3974 6188
299 331 399 389 429

1271 327 1355 383 DE
1391 322 1743 383 UNIVERSO
1782 321 1966 379 LIBRI
2006 321 2170 379 XXII.
2213 352 2284 363 —
2324 320 2451 377 LIB.
2502 321 2613 378 XV.

3473 321 3578 382 450

300 441 509 512 Jupiter
543 439 704 510 quasi
739 437 939 508 juvans
972 444 1150 508 pater,
1184 437 1288 491 hoc
1319 445 1423 501 est,
1454 435 1708 492 omnibus
1751 448 1887 505 pra:-
1914 441 1961 497 Α
1989 433 2133 488 unde
2164 432 2316 489 velox
2348 442 2402 488 et
2437 448 2629 489 errans
2661 433 2955 489 inducitur.
2995 432 3122 490 Alas
3150 435 3269 507 ejus
3305 437 3359 491 itt
3398 439 3578 510 capite

300 544 469 590 stans.
496 530 657 586 Hunc
689 536 745 584 et
789 528 999 599 privato
1028 527 1183 582 titulo
1217 526 1406 583 Jovem
1435 526 1699 597 optimum
1734 524 1885 580 dixe—

304 632 450 687 runt,
499 622 631 675 dum
675 618 869 674 fuisset
913 618 1152 674 incestor
1193 618 1247 672 in
1296 617 1429 683 suis,
1482 616 1785 687 impudicus
1830 615 1885 670 in

302 714 619 778 extraneis;
671 727 830 782 quem
903 708 1062 764 modo
1116 719 1330 764 taurum
1396 709 1605 779 fingunt
1666 716 1887 776 propter

302 807 530 875 EurOpze
554 810 791 874 raptum.
823 800 947 854 Fuit
974 800 1118 855 enim
1171 800 1224 854 in
1278 802 1422 863 navi,
1472 798 1628 868 cujus
1678 797 1887 867 insigne

302 904 417 952 erat
458 905 650 949 taurus
682 910 696 946 :
734 892 894 946 modo
923 891 1136 945 Danaes
1157 906 1253 961 per
1281 889 1508 945 imbrem
1537 902 1761 942 aureum
1787 904 1883 957 ap-

302 989 523 1060 petiisse
545 984 917 1047 concubitum,
953 984 1039 1037 ubi
1076 981 1398 1053 intelligitur
1428 980 1745 1050 pudicitiam
1771 995 1887 1033 ntu-

304 1081 452 1135 lieris
480 1079 549 1133 ab
601 1092 735 1131 auro
785 1075 951 1130 fuisse
1007 1073 1551 1144 curruptam:modo
1608 1072 1661 1126 in
1702 1069 1889 1126 simili-

307 1173 544 1227 tudinem
575 1168 787 1243 aquilae,
834 1176 1054 1237 propter
1097 1167 1238 1234 quod
1268 1166 1593 1245 puernm’ad
1642 1172 1886 1232 stuprum

304 1263 566 1333 rapuerit;
602 1260 761 1317 modo
812 1267 1143 1329 serpentem,
1184 1258 1311 1326 quia
1350 1257 1641 1327 reptaverit
1668 1274 1679 1309 :
1707 1266 1762 1310 et
1797 1271 1892 1324 cy-

305 1368 487 1424 gnnut,
542 1352 668 1421 quia
720 1349 1042 1403 cantavcrit.
1095 1348 1163 1401 Et
1217 1348 1339 1402 ideo
1391 1362 1496 1401 non
1551 1347 1735 1417 ligone
1775 1345 1890 1400 ista:

305 1453 447 1508 sunt,
479 1443 575 1498 sed
599 1441 757 1512 plane
788 1440 856 1494 de
890 1438 1121 1494 veritate
1144 1437 1371 1493 scelera.
1409 1436 1558 1494 Unde
1584 1445 1703 1491 erat
1729 1445 1887 1505 turpe

306 1537 441 1592 tales
484 1535 617 1590 deos
650 1533 822 1597 credi,
862 1531 1050 1601 quales
1087 1531 1337 1585 homines
1371 1545 1489 1585 esse
1537 1543 1643 1584 non
1669 1529 1888 1583 debent.

306 1626 497 1683 Jannm
538 1627 744 1689 dicunt,
793 1623 949 1692 quasi
987 1622 1173 1677 mundi
1208 1621 1293 1675 vel
1333 1620 1456 1677 coeli
1486 1620 1571 1675 vel
1624 1620 1891 1675 mensium

302 1720 544 1788 ianuam.
578 1719 724 1772 Duas
760 1715 884 1770 Jani
908 1716 1078 1770 facies
1104 1714 1314 1770 faciunt
1372 1724 1595 1784 prepter
1622 1713 1891 1767 orientem

1987 532 2043 580 et
2066 526 2121 580 in
2150 525 2376 596 pedibus
2401 524 2706 598 significare
2735 526 3011 581 volucrem
3040 527 3155 583 fieri
3185 542 3280 600 per
3306 541 3433 586 acra
3458 544 3575 585 sero

1988 636 2221 676 monem.
2266 620 2524 675 Nuntium
2560 622 2785 686 dictum,
2829 624 3086 693 quoniam
3124 640 3223 695 per
3267 640 3574 682 sermonem

1987 712 2166 766 omnia
2196 713 2430 783 cogitata
2475 715 2843 769 enuntiantur.
2876 715 3000 771 Ideo
3026 726 3206 773 autent
3245 717 3374 775 furti
3402 722 3575 791 magi-

1989 814 2160 859 strum
2191 804 2375 858 dicunt
2404 805 2551 873 ,quia
2574 820 2755 860 sermo
2795 807 3008 863 animos
3050 808 3380 863 audientiunt
3419 808 3571 864 fallit.

1991 895 2207 965 Virgam
2239 903 2405 958 tenet,
2437 912 2544 964 qua
2571 906 2852 966 serpentes
2881 898 3090 965 dividit,
3121 899 3173 954 id
3201 907 3305 965 est,
3337 915 3572 955 venena:

1990 1001 2113 1040 nam
2140 986 2405 1041 bellantes
2455 1003 2519 1042 ac
2564 986 2891 1043 dissidentes
2924 989 3283 1061 interpretum
3330 991 3578 1046 oratione

1990 1076 2267 1130 sedantur.
2304 1076 2457 1132 Unde
2494 1077 2790 1132 secundum
2837 1079 3047 1134 Livium
3095 1080 3254 1150 legati
3303 1081 3456 1150 pacis
3486 1096 3579 1136 ca-

1990 1167 2310 1222 duceatores
2393 1168 2668 1224 dicuntur.
2745 1169 2899 1226 Sicut
2969 1171 3112 1226 enim
3180 1188 3279 1242 per
3343 1172 3578 1231 faeciales

1991 1258 2132 1312 bella
2177 1258 2582 1324 indicebantur,
2636 1261 2710 1315 ita
2764 1277 2868 1331 pax
2918 1277 3016 1332 per
3049 1264 3436 1321 caduceatores
3479 1268 3579 1321 lie-

1990 1351 2100 1405 bat.
2155 1349 2381 1405 llermes
2435 1360 2617 1407 autem
2664 1353 2864 1409 dicitur
2914 1354 3102 1411 Gnece
3142 1372 3244 1426 apo
3292 1366 3373 1414 tes
3401 1373 3577 1415 erme-

1993 1440 2163 1504 neias,
2195 1440 2385 1497 Latine
2426 1442 2716 1513 interpres,
2764 1446 2855 1515 qui
2914 1446 2985 1501 ob
3040 1448 3315 1513 virtutem,
3378 1450 3575 1504 multa-

1995 1548 2221 1603 rumque
2275 1534 2474 1587 artium
2514 1534 2796 1589 scientiam
2826 1538 3205 1610 trismegistus,
3260 1541 3316 1597 id
3358 1549 3461 1608 est,
3495 1550 3578 1597 ter

1994 1624 2261 1678 maximus
2299 1626 2607 1681 nominatus
2640 1637 2744 1683 est.
2781 1627 2891 1684 Cur
2917 1639 3095 1685 autem
3123 1645 3249 1686 eum
3285 1634 3461 1703 capite
3487 1649 3577 1689 ca-

1995 1715 2122 1769 nino
2157 1716 2383 1786 lingunt,
2423 1716 2536 1770 haec
2569 1718 2712 1773 ratio
2762 1720 2977 1785 dicitur,
3028 1724 3173 1791 quod
3228 1723 3369 1778 inter
3395 1724 3578 1779 omnia

306 1819 361 1866 et
402 1809 741 1879 occideptem
768 1826 782 1860 :
814 1822 939 1861 cum
987 1821 1116 1860 vero
1163 1805 1371 1861 faciunt
1391 1820 1513 1861 eum
1545 1803 1889 1873 quadri‘l'ron-
1921 1792 1965 1851 Β
1995 1807 2247 1861 animalia
2264 1808 2415 1862 canis
2453 1808 2862 1878 sagacissimum
2887 1825 3056 1880 genus
3090 1820 3143 1867 et
3168 1813 3455 1882 perspicax
3484 1814 3580 1868 ha-

307 1914 435 1967 tem,
498 1910 556 1958 et
602 1898 798 1955 Janum
846 1898 1118 1970 geminum
1166 1897 1459 1968 appellant,
1517 1896 1586 1949 ad
1655 1904 1890 1966 quatuor

306 1994 490 2050 mundi
520 2004 702 2063 partes
731 1992 836 2046 hoc
865 1990 1130 2055 referunt,
1160 1989 1242 2044 vel
1268 1990 1336 2044 ad
1358 1997 1591 2058 quatuor
1620 1987 1889 2042 elementa

307 2087 419 2141 sive
455 2092 738 2153 tempora;
791 2082 885 2136 sed
935 2082 1059 2135 dum
1113 2081 1216 2135 hoc
1262 2079 1490 2149 fingunt,
1542 2093 1646 2132 non
1699 2077 1887 2139 Deum,

306 2175 399 2231 sed
462 2180 770 2228 monstrum
842 2169 1424 2239 faciunt.»Neptunum
1470 2183 1640 2238 aquas
1705 2168 1892 2222 nntndi

306 2267 640 2337 prmdieant:
691 2273 747 2320 et
796 2264 971 2320 dictus
1007 2263 1076 2317 ab
1125 2263 1205 2318 eis
1240 2261 1539 2333 Neptunus,
1566 2261 1719 2331 quasi
1755 2260 1894 2315 nube

310 2369 523 2414 tonans.
562 2355 865 2413 Vulcanum
902 2354 1088 2409 volunt
1109 2355 1285 2426 ignem
1314 2368 1456 2417 esse,
1482 2361 1537 2405 et
1560 2353 1735 2407 dictus
1763 2349 1892 2405 Vul-

308 2467 497 2517 canus,
542 2451 698 2520 quasi
757 2448 944 2504 volans
997 2448 1220 2511 candor,
1266 2446 1348 2501 vel
1386 2446 1539 2515 quasi
1584 2444 1892 2507 Volicanus,

309 2542 449 2612 quod
502 2556 601 2611 per
652 2555 831 2595 aerem
880 2539 1049 2594 volet.
1078 2538 1220 2609 ignis
1249 2536 1396 2593 enim
1437 2552 1468 2592 e
1518 2536 1754 2591 nubibus
1799 2551 1895 2590 na-

310 2633 498 2688 scitur.
553 2629 707 2686 Uude
747 2629 915 2684 etiam
958 2628 1224 2683 llomerus
1279 2627 1412 2682 dicit
1458 2641 1583 2682 eum
1646 2625 1894 2695 praecipi-

315 2736 481 2783 tattun
535 2727 602 2780 de
648 2740 777 2779 aere
828 2724 881 2778 in
940 2732 1137 2787 terras,
1180 2722 1324 2790 quod
1369 2736 1529 2776 omne
1577 2718 1779 2774 fulmen
1829 2720 1896 2773 de

319 2832 446 2872 aere
497 2815 665 2871 cadit.
702 2815 911 2869 Idcirco
935 2821 1116 2868 autem
1161 2812 1435 2869 Vulcanus
1477 2814 1545 2867 de
1582 2810 1787 2867 femore
1807 2810 1898 2866 .lo-

315 2910 399 2964 vis
453 2909 673 2979 fingitur
727 2915 923 2970 natus,
987 2906 1129 2976 quod
1203 2903 1430 2958 fulmina
1489 2905 1557 2959 de
1609 2905 1718 2959 imo
1769 2918 1897 2959 aere

316 3008 631 3055 nascuntur.
675 2997 909 3051 Claudus
945 2995 1145 3050 dicitur
1182 2994 1475 3060 Vulcanus,
1506 2994 1635 3063 quia
1676 3009 1775 3064 per
1802 3009 1897 3048 tta-

319 3100 493 3145 turam
522 3102 797 3158 nunquam
844 3095 1025 3141 rectus
1070 3096 1154 3140 est
1202 3084 1364 3155 ignis,
1406 3086 1499 3139 sed
1545 3086 1701 3153 quasi
1751 3084 1898 3138 elau-

317 3182 416 3236 dus
457 3178 721 3249 ejusmodi
755 3177 988 3247 speciem
1048 3184 1366 3243 motumque
1411 3175 1595 3229 habet.
1649 3173 1774 3227 Ideo
1803 3189 1899 3227 au-
1929 3143 1973 3204 ο

321 3282 426 3325 tem
454 3271 509 3323 in
561 3268 844 3324 fabrorum
888 3264 1110 3321 fornace
1151 3264 1404 3319 eumdem
1459 3262 1760 3319 Vulcanum
1811 3277 1905 3316 au-

319 3372 524 3417 ctorem
557 3360 766 3423 dicunt,
809 3357 938 3428 quia
969 3356 1085 3411 sine
1109 3355 1230 3423 igne
1284 3353 1485 3407 nullum
1511 3353 1712 3409 metalli
1738 3368 1905 3423 genus

319 3452 470 3508 fundi
523 3450 850 3519 estendique
904 3455 1102 3517 potest.
1175 3444 1370 3513 Pluton
1434 3443 1646 3508 Grmee,
1710 3443 1904 3497 Latine

320 3542 590 3613 Diespiter
619 3539 704 3594 vel
735 3539 872 3593 Ditis
894 3547 1047 3606 pater
1086 3553 1097 3587 :
1137 3550 1298 3605 quem
1340 3533 1431 3587 alii
1461 3532 1659 3587 Orcum
1687 3541 1901 3596 vocant,

322 3634 474 3704 quasi
501 3640 838 3701 receptorem
877 3638 1237 3683 mortuorum.
1274 3624 1425 3680 Unde
1449 3636 1505 3677 et
1539 3639 1667 3678 orca
1703 3640 1899 3678 nuncu-

322 3732 478 3795 patur
506 3737 603 3778 vas
641 3721 785 3792 quod
833 3717 1025 3789 recipit
1084 3730 1273 3786 aquas.
1305 3715 1424 3784 lpse
1449 3722 1507 3768 et
1547 3713 1735 3769 Graece
1763 3715 1906 3768 Gha-

326 3833 439 3872 ron.
475 3817 727 3871 Liberum
749 3831 779 3868 a
807 3812 1162 3868 libet-amento
1178 3810 1502 3880 appellatum
1531 3807 1734 3868 volunt,
1761 3809 1904 3876 quod

327 3906 479 3977 quasi
527 3919 709 3960 mares
743 3905 796 3959 in
821 3903 1065 3959 coeundo
1088 3918 1183 3973 per
1212 3901 1330 3971 ejus
1371 3898 1691 3955 beneficium
1745 3899 1905 3952 emis-

326 3999 402 4053 sis
452 3996 754 4053 seminibus
780 3990 1102 4050 liberentur.
1136 3993 1292 4060 Quod
1336 3991 1476 4046 idem
1522 3989 1685 4045 Liber
1716 3989 1907 4043 mulie-

329 4090 409 4143 bri
457 4098 514 4144 et
556 4089 785 4143 delicato
820 4102 1052 4157 corpore
1095 4084 1358 4156 pingitur,
1417 4083 1606 4138 dicunt
1650 4081 1908 4136 mulieres

328 4180 374 4233 ei
402 4180 712 4244 attributas,
744 4187 802 4234 et
845 4178 1030 4233 vinum
1080 4183 1303 4247 propter
1338 4173 1686 4229 excitandam
1723 4172 1905 4227 libidi-

336 4287 476 4327 nem.
522 4273 676 4329 Unde
698 4283 756 4328 et
775 4272 928 4326 frons
950 4272 1068 4343 ejus
1086 4270 1343 4341 pampino
1366 4269 1625 4339 cingitur,
1658 4267 1751 4322 sed
1782 4266 1905 4321 ideo

333 4378 582 4418 coronam
610 4364 810 4417 viteam
845 4371 900 4417 et
937 4377 1105 4416 cornu
1137 4361 1321 4425 habet,
1353 4359 1480 4429 quia
1508 4374 1631 4413 cum
1662 4366 1821 4427 grate.
1852 4364 1909 4412 et

1994 1899 2204 1951 bentur.

2066 1987 2292 2041 Martem
2319 1987 2479 2042 deum
2504 1988 2630 2043 belli
2656 2004 2776 2043 esse
2801 1990 3006 2056 dicunt,
3051 2001 3105 2046 et
3136 2001 3363 2048 martem
3393 1994 3582 2065 appel-

1997 2078 2162 2132 latum
2182 2118 2196 2145 ,
2229 2078 2356 2148 quia
2385 2093 2483 2148 per
2517 2080 2665 2135 viros
2693 2090 2993 2152 pugnatur,
3024 2093 3083 2138 ttt
3124 2085 3194 2138 sit
3227 2101 3372 2141 mars
3408 2087 3577 2142 maris

1995 2184 2085 2223 ars
2110 2186 2122 2222 :
2151 2168 2276 2223 licet
2298 2178 2352 2223 et
2372 2170 2474 2225 tria
2511 2170 2622 2224 sint
2651 2187 2847 2242 genera
2872 2176 3341 2242 consuetudinum,
3374 2177 3585 2232 scilicet

1998 2258 2353 2329 Scytharum,
2388 2260 2479 2313 uti
2511 2268 2567 2313 et
2597 2259 2813 2316 femina:
2846 2272 2902 2316 et
2940 2263 3042 2318 viri
3069 2264 3124 2318 in
3160 2280 3392 2336 pugnam
3419 2277 3579 2334 eunt;

1995 2354 2355 2420 Amazonum,
2380 2355 2472 2410 ubi
2496 2355 2623 2411 solre
2643 2354 2885 2422 fetttitne;
2916 2357 3300 2423 Romanorum,
3326 2360 3587 2416 aliarum-

1997 2458 2103 2514 que
2146 2444 2407 2516 gentium,
2454 2445 2547 2500 ubi
2585 2446 2685 2500 soli
2718 2462 2919 2502 mares.
2963 2447 3095 2502 ltem
3126 2458 3378 2516 martem,
3430 2451 3586 2522 quasi

1997 2535 2309 2592 effectorem
2333 2537 2612 2592 mortium.
2641 2537 2775 2592 Nam
2808 2554 2838 2592 a
2862 2547 3033 2595 marte
3056 2556 3202 2596 mors
3223 2551 3584 2613 nuncupatur.

1999 2626 2154 2683 llunc
2180 2636 2236 2682 et
2261 2627 2565 2682 adulterum
2612 2629 2761 2690 dicit,
2790 2629 2915 2699 quia
2944 2629 3387 2703 belligerantibus
3413 2634 3592 2690 incer-

2000 2729 2088 2774 tus
2100 2729 2326 2776 eventus
2351 2727 2454 2775 est.
2481 2721 2633 2788 Quod
2656 2736 2787 2777 vero
2816 2723 2959 2778 nudo
2981 2734 3198 2794 pectore
3220 2734 3328 2782 stat
3353 2745 3368 2783 :
3398 2736 3458 2784 ut
3476 2728 3593 2785 bel-

2000 2809 2054 2865 lo
2076 2826 2132 2865 se
2164 2811 2394 2881 quisque
2413 2812 2529 2866 sine
2556 2812 2842 2868 formidine
2868 2815 3049 2869 cordis
3074 2817 3312 2887 ohjiciat.
3338 2817 3481 2874 Mars
3496 2834 3595 2874 att-

2002 2910 2108 2956 tem
2138 2902 2277 2972 apud
2296 2900 2515 2957 Graecos
2544 2901 2679 2974 [Αι.,
2705 2902 2971 2977 Thracas]
2994 2904 3260 2962 Gradivus
3286 2907 3501 2977 dicitur,
3525 2923 3594 2965 eo

2001 2993 2148 3061 quod
2190 2994 2243 3046 in
2287 2994 2427 3048 bello
2456 2994 2682 3064 gradum
2734 2993 2989 3060 inferant,
3031 2998 3123 3067 qui
3167 3008 3450 3069 pugnant;
3500 3009 3596 3057 aut

2003 3084 2148 3154 quod
2180 3084 2410 3155 impigre
2438 3085 2773 3155 gradiantur.

2077 3174 2362 3227 llcrrulem
2406 3174 2701 3230 credebant
2755 3176 2914 3230 deum
2948 3176 3201 3233 virtutis:
3246 3180 3445 3236 dicitur
3492 3197 3592 3237 au-

2007 3274 2115 3321 tem
2147 3265 2402 3321 flet-coles
2436 3264 2644 3331 Gratce,
2676 3268 2831 3336 quasi
2876 3267 3021 3323 heris
3050 3268 3216 3336 cleos,
3251 3271 3304 3327 id
3337 3282 3441 3338 est,
3481 3272 3594 3330 litis

2004 3357 2290 3428 gloriosus,
2364 3359 2432 3413 ab
2472 3358 2642 3423 lteris,
2688 3359 2741 3413 id
2788 3368 2894 3424 est,
2956 3359 3041 3425 lis,
3068 3368 3123 3414 et
3161 3361 3327 3429 clcos,
3372 3362 3587 3434 gloria:

2007 3449 2087 3502 vel
2118 3449 2271 3518 quasi
2324 3448 2626 3514 herocleos,
2678 3450 2822 3519 quod
2854 3450 3045 3505 Latine
3094 3452 3335 3508 virorum
3376 3453 3594 3510 fortium

2005 3540 2207 3595 famam
2239 3541 2490 3596 dicimus.
2518 3540 2644 3595 Fuit
2673 3551 2853 3596 autem
2893 3540 2975 3609 (ut
3004 3543 3192 3597 scribit
3222 3542 3422 3600 Sextus
3442 3544 3597 3602 Pom-

2005 3633 2179 3705 peius)
2207 3633 2443 3705 agricola
2480 3651 2492 3687 :
2523 3633 2751 3702 ideoque
2764 3632 2971 3688 Anchei
2998 3634 3139 3703 regis
3163 3634 3432 3690 stabulum
3458 3643 3595 3692 ster-

2006 3725 2223 3780 coribus
2246 3740 2506 3795 purgasse
2536 3723 2794 3790 refertur,
2826 3725 2952 3795 quia
2994 3726 3209 3795 proprie
3231 3725 3593 3797 agricolarum

2006 3823 2090 3868 est
2124 3823 2429 3869 stercorare
2454 3829 2637 3885 agros.

2078 3905 2375 3976 Apollinem
2394 3907 2643 3976 quamvis
2658 3907 3015 3962 divinatorem
3044 3916 3099 3961 et
3114 3908 3378 3963 medicum
3408 3907 3595 3979 appel-

2007 3999 2137 4062 lent,
2184 3999 2284 4069 ipsi
2311 4007 2492 4053 tamen
2523 3998 2690 4053 etiam
2723 3998 2892 4053 solem
2913 4000 3186 4066 dixerunt,
3215 4000 3370 4070 quasi
3393 4001 3594 4067 solum,

2008 4090 2181 4158 ipsum
2208 4089 2388 4154 Titm,
2425 4089 2579 4158 quasi
2618 4104 2783 4143 unum
2812 4104 2879 4144 ex
2927 4088 3157 4155 Titanis,
3188 4090 3280 4161 qui
3309 4091 3595 4147 adversum

2007 4177 2193 4232 Jovem
2232 4194 2338 4233 non
2369 4176 2539 4233 fecit:
2587 4177 2761 4248 ipsum
2801 4177 3086 4243 Phoebum,
3117 4178 3270 4248 quasi
3302 4180 3593 4250 ephebum,

2010 4267 2113 4320 hoc
2153 4275 2258 4326 est.
2291 4266 2710 4333 adolescentem,
2735 4267 2876 4321 unde
2895 4275 2950 4321 et
2980 4267 3060 4322 sol
3091 4283 3226 4339 puer
3248 4268 3508 4340 pingitur,
3531 4285 3598 4325 eo

2009 4359 2153 4429 quod
2176 4359 2419 4429 quotidie
2444 4359 2653 4415 oriatur
2677 4368 2733 4414 et
2755 4374 2892 4414 nova
2919 4360 3037 4416 luce
3057 4371 3327 4417 nascatur.
3345 4362 3599 4435 Pythium

334 4456 604 4510 moderate
620 4455 806 4508 vinum
825 4454 1048 4517 bibitur,
1072 4452 1315 4506 laetitiam
1339 4459 1588 4520 praestat;
1615 4465 1738 4504 cum
1764 4432 1908 4503 ultra
1936 4494 1987 4552 ι)
2012 4468 2226 4523 quoque
2258 4452 2559 4523 Apollinem
2589 4453 2839 4509 eumdem
2867 4453 3049 4509 vocari
3095 4454 3245 4510 aiunt
3273 4470 3303 4509 a
3331 4432 3596 4528 Pythone,

334 4548 568 4610 modum,
590 4545 792 4600 excitat
813 4544 953 4610 lites,
988 4543 1039 4597 id
1069 4552 1171 4607 est,
1201 4542 1357 4612 quasi
1384 4557 1586 4597 cornua
1617 4541 1727 4596 dat.
1762 4540 1907 4595 Idem

333 4648 505 4692 autem
528 4646 581 4691 et
605 4637 798 4707 Lyzeus
818 4650 921 4705 apo
941 4644 1029 4690 tou
1058 4634 1225 4699 luein,
1240 4635 1384 4703 qttod
1410 4632 1577 4686 multo
1604 4631 1727 4685 vino
1741 4646 1910 4686 mem-

332 4728 424 4783 bra
446 4729 744 4784 solvantur.
764 4726 870 4782 Iste
890 4737 946 4781 et
964 4726 1150 4781 Greece
1172 4725 1458 4796 Dionysos,
1487 4740 1517 4777 a
1549 4732 1731 4777 monte
1750 4722 1913 4776 IlltIItB

333 4820 478 4886 Niso,
536 4820 628 4875 ubi
677 4818 878 4874 dicitur
930 4832 1050 4873 esse
1102 4818 1360 4871 nutritus.
1421 4817 1687 4871 Caeterum
1734 4823 1913 4869 estet

333 4911 455 4968 Nisa
482 4912 698 4977 civitas,
724 4911 779 4966 in
805 4926 910 4981 qua
932 4909 1130 4966 colitur
1156 4909 1299 4965 idem
1321 4908 1506 4973 Liber,
1537 4912 1677 4963 unde
1704 4907 1912 4963 Nisarus

333 5009 503 5064 dictus
522 5016 630 5063 est.

403 5098 739 5155 Mercurium
769 5110 1076 5152 sermonem
1115 5096 1563 5163 interpretantur.
1609 5093 1746 5149 Nam
1791 5093 1913 5148 ideo

333 5189 656 5255 Mercurius,
679 5190 835 5260 quasi
881 5188 1091 5244 medius
1134 5203 1386 5250 currens,
1424 5185 1625 5241 dicitur
1677 5185 1913 5257 appella-

326 5292 458 5349 tus;
484 5280 633 5352 quod
689 5294 870 5335 sermo
926 5287 1116 5333 currat
1162 5279 1310 5333 inter
1363 5277 1615 5333 homines
1678 5275 1908 5330 medius.

335 5373 457 5429 Ideo
491 5383 549 5427 et
595 5371 824 5428 Hennes
870 5369 1079 5437 Graece,
1114 5370 1258 5440 quod
1297 5384 1482 5425 sermo
1518 5367 1601 5422 vel
1656 5368 1939 5443 interpre-ﬁ

340 5466 471 5519 tatio
499 5480 624 5534 quae
663 5464 730 5518 ad
766 5478 1074 5518 sermonem
1105 5462 1291 5532 utique
1317 5461 1574 5532 pertinet,
1604 5460 1917 5515 hermeneia

338 5559 557 5613 dicitur.
596 5557 721 5612 ideo
764 5565 818 5612 et
845 5557 1119 5611 mercibus
1148 5570 1401 5625 praeesse,
1433 5554 1561 5623 quia
1602 5553 1745 5608 inter
1785 5567 1918 5606 vcn-

341 5651 530 5704 dentcs
574 5657 630 5703 et
651 5657 893 5704 ementes
916 5662 1098 5703 sermo
1139 5648 1202 5701 ﬁt
1233 5647 1461 5702 medius.
1514 5645 1616 5711 Qui
1652 5645 1774 5701 ideo
1813 5646 1920 5699 fin-

345 5741 485 5807 gitur
512 5741 713 5796 habere
749 5755 974 5811 pennas,
1023 5739 1151 5810 quia
1187 5739 1345 5793 citius
1374 5738 1537 5791 verba
1560 5738 1872 5793 discurrunt
1902 5752 1922 5791 ι

2017 4546 2291 4600 immensa:
2329 4544 2489 4599 molis
2525 4552 2796 4615 serpente,
2829 4542 2983 4612 cujus
3029 4559 3136 4599 non
3182 4545 3354 4614 magis
3389 4559 3602 4603 venena

2014 4653 2177 4710 quam
2224 4637 2533 4708 magnitudo
2573 4637 2833 4691 terrebat.
2881 4635 3032 4690 llunc
3059 4636 3248 4706 Apollo
3281 4637 3602 4709 sagittarum

2014 4732 2213 4787 ictibus
2247 4741 2494 4786 sternens
2541 4729 2777 4784 nominis
2807 4744 3023 4799 quoque
3067 4728 3235 4798 spolia
3283 4730 3601 4800 reportavit,

2017 4834 2077 4879 ut
2105 4824 2329 4894 Pythius
2373 4832 2681 4878 vocaretur.
2716 4821 2870 4879 Unde
2915 4830 2970 4876 et
3009 4821 3081 4877 ob
3126 4821 3336 4893 insigne
3362 4821 3605 4877 victoriae

2014 4915 2207 4986 Pythia
2253 4929 2410 4970 s.zcra
2438 4914 2763 4970 celebranda
2804 4913 3104 4969 constituit.
3138 4912 3360 4968 Dianam
3390 4927 3605 4982 quoque

2021 5023 2331 5077 germanam
2362 5005 2479 5076 ejus
2507 5005 2758 5061 similiter
2788 5004 2966 5059 lunam
2998 5013 3054 5059 et
3086 5003 3294 5058 viarum
3320 5002 3603 5073 praesidem

2019 5102 2190 5165 aiunt,
2221 5101 2364 5155 unde
2397 5108 2453 5154 et
2481 5100 2747 5169 virginem
2771 5096 2978 5160 volunt,
3015 5093 3155 5164 quod
3186 5093 3268 5148 via
3298 5090 3492 5165 [virgo]
3524 5093 3615 5149 ni-

2022 5192 2095 5246 ltil
2125 5191 2302 5261 pariat
2332 5209 2345 5243 :
2376 5199 2431 5244 et
2459 5191 2579 5243 ideo
2619 5189 2777 5242 ambo
2806 5187 3030 5257 sagittas
3068 5185 3269 5239 habere
3308 5183 3603 5254 finguntur,

2021 5284 2166 5352 quod
2196 5280 2309 5351 ipsa
2341 5281 2446 5335 duo
2474 5280 2650 5334 sidera
2678 5279 2743 5334 de
2768 5278 2907 5333 ctelo
2935 5276 3115 5330 radios
3142 5290 3311 5344 usque
3338 5276 3404 5329 ad
3434 5283 3609 5329 terras

2024 5372 2294 5427 emittant.
2336 5370 2562 5424 Dianam
2606 5377 2787 5422 autem
2832 5373 3099 5428 vocatam,
3146 5365 3303 5433 quasi
3349 5363 3608 5429 duanam,

2024 5462 2168 5533 quod
2197 5461 2322 5516 luna
2352 5461 2438 5517 die
2463 5475 2528 5515 ac
2557 5466 2714 5514 nocte
2751 5465 3023 5527 appareat.
3058 5454 3235 5525 Ipsam
3263 5465 3319 5511 et
3349 5454 3609 5511 Lucinam

2025 5561 2340 5609 asseverant
2386 5567 2452 5607 eo
2502 5550 2645 5619 quod
2693 5549 2870 5603 luceat
2907 5565 2920 5599 :
2965 5546 3209 5602 eamdem
3254 5556 3311 5602 et
3349 5547 3604 5612 Triviam,

2026 5630 2169 5713 quod
2199 5642 2369 5697 tribus
2394 5641 2630 5710 fingatur
2659 5638 2862 5707 figuris.
2906 5637 2980 5691 De
3017 5653 3125 5708 qua
3152 5636 3408 5710 Virgilius
3436 5655 3451 5693 :
3488 5637 3614 5691 Tria

2029 5738 2242 5804 virginis
2273 5754 2364 5790 om
2395 5735 2578 5788 Πῐηηα·
2604 5746 2617 5783 :
2646 5735 2770 5802 quia
2795 5730 2980 5785 eadem
3011 5730 3181 5798 Luna,
3205 5732 3391 5788 cariem
3422 5729 3610 5794 Diana,
