3974 6188
291 298 380 352 iiii
916 294 973 347 Β.
1020 292 1265 346 ΒΑΒΑΝΙ
1309 289 1526 346 MAURI
1567 286 1863 359 ARClilEP

1965 283 2236 342 IOGUNT.
2280 281 2563 339 OPERUM
2603 278 2782 335 PARS
2823 278 2885 334 ll.
3445 275 3553 329 £52

291 412 471 466 eadem
500 407 821 477 Proserpina
858 412 1097 460 vocatur.
1134 404 1243 459 Sed
1290 417 1411 456 cum
1462 402 1583 455 luna
1629 400 1869 471 fingitur,
1902 405 1945 463 Α
1974 398 2120 452 mina
2169 415 2182 451 :

680 566 693 580 .
736 567 746 577 .
787 566 798 577 .
839 562 851 575 .
879 528 1105 575 sul-lustri
1132 525 1357 587 splendet
1382 526 1556 573 amictu
1588 535 1601 570 :

436 594 552 644 Cum
580 592 825 645 subcincta
848 590 972 637 lucet
1002 589 1229 646 t-alamrs,
1258 587 1452 633 la*onia
1476 587 1610 646 virgo
1630 590 1738 635 est:

438 655 555 704 Cum
580 653 785 703 subnixa
812 655 947 699 sedet
974 651 1112 706 solio,
1141 649 1362 697 l'lutonia
1388 647 1583 710 conjux.

289 764 509 819 Latonia
546 770 724 816 autem
767 760 954 820 Diana.
991 775 1056 811 eo
1089 758 1230 827 quod
1272 758 1510 812 Latoniae
1539 757 1701 812 fuerit
1734 758 1860 812 ﬁlia.

355 856 629 915 (tererem,
664 853 714 905 id
740 860 821 906 est
852 859 1072 912 ternm,
1110 864 1139 902 a
1175 848 1423 902 creandis
1455 847 1696 917 frugibus
1721 863 1867 902 asse-

286 953 410 998 runt
449 944 682 1007 dictam,
722 940 1051 1010 appellantes
1094 954 1213 992 eam
1261 938 1568 993 nominibus
1596 937 1863 1007 plurimis.

288 1036 482 1090 Dicunt
513 1036 674 1089 etiam
706 1048 823 1088 eam
861 1042 917 1087 et
945 1031 1145 1102 Opem,
1177 1032 1319 1101 quod
1357 1047 1521 1101 opere
1552 1032 1743 1086 melior
1774 1031 1870 1087 ﬁat

286 1136 471 1187 terra;
520 1125 915 1193 Proserpinam,
966 1123 1109 1193 quod
1158 1138 1221 1176 ex
1280 1136 1340 1176 ea
1387 1131 1709 1194 proserpant
1749 1123 1865 1178 fru-

284 1232 416 1286 ges;
442 1213 682 1279 Vestam,
705 1214 846 1282 quod
873 1213 1054 1268 herbis
1078 1210 1161 1265 vel
1186 1212 1349 1265 variis
1373 1213 1566 1266 vestita
1593 1211 1663 1266 sit
1685 1213 1863 1277 rebus,

283 1304 367 1359 vel
393 1319 422 1357 a
455 1304 504 1357 vi
533 1319 627 1359 sua
658 1303 868 1359 stando.
897 1301 1151 1357 Eamdem
1184 1309 1237 1355 et
1258 1301 1527 1356 Tellurem
1555 1310 1612 1356 et
1641 1301 1865 1357 Matrem

284 1410 530 1465 magnam
562 1393 767 1461 ﬁngunt
810 1392 1058 1447 turritam
1103 1406 1226 1447 cum
1273 1400 1526 1462 tympano
1554 1399 1609 1445 et
1637 1391 1779 1461 gallo
1811 1400 1867 1446 et

282 1487 507 1555 strepitu:
553 1485 940 1556 cymbalorum.
989 1482 1210 1537 Matrem
1254 1493 1534 1547 vocatam,
1566 1483 1707 1552 quod
1749 1482 1868 1553 plu-

281 1579 415 1631 rima
445 1576 619 1646 pariat
652 1594 665 1629 :
702 1590 972 1646 magnam,
1004 1573 1148 1643 quod
1184 1572 1362 1627 cibum
1406 1572 1607 1643 gignat.
1631 1572 1863 1637 Almam,

281 1665 405 1734 quia
437 1664 687 1718 universa
730 1662 982 1716 animalia
1013 1660 1276 1717 fructibus
1311 1662 1423 1716 suis
1450 1660 1565 1715 alit.
1596 1660 1692 1716 Est
1718 1661 1866 1717 enim

2239 396 2380 466 apud
2410 396 2633 450 Latinos
2681 402 2862 447 autem
2918 389 3211 445 Minervam
3265 396 3553 455 vocatam,

1968 504 2051 556 qu;
2076 486 2121 540 si
2161 487 2319 542 deam
2352 494 2409 540 et
2435 499 2631 539 munus
2658 482 2855 536 artium
2883 479 3177 535 variarum.
3226 477 3378 534 llanc
3406 479 3554 533 enim
3582 528 3589 533 .

1885 614 1895 624 -
1967 579 2325 634 inventricem
2368 577 2657 632 multorum
2701 573 3038 645 ingeniorum
3068 571 3394 640 perhibent:
3428 570 3561 627 inde

1967 685 2085 722 eam
2131 678 2305 722 artem
2360 676 2417 722 et
2453 668 2716 721 rationem
2764 667 3213 734 interpretantur,
3265 663 3390 732 quia
3437 664 3561 718 sine

1970 760 2176 813 ratione
2220 757 2356 813 nihil
2406 765 2582 829 potest
2626 755 2928 819 contineri;
2961 769 3082 823 qua:
3117 754 3276 817 ratio,
3318 754 3444 823 quia
3484 768 3557 808 ex

1967 854 2082 907 solo
2135 852 2317 906 animo
2371 850 2637 912 nascitur,
2677 849 3027 916 animumque
3072 855 3268 916 putant
3323 860 3444 900 esse
3498 846 3558 900 in

1965 944 2145 1014 capite
2187 950 2243 996 et
2287 942 2536 1004 cerebro,
2584 940 2705 997 ideo
2733 954 2855 993 eam
2882 937 3071 992 dicunt
3109 938 3177 992 de
3203 937 3379 1008 capite
3407 935 3566 991 lovis

1966 1048 2085 1089 esse
2106 1041 2309 1097 natam,
2337 1032 2461 1101 quia
2482 1045 2673 1086 sensus
2694 1030 2973 1100 sapientis,
2993 1028 3087 1099 qui
3123 1028 3325 1083 invenit
3349 1029 3560 1091 omnia,

1967 1126 2021 1180 in
2051 1124 2229 1195 capite
2277 1131 2378 1178 est.
2406 1122 2465 1177 ln
2512 1122 2667 1192 cujus
2691 1128 2910 1192 pectore
2952 1121 3075 1176 ideo
3102 1130 3265 1191 caput
3289 1119 3565 1191 Gorgonis

1967 1216 2208 1286 ﬁngitur,
2248 1214 2394 1283 quod
2442 1212 2552 1268 illic
2597 1220 2680 1284 est
2712 1213 2890 1266 omnis
2918 1209 3228 1280 prudentia,
3264 1226 3384 1279 qua:
3427 1226 3565 1266 con-

1966 1306 2141 1360 fundit
2170 1305 2305 1375 alios
2334 1312 2389 1357 et
2418 1303 2698 1373 imperitos
2723 1309 2779 1356 et
2804 1315 2998 1355 saxeos
3022 1300 3337 1369 comprobat
3366 1316 3379 1353 :
3413 1300 3564 1370 quod

1966 1404 2021 1451 et
2049 1397 2101 1451 in
2129 1394 2368 1463 antiquis
2404 1394 2791 1463 imperatorum
2821 1390 3018 1445 statuis
3042 1388 3316 1444 cernimus
3346 1389 3400 1443 in
3440 1404 3562 1445 me-

1965 1486 2054 1541 dio
2082 1492 2299 1554 pectore
2328 1483 2531 1546 loricaz,
2569 1489 2791 1551 propter
2834 1479 3208 1534 insinuandam
3237 1478 3563 1548 sapientiam

1964 1586 2021 1631 ct
2042 1577 2316 1631 virtutem.
2349 1574 2476 1628 limc
2499 1572 2737 1626 Minerva
2761 1578 2816 1625 et
2842 1569 3087 1624 Tritonia
3116 1569 3334 1625 dicitur.
3366 1569 3562 1624 Triton

1965 1670 2109 1725 enim
2143 1666 2340 1723 Africa:
2375 1666 2531 1738 palus
2562 1673 2681 1730 est,
2719 1664 2863 1719 circa
2908 1679 3072 1733 quam
3113 1663 3286 1718 fertur
3309 1662 3562 1733 virginali

280 1757 658 1811 alimentorum
711 1756 889 1809 nutrix
955 1762 1122 1809 terra.
1169 1752 1532 1809 Simulacrum
1578 1753 1695 1824 ejus
1740 1768 1863 1808 cum
1894 1752 1939 1811 B
1965 1761 2281 1831 apparuisse
2305 1767 2508 1815 aetate:
2545 1765 2767 1827 propter
2795 1756 2938 1825 quod
2968 1755 3212 1810 Tritonia
3249 1764 3563 1825 nuncupata

280 1848 416 1901 clavi
451 1848 690 1918 ﬁngitur,
721 1847 846 1917 quia
873 1846 1032 1900 tellus
1057 1846 1233 1900 hieme
1258 1845 1549 1911 clauditur,
1582 1859 1707 1901 vere
1738 1860 1865 1915 ape-

283 1938 443 2001 ritur,
472 1947 530 1991 ιιι
561 1937 743 2007 fruges
793 1953 905 1991 nas:
925 1944 1102 1990 antur.
1132 1935 1285 2004 Quod
1326 1944 1637 2007 tympanum
1679 1936 1863 2004 habet,

279 2028 587 2099 signiﬁcare
618 2028 803 2081 volunt
832 2028 1019 2083 orbem
1047 2035 1204 2082 terra:
1232 2045 1244 2080 :
1274 2026 1418 2095 quod
1447 2042 1611 2082 curru
1638 2026 1761 2083 vehi
1786 2028 1866 2082 di—

277 2118 441 2183 citur,
470 2117 594 2187 quia
627 2118 741 2187 ipsa
771 2125 854 2171 est
880 2124 1045 2180 terra,
1077 2132 1195 2187 qum
1229 2116 1426 2186 pendet
1456 2116 1509 2170 in
1534 2132 1659 2171 aere
1685 2134 1697 2170 :
1722 2118 1865 2186 quod

280 2212 580 2267 sustinetur
627 2220 778 2271 rotis,
825 2210 952 2280 quia
995 2209 1225 2264 nnmdns
1272 2217 1483 2263 rotatur
1524 2217 1578 2263 et
1616 2209 1866 2264 volubilis

277 2311 382 2357 est.
430 2302 638 2358 Leones
668 2301 741 2355 illi
788 2301 1079 2371 subjiciunt
1106 2308 1440 2365 mansuetos,
1488 2310 1548 2354 ut
1580 2302 1867 2356 ostendant

281 2393 487 2448 nullum
518 2407 636 2447 esse
662 2406 830 2460 genus
859 2397 1016 2445 terrae
1045 2398 1153 2443 tam
1185 2390 1360 2445 ferum
1382 2431 1396 2453 ,
1426 2391 1568 2459 quod
1597 2406 1702 2444 non
1733 2391 1863 2447 sub-

276 2487 365 2554 jici
397 2486 565 2555 possit
595 2491 688 2536 aut
721 2481 964 2552 superari
993 2481 1061 2535 ab
1095 2496 1179 2534 ca.
1218 2481 1371 2547 Quod
1404 2482 1457 2535 in
1489 2483 1664 2552 capite
1699 2483 1864 2537 turri-

281 2588 389 2631 tam
419 2583 591 2644 gestat
620 2588 899 2638 coronam,
930 2571 1166 2626 ostendit
1198 2573 1566 2641 superpositas
1596 2561 1763 2627 terra:
1785 2572 1865 2626 ci-

282 2666 477 2720 vitales
532 2662 683 2732 quasi
751 2661 1033 2732 insignitas
1087 2661 1326 2716 turribus
1381 2670 1651 2716 constare.
1700 2660 1866 2716 Sedes

278 2757 558 2825 ﬁnguntur
588 2753 731 2808 circa
769 2768 888 2807 eam
909 2792 924 2816 ,
953 2752 1126 2822 quod,
1158 2767 1281 2808 cum
1316 2753 1491 2807 omnia
1525 2762 1862 2818 moveantur,

273 2846 393 2915 ipsa
424 2860 531 2900 non
560 2853 824 2899 movetur.
864 2842 1197 2916 Corybantes
1222 2843 1338 2913 ejus
1374 2843 1610 2899 ministri
1638 2844 1868 2899 constri-

270 2939 380 2994 etis
402 2938 594 3010 gladiis
621 2952 740 2992 esse
768 2936 1078 3007 ﬁnguntur:
1111 2944 1170 2990 ut
1199 2933 1533 3007 signiﬁcetur
1559 2949 1748 2990 omnes
1768 2949 1867 3004 pro

278 3041 426 3084 terra
453 3044 548 3083 sua
578 3027 776 3083 debere
803 3042 1063 3098 pugnare.
1098 3026 1251 3095 Quod
1280 3025 1448 3097 gallos
1478 3026 1604 3081 huic
1642 3025 1775 3092 dear,
1808 3034 1867 3080 ut

1968 1862 2087 1909 est:
2114 1851 2254 1907 unde
2285 1859 2340 1906 et
2370 1857 2518 1904 tanto
2550 1848 2842 1919 proclivius
2869 1847 2968 1901 dea
2994 1846 3199 1901 credita
3223 1853 3331 1911 est,
3352 1854 3564 1915 quanto

1967 1943 2146 1997 minus
2172 1941 2325 2011 origo
2358 1939 2476 2010 ejus
2506 1939 2758 1993 innotuit.
2790 1936 2967 1992 Pallas
2991 1945 3171 1991 autem
3199 1936 3342 1991 dicta
3371 1936 3457 1991 vel
3488 1938 3564 1991 ab

1967 2035 2141 2090 insula
2183 2032 2398 2089 Pallene
2438 2032 2491 2085 in
2533 2031 2783 2093 Thracia,
2826 2031 2879 2083 in
2906 2045 3009 2099 qua
3047 2029 3248 2084 nutrita
3278 2037 3364 2084 est
3407 2046 3422 2082 :
3473 2029 3563 2082 vel

1966 2142 2070 2196 apo
2100 2135 2189 2183 tou
2237 2124 2430 2196 pallein
2483 2132 2535 2177 to
2583 2122 2739 2186 doru,
2779 2122 2831 2175 id
2861 2130 2964 2185 est,
2997 2121 3065 2175 ab
3108 2121 3276 2175 hasta:
3319 2123 3563 2175 concus-

1966 2221 2118 2275 sione
2150 2237 2161 2273 :
2200 2218 2280 2272 vel
2312 2217 2453 2287 quod
2487 2216 2782 2270 Pallantem
2822 2216 3093 2286 gigan1em
3132 2213 3412 2267 occiderit.
3448 2211 3562 2267 Ve-

1966 2324 2148 2365 nerem
2179 2308 2376 2364 exinde
2410 2308 2596 2362 dicunt
2627 2314 3021 2375 nuncupatam,
3053 2303 3197 2374 quod
3227 2303 3346 2358 sine
3376 2304 3428 2357 vi
3475 2302 3562 2357 fe-

1966 2403 2110 2456 mina
2139 2394 2289 2473 virgo
2327 2415 2447 2455 esse
2490 2415 2596 2455 non
2638 2400 2887 2455 desinat:
2923 2398 3064 2453 hanc
3109 2395 3285 2452 Grteci
3331 2394 3563 2452 aﬂ'rodin

1968 2490 2344 2565 [Aphrodilen]
2376 2499 2572 2545 vocant
2601 2497 2819 2561 prapter
2860 2503 3106 2558 spumam
3147 2487 3427 2558 sanguinis
3466 2501 3565 2557 ge-

1967 2591 2266 2637 nerantcm.
2317 2580 2558 2635 Aﬂ'rodin
2614 2578 2895 2652 [Aphros]
2951 2579 3097 2633 enim
3127 2576 3314 2633 Grmce
3362 2592 3564 2647 spuma

1965 2683 2207 2727 vocatur.
2255 2674 2407 2740 Quod
2451 2683 2630 2728 autem
2672 2673 2879 2743 ﬁngunt
2920 2671 3219 2727 Saturnum
3241 2669 3390 2727 Caelo
3414 2673 3566 2741 patri

1966 2765 2220 2834 genitalia
2262 2765 2576 2830 abscidisse,
2620 2773 2676 2818 et
2715 2763 3030 2834 sanguinem
3063 2763 3265 2818 fudisse
3297 2762 3351 2817 in
3379 2777 3561 2824 mare,

1966 2864 2129 2924 atque
2153 2869 2219 2910 eo
2247 2870 2435 2925 spuma
2462 2854 2630 2909 maris
2649 2863 2900 2908 concreta
2922 2852 3105 2909 Venus
3126 2861 3250 2908 nata
3274 2862 3358 2908 est
3383 2868 3399 2906 :
3426 2853 3561 2907 illud

1966 2944 2148 3009 aiunt,
2179 2944 2323 3013 quod
2352 2943 2527 2999 coitus
2557 2942 2683 2997 salsi
2720 2942 2964 2998 humoris
3003 2941 3303 2997 substantia
3330 2950 3455 3007 est,
3502 2951 3562 2995 et

1969 3035 2095 3091 inde
2120 3033 2349 3090 aﬂ'rodin
2377 3032 2755 3107 [Aphroditcn]
2782 3032 3047 3090 Venerem
3074 3033 3200 3099 dici,
3225 3033 3351 3105 quia
3378 3034 3559 3089 coitus

278 3119 564 3181 servirent,
616 3116 862 3173 fecerunt
907 3134 921 3171 :
968 3117 1293 3186 signiﬁcant,
1343 3117 1435 3187 qui
1478 3117 1682 3173 semine
1727 3117 1860 3172 iudi-
1889 3111 1933 3173 C
1966 3141 2152 3196 spuma
2179 3133 2264 3182 est
2291 3127 2586 3196 sanguinis,
2618 3128 2709 3197 qui
2739 3141 2804 3180 ex
2849 3142 3012 3181 succo
3037 3126 3307 3182 viscerum
3350 3125 3561 3201 liquido

278 3215 469 3278 geaut,
502 3216 704 3263 terram
744 3207 896 3277 sequi
925 3214 1175 3276 oportere
1214 3224 1227 3260 :
1274 3208 1327 3261 in
1357 3221 1420 3262 ea
1450 3208 1647 3278 quippe
1683 3208 1865 3263 omnia

280 3297 538 3374 reperiri;
575 3296 719 3366 quod
759 3309 817 3350 se
843 3295 984 3365 apud
1012 3309 1131 3349 eam
1163 3294 1391 3364 jactant,
1420 3295 1731 3366 prazcipitur
1760 3296 1866 3367 (in-

278 3388 490 3458 quiunt)
535 3399 593 3442 ut
622 3388 714 3458 qui
756 3395 958 3441 terram
988 3385 1208 3451 colunt,
1251 3401 1319 3441 ne
1359 3387 1621 3442 sedeant:
1652 3402 1866 3457 semper

279 3492 422 3531 enim
450 3491 590 3538 esse.
620 3478 764 3545 quod
808 3483 991 3545 agant.
1027 3474 1404 3546 Cymbalorum
1439 3483 1619 3532 autem
1654 3477 1866 3532 sonitus

280 3566 731 3621 ferramentorum
753 3573 836 3621 est
858 3565 1094 3636 crepitus
1118 3566 1171 3619 iu
1198 3564 1439 3621 colendis
1462 3566 1628 3636 agris,
1651 3576 1707 3621 et
1745 3566 1865 3622 ideo

280 3672 407 3720 aere,
437 3654 583 3724 quod
614 3663 813 3709 terram
840 3654 1045 3725 antiqui
1076 3670 1183 3709 acre
1222 3654 1505 3721 colebant,
1551 3657 1862 3727 priusquam

281 3748 483 3801 ferrum
497 3753 641 3800 esset
656 3746 952 3799 inventum.
969 3745 1227 3799 Eamdem
1246 3746 1460 3801 Vestam
1481 3753 1535 3800 et
1556 3746 1731 3817 ignem
1745 3763 1866 3803 esse

279 3836 584 3904 perhibent,
611 3834 737 3905 quia
780 3843 981 3889 terram
1002 3844 1058 3890 et
1078 3835 1255 3907 ignem
1284 3837 1484 3892 habere
1514 3853 1620 3893 non
1641 3838 1862 3893 dubium

278 3936 390 3991 est,
431 3935 488 3981 ut
517 3942 579 3981 ex
611 3926 774 3980 [Etna
805 3924 1151 3997 Vulcanoque
1179 3925 1340 3980 datur
1367 3926 1628 3998 intelligi;
1667 3938 1722 3983 et
1745 3928 1865 3983 ideo

280 4024 539 4094 virginem
557 4023 781 4088 dictant,
804 4022 928 4092 quia
950 4022 1089 4092 ignis
1112 4021 1416 4076 inviolabile
1430 4022 1501 4077 sit
1515 4021 1861 4087 elementum,

248 4115 519 4183 .nihilque
555 4114 702 4170 nasci
734 4114 904 4184 possit
942 4128 1009 4168 ex
1049 4128 1132 4177 eo,
1168 4114 1365 4184 quippe
1404 4116 1493 4184 qui
1528 4116 1710 4170 omnia
1745 4131 1866 4185 quae

279 4208 567 4277 arripuerit
597 4216 837 4263 assumat
864 4206 1179 4279 [absumat].
1211 4205 1433 4263 Ovidius
1459 4207 1512 4261 in
1537 4208 1716 4264 Fastis
1741 4226 1755 4263 :

371 4326 478 4390 Nec
500 4336 549 4374 tu
574 4328 703 4377 aliud
727 4327 928 4377 Vestam
953 4341 1098 4390 quam
1123 4330 1279 4377 vivam
1306 4329 1533 4390 lntelllge
1553 4330 1813 4387 flammam,

463 4389 684 4450 bataque
708 4390 773 4439 de
792 4389 982 4438 ﬂamma
1003 4403 1205 4453 corpora
1229 4391 1361 4440 nulla
1386 4389 1541 4441 vides.

282 4490 571 4559 Propterea
598 4500 653 4546 et
680 4491 913 4562 virgines
935 4492 985 4546 ei
1011 4494 1217 4547 servire
1236 4494 1442 4559 dicunt,
1466 4508 1532 4548 eo
1560 4494 1702 4563 quod
1723 4494 1864 4549 sicut

280 4597 344 4634 ex
380 4581 604 4649 virgine,
636 4582 708 4634 ita
743 4581 962 4636 nihilex
995 4582 1117 4652 igne
1143 4592 1413 4638 nascatur.

351 4673 615 4730 Junmiem
643 4674 825 4727 dicunt
846 4714 859 4735 .
901 4675 1055 4743 quasi
1081 4674 1375 4740 Janoncm,
1408 4675 1459 4730 id
1488 4686 1603 4743 est,
1634 4675 1862 4747 januam

282 4785 377 4839 pro
400 4764 809 4838 purgationibus
842 4763 1186 4830 feminarum,
1213 4781 1278 4820 eo
1304 4767 1446 4835 quod
1490 4767 1641 4836 quasi
1679 4776 1863 4838 portas

281 4871 514 4913 matrum
544 4856 706 4920 natis,
735 4863 789 4909 et
813 4862 1036 4910 naturas
1053 4856 1256 4924 pandat
1284 4856 1598 4912 nubentium
1631 4858 1859 4913 maritis.

281 4947 388 5003 Sed
410 4948 509 5001 hoc
529 4944 853 5015 philosophi.
872 4943 1052 4998 Poeta:
1070 4953 1249 4999 autem
1268 4942 1532 4999 lunonem
1547 4944 1694 5000 Jovis
1714 4961 1861 5002 asse-

283 5050 406 5095 runt
431 5053 672 5095 sororem
696 5046 748 5093 et
776 5037 1089 5108 conjugem;
1124 5037 1301 5108 ignem
1327 5046 1382 5091 et
1410 5052 1589 5091 aerem
1626 5035 1811 5093 Jovem
1840 5056 1855 5105 ;

279 5147 474 5199 aquam
511 5138 566 5183 et
600 5141 796 5185 terram
826 5126 1091 5183 lunonem
1137 5128 1585 5197 interpretantur,
1628 5142 1857 5196 quorum

280 5224 504 5279 duorum
535 5223 884 5293 permistione
909 5221 1157 5277 universa
1182 5221 1503 5292 gignuntur;
1537 5230 1593 5275 et
1617 5236 1858 5276 sororem

281 5314 488 5378 dicunt,
512 5313 652 5384 quod
685 5313 867 5369 mundi
897 5328 1026 5384 pars
1052 5322 1169 5379 est;
1211 5313 1514 5384 conjugcm,
1546 5312 1689 5382 quod
1713 5327 1858 5368 com-

282 5402 438 5457 mista
467 5410 642 5463 coeat.
678 5402 828 5460 Unde
857 5412 912 5460 et
942 5403 1196 5476 Virgilius
1224 5423 1236 5457 :

412 5512 525 5560 'l'um
554 5521 694 5575 pater
712 5518 1019 5575 omnipotens
1043 5516 1261 5565 fecundis
1285 5516 1521 5565 imbribus
1544 5516 1703 5564 a'tber

405 5575 636 5637 !Zoujugts
658 5578 704 5624 in
730 5580 971 5637 gremium
998 5578 1119 5626 laeta:
1137 5582 1407 5628 υυικθιιυιι.
1447 5613 1461 5627 .
1500 5613 1513 5627 .
1551 5614 1563 5627 .
1603 5612 1617 5626 .

279 5682 695 5754 Minervaapud
739 5685 956 5742 Grmcos
998 5689 1208 5744 Athene
1253 5691 1480 5756 dicitur,
1532 5690 1583 5743 id
1622 5698 1740 5756 est,
1782 5688 1860 5745 fe-

1885 4460 1939 4519 D

1964 3219 2212 3289 salseque
2255 3226 2487 3273 constat.
2534 3219 2657 3273 Ideo
2696 3228 2876 3273 autem
2904 3217 3170 3273 Venerem
3210 3215 3435 3272 Vulcani
3474 3216 3560 3271 di-

1963 3320 2094 3365 cunt
2115 3324 2362 3374 uxorem,
2385 3309 2512 3378 quia
2536 3322 2825 3363 venereum
2846 3306 3080 3364 oﬂicium
3104 3321 3212 3362 non
3232 3307 3352 3362 sine
3368 3306 3559 3371 calore

1964 3400 2240 3466 consistit;
2260 3400 2400 3454 unde
2419 3406 2504 3453 est
2529 3416 2543 3451 :
2568 3396 2824 3469 Frigidus
2844 3400 2899 3451 in
2920 3396 3170 3452 Venerem
3191 3397 3387 3452 senior.
3416 3394 3557 3450 Nam

1962 3489 2107 3560 quod
2143 3488 2415 3544 Saturnus
2442 3488 2640 3543 dicitur
2666 3487 2807 3557 patri
2832 3486 2983 3544 leo
3012 3486 3186 3541 virilia
3221 3494 3556 3557 amputasse,

1964 3598 2084 3653 qua:
2111 3583 2166 3637 in
2199 3596 2351 3637 mare
2378 3580 2625 3635 cadentia
2656 3578 2919 3636 Venerem
2946 3585 3290 3643 creaverunt,
3346 3577 3401 3633 id
3433 3578 3560 3635 ideo

1965 3673 2203 3744 ﬁngitur,
2234 3673 2360 3743 quia
2390 3672 2494 3727 nisi
2524 3672 2720 3728 humor
2746 3672 2815 3728 de
2844 3671 2984 3727 caelo
3009 3671 3063 3726 in
3096 3679 3297 3727 terram
3324 3669 3559 3727 descen-

1963 3765 2134 3830 derit,
2163 3764 2297 3820 nihil
2322 3772 2559 3820 creatur.
2592 3763 2911 3834 Cupidinem
2936 3771 3188 3819 vocatum
3221 3762 3404 3818 femnt
3425 3779 3560 3834 pro-

1962 3867 2085 3927 pter
2123 3872 2386 3912 amorem.
2433 3856 2530 3912 Est
2570 3856 2716 3912 enim
2762 3855 2972 3912 daemon
3022 3856 3415 3921 fornicationis,
3459 3857 3556 3928 qui

1964 3949 2085 4003 ideo
2128 3947 2300 4003 alatus
2342 3947 2623 4019 pingitur:
2665 3947 2793 4017 quia
2834 3945 2967 4001 nihil
3014 3947 3319 4001 amantibus
3356 3946 3554 4011 levius,

1963 4038 2099 4094 nihil
2150 4039 2461 4093 mutabilius
2513 4039 2802 4093 invenitur.
2873 4038 3016 4093 Pucr
3067 4039 3308 4110 pingitur
3338 4079 3355 4105 ,
3422 4041 3555 4109 quia

1963 4129 2159 4184 stultus
2184 4138 2269 4185 est
2302 4138 2358 4184 et
2383 4129 2769 4185 irrationabilis
2797 4144 2969 4185 amor.
3007 4128 3271 4200 Sagittam
3292 4139 3350 4184 et
3374 4129 3551 4187 facem

1965 4230 2148 4276 tenere
2179 4220 2439 4292 ﬁngitur:
2467 4222 2752 4293 sagittam,
2791 4221 2917 4291 quia
2943 4236 3097 4276 amor
3129 4238 3225 4277 cor
3252 4221 3502 4277 vulnerat
3532 4241 3549 4277 :

1965 4311 2300 4380 facem,quia
2329 4310 2646 4366 inﬂammat.
2681 4312 2790 4367 Pan
2816 4310 3215 4378 dicuntGrzeci,
3239 4312 3414 4367 Latini
3445 4312 3553 4367 Sil-

1964 4419 2161 4457 vanum
2195 4403 2356 4457 deum
2397 4403 2747 4469 rusticorum,
2771 4418 2931 4472 quem
2968 4403 3021 4457 in
3055 4411 3260 4458 natura:
3298 4402 3556 4458 similitu-

1965 4491 2144 4546 dinem
2184 4491 2591 4547 formaverunt:
2624 4493 2767 4548 unde
2788 4500 2844 4546 et
2869 4507 2973 4562 pan
3000 4492 3176 4548 dictus
3209 4501 3311 4557 est,
3352 4492 3406 4547 id
3441 4502 3552 4558 est.

1964 4601 2126 4641 omne
2156 4603 2167 4639 :
2204 4585 2412 4655 ﬁngunt
2437 4585 2578 4639 enim
2603 4600 2724 4639 eum
2745 4599 2813 4639 ex
2837 4583 3126 4641 universali
3157 4583 3550 4638 elementorum

1965 4678 2144 4747 specie
2173 4692 2186 4731 :
2217 4676 2381 4730 habet
2412 4676 2555 4730 enim
2585 4692 2786 4731 cornua
2830 4676 2885 4731 in
2917 4675 3323 4730 similitudinem
3363 4675 3550 4730 radio-

1966 4784 2085 4822 rum
2114 4766 2244 4823 solis
2271 4776 2327 4820 et
2360 4766 2498 4822 luna:
2530 4785 2543 4820 :
2579 4767 2886 4821 distinctam
2912 4765 3138 4820 maculis
3168 4765 3329 4821 habet
3352 4765 3549 4836 pellem

1965 4868 2185 4930 propter
2220 4859 2344 4913 caeli
2382 4857 2579 4913 sidera.
2623 4858 2801 4913 Rubet
2823 4858 2968 4913 enim
3004 4856 3175 4913 facies
3198 4855 3266 4912 ad
3294 4855 3552 4912 similitu-

1967 4951 2147 5006 dinem
2180 4950 2417 5005 :ctheris.
2459 4949 2718 5005 Fistulam
2753 4959 2956 5019 septem
2998 4948 3329 5003 calamorum
3368 4955 3553 5019 gestat

1965 5053 2184 5114 propter
2211 5044 2549 5099 harmoniam
2569 5043 2719 5109 cali,
2742 5044 2794 5099 in
2815 5058 2920 5112 qua
2952 5050 3158 5112 septem
3190 5052 3316 5097 sunt
3344 5043 3465 5098 soni
3492 5050 3553 5097 et

1965 5152 2169 5209 septem
2202 5139 2514 5195 discrimina
2548 5155 2763 5196 vocum.
2798 5139 3032 5195 Villosus
3071 5148 3186 5205 est,
3223 5139 3349 5208 quia
3388 5138 3555 5194 tellus

1965 5230 2261 5285 convestita
2290 5239 2390 5285 est.
2420 5231 2464 5284 A
2490 5230 2717 5302 genibus
2746 5246 2875 5301 pars
2897 5229 3013 5299 ejus
3045 5228 3269 5285 inferior
3291 5228 3433 5285 fmda
3462 5240 3553 5285 est

1963 5330 2184 5393 propter
2208 5323 2430 5403 arbores
2453 5331 2512 5377 et
2538 5321 2681 5377 feras
2708 5331 2766 5376 et
2791 5321 3044 5391 pecudes.
3084 5320 3344 5391 Caprinas
3372 5335 3550 5391 ungu.

1962 5415 2044 5470 las
2074 5415 2267 5479 habet,
2298 5424 2358 5469 ut
2389 5414 2713 5469 soliditatem
2750 5424 2911 5468 terra:
2939 5414 3209 5470 ostendat.
3250 5413 3420 5481 Quem
3451 5427 3550 5467 vo-

1963 5514 2089 5563 cant
2115 5521 2297 5561 rerum
2327 5515 2380 5560 et
2403 5506 2564 5559 totius
2589 5514 2797 5559 natura:
2822 5504 3012 5559 Deum.
3047 5503 3200 5559 Unde
3230 5518 3358 5573 pan.
3386 5501 3549 5571 quasi

1963 5597 2164 5660 ontnia,
2192 5596 2399 5651 dicunt.
2435 5595 2531 5650 Isis
2567 5594 2747 5666 lingua
2785 5594 3163 5667 Egyption
3194 5602 3337 5648 terra
3364 5593 3552 5663 appel—

1965 5691 2125 5757 latur,
2156 5707 2316 5761 quam
2344 5692 2466 5746 lsim
2492 5692 2675 5748 volunt
2704 5708 2823 5747 esse
2854 5710 2870 5746 :
2901 5691 2997 5746 fuit
3029 5700 3206 5745 autem
3236 5688 3333 5743 Isis
3361 5685 3548 5755 regina
