3974 6188
295 355 393 412 ι’ῖῖ

1267 353 1348 407 DE
1388 350 1732 408 UNIVERSO
1772 349 1954 407 LIBRI
1995 350 2154 405 XXII.

2210 382 2262 389 ο-
2301 353 2427 408 LIB.
2471 350 2592 409 XV.
3451 348 3567 407 43f

295 466 705 537 .Egyptiorutn,
739 463 919 519 lnachi
957 463 1097 533 regis
1146 462 1250 516 ﬁlia
1269 505 1281 524 ,
1313 478 1432 533 qua:
1460 465 1526 519 de
1552 463 1760 521 Graecia
1790 480 1881 519 ve-
1907 470 1957 527 Α
1982 472 2201 534 propter
2226 473 2330 517 ires
2357 466 2599 529 affectus,
2623 481 2742 535 qua:
2773 466 2824 520 in
2855 466 3050 521 animis
3069 466 3343 520 Itotninum
3368 467 3561 522 nmltas

294 559 447 612 niens
478 555 768 626 ngyptios
796 556 1001 609 litteras
1043 555 1255 619 docuit,
1288 564 1343 609 et
1385 564 1557 610 terras
1581 556 1761 611 colere
1804 556 1885 609 in-

293 650 497 713 stituit,
536 660 757 718 propter
795 646 936 717 quod
967 656 1020 701 et
1053 654 1252 700 terram
1296 646 1412 715 ejus
1447 647 1663 700 nomine
1705 646 1886 716 appel-

292 740 563 795 laverunt.
619 739 837 808 Serapis
886 738 1129 794 omnium
1186 739 1456 794 maximus
1509 738 1883 810 [Egyptiorum

292 832 452 896 deus,
504 831 621 900 ipse
666 837 749 886 est
792 828 923 899 Apis
972 846 1067 883 rex
1115 828 1467 898 Argivorum,
1521 828 1612 898 qui
1660 828 1888 882 navibus

292 929 639 977 transvectus
687 920 740 975 in
791 906 1128 991 Egyptum,
1198 935 1321 974 cum
1390 917 1588 975 ibidem
1641 928 1889 975 mortuus

290 1012 504 1076 fuisset,
535 1010 756 1080 Serapis
784 1009 1086 1080 appellatus
1106 1017 1234 1083 est:
1263 1018 1548 1080 propterea
1582 1009 1707 1078 quia
1737 1025 1884 1075 arca,

293 1104 344 1157 in
379 1119 486 1173 qua
511 1111 755 1157 mortuus
776 1101 1012 1171 ponitur,
1050 1116 1212 1170 quam
1244 1102 1639 1171 sarcophagum
1671 1109 1884 1167 vocant,

291 1209 445 1248 seros
464 1192 664 1248 dicitur
682 1189 888 1255 Graece,
909 1190 1051 1244 velut
1072 1206 1223 1245 soros
1239 1190 1391 1261 Apis,
1413 1200 1470 1244 et
1490 1190 1558 1245 ibi
1582 1206 1704 1245 eum
1728 1207 1888 1245 vene-

294 1285 399 1341 rari
431 1283 701 1355 sepultum
724 1292 1024 1352 coeperunt,
1045 1283 1359 1352 priusquam
1386 1283 1644 1353 templum
1666 1280 1783 1350 ejus
1803 1298 1890 1337 es-

292 1388 375 1434 set
393 1378 738 1433 instructum.
766 1376 986 1447 Serapis
1002 1376 1200 1446 primo,
1219 1375 1413 1430 deinde
1428 1390 1531 1429 una
1546 1374 1722 1430 littera
1739 1390 1888 1428 com-

293 1479 524 1536 mutata,
558 1469 776 1539 Serapis
802 1469 979 1524 dictus
1019 1476 1123 1523 est.
1151 1469 1281 1539 Apis
1310 1468 1412 1523 fuit
1432 1468 1575 1540 apud
1604 1468 1889 1540 Egyptios

294 1573 480 1616 taurus
510 1560 700 1630 Serapi
728 1569 1098 1625 consecratus,
1132 1568 1187 1614 et
1225 1561 1294 1615 ab
1332 1576 1397 1614 eo
1434 1561 1505 1614 ita
1539 1561 1888 1631 cognomina-

295 1661 401 1713 tns,
432 1663 594 1719 quem
624 1636 888 1720 Egyptus
917 1648 1088 1704 instar
1119 1650 1358 1705 numinis
1386 1650 1617 1715 colebat,
1651 1667 1718 1705 eo
1747 1652 1886 1721 quod

293 1740 357 1793 de
384 1739 583 1795 futuris
610 1740 763 1794 daret
784 1740 1031 1808 qntedam
1059 1738 1348 1796 manifesta
1376 1742 1548 1812 signa.
1577 1742 1888 1812 Apparebat

1982 551 2414 624 perturbationes
2452 555 2698 626 gignunt,
2743 565 2796 611 et
2838 554 3107 613 interdum
3156 566 3352 626 cogunt
3395 557 3567 612 delin-

1984 660 2168 715 quere,
2191 651 2251 698 ut
2275 658 2372 699 nec
2395 644 2549 699 famae
2573 646 2864 714 periculive
2891 656 3192 717 respectum
3225 647 3420 702 habere
3445 664 3565 718 per-

1985 737 2218 790 mittant.
2258 735 2339 789 lra
2362 776 2376 801 ,
2420 752 2538 805 qua:
2575 736 2865 790 vindictam
2901 737 3045 807 cupit
3076 752 3089 789 :
3122 736 3416 807 cupiditas,
3449 753 3567 808 quae

1985 824 2255 879 desiderat
2286 840 2417 894 opes
2449 845 2460 879 ι
2494 824 2679 889 libido,
2707 841 2829 896 qua:
2855 826 3058 894 appetit
3089 825 3407 894 voluptates.
3437 827 3568 894 Qua:

1986 919 2105 973 ideo
2132 917 2307 972 Furia:
2334 918 2686 988 appellantur,
2719 919 2861 987 quod
2909 918 3138 973 stimulis
3182 919 3293 973 suis
3335 928 3567 973 mentem

1989 1012 2201 1078 feriant,
2233 1021 2287 1066 et
2317 1012 2552 1080 quietam
2597 1026 2716 1065 esse
2744 1027 2851 1066 non
2896 1012 3094 1066 sinant.
3144 1004 3416 1083 Nymphas
3442 1013 3569 1065 deas

1988 1118 2250 1172 aquarum
2280 1110 2471 1172 putant
2500 1102 2671 1157 dictas
2696 1118 2727 1156 a
2759 1102 2991 1159 nubibus
3024 1122 3035 1156 :
3078 1120 3203 1158 nam
3232 1120 3298 1159 ex
3341 1104 3569 1159 nubibus

1987 1209 2162 1263 aquae,
2210 1194 2352 1247 unde
2397 1208 2593 1247 nomen
2634 1193 2973 1257 derivatum;
3007 1194 3268 1265 nymphas
3306 1209 3567 1264 aquarum

1989 1284 2138 1348 deas,
2159 1283 2312 1352 quasi
2337 1283 2554 1337 numina
2578 1282 2930 1354 lympharum.
2948 1283 3096 1353 ipsas
3119 1290 3294 1339 autem
3316 1286 3499 1340 dicunt
3517 1295 3571 1341 et

1990 1373 2189 1439 Musas,
2219 1388 2355 1442 quas
2381 1383 2436 1428 et
2464 1374 2748 1444 nymphas,
2778 1372 2887 1428 Nec
2912 1375 3183 1429 immerito
3215 1395 3228 1429 :
3264 1392 3384 1430 nam
3419 1392 3572 1446 aqua:

1989 1471 2167 1519 motus
2212 1463 2455 1518 musicen
2501 1462 2681 1518 efficit.
2729 1462 3096 1535 Nympharum
3145 1466 3284 1536 apu'l
3342 1466 3568 1536 gentiles

1990 1555 2136 1608 varia
2158 1563 2283 1609 sunt
2303 1553 2578 1610 vocabula.
2604 1555 2878 1627 Nymphas
2899 1558 3096 1627 quippe
3120 1559 3380 1613 montium
3405 1559 3571 1613 Orca-

1990 1642 2086 1698 des
2108 1643 2314 1708 dicunt,
2339 1643 2595 1699 silvarum
2624 1645 2880 1716 Dryades,
2908 1660 3220 1715 camporum
3239 1645 3569 1718 Hamadrya-

1990 1737 2106 1800 des,
2124 1735 2350 1790 fontium
2368 1735 2619 1803 Naiades,
2632 1737 2801 1793 maris
2819 1735 3095 1793 Nereides.
3114 1736 3318 1794 lleroas
3336 1740 3521 1794 dicunt
3540 1757 3570 1794 a

291 1832 435 1885 enim
480 1831 536 1886 in
583 1830 866 1902 Memphis,
914 1847 1075 1901 quem
1120 1843 1337 1888 centum
1387 1834 1656 1890 antistites
1699 1850 1884 1904 prose.
1915 1834 1957 1891 Β
1985 1826 2193 1883 Junone
2216 1826 2447 1883 traxisse
2470 1842 2698 1883 nomen:
2726 1827 2911 1883 Grtece
2936 1827 3079 1882 enim
3104 1826 3243 1883 Juno
3266 1827 3368 1884 Ere
3394 1828 3571 1899 appel-

291 1922 621 1990 quebantnr,
646 1930 700 1977 et
728 1931 947 1993 repente
976 1921 1122 1980 velut
1150 1923 1460 1994 lymphatici
1490 1926 1875 1995 praecinebant.

292 2010 460 2082 Hujus
496 2011 692 2082 capitis
734 2012 1026 2083 imaginem
1077 2013 1179 2067 sibi
1228 2013 1281 2067 in
1326 2029 1509 2070 eremo
1542 2013 1709 2070 Judati
1741 2015 1882 2072 fece-

292 2110 434 2159 runt.
463 2102 637 2158 Fauni
669 2119 702 2159 a
733 2102 917 2171 fando,
931 2104 1077 2160 velut
1108 2120 1208 2176 apo
1231 2105 1498 2175 telphanis
1526 2106 1631 2179 [tes
1649 2107 1880 2181 phones]

289 2195 451 2256 dicti,
494 2194 641 2265 quod
678 2210 834 2260 voce,
879 2210 985 2250 non
1026 2195 1217 2268 signis,
1248 2196 1540 2253 ostendere
1568 2198 1883 2254 viderentur

291 2285 492 2340 futura.
543 2287 601 2342 ln
649 2287 786 2343 lucis
814 2288 958 2343 enim
1005 2288 1427 2345 consulebantur
1465 2306 1495 2344 a
1542 2290 1789 2361 paganis,
1827 2290 1883 2345 et

293 2392 549 2447 responsa
596 2376 701 2431 illis
739 2392 844 2433 non
888 2378 1079 2449 signis,
1124 2376 1219 2434 sed
1257 2379 1480 2447 vocibus
1519 2379 1738 2435 dabant.
1778 2379 1882 2436 Ge-

290 2466 437 2520 nium
466 2474 649 2520 autem
678 2466 881 2533 dicunt,
908 2467 1050 2537 quod
1076 2469 1231 2539 quasi
1264 2469 1372 2523 vim
1403 2469 1601 2525 habeat
1631 2469 1878 2525 omnium

291 2570 472 2612 rerum
502 2557 914 2629 gignendarum,
946 2575 1040 2615 seu
1065 2575 1095 2613 a
1115 2560 1398 2632 gignendis
1425 2560 1610 2616 iiberis
1655 2560 1809 2616 Unde
1829 2569 1885 2617 et

291 2648 530 2715 geniales
567 2649 691 2704 lecti
721 2649 1042 2704 dicebantur
1071 2665 1101 2703 a
1140 2651 1410 2722 gentibus,
1463 2651 1554 2721 qui
1597 2666 1737 2707 novo
1768 2668 1883 2707 ma-

294 2738 400 2790 rito
427 2740 831 2794 sternebantur.
865 2739 991 2795 [huc
1024 2749 1079 2795 et
1114 2742 1216 2798 alia
1257 2754 1385 2797 sunt
1418 2743 1697 2813 gentilium
1728 2744 1885 2801 fabu-

295 2825 405 2881 losa
423 2827 701 2899 figmenta,
715 2845 835 2900 qua:
857 2831 1210 2902 interpretata
1226 2833 1304 2887 sic
1326 2833 1614 2899 habentur,
1631 2843 1763 2891 utea
1780 2853 1885 2891 non

293 2919 560 2977 intellecta
600 2921 979 2978 damnabiliter
1000 2931 1179 2979 tamen
1211 2926 1525 2980 adorentur.
1552 2926 1746 2981 Fatum
1786 2944 1884 2982 au-

293 3020 402 3065 tem
433 3011 622 3066 dicunt
647 3027 800 3078 esse,
831 3014 1091 3084 quidquid
1119 3015 1192 3070 dii
1225 3014 1427 3081 fantur,
1456 3017 1718 3089 quidquid
1737 3015 1888 3088 Jupi-

293 3110 375 3156 ter
414 3101 576 3157 fatur.
611 3103 650 3156 Α
686 3102 848 3159 fando
870 3106 1036 3178 igitur
1062 3106 1229 3163 fatum
1257 3109 1463 3174 dicunt,
1509 3109 1694 3175 idest,
1740 3126 1770 3165 a
1813 3110 1889 3165 lo-

1987 1918 2160 1983 latur;
2193 1928 2248 1973 et
2268 1918 2387 1974 ideo
2405 1919 2587 1974 nescio
2608 1920 2728 1988 quis
2752 1918 2891 1974 filius
2912 1918 3027 1988 ejus
3048 1921 3340 1975 secundum
3361 1920 3570 1977 (ir-.eeo-

1985 2027 2103 2066 rum
2136 2010 2372 2066 fabulam
2402 2010 2539 2065 Eros
2566 2009 2667 2064 fuit
2691 2020 3027 2081 nuncupatus
3052 2030 3064 2064 :
3092 2011 3194 2067 hoc
3217 2012 3362 2066 velut
3390 2013 3575 2084 mysti-

1983 2118 2107 2157 cum
2136 2100 2472 2172 significante
2501 2100 2707 2166 fabula,
2737 2103 2879 2172 quod
2912 2118 3006 2157 aer
3034 2102 3228 2158 Juuoni
3262 2105 3568 2173 deputetur,

1983 2192 2075 2247 ubi
2122 2191 2308 2247 volunt
2347 2191 2542 2247 heroas
2569 2191 2833 2253 habitare,
2883 2209 2992 2262 quo
3041 2193 3259 2248 nomine
3303 2194 3573 2265 appellant

1983 2283 2213 2355 alicujus
2243 2283 2425 2340 meriti
2468 2284 2676 2340 animas
2718 2283 3124 2353 defunctorum,
3165 2288 3321 2357 quasi
3359 2304 3569 2354 aereas,

1985 2373 2037 2429 id
2067 2383 2184 2440 est,
2228 2375 2376 2430 viros
2405 2374 2582 2431 aerios
2616 2382 2673 2430 et
2701 2375 2840 2430 coelo
2880 2375 3072 2447 dignos
3105 2386 3328 2447 propter
3354 2380 3570 2449 sapien-

1986 2467 2116 2521 tiam
2146 2474 2200 2520 et
2238 2465 2630 2521 fortitudinem.
2662 2465 2897 2522 Penates
2926 2468 3155 2538 gentiles
3177 2469 3424 2524 dicebant
3451 2486 3570 2524 om-

1985 2573 2083 2614 nes
2105 2557 2255 2623 deos,
2281 2574 2419 2630 quos
2438 2558 2583 2613 domi
2614 2558 2864 2614 colebant
2888 2576 2902 2612 :
2928 2569 2984 2615 et
3011 2569 3236 2631 penates
3255 2560 3405 2625 dicti,
3428 2562 3571 2631 quod

1984 2656 2169 2705 essent
2209 2649 2263 2704 in
2299 2649 2696 2720 penetralibus,
2745 2650 2800 2704 id
2842 2658 2943 2715 est,
2991 2652 3045 2705 in
3093 2652 3335 2707 secretis.
3387 2651 3449 2712 lli
3499 2654 3572 2708 dii

1985 2741 2256 2810 quomodo
2300 2741 2653 2806 vocabantur,
2697 2740 2783 2797 vel
2831 2756 2953 2813 qua:
2996 2743 3217 2797 nomina
3264 2743 3572 2807 habuerint,

1987 2829 2285 2901 ignoratur.
2334 2828 2520 2885 Manes
2569 2830 2696 2885 deos
2726 2839 3060 2886 mortuorum
3092 2831 3309 2896 dicunt,
3339 2848 3570 2902 quorum

1986 2928 2313 2992 potestatem
2355 2921 2498 2977 inter
2532 2921 2714 2976 lunam
2747 2930 2803 2977 et
2832 2929 3033 2977 terram
3066 2930 3315 2978 asserunt
3347 2938 3362 2976 :
3395 2941 3423 2977 a
3453 2924 3575 2994 qui-

1987 3014 2089 3068 bus
2109 3020 2164 3068 et
2190 3027 2349 3067 mane
2375 3012 2577 3068 dictum
2605 3013 2937 3077 existimant,
2956 3027 3094 3083 quos
3116 3020 3305 3083 putant
3330 3014 3396 3068 ab
3425 3028 3571 3080 acre,

1988 3104 2081 3174 qui
2104 3103 2394 3169 manus,'id
2421 3112 2526 3171 est,
2541 3119 2699 3160 rarus
2728 3112 2813 3160 est
2841 3122 2855 3158 :
2889 3120 3077 3159 manes
3104 3104 3425 3169 dictos,sivc
3447 3106 3572 3175 quia

300 3192 527 3260 quendo,
564 3193 654 3262 qui
694 3194 798 3249 nisi
843 3194 947 3250 hoc
986 3211 1181 3251 nomen
1208 3198 1318 3268 jam
1351 3199 1403 3253 in
1440 3199 1543 3254 alia
1587 3216 1647 3256 re
1684 3200 1884 3257 soleret
1912 3187 1956 3249 C
1988 3196 2096 3251 late
2126 3203 2348 3250 manant
2372 3209 2471 3266 per
2513 3211 2694 3260 auras,
2726 3195 2840 3251 sive
2868 3195 2994 3265 quia
3025 3194 3184 3250 mites
3213 3206 3339 3249 sunt
3379 3195 3572 3248 imma-

297 3279 537 3350 intelligi,
565 3297 675 3352 quo
701 3284 865 3339 corda
895 3285 1174 3339 hominum
1204 3287 1456 3343 nolumus
1480 3287 1763 3353 inclinare,
1794 3304 1884 3343 ra-

299 3369 929 3443 tionabiliter-possemus
956 3391 988 3428 a
1023 3373 1185 3431 fando
1222 3375 1391 3432 fatum
1432 3378 1741 3449 appellare:
1773 3396 1883 3436 non

298 3461 434 3514 enim
489 3461 729 3518 abnuere
769 3478 1057 3533 possumus
1103 3480 1224 3522 esse
1266 3468 1526 3539 scriptum
1578 3471 1630 3524 in
1688 3470 1885 3526 litteris

301 3552 533 3607 sanctis:
558 3552 736 3608 Semel
760 3553 964 3611 locutus
992 3566 1067 3611 est
1089 3556 1256 3623 Deus,
1282 3558 1388 3612 duo
1414 3560 1525 3612 Ιιαέ
1550 3559 1748 3626 audivi,
1775 3570 1879 3616 etc.

301 3638 465 3712 (Paul.
489 3642 621 3714 uti).
654 3642 805 3711 Quod
830 3646 974 3701 enim
998 3646 1200 3702 dictum
1220 3655 1324 3712 est,
1367 3649 1524 3702 semel
1547 3649 1750 3703 locutus
1771 3661 1882 3704 est:

299 3732 611 3804 intelligitur
661 3735 1031 3803 immobiliter,
1086 3737 1189 3793 hoc
1236 3747 1339 3803 est,
1372 3738 1887 3796 incommutabiliter

299 3832 379 3877 est
400 3822 638 3891 locutus,
658 3826 799 3880 sicut
829 3827 977 3882 novit
998 3828 1514 3886 incommutabiliter
1535 3833 1738 3897 omnia,
1764 3849 1885 3904 quae

302 3912 471 3970 futura
510 3925 660 3982 sunt,
689 3927 752 3973 et
776 3918 890 3989 ipse
942 3919 1183 3977 facturus
1227 3937 1329 3977 est.
1372 3923 1499 3979 Tria
1549 3935 1726 3979 autem
1774 3928 1882 3980 fata

300 4007 501 4079 ﬁngunt
543 4010 597 4064 in
627 4009 747 4065 colo
784 4020 842 4067 et
883 4011 1005 4068 fuso
1035 4014 1326 4085 digitisque
1371 4016 1458 4072 fila
1496 4033 1565 4072 ex
1609 4016 1731 4073 lana
1775 4028 1884 4074 tor-

300 4100 582 4169 quentibus
610 4112 832 4175 propter
865 4106 968 4160 tria
1015 4113 1256 4177 tempora
1292 4121 1307 4161 :
1341 4109 1704 4178 praeteritum,
1738 4111 1882 4180 quod

301 4190 351 4243 in
390 4189 507 4246 fuso
544 4191 659 4261 jam
707 4205 890 4250 netum
937 4206 1101 4266 atque
1139 4198 1440 4254 involutum
1465 4208 1547 4256 est
1575 4218 1589 4255 :
1619 4216 1882 4272 praesens,

303 4283 437 4350 quod
470 4284 611 4337 inter
633 4285 831 4357 digitos
863 4288 1040 4344 nentis
1073 4290 1306 4343 trahitur
1335 4309 1348 4344 :
1380 4289 1620 4346 futurum
1652 4292 1704 4346 in
1739 4292 1882 4359 lana,

306 4385 413 4440 νιειξ
458 4374 578 4428 colo
618 4375 889 4445 implicata
931 4387 1036 4443 est,
1080 4389 1135 4434 et
1171 4382 1317 4451 quod
1359 4382 1536 4437 adhuc
1565 4398 1663 4452 per
1689 4383 1885 4455 digitos

299 4463 475 4518 uentis
521 4464 590 4519 ad
622 4464 798 4521 fusum
817 4508 833 4533 ,
875 4470 1133 4539 tanquam
1163 4486 1402 4540 praesens
1429 4473 1496 4527 ad
1524 4460 1880 4542 pratteritum,

1983 3289 2165 3355 nibus,
2185 3288 2456 3344 contrario
2502 3288 2720 3343 nomine
2761 3288 2866 3344 hoc
2911 3287 3265 3358 appellantur.
3317 3286 3575 3357 Apuleius

1985 3390 2163 3437 autem
2194 3381 2271 3437 ait
2295 3396 2391 3437 eos
2417 3389 2537 3436 cata
2559 3381 2897 3450 antiphrasin
2921 3382 3027 3436 dici
3057 3396 3265 3446 manes,
3309 3381 3409 3435 hoc
3451 3388 3535 3434 est
3555 3420 3570 3442 ,

1984 3473 2142 3528 mites
2181 3487 2247 3528 ac
2273 3472 2564 3537 modestos,
2594 3486 2716 3526 cum
2758 3473 2865 3527 sint
2904 3472 3176 3528 terribiles
3195 3480 3250 3527 et
3290 3473 3569 3533 immanes.

1985 3579 2043 3623 ut
2064 3568 2287 3634 Parcas,
2308 3576 2368 3622 ut
2390 3567 2732 3622 Eumenides.
2756 3565 2960 3621 Larvas
2982 3580 3044 3618 ex
3073 3566 3382 3621 hominibus
3405 3565 3573 3620 factos

1984 3661 2259 3715 daemones
2285 3659 2456 3722 aiunt,
2473 3658 2616 3728 quod
2639 3658 2817 3713 meriti
2849 3657 2971 3711 mali
2995 3656 3214 3722 fuerint,
3232 3673 3459 3727 quarum
3479 3672 3575 3710 na-

1986 3759 2105 3805 tura
2136 3750 2335 3805 dicitur
2364 3758 2570 3805 terrere
2615 3747 2889 3818 parvulos,
2930 3755 2985 3801 ct
3026 3747 3080 3801 in
3124 3747 3335 3818 angulis
3362 3747 3572 3817 garrire

1984 3841 2302 3896 tenebrosis.
2321 3840 2554 3906 Lamias,
2577 3854 2710 3911 quas
2732 3834 2936 3893 fabula!
2956 3839 3170 3893 tradunt
3195 3838 3426 3893 infantes
3453 3854 3573 3892 cor-

1984 3929 2166 3999 ripere
2181 3945 2246 3983 ac
2266 3927 2471 3983 laniare
2491 3928 2697 3992 solitas,
2720 3943 2750 3981 a
2776 3926 3030 3981 laniando
3050 3927 3357 3995 specialiter
3378 3928 3569 3981 dictas.

1983 4020 2280 4090 Pilosi,qui
2308 4017 2495 4074 Graece
2523 4018 2745 4082 Panitae,
2781 4017 2971 4072 Latine
2995 4017 3180 4072 lncubi
3211 4016 3569 4087 appellantur,

1985 4110 2099 4166 sive
2144 4110 2257 4165 lnvi
2288 4111 2357 4166 ab
2387 4109 2623 4165 ineundo
2661 4108 2863 4179 passim
2893 4123 3016 4163 cum
3056 4106 3395 4169 animalibus,
3428 4107 3570 4161 unde

1984 4209 2042 4257 et
2082 4200 2265 4256 Incubi
2296 4201 2551 4256 dicuntur
2590 4200 2659 4254 ab
2710 4199 3089 4262 incumbendo,
3138 4198 3243 4253 hoc
3286 4206 3409 4264 est,
3459 4209 3572 4252 stu-

1984 4293 2192 4361 prande
2220 4311 2232 4345 :
2266 4306 2407 4362 saepe
2436 4292 2581 4347 enim
2613 4290 2841 4361 improbi
2873 4291 3116 4346 existunt
3144 4290 3307 4347 etiam
3334 4290 3576 4345 mulieri—

1986 4385 2086 4439 bus
2115 4393 2170 4438 et
2192 4398 2380 4438 earum
2420 4389 2684 4452 peragunt
2722 4382 3103 4448 concubitum,
3142 4396 3278 4452 quos
3306 4382 3574 4437 daemones

1985 4474 2123 4530 Galli
2139 4472 2332 4529 Dusios
2358 4485 2690 4544 nuncupant,
2707 4473 2849 4544 quod
2879 4474 3095 4530 assidue
3123 4475 3263 4529 hanc
3290 4473 3576 4528 immundi-

300 4553 673 4622 trajiciendum
697 4565 801 4610 est.
831 4555 1033 4613 Parcas
1055 4559 1244 4614 dicunt
1279 4568 1399 4615 cata
1426 4562 1760 4632 antiphrasin
1788 4579 1883 4634 ap-
1913 4548 1962 4608 D
1992 4567 2119 4621 tiam
2148 4575 2432 4638 peragunt.
2485 4566 2655 4633 Quem
2701 4574 2880 4620 autem
2924 4566 3088 4637 vulgo
3133 4566 3458 4622 lncubunem
3487 4580 3578 4621 vo-

297 4647 540 4717 peilatas,
570 4651 712 4720 quod
742 4652 961 4706 minime
989 4661 1237 4723 parcant,
1265 4670 1402 4723 quas
1432 4662 1542 4710 tres
1562 4671 1682 4711 esse
1704 4657 1885 4712 voluc-

298 4750 425 4796 ruut
452 4759 467 4796 :
501 4758 686 4808 unam,
717 4760 838 4814 qua:
865 4744 1029 4799 vitam
1056 4746 1294 4802 hominis
1320 4748 1596 4815 ordiatur;
1630 4750 1879 4815 alteram,

298 4846 415 4903 quae
432 4843 715 4901 content;
743 4836 980 4902 tertiam,
1002 4852 1122 4907 qua:
1145 4846 1375 4909 rumpat.
1398 4838 1689 4911 lncipimus
1712 4842 1878 4903 enim,

258 4972 259 4975 η
296 4938 418 4979 cum
446 4926 756 4981 nascimur:
781 4944 990 4994 sumus,
1012 4934 1138 4984 cum
1167 4930 1433 4987 vivimus:
1459 4932 1735 4997 desumus,
1759 4950 1880 4988 cum

298 5016 599 5074 interimus.
649 5019 941 5076 Fortunam
979 5037 1011 5077 a
1058 5020 1295 5079 fortuitis
1334 5038 1527 5079 nomen
1571 5025 1774 5082 habere
1803 5027 1866 5081 di

297 5116 440 5171 cunt,
455 5109 613 5178 quasi
641 5110 796 5165 deam
826 5112 1113 5181 quamdam
1144 5128 1232 5169 res
1261 5113 1526 5170 humanas
1554 5116 1721 5172 variis
1748 5118 1885 5172 casi-

296 5196 396 5256 bus
417 5207 476 5253 et
501 5197 743 5256 fortuitis
770 5201 1100 5258 illudentem.
1132 5202 1283 5260 Unde
1309 5213 1364 5259 et
1385 5220 1583 5261 caecam
1614 5206 1884 5276 appellant

298 5303 361 5343 eo
382 5289 525 5359 quod
550 5291 753 5359 passim
782 5292 838 5346 in
867 5293 1137 5362 quoslibet
1163 5294 1446 5351 incurrens
1476 5296 1595 5353 sine
1622 5296 1729 5353 ullo
1757 5315 1884 5354 exs-

299 5380 441 5436 utine
466 5382 786 5438 meritorum
818 5392 873 5438 ct
900 5384 967 5439 ad
1012 5384 1183 5441 bonos
1208 5394 1263 5440 et
1289 5385 1355 5439 ad
1387 5386 1556 5441 malos
1582 5388 1748 5443 venit.
1780 5387 1882 5442 Fa-

300 5478 410 5524 tum
437 5479 620 5527 autem
651 5487 683 5527 a
708 5472 945 5530 Fortuna
976 5486 1245 5546 separant,
1297 5485 1353 5533 et
1381 5477 1696 5544 Fortunam,
1727 5479 1881 5550 quasi

298 5558 368 5614 sit
391 5560 445 5615 in
494 5560 583 5618 his
610 5578 733 5633 quae
760 5563 984 5621 fortuito
1019 5568 1262 5633 veniunt,
1303 5568 1449 5624 nulla
1486 5568 1665 5639 palam
1696 5586 1881 5636 causa,

298 5648 486 5708 Fatum
529 5670 663 5710 vero
705 5658 1009 5727 appositum
1053 5648 1363 5729 singulis‘et
1403 5668 1665 5715 statutum
1705 5660 1878 5714 aiunt.

298 5741 458 5801 Aiunt
508 5754 565 5802 et
621 5757 731 5804 tres
763 5749 955 5805 Furias
1005 5749 1232 5806 feminas
1276 5752 1495 5807 crinitas
1542 5751 1882 5822 serpentibus

1988 4667 2137 4725 cant,
2187 4660 2332 4715 hunc
2376 4659 2605 4714 Romani
2651 4658 2896 4714 Faunum
2941 4658 3185 4714 ficarium
3231 4659 3438 4715 dicunt.
3493 4659 3575 4713 Ad

1987 4763 2150 4822 quem
2178 4746 2433 4806 Horatius
2460 4750 2591 4806 dicit
2622 4768 2637 4805 :

2138 4862 2141 4865 ’
2172 4871 2358 4936 Faune,
2384 4870 2719 4936 Nympharum
2743 4873 3017 4936 fugientum
3043 4883 3242 4934 amatur,

2175 4933 2272 4985 Per
2294 4933 2438 4985 meos
2456 4933 2579 4985 lines
2599 4945 2651 4986 et
2671 4933 2836 4997 aprica
2863 4950 2974 4987 rura

2365 4998 2516 5046 Lenis
2551 4998 2750 5048 incedas

1991 5110 2099 5168 Sed
2125 5111 2277 5167 falsis
2300 5112 2402 5167 diis
2429 5121 2487 5167 et
2514 5112 2785 5184 figmentis
2812 5113 3088 5169 hominum
3120 5112 3332 5182 spretis,
3367 5113 3433 5167 de
3455 5116 3574 5182 qui-

1987 5203 2091 5258 bus
2120 5202 2403 5258 Psalmista
2432 5204 2507 5258 ait
2531 5221 2543 5257 :
2572 5203 2763 5259 Omnes
2789 5205 2866 5258 dii
2886 5206 3114 5275 gentium
3143 5204 3439 5269 dannom'n;
3467 5205 3574 5259 Do-

1987 5293 2161 5346 minus
2188 5303 2361 5347 autem
2392 5292 2545 5348 cados
2571 5295 2690 5364 fecit
2725 5294 2897 5366 (Psal.
2925 5295 3078 5364 xcv);
3110 5294 3466 5350 diﬂ'crentiam
3496 5297 3575 5364 ip-

1987 5382 2100 5436 sius
2123 5382 2358 5436 nominis
2387 5383 2792 5452 patefaciamus.
2839 5384 2923 5438 Dii
2954 5400 3081 5455 ergo
3107 5386 3345 5453 gentium
3374 5385 3574 5441 daemo-

1987 5474 2077 5530 nia
2107 5484 2257 5541 sunt,
2294 5490 2415 5545 qua:
2453 5476 2581 5529 nulli
2621 5485 2920 5546 praestant:
2955 5478 3047 5532 sed
3095 5478 3147 5531 in
3192 5494 3252 5533 se
3290 5480 3572 5534 credentes

1988 5580 2203 5636 semper
2242 5565 2546 5637 decipiunt,
2595 5582 2809 5636 seraper
2853 5568 3099 5623 illudnut.
3151 5569 3284 5624 Nam
3324 5574 3573 5642 quamvis

1989 5657 2264 5714 daemones
2290 5659 2482 5714 Latine
2523 5660 2738 5715 scientes
2788 5672 3068 5729 vocentur,
3101 5664 3253 5735 quasi
3283 5665 3573 5721 daemonas

1992 5749 2339 5822 [daimonias]
2365 5770 2376 5805 :
2405 5752 2640 5807 humano
2671 5762 2849 5809 tamen
2873 5771 3124 5813 sermone
3144 5757 3446 5813 convicium
3472 5768 3572 5812 cst.
