3974 6188
326 361 432 419 £35

1010 363 1068 418 Β.
1111 361 1360 417 RABANI
1401 361 1616 418 MAURI
1653 362 1972 419 ARCHIEP.
2013 361 2322 422 MOGUNT.
2346 365 2627 424 OPERUM
2667 363 2844 420 PARS
2884 364 2951 420 ll.

3469 365 3581 422 436

324 476 478 534 [inde
519 480 592 533 ita
629 474 878 540 dicimus,
899 487 1035 546 quos
1065 475 1436 530 exsecratione
1467 475 1656 546 dignos
1687 473 1896 544 judica-
1942 525 1961 546 ,
2001 473 2182 546 (Joan.
2211 473 2274 545 ι).
2311 474 2472 532 Addit
2505 485 2592 542 et,
2625 477 2871 541 deorum,
2902 483 2961 530 ut
2985 473 3286 531 evidentius
3310 475 3377 532 de
3400 475 3582 533 hinni-

1927 525 1974 585 Α

323 584 446 623 mus
474 585 488 621 :
521 581 626 623 non
658 564 947 630 immerito,
988 565 1242 635 quoniam
1275 566 1330 620 in
1372 565 1477 622 illis
1505 582 1634 623 vera
1675 567 1899 623 scientia
1927 564 1974 585 “
2003 566 2162 622 nibus
2185 565 2387 622 dictum
2411 565 2740 629 adverteres,
2772 565 2913 620 inter
2933 580 3070 636 quos
3097 565 3452 636 corporaliter
3479 566 3582 622 ha-

325 673 430 712 non
460 663 574 722 est,
615 655 707 726 qui
749 654 1021 711 Creatoris
1051 655 1134 712 sui
1163 673 1270 711 non
1302 657 1600 712 secundant
1625 659 1854 714 arbitrio
1883 675 1900 715 :

325 747 406 802 sic
429 753 484 801 et
505 745 776 816 sapientes
803 745 1150 816 philosophos
1180 745 1429 802 dicimus.
1459 746 1567 803 Sed
1595 747 1693 803 hos
1718 763 1903 820 perse-

321 838 508 908 quitur
553 835 838 907 Apostolus
881 835 1152 891 delinitiva
1194 837 1490 900 sententia,
1540 837 1726 894 dicens
1758 856 1771 892 :
1805 835 1902 892 Sa-

321 927 518 997 pientia
555 925 715 994 hujus
747 924 928 980 mundi
956 923 1179 978 stultitia
1216 933 1291 980 est
1329 926 1468 996 apud
1497 925 1666 981 Deum
1699 925 1752 998 (1
1775 926 1896 982 Cor.

324 1018 428 1090 ιιι).
455 1017 606 1074 Unde
634 1033 855 1074 necesse
882 1026 966 1074 est
1005 1026 1064 1074 ut
1100 1020 1202 1075 hoc
1230 1019 1462 1075 scientes
1487 1034 1586 1089 pro
1609 1033 1714 1073 non
1745 1017 1904 1073 intel-

323 1108 611 1180 ligentibns
641 1124 736 1164 eos
777 1110 1084 1164 habeamus.
1135 1109 1352 1166 Daemon
1390 1109 1554 1181 igitur
1589 1117 1672 1166 est
1715 1125 1747 1164 a
1791 1109 1902 1164 Deo

323 1201 590 1272 quamam,
646 1201 787 1256 sicut
828 1207 884 1255 et
923 1201 1188 1256 bonorum
1241 1199 1574 1271 angelorum,
1631 1197 1902 1254 excellens

322 1292 543 1349 omnino
573 1301 754 1347 creata
782 1292 1104 1357 substantia,
1147 1307 1268 1362 qua:
1306 1290 1524 1362 propria
1553 1289 1782 1346 faciente
1812 1305 1902 1344 su-

320 1381 506 1453 perbia
533 1395 600 1437 eo
626 1395 795 1451 usque
825 1381 1092 1452 pervenit,
1127 1388 1206 1446 ut,
1251 1380 1480 1435 naturali
1521 1380 1781 1452 dignitate
1809 1381 1902 1433 de-

319 1473 516 1545 posita,
549 1471 705 1528 malis
733 1470 986 1546 operibus
1014 1487 1226 1541 semper
1271 1471 1501 1526 insistat.
1536 1468 1736 1528 Tamen
1772 1469 1898 1524 alibi

319 1564 580 1634 scriptum
619 1572 744 1619 est:
784 1563 932 1618 Deus
965 1565 1103 1618 stetit
1149 1565 1204 1618 in
1244 1579 1508 1634 synagoga
1551 1562 1798 1628 deorum,
1845 1562 1900 1616 in

318 1655 491 1710 medio
516 1665 690 1710 autem
715 1655 837 1709 deos
862 1653 1106 1709 discernit
1139 1649 1311 1724 (Psal.
1344 1650 1549 1719 um).
1588 1649 1708 1707 Uno
1737 1649 1899 1704 verbo

317 1743 474 1802 Iesus
501 1745 748 1802 Christus
789 1744 1020 1800 mirabili
1069 1743 1222 1800 nobis
1268 1743 1534 1798 brevitate
1573 1741 1895 1797 declaratur.

317 1836 434 1929 Ipse
481 1836 816 1929 enim_Dens
863 1835 1011 1929 stetit
1061 1835 1116 1891 in
1148 1849 1455 1929 synagoga,
1507 1834 1599 1905 qui
1625 1833 1785 1929 sedit
1829 1832 1896 1888 ad
1925 1869 1974 1929 Β

315 1924 590 1978 dexteram
638 1924 833 1980 Patris.
881 1924 1030 1988 Situs
1077 1924 1218 1979 enim
1267 1925 1356 1980 isti
1395 1922 1704 1994 corporales
1747 1929 1890 1978 sunt.

314 2012 452 2068 Nam
493 2012 540 2070 si
585 2013 922 2084 majestatem
970 2013 1086 2085 ejus
1137 2013 1418 2082 intendas,
1465 2015 1664 2084 ubique
1714 2021 1892 2080 totus,

314 2102 514 2173 ubique
551 2103 741 2174 plenus
779 2111 881 2159 est.
923 2103 1034 2160 Nec
1070 2113 1249 2175 potest
1295 2103 1400 2160 dici
1445 2112 1639 2159 natura
1681 2103 1896 2159 deitatis

313 2203 458 2248 stare
487 2193 570 2250 vel
593 2195 804 2261 sedere,
829 2195 954 2266 quia
985 2195 1128 2251 nulla
1157 2195 1262 2251 loci
1291 2195 1742 2252 determinatione
1765 2209 1896 2250 con-

313 2283 566 2340 cluditur.
596 2283 688 2342 Sic
713 2285 857 2342 enim
883 2287 952 2342 de
975 2287 1091 2357 ipso
1116 2293 1173 2344 et
1197 2285 1433 2344 Joannes
1457 2287 1697 2356 Baptista
1723 2283 1893 2340 dicit:

313 2370 521 2430 Medius
575 2384 750 2430 autem
798 2385 1026 2432 oestrum
1071 2385 1211 2446 stat,
1263 2393 1417 2450 quem
1463 2392 1550 2432 vos
1601 2392 1703 2432 non
1751 2376 1896 2432 scitis

1997 656 2198 712 bitasse
2237 656 2580 728 cognoscitur
2613 655 2859 712 Christus
2902 674 2916 710 :
2957 655 3100 712 sicut
3141 653 3408 712 Jeremias
3449 671 3584 728 pro-

1998 747 2160 818 pheta
2190 745 2439 818 praedixit
2468 765 2482 800 :
2515 745 2642 800 Post
2685 747 2798 801 lucc
2841 747 2898 802 in
2937 745 3088 802 terris
3116 745 3254 801 uisus
3282 755 3360 802 est
3385 756 3436 802 et
3461 763 3586 802 cum

1999 839 2292 893 hominibus
2315 847 2642 894 conversatus
2668 847 2743 892 est
2775 837 2927 910 (Bar.
2949 835 3056 908 ιιι).
3085 837 3220 892 Nam
3249 837 3355 893 hoc
3377 837 3584 893 dictum

2001 929 2067 984 de
2094 929 2402 984 hominibus
2428 928 2624 998 saepius
2654 927 2976 983 invenimus.
3003 926 3156 984 Unde
3179 934 3234 982 et
3261 927 3329 983 ad
3358 925 3582 998 Moysen

2000 1019 2172 1074 dicit:
2207 1017 2468 1073 Constitui
2499 1028 2548 1073 te
2584 1017 2752 1072 Deum
2798 1017 3067 1072 Pharaoni
3105 1016 3304 1089 (Exod.
3344 1015 3476 1090 vn);
3527 1025 3586 1072 ct

2000 1109 2224 1166 inferius
2261 1108 2504 1181 psalmus
2544 1108 2662 1180 ipse
2700 1109 2944 1166 dicturus
2980 1117 3064 1163 est
3095 1125 3110 1163 :
3145 1107 3258 1178 Ego
3297 1107 3410 1163 dixi
3436 1125 3456 1163 :
3490 1107 3585 1162 Dii

1999 1200 2120 1254 estis
2145 1210 2192 1256 et
2219 1199 2321 1270 ﬁlii
2350 1197 2562 1255 Επεᾶὶ
2589 1216 2765 1255 omnes
2797 1197 2970 1270 (Psal.
3003 1197 3211 1268 unt).
3239 1199 3331 1254 Sic
3355 1199 3502 1254 enim
3527 1207 3586 1254 et

1999 1291 2139 1348 ﬁlios
2185 1291 2278 1348 Dei
2325 1291 2572 1346 homines
2610 1304 2884 1346 vocamus.
2932 1289 3083 1357 Quod
3132 1289 3177 1345 si
3217 1290 3284 1344 ad
3329 1297 3582 1344 naturam

1999 1381 2216 1438 deitatis
2255 1379 2482 1448 referas,
2523 1395 2692 1436 unum
2719 1389 2806 1436 est
2829 1377 3092 1444 Verbum,
3131 1379 3275 1450 quod
3313 1380 3587 1435 veraciter

2000 1486 2066 1527 ac
2097 1470 2314 1542 proprie
2355 1470 2434 1544 sic
2475 1471 2668 1525 debeat
2705 1469 3022 1540 nuncupari.
3055 1468 3295 1524 Dicimus
3335 1484 3588 1524 nonnun-

1999 1579 2160 1634 quam
2209 1563 2430 1620 abusive
2457 1564 2588 1620 deos
2631 1573 2688 1621 et
2716 1577 2941 1634 superas
2963 1571 3280 1634 potestates,
3323 1564 3465 1619 sicut
3507 1563 3588 1619 ait

1997 1656 2286 1729 Apostolus
2314 1675 2330 1713 :
2361 1653 2430 1711 Et
2457 1658 2503 1711 si
2541 1657 2668 1723 sint,
2708 1656 2800 1730 qui
2833 1657 3082 1711 dicantur
3115 1656 3214 1720 dii,
3241 1657 3348 1711 sive
3371 1657 3428 1710 in
3455 1655 3586 1710 casto

1998 1749 2102 1804 sive
2127 1751 2180 1803 in
2203 1757 2363 1804 terra.
2390 1747 2557 1803 Nobis
2579 1758 2753 1803 autem
2777 1765 2912 1804 unus
2932 1757 3008 1804 est
3031 1747 3173 1804 Deus
3193 1745 3360 1819 Pater
3380 1747 3433 1819 (1
3455 1745 3582 1802 Cor.

1998 1838 2140 1911 vm).
2171 1837 2464 1908 Sequitur:
2491 1837 2558 1893 In
2581 1838 2751 1892 medio
2770 1849 2946 1893 autem
2969 1837 3110 1892 Deus
3137 1838 3382 1893 discernit
3406 1835 3584 1910 (Psal.

2002 1930 2210 2002 Lxxxi),
2237 1930 2291 1985 id
2317 1938 2419 1994 est,
2453 1928 2723 2000 apostolos
2748 1935 2912 1997 atque
2937 1926 3133 1997 justos,
3161 1927 3254 1999 qui
3283 1927 3588 1998 maiestatis

1997 2019 2114 2090 ejus
2152 2018 2356 2075 monita
2384 2018 2650 2088 iidemque
2688 2017 2858 2074 secuti
2899 2027 3042 2073 sunt.
3089 2016 3412 2072 Discernere
3438 2015 3586 2072 enim

1999 2111 2062 2166 ad
2100 2109 2502 2180 pnescientiam
2543 2108 2798 2178 pertinet,
2837 2107 3277 2178 intellectumque
3317 2107 3582 2171 divinum,

1995 2199 2087 2271 qui
2118 2214 2216 2254 nos
2239 2199 2306 2254 de
2328 2212 2505 2254 massa
2531 2198 2740 2269 peccati
2763 2197 2926 2269 eripit
2949 2205 3005 2254 et
3033 2197 3102 2252 ad
3129 2196 3389 2253 malorum
3417 2210 3585 2266 regna

1996 2289 2262 2361 perducit.
2310 2287 2464 2345 Unde
2507 2296 2562 2345 et
2599 2287 2888 2364 Apostolus
2933 2286 3066 2344 dicit
3110 2303 3126 2342 :
3175 2284 3308 2354 Quis
3351 2286 3492 2342 enim
3536 2295 3590 2340 te

1996 2377 2286 2432 discernit?
2310 2375 2364 2450 (I
2389 2375 2514 2432 Cor.
2543 2376 2645 2450 Iv.)

1275 2685 1572 2767 LIBER
1671 2686 2062 2766 SEXTUS
2123 2687 2598 2766 DECIMUS.

1763 2867 2114 2886 ﬂ

736 3010 1036 3072 CAPUT
1090 3011 1478 3072 PRIMUM.

806 3103 884 3160 De
915 3104 1108 3176 linguis
1141 3105 1395 3175 gentium.

381 3195 707 3271 Linguarum
755 3195 1042 3252 diversitas
1081 3204 1270 3252 exorta
1314 3204 1397 3251 est
1437 3196 1493 3252 in
1539 3198 1891 3255 aediﬁcatione

312 3289 479 3346 turris
506 3296 626 3358 post
647 3286 926 3342 diluvium.
955 3283 1088 3341 Nam
1109 3287 1422 3356 priusquam
1448 3289 1696 3357 superbia
1726 3289 1893 3345 turris

311 3377 455 3436 illius
480 3379 534 3433 in
560 3378 805 3434 diversos
828 3377 1102 3448 signorum
1129 3391 1290 3433 sonos
1315 3378 1603 3432 humanam
1633 3377 1895 3434 divideret

310 3468 623 3524 societatem
642 3508 658 3532 ,
687 3481 794 3521 una
822 3466 1061 3524 omnium
1091 3465 1370 3521 nationum
1398 3466 1578 3538 lingua
1615 3465 1746 3534 fuit,
1774 3483 1894 3539 qua:

311 3557 537 3616 llehraea
567 3567 820 3624 vocatur,
866 3572 971 3629 qua
1016 3556 1340 3628 patriarcha:
1385 3565 1440 3612 et
1489 3559 1764 3629 prophetae
1811 3559 1892 3613 usi

309 3657 458 3714 sunt,
485 3664 592 3704 non
622 3647 797 3706 solum
828 3647 880 3702 in
907 3645 1246 3703 sermonibus
1274 3647 1404 3713 suis,
1432 3661 1620 3703 verum
1645 3647 1810 3702 etiam
1839 3646 1892 3701 in

309 3739 506 3794 litteris
531 3739 720 3794 sacris.
766 3737 925 3793 Initio
954 3746 1136 3794 autem
1167 3745 1297 3808 quot
1339 3747 1546 3810 gentes,
1576 3745 1658 3793 tot
1699 3738 1894 3810 linguze

309 3829 547 3886 fuerunt.
596 3831 798 3887 Deinde
825 3829 1008 3901 plures
1042 3839 1250 3902 gentes,
1290 3845 1453 3900 quam
1494 3829 1688 3900 linguae
1719 3846 1734 3882 :
1767 3828 1894 3899 quia

309 3935 377 3975 ex
421 3936 525 3975 una
565 3921 744 3993 lingua
789 3920 974 3976 multae
1019 3927 1146 3976 sunt
1187 3929 1373 3991 gentes
1410 3928 1632 3974 exortze.
1677 3917 1894 3988 Linguae.

309 4022 490 4066 autem
517 4013 672 4068 dictte
699 4013 750 4067 in
783 4014 886 4068 hoc
913 4012 1032 4066 loco
1058 4025 1156 4081 pro
1182 4009 1379 4076 verbis,
1399 4025 1518 4081 quae
1541 4025 1639 4080 per
1661 4009 1892 4080 linguam

312 4103 464 4168 fiunt,
495 4118 690 4174 genere
713 4102 998 4159 locutionis
1028 4102 1136 4166 illo,
1168 4117 1274 4172 quo
1299 4101 1364 4167 is,
1393 4101 1486 4171 qui
1513 4099 1675 4156 etlicit
1698 4116 1794 4171 per
1819 4101 1891 4167 id,

311 4194 452 4262 quod
481 4193 730 4258 efficitur,
760 4193 1088 4258 nominatur,
1117 4193 1258 4248 sicut
1277 4208 1339 4247 os
1358 4191 1465 4246 dici
1495 4191 1631 4246 solet
1657 4207 1754 4262 pro
1778 4206 1895 4246 ver-

309 4282 415 4346 bis,
447 4282 585 4338 sicut
612 4298 804 4340 manus
828 4297 926 4352 pro
953 4282 1164 4337 litteris.
1189 4281 1322 4337 Tres
1349 4288 1472 4336 sunt
1495 4289 1674 4336 autem
1701 4279 1896 4352 linguze

310 4386 480 4427 sacrae
519 4391 532 4426 :
575 4371 832 4437 Hebraea,
877 4371 1085 4438 Graeca,
1135 4371 1321 4426 Latina
1373 4390 1386 4426 :
1433 4387 1554 4442 quae
1608 4380 1717 4426 toto
1763 4371 1895 4425 orbe

2003 3011 2378 3070 observatione
2407 3009 2610 3067 Graecae
2653 3009 2852 3080 linguae
2881 3006 3146 3078 eiusmodi
3190 3017 3344 3064 certa
3384 3007 3586 3065 discri-

1919 3124 1964 3187 C
1996 3105 2160 3160 mina.
2210 3102 2403 3158 Sermo
2449 3101 2594 3157 enim
2635 3116 2824 3156 eorum
2858 3101 2932 3154 ita
2980 3108 3066 3155 est
3099 3099 3436 3170 dispertitus.
3479 3099 3592 3154 La-

1996 3199 2136 3253 tinas
2165 3205 2346 3252 autem
2392 3195 2603 3266 linguas
2636 3200 2870 3264 quatuor
2894 3204 3012 3247 esse
3041 3191 3258 3260 quidam
3307 3189 3588 3255 dixerunt,

1994 3289 2046 3344 id
2073 3295 2174 3352 est,
2197 3287 2452 3358 priscam,
2481 3285 2746 3348 Latinam,
2775 3281 3100 3346 Romanam,
3125 3280 3362 3335 mistam.
3397 3279 3590 3334 Prisca

1993 3387 2096 3444 est,
2123 3394 2228 3447 qua
2258 3375 2610 3433 vetustissimi
2639 3373 2803 3429 Italiae
2831 3373 2930 3428 sub
2949 3369 3086 3426 Jano
3111 3378 3166 3426 et
3192 3370 3431 3426 Saturno
3457 3379 3593 3426 sunt

1992 3469 2074 3524 usi
2094 3509 2109 3535 ,
2153 3469 2449 3532 incondita,
2477 3474 2538 3520 ut
2570 3481 2630 3520 se
2655 3465 2856 3520 habent
2881 3463 3123 3519 carmina
3153 3461 3448 3517 Saliorum.
3482 3459 3591 3518 La-

1977 3543 2126 3626 tina,
2173 3574 2337 3628 quam
2385 3559 2486 3614 sub
2523 3556 2660 3612 Jano
2693 3563 2748 3610 et
2791 3555 3006 3626 regibus
3049 3553 3276 3617 Tusciae,
3319 3554 3501 3608 czeteri
3529 3554 3586 3608 in

1993 3652 2146 3708 Latio
2175 3661 2302 3708 sunt
2344 3651 2528 3716 locuti,
2557 3666 2626 3706 ex
2655 3663 2760 3721 qua
2801 3647 3020 3702 fuerunt
3061 3644 3347 3701 duodecim
3389 3644 3588 3700 tabula:

1993 3743 2228 3814 scripula.
2265 3742 2528 3808 Romana,
2567 3755 2687 3810 qua:
2717 3746 2840 3810 post
2878 3753 3032 3808 reges
3062 3745 3284 3792 exactos
3315 3751 3346 3791 a
3377 3735 3582 3806 populo

1994 3833 2236 3889 Romano
2263 3844 2410 3905 gesta
2437 3841 2537 3894 est,
2569 3846 2732 3902 quam
2767 3828 3000 3894 Ncevius,
3028 3827 3273 3892 Plautus,
3301 3827 3581 3898 Virgilius,

1992 3933 2183 3996 poetae,
2215 3933 2270 3979 et
2295 3938 2362 3978 ex
2406 3924 2716 3979 oratoribus
2745 3923 3024 3978 Gracchus
3058 3931 3112 3977 et
3135 3921 3270 3978 Cato
3301 3929 3357 3976 et
3387 3920 3585 3976 Cicero

1993 4017 2076 4071 vel
2119 4017 2302 4072 cznteri
2349 4014 2671 4071 ell'uderunt.
2726 4013 2902 4076 Mista,
2949 4028 3069 4084 qum
3119 4019 3243 4082 post
3292 4011 3584 4082 imperium

1987 4111 2154 4166 elatius
2200 4115 2504 4179 promotum
2544 4105 2702 4161 simul
2741 4120 2863 4160 cum
2894 4104 3136 4159 moribus
3163 4111 3217 4158 et
3265 4102 3586 4158 hominibus

1996 4201 2049 4256 in
2097 4201 2394 4255 Romanam
2436 4197 2710 4253 civitatem
2756 4195 2970 4265 irrupit,
3014 4193 3378 4265 integritatem
3428 4193 3585 4248 verbi

1992 4307 2091 4360 per
2133 4289 2470 4346 soloecismos
2499 4296 2554 4342 et
2581 4286 2948 4342 barbarismos
2975 4299 3346 4354 corrumpens.
3375 4284 3585 4340 Omnes

1995 4389 2175 4436 autem
2205 4380 2442 4435 Orientis
2471 4385 2656 4448 gentes
2704 4377 2754 4430 in
2791 4383 3006 4446 gutture
3039 4374 3276 4444 linguam
3315 4382 3370 4428 et
3413 4375 3581 4429 verba

311 4461 548 4516 maxime
586 4461 873 4516 excellunt.
933 4460 1028 4516 His
1083 4463 1226 4516 enim
1278 4461 1448 4517 tribus
1496 4461 1692 4530 linguis
1732 4476 1894 4530 super
1920 4470 2290 4534 υροιιίαιιηι,
2340 4471 2482 4526 sicut
2527 4466 2736 4524 [lebmi
2783 4475 2838 4522 οι
2886 4465 3030 4536 syri,
3071 4467 3273 4521 Omnes
3320 4465 3580 4521 mediter-

312 4567 530 4606 crucem
590 4553 800 4607 Domini
849 4568 880 4606 a
933 4553 1104 4607 Pilato
1148 4568 1310 4608 causa
1357 4551 1474 4620 ejus
1525 4550 1624 4608 fuit
1668 4553 1888 4623 scripta.

315 4641 468 4698 Unde
495 4650 569 4704 et,
601 4651 821 4712 propter
847 4643 1229 4696 obscuritatem
1259 4653 1568 4696 sanctarum
1589 4639 1894 4710 Scriptura-

313 4748 452 4797 rum,
504 4733 691 4786 harum
738 4733 902 4786 trium
953 4733 1252 4802 linguarum
1303 4733 1538 4804 cognitio
1587 4733 1891 4788 necessaria

311 4835 425 4891 est,
465 4833 521 4880 ut
567 4825 634 4880 ad
673 4825 896 4880 alteram
945 4833 1277 4889 recurratur,
1321 4826 1366 4881 si
1405 4827 1635 4896 aliquam
1683 4825 1892 4882 dubita-

311 4917 510 4973 tionem
565 4915 796 4970 nominis
854 4915 936 4969 vel
994 4915 1451 4984 interpretationis
1503 4929 1681 4970 sermo
1735 4916 1890 4971 unius

307 5009 503 5080 lingua:
551 5005 810 5062 attulerit.
865 5005 1052 5061 Graeca
1093 5013 1272 5059 autem
1320 5004 1498 5075 lingua
1547 5005 1688 5058 inter
1731 5012 1890 5059 catte-

306 5114 398 5154 ras
442 5099 680 5171 gentium
726 5097 925 5152 clarior
973 5097 1217 5151 habetur.
1268 5095 1365 5152 Est
1418 5095 1560 5150 enim
1603 5103 1657 5150 et
1683 5093 1889 5151 Latinis

305 5202 363 5248 et
419 5193 668 5248 omnibus
715 5191 916 5261 linguis
966 5188 1262 5246 sonantior.
1325 5186 1488 5260 Cujus
1539 5187 1775 5242 varietas
1835 5188 1886 5241 in

306 5287 541 5358 quinque
567 5287 812 5360 partibus
855 5283 1203 5349 discernitur,
1229 5298 1458 5353 quarum
1490 5283 1663 5353 prima
1691 5281 1890 5336 dicitur

305 5377 496 5444 cuine,
539 5379 590 5434 id
642 5386 748 5444 est,
796 5379 955 5434 mista
1005 5378 1118 5436 sive
1163 5375 1486 5438 communis,
1537 5389 1643 5446 qua
1695 5389 1886 5430 omnes

305 5479 547 5525 utuntur.
581 5469 829 5526 Secunda
861 5471 1057 5536 Attica,
1100 5471 1351 5526 videlicet
1378 5469 1744 5534 Atheniensis,
1776 5484 1884 5540 qua

307 5559 390 5613 usi
449 5570 577 5616 sunt
619 5577 812 5616 omnes
859 5561 1084 5618 Graecia:
1128 5568 1398 5617 auctores.
1445 5559 1627 5614 Tertia
1669 5559 1880 5624 Dorica,

305 5665 466 5719 quam
525 5653 727 5706 habent
774 5651 1012 5724 Egyptii
1077 5662 1136 5706 e.t
1173 5653 1362 5707 Siculi.
1425 5651 1628 5718 Quarta
1678 5650 1879 5706 Ionica.

307 5736 505 5804 Quinta
532 5740 766 5809 .‘Eolica,
805 5759 912 5815 qua
948 5754 1072 5800 sunt
1116 5743 1300 5799 Aioles
1322 5741 1518 5809 locuti,
1551 5753 1604 5797 et
1651 5751 1775 5797 sunt
1829 5743 1881 5796 in

1996 4577 2170 4619 ranere
2199 4572 2385 4634 gentes
2409 4563 2460 4615 in
2485 4561 2663 4631 palato
2689 4573 2969 4614 sermones
2991 4556 3210 4622 feriunt,
3235 4556 3374 4612 sicut
3399 4556 3580 4612 (ἰτωοί

1992 4663 2046 4708 et
2091 4651 2294 4707 Asiani.
2337 4651 2537 4706 Omnes
2579 4648 2886 4706 Occidentis
2929 4656 3113 4718 gentes
3151 4646 3312 4702 verba
3361 4647 3416 4701 in
3446 4648 3585 4702 den-

1993 4745 2137 4799 tibus
2169 4742 2438 4812 frangunt,
2469 4742 2608 4797 sicut
2641 4739 2757 4794 ltali
2783 4747 2840 4794 et
2865 4737 3108 4807 Hispani.
3145 4735 3316 4807 Syrus
3339 4744 3398 4791 et
3417 4735 3582 4792 Chal-

1992 4835 2138 4890 dmus
2182 4835 2392 4888 vicinus
2424 4831 2650 4888 Hebraeo
2679 4837 2762 4885 est
2790 4830 2843 4884 in
2873 4834 3143 4892 sermone,
3175 4841 3480 4882 consonans
3521 4827 3576 4881 in

1987 4925 2281 4996 plerisque,
2323 4932 2376 4978 et
2419 4923 2720 4976 litterarum
2751 4933 2904 4974 sono.
2933 4917 3162 4985 Quidam
3210 4925 3394 4972 autem
3430 4915 3577 4972 arbi-

1989 5023 2200 5068 trantur
2239 5015 2476 5082 linguam
2518 5011 2798 5066 llehricam
2844 5009 3016 5077 ipsam
3049 5021 3171 5062 esse
3205 5005 3528 5063 Chaldaicam
3555 5047 3572 5070 ,

1987 5103 2111 5174 quia
2127 5103 2399 5157 Abraham
2425 5102 2494 5155 de
2519 5099 2784 5155 Chaldaeis
2805 5099 2924 5152 fuit.
2941 5096 3093 5164 Quod
3109 5097 3152 5151 si
3169 5097 3270 5151 hoc
3289 5097 3570 5167 recipitur,

1985 5193 2254 5264 quomodo
2298 5192 2350 5246 in
2398 5190 2617 5244 Daniele
2653 5187 2862 5244 Hebraei
2903 5187 3054 5257 pueri
3099 5185 3363 5254 linguam,
3407 5200 3570 5255 quam

1986 5288 2270 5344 noverant,
2308 5280 2490 5336 doceri
2531 5278 2823 5349 jubentur?
2851 5273 3079 5330 Omnem
3109 5282 3288 5328 autem
3331 5273 3574 5344 linguam

1984 5373 2354 5443 unusquisque
2397 5371 2693 5435 hominum,
2731 5371 2846 5425 sive
2873 5369 3139 5432 Griecam,
3165 5367 3278 5422 sive
3299 5365 3570 5429 Latinam,

1984 5465 2099 5520 sive
2136 5473 2454 5520 ceterarum
2503 5462 2772 5532 gentium,
2823 5469 2918 5515 aut
2950 5461 3218 5515 audiendo
3256 5465 3436 5527 potest
3480 5466 3568 5512 te-

1983 5572 2138 5623 nere,
2164 5567 2256 5612 aut
2297 5554 2525 5626 legendo
2550 5569 2615 5607 ex
2645 5560 2978 5622 praeceptore
3004 5550 3270 5618 accipere.
3305 5547 3441 5602 Cum
3473 5561 3570 5601 au-

1985 5659 2092 5704 tem
2136 5648 2375 5703 omnium
2419 5646 2725 5716 linguarum
2781 5642 3009 5699 scientia
3052 5639 3282 5697 difﬁcilis
3327 5637 3400 5694 sit
3447 5635 3568 5693 cui-

1983 5755 2178 5812 quam,
2221 5753 2378 5794 nemo
2425 5746 2605 5792 tamen
2639 5735 2716 5788 ita
2757 5732 3058 5789 desidiosus
3105 5737 3220 5795 est,
3262 5736 3323 5783 ut
3366 5727 3422 5782 in
3469 5739 3572 5781 sua
