3974 6188
326 309 430 367 ιὸτ
1285 307 1370 366 DE
1409 307 1754 384 UNIVEIISO
1791 307 1971 364 LIBRI
2011 305 2174 362 XXII.
2214 335 2286 348 -
2319 303 2446 360 LIB.
2491 303 2629 360 XVI.
3486 301 3591 374 £53

326 429 488 493 gente
535 421 776 492 positus,
821 435 934 476 suae
981 419 1156 492 gentis
1203 419 1442 491 linguam
1498 424 1725 479 nesciat.
1771 421 1906 477 Nam
1936 422 1984 482 Α
2013 433 2156 475 nunc
2207 426 2464 488 corrupto
2511 417 2730 472 nomine
2773 415 3103 481 Sarraceni,
3136 415 3300 487 quasi.
3337 431 3369 470 a
3401 414 3590 472 Sarra.

325 510 458 581 quid
485 509 636 564 aliud
662 509 934 580 putandus
966 516 1070 574 est,
1099 509 1206 564 nisi
1245 511 1568 568 animalibus
1611 513 1786 568 brutis
1819 513 1912 568 de-
2009 518 2066 564 et
2091 509 2323 580 Agareni
2367 509 2438 563 ab
2483 505 2648 578 Agar.
2694 504 2961 562 Nabaioth
3008 504 3149 560 lilius
3185 504 3395 570 Ismael,
3421 521 3452 560 a
3482 520 3593 576 quo

245 635 256 642 -
326 601 531 656 terior?
558 600 650 655 illa
673 600 820 656 enim
840 600 1072 672 propriae
1083 603 1229 658 vocis
1253 603 1544 659 clamorem
1568 605 1906 676 exprimunt:
2009 599 2286 655 Nabathari
2305 639 2321 663 ,
2343 598 2435 669 qui
2462 599 2528 652 ab
2551 597 2822 667 Euphrate
2844 596 2898 650 in
2933 609 3084 651 mare
3117 595 3356 650 Rubrum
3382 595 3594 654 inhabi-

325 689 428 744 iste
461 688 722 754 deterior,
760 689 853 760 qui
896 690 1124 760 propriae
1151 699 1298 748 caret
1332 693 1526 765 linguae
1552 695 1762 749 notitia.
1804 693 1911 750 Cu—
2009 697 2144 746 tant.
2181 688 2336 744 Moab
2353 687 2661 744 etAmmon
2685 685 2778 741 lilii
2809 685 2967 751 Loth,
2997 685 3253 755 aquibus.
3271 685 3514 742 neabita:
3541 693 3597 742 et

319 777 556 851 jusmocﬁ
585 786 768 832 autem
810 777 992 849 lingua
1031 777 1240 836 locutus
1283 782 1353 836 sit
1385 782 1524 837 Deus
1554 782 1611 836 in
1641 781 1909 854 principio
2006 779 2349 836 Ammonitae.
2396 779 2564 834 Edom
2617 777 2759 832 lilius
2807 776 2974 842 Esau,
3023 792 3052 832 a
3086 791 3200 847 quo
3220 775 3460 831 Idumaei.
3499 777 3592 832 [lar

325 867 544 932 mundi,
589 866 718 922 dum
761 867 963 923 diceret
1004 885 1018 922 :
1063 867 1188 923 Fiat
1229 869 1322 924 lux
1368 869 1629 944 (Hemi);
1671 872 1912 929 invenire

324 955 540 1011 diﬁicile
583 964 703 1020 est,
735 955 970 1011 nondum
1015 956 1160 1012 enim
1201 966 1359 1012 erant
1401 959 1615 1026 linguae.
1641 961 1776 1015 Item
1802 975 1908 1031 qua

325 1046 508 1117 lingua
540 1046 784 1102 insonuit
811 1055 994 1117 postea
1031 1047 1394 1104 exterioribus
1439 1049 1717 1104 hominum
1759 1049 1909 1104 auri-

329 1140 458 1205 bus,
503 1139 744 1194 maxime
768 1139 836 1192 ad
869 1138 1102 1208 primum
1131 1138 1404 1194 hominem
1449 1139 1694 1209 loquens,
1725 1140 1810 1194 vel
1839 1140 1908 1194 ad

327 1231 646 1303 prophetas,
673 1230 760 1286 vel
789 1229 918 1284 dum
951 1229 1305 1299 corporaliter
1330 1230 1513 1286 sonuit
1545 1245 1646 1286 vox
1677 1229 1908 1286 dicentis

328 1325 459 1382 Dei:
502 1325 585 1380 Tu
615 1341 670 1379 cs
712 1323 855 1394 ﬁlius
895 1339 1040 1378 meus
1088 1322 1348 1389 dilectus;
1378 1325 1468 1380 ubi
1511 1339 1542 1378 a
1584 1325 1906 1394 quibusdam

327 1415 561 1472 creditur
581 1414 667 1470 illa
686 1415 864 1483 lingua
885 1431 990 1469 una
1012 1422 1067 1470 et
1090 1415 1222 1476 sola,
1245 1430 1364 1486 quae
1388 1414 1486 1470 fuit
1509 1424 1800 1488 antequam
1820 1431 1910 1472 es-

329 1517 407 1566 set
429 1509 738 1580 linguarum
761 1507 1065 1563 diversitas.
1089 1505 1149 1562 In
1177 1505 1406 1563 diversis
1435 1508 1630 1580 quippe
1658 1507 1910 1580 gentibus

329 1599 587 1664 creditur,
609 1597 753 1668 quod
780 1597 968 1653 eadem
995 1596 1178 1667 lingua
1200 1597 1306 1652 illis
1341 1597 1481 1653 Deus
1507 1597 1774 1669 loquatur,
1801 1614 1906 1669 qua

330 1689 426 1760 ipsi
456 1689 708 1744 homines
743 1697 988 1752 utuntur,
1019 1697 1080 1743 ut
1121 1689 1189 1744 ab
1226 1691 1307 1745 eis
1340 1689 1709 1762 intelligatur:
1738 1689 1909 1761 loqui-

2008 877 2213 940 gentes,
2247 884 2367 939 quae
2394 869 2462 923 de
2509 866 2636 923 Sem
2675 867 2866 937 stirpe.
2909 866 3146 938 Agareni
3187 867 3255 921 ab
3292 866 3459 936 Agar,
3501 868 3594 937 qui

2009 961 2093 1034 (ut
2130 961 2385 1031 diximus)
2425 975 2682 1031 perverso
2731 959 2947 1015 nomine
2976 957 3262 1014 Sarraceni
3311 965 3594 1022 vocantur,

2009 1053 2132 1126 quia
2180 1069 2247 1108 ex
2309 1050 2473 1108 Sarra
2520 1067 2578 1108 se
2634 1051 2845 1121 genitos
2913 1050 3233 1122 gloriantur.
3277 1047 3594 1112 Ismaelitan,

2009 1145 2298 1200 obedientes
2317 1143 2436 1206 sibi,
2462 1144 2910 1214 interpretantur,
2935 1141 2985 1196 id
3013 1149 3096 1196 est
3122 1149 3456 1210 peccatores,
3499 1139 3591 1208 qui

2009 1235 2152 1305 quod
2197 1234 2587 1305 concupiscunt
2642 1233 2868 1293 faciunt.
2921 1231 3074 1288 Unde
3112 1231 3306 1302 legitur
3350 1230 3400 1284 in
3448 1229 3595 1296 psal-

2008 1341 2138 1382 mo:
2181 1325 2541 1382 Tabernacula
2597 1325 2954 1379 ldurmeormn
2987 1335 3034 1379 et
3083 1321 3366 1378 lsnnclitre
3409 1321 3590 1394 (I’sat.

2008 1417 2240 1488 Lxxxu).

2078 1509 2324 1580 Agareni;
2349 1509 2776 1578 interpretantur
2820 1504 3088 1578 proselgti,
3119 1505 3221 1560 hoc
3255 1514 3359 1571 est,
3403 1521 3596 1576 pecca-

2009 1606 2154 1656 tores
2183 1614 2212 1653 a
2241 1607 2508 1653 conventu
2538 1596 2792 1653 Ecclesiae
2817 1595 2996 1651 alieni.
3030 1593 3179 1651 Unde
3213 1595 3476 1666 scriptum
3513 1609 3596 1654 est

1985 1689 2066 1744 in
2108 1689 2314 1760 psalmo
2359 1707 2372 1742 :
2423 1687 2582 1742 Moab
2629 1697 2678 1742 et
2727 1687 2976 1758 Agareni,
3030 1684 3194 1742 chal
3237 1696 3285 1742 et
3334 1687 3592 1753 Ammon,

331 1790 414 1834 tur
435 1787 623 1834 autem
651 1779 792 1834 Deus
821 1778 1129 1834 hominibus
1163 1795 1268 1834 non
1297 1794 1395 1848 per
1433 1779 1791 1834 substantiam
1820 1780 1906 1834 in-
1937 1789 1984 1848 Β
2011 1777 2254 1833 Amalech
2273 1776 2640 1846 etalienigeme
2659 1793 2776 1830 cum
2798 1775 3150 1830 habitantibus
3164 1774 3362 1846 Tyrum
3382 1773 3571 1848 (lbid.)

331 1871 616 1936 iisihilem,
651 1870 744 1926 sed
769 1884 866 1940 per
890 1878 1194 1926 creaturam
1223 1871 1582 1940 corporalem,
1621 1886 1720 1940 per
1748 1886 1909 1940 quam

330 1961 470 2014 enim
521 1957 734 2030 [etiam]
775 1967 831 2013 et
861 1958 1168 2014 hominibus
1213 1973 1478 2030 apparere
1503 1961 1910 2032 volnitquando

331 2050 540 2106 locutus
575 2057 676 2104 est.
711 2048 851 2104 Dicit
877 2048 1022 2105 enim
1058 2047 1385 2118 Apostolus:
1416 2049 1476 2106 Si
1505 2049 1698 2121 linguis
1742 2051 1912 2105 homi-

332 2157 450 2194 num
474 2139 665 2211 loquar
690 2149 738 2194 et
769 2137 1071 2209 angelorum
1093 2137 1144 2209 (1
1173 2137 1294 2193 Cor.
1342 2138 1499 2209 xui);
1529 2139 1620 2195 ubi
1649 2138 1912 2208 quaeritur

333 2247 435 2300 qua
474 2231 654 2302 lingua
698 2229 874 2300 angeli
906 2229 1214 2300 loquantur.
1259 2231 1374 2286 Non
1422 2231 1566 2301 quod
1596 2231 1908 2302 angelorum

333 2323 524 2394 aliquae
551 2323 747 2392 linguae
769 2323 902 2388 sint,
932 2324 1025 2378 sed
1057 2336 1154 2394 per
1178 2323 1656 2394 exaggerationem
1689 2323 1908 2380 dicitur.

334 2415 460 2469 Item
495 2413 756 2481 quaeritur
811 2429 917 2484 qua
960 2412 1138 2484 lingua
1177 2415 1232 2467 in
1279 2414 1517 2468 futurum
1547 2415 1793 2470 homines
1838 2415 1913 2470 lo-

332 2513 584 2574 quantur,
612 2505 754 2574 quod
800 2518 1064 2574 nusquam
1097 2504 1382 2574 reperitur.
1418 2503 1553 2558 Nam
1591 2503 1722 2559 dicit
1763 2504 1904 2575 Apo-

333 2594 544 2650 stolus:
589 2594 712 2650 Sive
759 2594 954 2665 lingua:
992 2595 1262 2648 cessabunt
1303 2593 1513 2667 (Ibid).
1563 2595 1687 2650 Ideo
1728 2604 1909 2651 autem

338 2687 481 2755 prius
512 2686 580 2742 de
619 2685 838 2755 linguis,
871 2700 938 2741 ac
979 2687 1171 2742 deinde
1212 2687 1278 2742 de
1321 2688 1568 2757 gentibus
1609 2691 1908 2758 posuimus,

339 2777 462 2845 quia
477 2793 544 2830 ex
565 2776 762 2848 linguis
784 2784 990 2848 gentes,
1013 2792 1118 2833 non
1141 2793 1206 2834 ex
1229 2778 1476 2848 gentibus
1497 2777 1689 2850 linguae
1711 2787 1912 2837 exortae

965 2959 1192 3018 CAPUT
1230 2960 1292 3016 II.

799 3047 874 3104 De
909 3049 1138 3120 gentium
1176 3048 1456 3104 vocabulis.

2011 1870 2202 1936 Edom,
2233 1883 2264 1922 a
2289 1883 2398 1939 quo
2426 1867 2664 1934 Idumaei,
2696 1865 2904 1932 rubens,
2933 1865 3052 1922 sive
3078 1865 3396 1936 sanguineus
3426 1865 3594 1920 inter-

2011 1969 2290 2030 pretatur:
2331 1957 2600 2028 signiﬁcat
2641 1956 2894 2028 populum
2937 1955 3245 2012 Iudaeorum
3291 1955 3362 2012 ob
3405 1971 3592 2012 necem

2010 2049 2211 2104 Christi
2253 2056 2308 2104 et
2352 2047 2736 2118 prophetarum
2795 2045 3262 2118 sanguinolentum
3298 2064 3310 2099 :
3349 2046 3492 2100 unde
3540 2045 3592 2100 in

2009 2138 2182 2194 Abdia
2221 2139 2482 2208 scriptum
2511 2145 2596 2192 est
2641 2134 2792 2190 :Hoc
2821 2135 2944 2190 dicit
2990 2136 3246 2190 Dominus
3273 2135 3342 2190 ad
3377 2135 3548 2190 Edam
3578 2149 3594 2188 :

2013 2229 2147 2284 Ecce
2171 2227 2444 2300 parvulum
2473 2227 2596 2281 dedi
2624 2238 2674 2281 te
2713 2227 2768 2280 in
2802 2225 3056 2297 gentibus,
3103 2225 3503 2298 contemptibilis
3537 2237 3592 2279 tu

2010 2339 2062 2377 es
2104 2321 2254 2378 valde
2290 2336 2308 2374 :
2350 2320 2592 2392 superbia
2644 2319 2816 2373 cordis
2866 2319 2944 2372 tui
3005 2317 3218 2374 exslulit
3271 2328 3322 2374 te
3383 2318 3590 2389 (Abd.,

2012 2429 2060 2467 υ.
2087 2411 2162 2484 9.).
2193 2413 2442 2477 Idumaei,
2485 2411 2760 2482 sanguinei
2803 2410 2918 2466 sive
2959 2420 3100 2464 terra
3140 2409 3589 2480 interpretantur,

2012 2504 2063 2558 ial
2107 2511 2190 2559 est
2225 2503 2496 2558 daemones
2541 2503 2657 2558 sive
2697 2510 3033 2571 peccatores,
3076 2511 3134 2556 ut
3173 2502 3226 2556 in
3280 2501 3486 2572 psalmo
3517 2502 3591 2556 lc-

2010 2595 2197 2666 gitur:
2245 2594 2570 2660 Memorare,
2609 2593 2861 2658 Domine,
2895 2593 3132 2661 ﬁliorum
3189 2592 3359 2646 Edam
3408 2593 3462 2646 in
3510 2594 3595 2647 die

2009 2684 2335 2748 Jerusalem,
2371 2685 2462 2756 qui
2503 2684 2684 2739 dicunt
2725 2698 2744 2736 :
2787 2683 3090 2748 Exinanite,
3129 2685 3392 2739 exinanita
3433 2687 3596 2756 usque

2011 2773 2082 2828 ad
2131 2774 2529 2844 fundamentum
2576 2777 2632 2830 in
2673 2792 2734 2829 ea
2785 2775 2956 2848 (Psal.
2996 2775 3249 2846 cxxxvt).
3293 2775 3424 2830 Item
3455 2775 3596 2830 ἰδυ-

2015 2881 2182 2920 tinens
2225 2865 2450 2935 populus
2475 2874 2559 2920 est
2605 2865 2842 2936 gentium
2881 2883 2893 2920 :
2925 2865 3065 2921 unde
3095 2865 3148 2919 in
3181 2865 3596 2920 Deuterouomiu

2011 2957 2270 3028 scriptum
2309 2968 2394 3012 est
2429 2974 2444 3012 :
2498 2956 2620 3012 Non
2672 2957 3050 3012 abominaveris
3099 2957 3430 3022 Idunncum,
3469 2959 3595 3028 quia

2012 3049 2178 3119 frater
2197 3058 2317 3104 tuus
2342 3059 2450 3114 est;
2489 3065 2582 3102 nec
2611 3048 2920 3118 Egyptum,
2960 3049 3085 3119 quia
3125 3048 3324 3102 advena
3353 3048 3501 3118 {nisti
3539 3049 3594 3102 in

401 3135 547 3191 Gens
569 3143 654 3192 est
691 3136 975 3194 multitudo
997 3138 1065 3193 ab
1093 3153 1200 3194 uno
1247 3139 1508 3211 principio
1533 3150 1670 3206 orta,
1699 3137 1822 3196 sive
1841 3142 1908 3198 ab
1935 3131 1982 3193 C
2012 3149 2152 3194 terra
2183 3141 2297 3210 ejus
2323 3159 2342 3195 :
2373 3141 2460 3212 qui
2491 3141 2603 3194 nati
2643 3140 2838 3209 fuerint
2865 3156 2929 3193 ea:
2963 3141 3057 3202 eis,
3089 3141 3240 3193 tertia
3262 3141 3594 3210 generatione

334 3226 437 3281 alia
484 3227 704 3282 natione
751 3229 1046 3285 secundum
1089 3232 1361 3302 propriam
1404 3231 1908 3288 collcceionemdis-

337 3317 538 3382 tincta,
581 3328 642 3372 ut
681 3317 925 3386 (it-amis,
968 3319 1096 3376 Asia
1147 3335 1162 3375 :
1203 3321 1327 3376 hinc
1369 3321 1642 3390 gentilitas
1690 3323 1904 3377 dicitur.

334 3405 476 3462 Gens
509 3416 694 3464 autem
720 3409 984 3481 appellata
1021 3420 1238 3480 propter
1281 3412 1654 3482 generationes
1683 3412 1908 3468 familia-

337 3513 486 3564 rum,
528 3497 582 3554 id
627 3507 731 3566 est,
765 3515 796 3554 a
837 3501 1122 3572 gignendo,
1171 3501 1310 3556 sicut
1357 3503 1502 3558 natio
1543 3517 1576 3557 a
1617 3505 1905 3559 nascendo.

336 3585 550 3654 Gentes,
569 3605 600 3644 a
630 3589 826 3659 quibus
849 3590 1017 3646 divisa
1037 3599 1120 3646 est
1155 3600 1320 3659 terra,
1355 3608 1522 3648 LXXIII
1557 3610 1570 3646 :
1601 3593 1908 3663 quindecim

337 3691 458 3736 sunt
494 3683 562 3738 de
587 3680 805 3754 Japhet,
847 3699 974 3740 xm
1020 3683 1087 3739 de
1111 3682 1298 3749 Cham,
1336 3701 1483 3740 xxvu
1509 3686 1574 3741 de
1606 3684 1753 3751 Sent,
1791 3701 1911 3756 quo:

338 3773 469 3828 liunt
531 3791 734 3841 tum,
783 3775 865 3831 vel
913 3777 1124 3847 potius,
1175 3784 1236 3832 ut
1287 3777 1424 3834 ratio
1473 3777 1740 3844 declarat,
1807 3795 1910 3834 Lxx

338 3865 474 3930 duae,
505 3865 834 3938 totidemque
875 3867 1070 3938 linguae
1106 3883 1204 3938 per
1245 3876 1416 3924 terras
1449 3883 1569 3924 esse
1607 3879 1906 3940 cocpcrunt,

339 3971 454 4025 quae
492 3959 786 4014 crescendo
821 3961 1130 4030 provincias
1167 3969 1224 4016 et
1276 3960 1482 4016 insulas
1534 3961 1906 4030 impleverunt.

407 4047 523 4104 Filii
572 4048 704 4106 Scm
752 4052 989 4122 quinque
1041 4052 1388 4122 singulariter
1437 4063 1626 4124 gentes
1672 4055 1913 4124 singulas

340 4149 772 4206 procreaverunt.
809 4142 1047 4210 Quorum
1093 4144 1300 4214 primus
1343 4145 1522 4208 Elam,
1567 4161 1596 4200 a
1639 4162 1746 4216 quo
1787 4146 1906 4201 Ela—

342 4228 481 4284 initae
514 4229 784 4302 principes
808 4231 1064 4288 Persidis.
1096 4232 1375 4288 Secundus
1397 4233 1588 4301 Assur,
1627 4251 1656 4288 a
1685 4251 1792 4304 quo
1819 4234 1914 4289 As-

342 4307 600 4388 syriorum
643 4321 927 4391 pullulavit
958 4323 1260 4393 imperium.
1288 4321 1504 4377 Tertius
1530 4323 1839 4392 Arphavat,
1882 4339 1913 4377 a

342 4422 444 4476 quo
477 4423 608 4478 gens
655 4410 788 4465 Chal
811 4412 1028 4466 ‘teorum
1075 4421 1266 4468 exorta
1299 4420 1400 4466 est.
1447 4410 1681 4478 Quartus
1709 4409 1851 4473 Llltl,
1883 4427 1911 4466 a

2010 3231 2278 3284 intrabunt
2331 3230 2614 3286 Ecclesium
2659 3231 2872 3285 Domini
2912 3229 3090 3302 (Deut.
3135 3231 3324 3302 15x1"),
3372 3231 3424 3284 id
3473 3239 3592 3292 est,

2009 3335 2108 3390 per
2159 3319 2318 3374 Iidem
2367 3309 2650 3375 Trinitatis
2712 3328 2769 3373 et
2815 3317 3089 3374 lavacrum
3143 3319 3586 3388 regenerationis.

2081 3409 2222 3474 Scir,
2261 3410 2351 3478 qtti
2394 3409 2630 3479 hispidus
2657 3409 2742 3464 vel
2769 3411 3001 3464 hirsutas
3041 3409 3451 3480 interpretatur,
3495 3423 3591 3478 pn-
3659 3460 3661 3463 .

2009 3501 2192 3571 pulum
2221 3499 2526 3555 Iudaeorum
2553 3501 2841 3570 signiﬁcat.
2873 3501 3026 3587 Ullil?
3074 3501 3126 3554 in
3158 3501 3370 3555 cantico
3403 3501 3595 3554 Deutc-

2010 3590 2242 3644 ronomii
2277 3589 2505 3660 legitur:
2545 3590 2798 3645 Dominus
2827 3592 2892 3646 de
2920 3591 3052 3648 Sina
3091 3593 3275 3656 veniet,
3305 3603 3351 3646 et
3379 3593 3442 3647 de
3478 3591 3598 3647 Seir
3652 3613 3659 3621 ·

2011 3695 2156 3732 onus
2179 3688 2252 3732 est
2281 3677 2424 3732 nobis
2448 3675 2626 3749 (Deut.
2653 3681 2866 3751 (χχιιι).
2933 3731 2952 3746 ,.

2080 3769 2335 3824 Amalech
2369 3769 2772 3841 interpretatur,
2815 3769 3066 3837 lambens,
3115 3771 3164 3827 id
3197 3779 3300 3836 cst,
3328 3771 3591 3826 dialmlus.

2012 3859 2164 3915 Unde
2189 3859 2385 3931 legitur
2408 3861 2462 3915 in
2503 3861 2726 3916 Exodo:
2763 3861 2829 3914 In
2859 3851 3020 3921 manu
3061 3863 3362 3916 abscondita
3396 3863 3470 3916 vel
3504 3879 3595 3916 va—

2011 3949 2120 4004 lida
2153 3959 2414 4020 expugnat
2441 3949 2696 4004 Dominus
2728 3951 2972 4004 Amalech
2997 3970 3027 4005 a
3057 3954 3386 4022 generatione
3423 3955 3476 4008 in
3510 3971 3602 4024 ge-

2013 4041 2334 4094 nerationem
2365 4039 2562 4111 (Exod.
2589 4041 2743 4110 xvn).

2081 4129 2390 4184 Amalceitae
2458 4129 2880 4199 interpretantur
2953 4128 3174 4200 populus
3237 4129 3502 4198 lambens,
3544 4135 3594 4188 il

2013 4228 2123 4281 est,
2155 4228 2468 4288 peccatores
2517 4229 2728 4274 terrena
2770 4219 3088 4275 ambientes.
3137 4219 3289 4276 Unde
3334 4222 3592 4291 scriptum

2013 4319 2096 4366 est
2127 4311 2178 4365 in
2203 4311 2407 4382 psalmo
2432 4331 2444 4366 :
2479 4307 2640 4367 Gebal
2667 4322 2714 4366 et
2738 4311 2958 4366 Ammon
2979 4321 3026 4367 et
3052 4311 3297 4366 Amalech
3331 4323 3376 4368 et
3407 4314 3594 4368 alieni-

2013 4417 2158 4471 gena:
2194 4417 2312 4454 cum
2356 4401 2710 4456 habitantibus
2752 4399 2948 4471 Tyrum
2987 4401 3160 4474 (Psal.
3188 4403 3426 4475 Lxxxn).
3471 4404 3594 4460 Phi-

342 4513 442 4565 quo
467 4498 636 4570 Lydii.
661 4500 893 4566 Quintus
915 4501 1098 4566 Aram,
1121 4517 1152 4556 a
1178 4518 1286 4572 quo
1313 4499 1431 4573 Syri
1463 4517 1690 4572 quorum
1721 4510 1914 4557 ιιιριι-ο-
1943 4484 1992 4542 ι)
2021 4492 2210 4547 listhaei
2256 4491 2355 4562 ipsi
2396 4500 2522 4548 sunt
2553 4491 2846 4558 Palaestini,
2879 4493 3004 4562 quia
3056 4510 3090 4563 p
3129 4493 3366 4548 litteram
3415 4511 3596 4550 sermo

343 4589 472 4659 polis
499 4591 595 4645 fuit
624 4592 937 4647 Damascus.

409 4679 525 4734 Filii
557 4680 748 4746 Aram,
781 4691 1002 4751 nepotes
1039 4681 1164 4738 Sum
1211 4690 1483 4753 quatuor:
1525 4683 1659 4748 Ilus,
1703 4691 1758 4738 et
1789 4681 1910 4746 IIul,

343 4777 394 4822 ct
429 4766 663 4834 Gcther,
709 4779 764 4825 ct
813 4770 976 4825 Mesa.
1032 4771 1140 4825 llus
1189 4771 1588 4828 Trachonitidis
1643 4771 1912 4837 conditor,

343 4873 455 4926 qua:
487 4857 630 4912 inter
655 4858 994 4914 Palaestinam
1021 4869 1077 4914 et
1109 4859 1458 4932 lecsyriam
1501 4861 1672 4916 tenuit
1711 4860 1914 4930 princi-

345 4959 519 5017 patum
547 4968 560 5002 :
585 4948 727 5004 unde
756 4948 855 5004 fuit
878 4949 996 5016 Job,
1025 4951 1317 5006 secundum
1343 4952 1486 5021 quod
1515 4952 1772 5022 scriptum
1798 4959 1911 5008 est:

357 5035 441 5090 Vir
461 5047 574 5092 erat
605 5040 660 5091 in
687 5047 825 5092 terra
868 5037 984 5093 Ilus
1013 5038 1156 5110 (Job.
1184 5040 1246 5110 ι).
1282 5039 1562 5096 Secundus
1594 5041 1716 5106 IIuI,
1745 5057 1774 5096 a
1805 5056 1917 5111 quo

345 5126 600 5183 Armenii.
629 5126 847 5182 Tertius
865 5127 1085 5194 Gcther,
1107 5145 1136 5182 a
1155 5144 1262 5200 quo
1281 5128 1572 5184 Arcananii
1589 5131 1702 5186 sive
1717 5131 1912 5188 Curiat.

346 5216 575 5284 Quartus
609 5217 779 5283 Mess,
805 5233 836 5272 a
859 5234 966 5289 quo
995 5228 1120 5274 sunt
1165 5221 1218 5274 hi
1249 5221 1338 5289 qui
1385 5229 1649 5277 vocantur
1677 5222 1913 5280 Meoncs.

347 5305 636 5364 l’ostcritas
661 5310 939 5379 Arphaxat
970 5311 1065 5367 lilii
1110 5311 1255 5368 Sem.
1290 5313 1469 5369 Heber
1498 5330 1664 5384 nepos
1704 5315 1914 5386 Arpha-

347 5408 463 5464 sat,
492 5414 522 5454 a
553 5415 662 5471 quo
705 5399 912 5455 Hebraei
941 5419 955 5454 :
985 5399 1170 5457 Jectan
1215 5402 1354 5458 Illius
1395 5402 1588 5471 Heher,
1621 5420 1652 5460 a
1683 5423 1791 5476 quo
1833 5406 1918 5461 In-

349 5491 532 5546 donnn
561 5503 680 5548 orta
708 5503 791 5548 est
828 5510 989 5564 gens;
1019 5495 1144 5551 Sale
1187 5497 1328 5552 illius
1360 5496 1569 5564 Icctan,
1601 5515 1631 5554 a
1675 5515 1782 5570 quo
1814 5500 1918 5557 Ba-

349 5582 566 5646 ctriani,
619 5583 740 5640 licet
769 5601 862 5641 eos
904 5585 994 5640 alii
1026 5586 1348 5657 Scytharum
1376 5590 1590 5646 exsules
1633 5593 1914 5662 suspicen-

358 5681 452 5728 tur.
495 5673 684 5736 λείψει-1
740 5677 880 5732 lilius
934 5678 1202 5733 Abraham
1250 5697 1279 5734 a
1325 5697 1431 5750 quo
1480 5681 1788 5749 Ismarlitac,
1823 5685 1913 5754 qui

2016 4585 2272 4641 Hebraeus
2319 4601 2425 4640 non
2474 4585 2670 4651 habet;
2702 4586 2795 4641 scd
2837 4602 2936 4656 pro
2972 4603 3036 4642 eo
3062 4588 3128 4658 ph
3173 4587 3362 4643 Graece
3408 4589 3596 4652 utitur,

2017 4679 2138 4733 inde
2175 4677 2468 4734 Philisthaei
2509 4695 2607 4750 pro
2652 4680 2952 4736 Palaestinis
2994 4682 3264 4750 dicuntur,
3303 4700 3332 4738 a
3377 4683 3596 4739 civitate

2015 4768 2201 4839 utique
2257 4785 2394 4836 sua;
2439 4771 2598 4825 iidem
2649 4779 2705 4825 et
2743 4771 3034 4844 Allophyli,
3093 4773 3253 4830 iidem
3301 4783 3354 4830 et
3407 4775 3599 4832 alieni—

2015 4875 2165 4932 genae
2191 4861 2262 4916 oh
2293 4863 2415 4928 hoc,
2445 4864 2568 4933 quia
2599 4880 2812 4934 semper
2855 4864 3058 4920 fuerint
3097 4867 3300 4922 inimici
3328 4868 3514 4932 Israel,
3544 4877 3598 4922 et

2023 4951 2180 5022 longe
2217 4955 2286 5008 ab
2332 4970 2517 5010 eorum
2555 4971 2749 5026 genere
2785 4972 2848 5011 ac
2877 4958 3136 5014 societate
3175 4959 3424 5028 separati.
3472 4958 3596 5012 Phi-

2023 5043 2215 5100 Iisthazi
2267 5047 2691 5116 interpretantur
2737 5049 2977 5102 σπίίωιῖίνε
3016 5049 3228 5120 poculo,
3261 5049 3311 5103 id
3347 5058 3448 5112 est,
3497 5050 3596 5103 ini-

2023 5135 2148 5190 mici
2178 5136 2452 5202 Ecclesim,
2481 5137 2547 5190 de
2577 5153 2673 5192 sua
2717 5154 2775 5193 se
2805 5141 3125 5194 extollentes
3166 5139 3410 5194 scientia.
3443 5139 3596 5194 Unde

2023 5224 2216 5296 legitur
2240 5227 2293 5280 in
2319 5227 2587 5297 Propheta
2615 5246 2626 5282 :
2666 5227 2854 5282 Verum
2876 5231 3001 5299 quid
3028 5231 3154 5284 mihi
3180 5241 3227 5284 et
3260 5232 3398 5285 vobis
3431 5231 3598 5304 Tyrus

2021 5328 2070 5372 et
2109 5319 2275 5374 Sidon
2317 5329 2365 5374 et
2408 5320 2576 5374 omnis
2615 5321 2866 5374 terminus
2905 5318 3332 5374 Pala’stinorum.
3365 5321 3478 5375 Cito
3512 5341 3593 5376 rc-

2019 5407 2201 5464 lociter
2243 5410 2460 5464 reddam
2499 5410 2905 5465 vicissitudinem
2946 5409 3086 5465 vobis
3124 5428 3280 5480 super
3316 5423 3472 5480 caput
3519 5432 3603 5468 rc-

2017 5512 2181 5556 strum
2203 5500 2360 5572 (.Ioel.
2385 5500 2490 5572 ut).
2516 5503 2644 5557 Item
2674 5503 2726 5556 in
2751 5502 2944 5556 bonam
2971 5512 3177 5573 partem
3207 5504 3596 5576 intelliguntur.

2022 5592 2173 5649 Unde
2216 5593 2408 5661 legitur
2438 5593 2492 5648 in
2539 5593 2745 5664 psalmo
2789 5610 2801 5645 :
2843 5592 2914 5646 Ili
2943 5591 3202 5666 Allophgli
3241 5595 3435 5651 subditi
3479 5607 3597 5648 sunt

2018 5682 2189 5753 (l’sal.
2221 5683 2348 5747 th).
