3974 6188
412 247 515 306 459

1052 243 1114 298 Β.
1156 242 1412 298 RABANI
1452 243 1673 299 MAURI
1707 241 2025 299 AllClilEP.
2064 241 2377 301 MOGUNT.
2415 238 2702 299 OPERUM
2731 237 2912 295 PARS
2947 237 3011 294 ιι.

3574 237 3684 296 440

473 360 767 419 Chananaei
803 356 1055 428 appellati
1097 356 1162 410 de
1190 354 1446 411 Chanaan
1487 353 1600 410 ﬁlio
1628 353 1824 419 Cham,
1867 369 1997 425 quo-
2024 359 2072 419 Α
2100 356 2217 426 ejus
2263 354 2422 421 Tros,
2463 369 2495 408 a
2537 367 2646 424 quo
2693 351 2913 422 Troiani
2958 351 3250 435 nuncupati
3296 359 3443 406 sunt.
3482 350 3689 410 Galate

407 469 530 511 rum
581 462 783 509 terram
833 447 1003 506 Judaei
1049 450 1428 519 possederunt.
1479 446 1644 515 Cujus
1688 462 1756 502 ex
1786 448 1994 519 origine

407 546 511 602 fuit
538 543 706 599 Emor
726 541 896 597 frater
917 538 1156 604 Sicbem,
1184 554 1215 594 a
1241 553 1351 609 quo
1373 538 1673 595 Amorrhazi
1704 547 1831 595 sunt
1860 556 1998 595 nun-

405 635 608 708 cupati.
649 631 943 691 Cbananmi
995 631 1422 701 interpretantur
1448 629 1719 685 instabiles
1758 630 1872 686 sive
1899 630 1997 684 im-

407 727 644 792 mobiles,
674 735 729 782 et
774 722 1084 795 signiﬁcant
1128 731 1443 791 peccatores
1486 719 1895 776 fundamentum
1938 719 2000 774 ﬁ-

408 818 496 874 dei
524 832 630 873 non
677 816 957 872 habentes.
999 813 1152 868 Unde
1186 812 1385 882 legitur
1428 811 1483 865 in
1536 813 1752 867 cantico
1784 810 1951 867 Exodi
1981 829 1995 864 :

413 907 713 962 Tabuerant
790 921 970 959 omnes
1034 903 1388 958 inhabitantes
1463 901 1720 956 Chanaan
1790 902 1997 972 (Exod.

412 1000 528 1067 xv).

479 1088 722 1161 Egyptii
768 1086 837 1142 ab
870 1084 1104 1158 [Egypto
1145 1086 1380 1157 quodam
1427 1102 1558 1157 rege
1608 1085 1789 1140 vocati
1832 1092 1998 1139 sunt:

410 1199 538 1240 nam
580 1190 706 1237 ante
759 1179 902 1236 aerei
950 1179 1290 1234 dicebautur.
1338 1178 1776 1249 lnterpretantur
1819 1182 2003 1229 autem

411 1274 594 1344 lingua
620 1271 889 1327 Hebraica
922 1270 1181 1341 Egyptii,
1208 1269 1513 1342 antigentes,
1532 1283 1599 1324 eo
1628 1268 1772 1337 quod
1805 1265 2004 1319 alllixe-

410 1370 539 1419 runt
579 1361 676 1416 Dei
706 1360 980 1431 populum,
1026 1359 1338 1430 priusquam
1369 1359 1552 1414 divino
1580 1358 1781 1413 auxilio
1809 1358 2004 1411 libera-

411 1461 620 1510 rentur.
664 1449 903 1522 IEgyptii
949 1450 1396 1521 interpretantur,
1442 1451 1749 1522 afﬂigentes,
1790 1451 1843 1505 id
1888 1456 2000 1516 est,

412 1544 564 1615 impii
606 1541 691 1598 vel
740 1545 1015 1598 dzemones
1064 1541 1320 1597 Ecclesize
1364 1541 1550 1597 ﬁdeles
1594 1542 1999 1612 opprimentes:

411 1634 555 1691 unde
588 1632 789 1704 legitur
816 1631 872 1687 in
899 1632 1123 1688 Exodo:
1156 1632 1457 1705 Amigebant
1484 1632 1724 1705 Αῖςυριὲἰ
1762 1632 2003 1703 operibus

411 1726 561 1781 duris
590 1723 791 1799 (Exod.
815 1724 878 1798 ι).

481 1816 773 1874 Armenius
800 1830 870 1872 ex
917 1814 1198 1872 Thessalia
1242 1831 1384 1872 unus
1429 1816 1499 1872 de
1539 1831 1769 1873 numero
1801 1816 2000 1873 ducum

409 1908 659 1974 Iasonis,
696 1908 791 1979 qui
833 1906 903 1963 ad
948 1906 1182 1964 Colchos
1222 1907 1453 1979 profecti
1505 1917 1665 1974 sunt,
1717 1908 2002 1966 recollecta

412 2000 784 2066 multitudine,
810 2014 931 2070 quae
965 1998 1167 2055 amisso
1205 2013 1332 2070 rege
1377 1999 1576 2055 Jasone
1611 2000 1812 2072 passim
1842 2015 2005 2071 vaga-

411 2093 608 2151 batur:
635 2089 951 2148 Armeniam
980 2091 1250 2156 condidit,
1299 2091 1558 2163 gentique
1603 2107 1670 2147 ex
1711 2107 1811 2147 suo
1842 2106 2002 2146 voca-

411 2187 540 2244 bulo
581 2198 780 2242 nomen
809 2182 975 2242 dedit.
1019 2182 1203 2259 Limes
1223 2190 1309 2239 est
1335 2183 1609 2250 Persicus,
1641 2182 1734 2253 qui
1771 2181 2005 2255 Scythas

412 2279 482 2334 ab
506 2278 587 2335 eis
633 2277 843 2334 dividit.
897 2275 1098 2348 Scytha
1140 2276 1575 2348 ceguominatus,
1607 2291 1639 2330 a
1682 2291 1791 2346 quo
1836 2275 2006 2331 limite

415 2368 631 2442 Scythae
654 2383 686 2424 a
724 2366 1047 2438 quibusdam
1078 2366 1436 2437 perhibentur
1475 2366 1674 2432 vocati,
1704 2382 1837 2437 gens
1865 2365 2006 2420 anti-

414 2453 675 2525 quissima
731 2468 946 2524 semper
998 2452 1202 2507 habita.
1260 2451 1324 2507 lli
1379 2452 1612 2509 Parthos
1664 2453 2005 2509 Bactrianos-

414 2560 542 2615 que,
571 2542 786 2599 feminae
825 2541 991 2598 etiam
1027 2556 1215 2598 eorum
1253 2541 1590 2599 Amazonum
1626 2558 1789 2615 regna
1821 2544 2003 2599 condi-

417 2635 635 2691 derunt.

491 2725 808 2798 Massagetae
850 2740 919 2781 ex
962 2725 1286 2799 Scytharum
1333 2725 1545 2795 origine
1590 2735 1749 2789 sunt,
1780 2735 1836 2780 et
1875 2725 2003 2780 dicti

419 2815 754 2889 Massagetaa,
779 2816 931 2887 quasi
964 2832 1176 2889 graves,
1195 2816 1247 2871 id
1275 2824 1378 2881 est,
1405 2802 1569 2872 fortes
1588 2814 1900 2871 Getam-Nam
1929 2815 2008 2870 sic

419 2909 605 2967 Livius
633 2920 915 2981 argentum
939 2924 1105 2980 grave
1146 2909 1300 2975 dicit,
1325 2908 1375 2963 id
1402 2918 1507 2974 est,
1536 2922 1763 2963 massas.
1788 2907 1855 2963 Hi
1882 2915 2008 2964 sunt

420 3001 512 3072 qui
552 3000 694 3055 inter
736 2999 968 3071 Scythas
1007 3007 1170 3069 atque.
1210 2997 1449 3055 Albanos
1495 2997 2009 3069 septentrionalibus

423 3092 558 3148 locis
586 3090 913 3146 inhabitant.

499 3182 811 3237 Amazones
856 3180 1015 3235 dictae
1052 3188 1207 3245 sunt,
1255 3195 1349 3235 seu
1381 3182 1522 3250 quod
1565 3180 1727 3235 simul
1767 3180 2011 3235 viverent

424 3274 546 3330 sine
577 3274 727 3338 viris,
754 3272 911 3344 quasi
939 3272 1245 3339 amazosai;
1285 3271 1400 3327 sive
1424 3273 1564 3343 quod
1593 3273 1800 3329 adustis
1828 3274 2011 3328 dexte-

425 3365 662 3423 rioribus
688 3363 942 3420 mammis
979 3371 1180 3427 essent,
1223 3379 1292 3418 ne
1334 3365 1657 3435 sagittarum
1697 3365 1876 3436 jactus
1907 3365 2012 3418 im-

433 3457 739 3529 pediretur,
795 3455 951 3525 quasi
994 3470 1133 3511 aneu
1186 3470 1377 3510 mazou
1426 3473 1438 3509 :
1499 3454 1777 3510 nudabant
1827 3455 2008 3519 enim,

428 3565 593 3620 quam
624 3550 963 3614 adusserunt,
993 3562 1303 3603 mammam.
1336 3546 1444 3603 llas
1476 3548 1724 3604 Titianus
1747 3547 2013 3603 unimam-

429 3658 548 3698 mas
573 3641 723 3698 dicit.
754 3640 890 3696 Nam
927 3641 1029 3697 boc
1058 3650 1141 3697 est
1168 3656 1416 3706 amazon,
1447 3641 1599 3712 quasi
1631 3656 1768 3696 aneu
1797 3656 2008 3706 mazou,

433 3733 487 3789 id
516 3742 620 3799 est,
645 3732 763 3788 sine
791 3747 1046 3787 mamma.
1072 3731 1307 3801 llasjam
1332 3748 1437 3787 non
1468 3749 1588 3789 esse
1612 3742 1845 3800 constat,
1866 3736 2012 3806 quod

430 3840 619 3880 earum
665 3823 865 3896 partim
907 3823 975 3879 ab
1004 3822 1257 3889 Hercule,
1304 3826 1499 3895 partim
1547 3826 1615 3881 ab
1657 3826 1882 3892 Achille,
1928 3827 2012 3883 vel

430 3914 742 3971 Alexandro
774 3928 944 3985 usque
966 3914 1033 3970 ad
1073 3914 1501 3971 internecionem
1532 3915 1721 3972 deletae
1747 3926 1891 3973 sunt.
1921 3917 2014 3972 Al-

426 4006 554 4064 bani
584 4015 711 4064 sunt
749 4016 934 4080 partes
958 4007 1100 4065 Asia:
1132 4016 1187 4064 et
1221 4008 1475 4066 Asiaticae
1518 4013 1712 4082 gentis,
1760 4029 1879 4083 (pne
1918 4029 2014 4084 po-

428 4109 606 4155 steros
646 4115 706 4155 se
733 4098 949 4155 Iasonis
988 4099 1236 4167 credunt,
1261 4100 1384 4156 albo
1428 4101 1579 4156 crine
1610 4112 1905 4157 nascuntur
1944 4104 2014 4158 ab

427 4189 661 4245 assiduis
703 4190 939 4257 nivibus,
967 4198 1025 4246 et
1053 4191 1221 4262 ipsius
1249 4191 1428 4264 capilli
1457 4193 1606 4249 color
1634 4195 1779 4266 genti
1818 4210 2012 4249 nomen

427 4283 596 4350 dedit,
622 4291 678 4338 et
697 4282 821 4338 inde
848 4283 1100 4338 dicuntur
1124 4282 1348 4350 Albani;
1381 4284 1576 4340 horum
1606 4284 1793 4357 glauca
1819 4286 2010 4351 oculis,

2094 448 2230 504 Galli
2266 462 2387 504 esse
2417 455 2735 512 noscuntur,
2777 445 2870 516 qui
2900 445 2955 500 in
2983 444 3242 499 auxilium
3278 458 3310 498 a
3348 456 3472 514 rege
3498 443 3689 518 Bithy-

2095 541 2200 595 nia:
2249 538 2476 605 evocati,
2513 552 2738 609 regnum
2781 552 2907 591 cum
2944 549 3041 600 eo,
3068 544 3224 605 parta
3254 534 3503 599 victoria,
3549 535 3690 590 divi-

2096 638 2322 687 serunt:
2355 630 2434 685 sic
2480 629 2698 699 quidem
2729 627 2936 683 Graecis
2964 626 3180 682 admisti
3223 626 3457 696 primum
3500 623 3689 680 Gallo-

2096 722 2287 794 gr:eci,
2333 739 2476 777 nunc
2518 737 2585 776 ex
2633 721 2856 790 antiquo
2897 718 3175 776 Gallorum
3218 718 3439 773 nomine
3481 717 3689 775 Galatze

2097 826 2491 885 nuncupantur.

2168 904 2364 970 Grzeri,
2391 914 2517 959 ante
2546 902 2790 958 Thessali
2825 918 2855 956 a
2893 901 3174 967 Thessalo,
3207 911 3397 972 postea
3439 916 3468 955 a
3498 898 3691 955 Gnrco

2099 1013 2227 1070 rege
2280 996 2454 1053 Graeci
2513 1003 2639 1050 sunt
2696 993 3010 1064 nuncupati.
3059 990 3193 1047 Nam
3245 991 3420 1048 Graeci
3473 991 3692 1063 praprie

2102 1089 2348 1146 Thessali
2379 1096 2525 1143 sunt.

2171 1180 2429 1249 Lapithas
2449 1187 2630 1233 autem
2647 1186 2859 1249 gentem
2882 1175 3175 1232 Thessalia:
3195 1174 3362 1230 fuisse
3377 1175 3530 1229 aiunt
3548 1174 3695 1229 circa

2103 1270 2341 1327 Peneum
2371 1285 2584 1325 amnem
2608 1270 2735 1324 olim
2766 1270 3179 1334 inhabitantem,
3206 1283 3238 1321 a
3277 1267 3505 1337 Lapitha
3528 1264 3694 1337 Apol-

2104 1363 2229 1418 linis
2260 1361 2366 1416 ﬁlia
2392 1368 2748 1431 nuncupatos.

2177 1452 2438 1525 Sicyonii,
2464 1452 2640 1508 Graeci
2681 1444 2826 1517 sunt,
2871 1450 3165 1520 nuncupati
3194 1466 3224 1505 a
3259 1449 3516 1520 Sicyonio
3547 1464 3694 1519 rege.

2107 1545 2173 1601 Hi
2219 1545 2451 1616 primum
2475 1542 2704 1614 IEgialei
2737 1543 3070 1598 vocabantur
3092 1557 3123 1595 a
3155 1555 3280 1611 rege
3302 1538 3575 1611 Egialeo,
3607 1539 3698 1610 qui

2106 1638 2315 1709 primus
2344 1635 2613 1707 Sicyoniis
2641 1634 2947 1704 imperavit,
2971 1649 3002 1687 a
3027 1648 3136 1705 quo
3164 1640 3219 1687 et
3235 1630 3482 1702 IEgialea
3504 1629 3702 1685 civitas

2028 1713 2076 1773 Β
2104 1737 2413 1799 nuncupata
2440 1736 2544 1794 est,
2576 1739 2847 1795 quaantmc
2862 1724 3264 1793 Peloponnesus
3290 1732 3514 1779 vocatur
3538 1738 3570 1776 a
3602 1722 3701 1779 Pe-

2100 1822 2222 1892 lope
2253 1836 2379 1892 rege
2402 1836 2502 1876 suo
2544 1837 2557 1874 :
2594 1817 2698 1890 ipsi
2725 1824 2931 1873 suntet
2958 1815 3199 1872 Arcades
3225 1815 3293 1871 ab
3320 1813 3536 1870 Arcade
3577 1828 3701 1886 rege

2100 1912 2248 1969 Jovis
2279 1918 2335 1966 et
2369 1908 2659 1969 Calistonis
2685 1908 2795 1962 ﬁlio
2816 1907 2969 1964 dicti.

2172 2001 2341 2057 Danai
2372 2017 2403 2056 a
2437 2002 2621 2056 Danao
2670 2015 2795 2071 rege
2834 1998 3009 2054 vocati
3047 2016 3059 2052 :
3100 1997 3262 2052 iidem
3292 2005 3350 2052 et
3391 1994 3582 2065 Argivi
3632 1995 3702 2050 ab

2103 2095 2247 2166 Argo
2272 2093 2554 2150 conditore
2608 2090 2994 2162 cognominati.
3038 2089 3332 2159 Postquam
3380 2096 3569 2141 autem
3611 2101 3702 2141 rex

2103 2185 2418 2243 Graecorum
2446 2183 2577 2254 Apis
2607 2190 2854 2238 mortuus
2878 2189 2980 2248 est,
3009 2180 3135 2237 huic
3179 2178 3323 2234 ﬁlius
3367 2177 3552 2249 Argus
3587 2192 3705 2232 suc-

2104 2278 2268 2333 cessit
2296 2277 2351 2332 in
2384 2291 2630 2348 regnum,
2657 2284 2713 2331 et
2738 2289 2802 2329 ex
2833 2291 2899 2332 eo
2930 2274 3115 2346 Argivi
3146 2271 3400 2344 appellati
3430 2278 3586 2336 sunt,
3615 2270 3704 2340 qui

2104 2370 2268 2426 etiam
2298 2371 2366 2425 ab
2394 2369 2475 2425 eis
2501 2378 2622 2439 post
2656 2368 2862 2423 obitum
2896 2369 3032 2423 deus
3060 2366 3251 2423 haberi
3282 2364 3468 2436 carpit,
3499 2363 3705 2435 templo

2107 2470 2165 2517 et
2195 2460 2471 2517 sacriﬁcio
2502 2460 2819 2514 honoratus.

2176 2555 2385 2620 Achaei,
2421 2553 2513 2625 qui
2556 2560 2612 2609 et
2637 2552 2829 2607 Achivi
2867 2551 2937 2631 ab
2973 2549 3172 2605 Aclneo
3216 2548 3328 2604 ﬁlio
3356 2546 3506 2603 Jovis
3550 2545 3705 2609 dicti,

2106 2647 2316 2721 Pelasgi
2348 2647 2631 2711 nominati,
2658 2645 2785 2716 quia
2815 2659 2938 2700 cum
2978 2644 3112 2699 velis
3149 2642 3325 2713 passis
3373 2657 3548 2697 verno
3581 2648 3710 2696 tem-

2107 2752 2238 2809 pore
2282 2736 2568 2793 advenisse
2606 2735 2813 2790 Italiam
2864 2733 2966 2789 visi
3015 2741 3171 2799 sunt,
3218 2741 3278 2786 ut
3324 2748 3473 2788 aves.
3523 2731 3709 2786 Primo

2107 2831 2253 2885 enim
2308 2845 2403 2885 eos
2462 2829 2635 2884 Varro
2696 2827 2906 2883 Italiam
2950 2826 3224 2897 appulisse
3266 2833 3705 2881 commemorat:

2108 2922 2282 2980 Graeci
2313 2935 2440 2977 vero
2467 2920 2724 2992 Pelasgos
2750 2935 2782 2974 a
2806 2918 3037 2989 Pelasgo
3065 2914 3217 2972 Jovis
3238 2924 3295 2972 et
3313 2915 3550 2972 Larissa:
3574 2916 3711 2972 ﬁlios

2035 3064 2081 3124 Ο
2110 3013 2617 3124 peri-libent‘dictos.

2183 3105 2545 3180 Myrmidones
2572 3102 2791 3159 fuerunt
2832 3100 3058 3157 Achillis
3104 3099 3259 3166 socii,
3299 3097 3536 3168 Dolopes
3578 3096 3712 3168 Pyr-

2112 3197 2195 3253 rhi
2223 3215 2236 3251 :
2267 3194 2395 3253 dieli
2422 3203 2548 3250 sunt
2572 3201 2753 3248 autem
2777 3191 3145 3263 Myrmidones
3168 3198 3396 3261 propter
3426 3189 3709 3253 astutiam,

2111 3290 2263 3361 quasi
2290 3302 2610 3361 myrmeces,
2631 3288 2684 3342 id
2702 3294 2804 3353 est,
2829 3286 3087 3341 formicm.
3117 3285 3508 3340 Eratosthenes
3529 3292 3711 3339 autem

2112 3381 2242 3436 dicit
2268 3380 2442 3435 dictos
2481 3377 2847 3450 Myrmidones
2867 3392 2896 3430 a
2927 3375 3264 3448 Myrmidone
3291 3375 3449 3439 duce,
3472 3372 3629 3429 Jovis
3660 3382 3714 3428 et

2112 3471 2485 3527 Eurimedusae
2528 3470 2656 3525 ﬁlio.
2703 3468 2929 3538 Cecropi
2972 3466 3382 3521 Atheniensium
3428 3465 3545 3536 regi
3589 3481 3712 3520 suc-

2111 3563 2276 3618 cessit
2312 3560 2576 3625 Cranaus,
2605 3557 2759 3628 cujus
2802 3558 2910 3612 ﬁlia
2939 3557 3082 3612 Attis
3104 3572 3299 3611 nomen
3334 3564 3391 3611 et
3417 3555 3631 3627 regioni
3662 3563 3716 3610 et

2111 3652 2256 3725 genti
2287 3651 2463 3715 dedit,
2493 3658 2550 3705 et
2587 3664 2654 3703 ex
2694 3662 2761 3704 ea
2801 3648 2966 3703 Attici
3008 3647 3407 3720 cognominati,
3450 3647 3547 3717 qui
3593 3655 3716 3702 sunt

2111 3741 2491 3798 Athenienses.

2182 3835 2273 3889 lon
2307 3833 2388 3888 vir
2431 3832 2586 3889 fortis
2612 3846 2676 3886 ex
2715 3844 2813 3887 suo
2843 3828 3061 3885 nomine
3102 3827 3318 3883 eosdem
3347 3825 3714 3881 Athenienses

2114 3929 2331 3986 vocavit
2354 3929 2529 3983 Iones.

2185 4020 2506 4076 Macedones
2532 4034 2563 4073 a
2589 4016 2806 4072 nomine
2829 4014 3167 4071 Emathionis
3196 4013 3339 4085 regis
3364 4021 3521 4067 antea
3551 4013 3715 4067 Ema-

2113 4112 2211 4169 thii
2239 4111 2529 4181 nuncupati
2561 4118 2710 4174 sunt,
2735 4116 2921 4178 postea
2950 4106 3268 4162 Macedones
3299 4105 3447 4161 dicti.
3477 4104 3716 4174 Epirota:

2112 4220 2143 4260 a
2172 4203 2381 4276 Pyrrho
2408 4199 2631 4256 Achillis
2664 4199 2795 4265 ﬁlio,
2822 4198 2974 4269 prius
3003 4196 3279 4268 Pyrrhidee
3303 4211 3316 4248 :
3361 4202 3552 4265 postea
3587 4207 3715 4249 vero

2112 4311 2237 4353 cum
2270 4293 2481 4366 Pyrrho
2518 4307 2645 4364 rege
2668 4290 2805 4347 duce
2832 4291 2900 4346 ad
2926 4288 3132 4345 Italiam
3177 4285 3409 4342 transire
3449 4299 3716 4355 praesum-

511 4385 627 4443 est,
660 4376 800 4448 picta
1028 4378 1251 4473 pupilla,
1283 4380 1418 4434 adeo
1452 4391 1511 4433 ut
1541 4387 1698 4433 nocte
1725 4378 2009 4449 plusquam
2047 4412 2093 4473 Β
2119 4394 2363 4461 pserunt.

428 4465 517 4521 die
576 4473 822 4521 cernant.
901 4465 1097 4520 Albani
1167 4476 1349 4521 autem
1423 4468 1585 4522 vicini
1650 4468 2017 4523 Amazonibus

430 4561 671 4613 fuerunt.

506 4647 687 4721 Ugnos
717 4657 875 4704 antea
903 4648 1124 4706 ilunnos
1144 4661 1383 4717 vocatos,
1414 4661 1689 4724 postremo
1709 4670 1740 4709 a
1767 4670 1893 4727 rege
1920 4671 2020 4711 suo

429 4744 637 4799 Avares
657 4740 952 4812 appellatos
973 4741 1181 4808 dicunt,
1207 4744 1298 4812 qui
1319 4744 1472 4814 prius
1493 4745 1544 4798 in
1566 4745 1753 4800 ultima
1775 4745 2019 4803 Maeotide

432 4838 574 4894 inter
592 4834 872 4909 glacialem
896 4832 1119 4889 Tanaim
1135 4843 1189 4889 et
1211 4832 1630 4906 Massagetarum
1648 4836 1911 4894 immanes
1924 4853 2020 4908 po-

429 4931 585 5004 pulos
607 4928 1006 4985 habitaverunt.
1041 4926 1244 4985 Deinde
1274 4928 1585 4999 pernicibus
1612 4929 1766 4999 equis
1792 4928 2018 4988 Caucasi

433 5022 679 5094 rupibus,
695 5020 787 5075 ubi
808 5017 953 5075 feras
970 5029 1156 5092 gentes
1176 5020 1469 5075 Alexandri
1492 5021 1727 5076 claustra
1742 5022 2016 5090 cohibent,

433 5121 748 5183 eruperunt,
791 5120 848 5168 et
880 5109 1155 5168 Orientem
1182 5109 1370 5183 viginti
1414 5111 1570 5166 annis
1599 5118 1889 5169 tenuerunt
1927 5129 2020 5169 ca-

434 5202 665 5270 ptivum,
680 5210 736 5257 et
754 5202 822 5257 ab
841 5200 1109 5274 Egyptiis
1132 5212 1293 5270 atque
1308 5199 1658 5272 Ethiopibus
1677 5219 1912 5260 annuum
1934 5222 2021 5263 ve-

432 5293 595 5364 ctigal
623 5304 938 5366 exegerunt.
965 5294 1320 5367 Trojauorum
1349 5312 1481 5369 gens
1503 5306 1663 5353 antea
1706 5296 1952 5355 Dardana
1984 5316 2014 5354 a

431 5382 681 5441 Dardano
721 5386 1014 5442 nominata.
1043 5387 1175 5443 Nam
1215 5386 1498 5444 Dardanus
1521 5396 1577 5443 et
1614 5387 1793 5444 Jasius
1825 5388 2019 5447 fratres

435 5491 467 5530 e
493 5473 702 5534 Gra'cia
733 5477 958 5550 profecti
990 5491 1134 5536 sunt.
1159 5478 1236 5536 Ex
1264 5482 1350 5539 his
1386 5481 1568 5540 Jasius
1604 5483 1673 5539 ad
1706 5483 2015 5549 Thraciam,

435 5566 716 5623 Dardanus
745 5571 811 5624 ad
850 5570 1135 5643 Phrygiam
1181 5575 1444 5646 pervenit,
1490 5577 1671 5647 ibique
1700 5578 1907 5648 primus
1937 5593 2019 5633 re-

435 5660 621 5734 gnavit
646 5680 655 5713 ε
681 5674 805 5735 post
828 5679 987 5736 quem
1010 5665 1151 5721 ﬁlius
1164 5667 1279 5737 ejus
1297 5668 1623 5735 Erictouius,
1640 5668 1831 5725 deinde
1853 5687 2019 5742 nepos

2192 4480 2365 4535 Dorus
2398 4475 2633 4547 Neptuni
2679 4481 2736 4529 et
2777 4472 2979 4543 Ellepis
3028 4470 3171 4526 ﬁlius
3218 4468 3354 4534 fuit,
3393 4466 3537 4523 unde
3586 4467 3713 4522 Dori

2120 4574 2387 4645 originem
2413 4579 2469 4627 et
2496 4584 2694 4625 nomen
2738 4567 2960 4623 ducunt.
3000 4564 3141 4619 Sunt
3183 4570 3366 4617 autem
3408 4576 3536 4631 pars
3567 4560 3715 4616 Gm-

2121 4666 2219 4722 ciae
2257 4662 2454 4736 gentis,
2486 4675 2555 4716 ex
2592 4659 2790 4730 quibus
2811 4657 2975 4713 etiam
3007 4654 3386 4726 cognominata
3426 4661 3511 4708 est
3548 4652 3714 4707 tertia

2121 4758 2303 4829 lingua
2338 4755 2676 4818 Graecorum,
2712 4765 2834 4821 qua:
2871 4747 3063 4803 Dorica
3108 4744 3429 4816 appellatur.
3458 4741 3716 4798 Laceda-

2121 4860 2309 4903 mones
2348 4859 2379 4899 a
2422 4842 2810 4898 Lacedaemone
2857 4838 3086 4894 Semela:
3139 4837 3249 4893 ﬁlio
3296 4835 3445 4891 dicti.
3496 4833 3561 4888 lli
3622 4834 3713 4888 diu

2120 4942 2530 5006 perseverantes
2575 4932 2629 4986 in
2660 4930 2804 4986 bello
2846 4936 3041 4985 contra
3083 4926 3377 4982 Messenios
3405 4924 3597 4990 veriti,
3644 4937 3713 4977 ne

2121 5024 2474 5082 diuturnitate
2519 5021 2689 5092 praelii
2735 5035 2887 5090 spem
2915 5018 3083 5089 prolis
3119 5018 3454 5081 amitterent,
3502 5029 3710 5086 przece-

2122 5123 2335 5189 perunt,
2372 5122 2433 5170 ut
2462 5114 2699 5183 virgines
2732 5126 2920 5167 eorum
2964 5124 3086 5165 cum
3120 5108 3415 5180 juvenibus
3447 5105 3596 5161 domi
3628 5119 3714 5159 re-

2122 5210 2265 5266 lictis
2325 5207 2751 5264 concumberent
2797 5224 2810 5259 :
2861 5205 3049 5274 sicque
3102 5217 3170 5257 ex
3227 5201 3537 5271 promiscuo
3594 5199 3713 5255 vir-

2123 5303 2307 5374 ginum
2344 5308 2401 5355 et
2443 5299 2762 5354 maritorum
2801 5295 3090 5352 concubitu
3122 5294 3353 5365 juvenes
3389 5292 3457 5348 de
3487 5289 3712 5347 incertis

2123 5392 2437 5464 parentibus
2475 5390 2620 5454 nati,
2658 5402 2724 5442 ex
2769 5395 2896 5442 nota
2924 5385 3155 5442 materni
3181 5382 3403 5455 pudoris
3429 5377 3710 5437 Parthenii

2125 5485 2299 5541 vocati
2327 5493 2471 5540 sunt.
2504 5482 2639 5539 Nam
2676 5482 2823 5552 ipsos
2855 5493 2978 5536 esse
3006 5476 3326 5548 Spartanos,
3357 5488 3493 5544 quos
3516 5481 3570 5530 et
3601 5472 3711 5526 La-

2125 5579 2479 5635 cedaamones.

2200 5669 2436 5725 Thraces
2487 5684 2554 5724 ex
2607 5668 2718 5724 ﬁlio
2765 5665 2991 5738 Japhet,
3040 5667 3132 5737 qui
3178 5674 3400 5721 vocatus
3444 5670 3525 5718 est
3577 5655 3709 5712 Thi-
