3974 6188
239 352 333 413 ω
1203 355 1291 409 DE
1331 352 1679 411 UNIVEBSO
1716 353 1895 409 LIBRI
1934 354 2096 411 XXII.
2140 388 2207 398 --
2246 359 2372 415 LIB.
2417 361 2557 417 XVI.
3407 367 3515 424 Ui“!

239 486 347 536 ras,
377 469 553 526 exorti
591 476 647 525 et
677 466 1038 540 cognominati
1082 467 1165 536 (ut
1209 470 1456 538 superius
1485 468 1687 523 dictum
1716 476 1821 539 est)
1853 485 1899 543 Α
1926 474 2237 543 priusquam
2267 488 2361 529 eos
2388 475 2649 530 Lentulus
2675 476 2923 533 Danubio
2969 479 3320 549 prohiberet:
3348 490 3515 552 atqite

238 559 630 632 perhibentur:
654 559 783 613 licet
820 556 1049 628 gentiles
1073 572 1167 612 eos
1203 572 1233 612 a
1268 558 1512 614 moribus
1548 558 1623 612 ita
1652 556 1824 612 dictos
1925 562 2050 618 inde
2076 565 2145 619 ob
2174 566 2411 620 studium
2453 582 2726 622 armorum
2760 568 3025 624 Sarmatae
3068 573 3360 641 nuncupati
3398 574 3514 628 exi-

237 650 731 718 existiment,quod
754 650 862 705 sint
882 658 1092 716 truces;
1117 649 1396 705 saevissimi
1417 650 1560 705 enim
1582 649 1823 704 omnium
1923 652 2231 710 stimantur.
3122 674 3127 680 ί

238 744 479 816 gentium
505 741 744 799 fuerunt.
782 741 936 799 Unde
958 750 1015 821 et
1044 742 1211 798 multa
1243 742 1483 798 fabulosa
1512 742 1577 796 de
1609 742 1688 797 eis
1715 759 1813 796 me-
1994 741 2173 799 Lanus
2201 742 2394 800 ﬂuvius
2425 745 2595 801 fertur
2623 746 2763 802 ultra
2800 748 3127 816 Danubium,
3161 766 3189 805 a
3220 768 3329 822 quo
3356 751 3515 811 Alani

238 843 545 899 morantur,
573 833 712 904 quod
740 832 982 903 captivos
1011 832 1115 889 diis
1142 833 1254 888 suis
1280 832 1523 897 litarent,
1549 839 1605 886 et
1633 832 1826 886 huma—
1923 833 2053 890 dicti
2094 843 2216 891 sunt
2249 834 2426 891 :siCut
2467 846 2523 892 et
2558 838 2738 908 populi
2815 839 3184 897 inhabitantes
3219 841 3374 911 juxta
3417 844 3514 901 Le-

237 940 363 979 nutn
386 924 706 998 sanguinem
739 924 793 978 in
819 924 1032 980 ossibus
1055 923 1295 996 capitum
1322 932 1545 995 portare
1571 923 1712 979 soliti
1739 938 1827 979 es-
1924 941 2183 981 ntannum
2253 925 2497 994 ﬂuvium,
2556 929 2805 985 Alemaui
2862 941 3145 1000 vocantur,
3204 935 3271 990 de
3317 936 3516 1006 quibus

236 1025 355 1073 sent
377 1034 393 1070 :
419 1015 487 1071 de
512 1015 711 1086 quibus
731 1014 987 1085 Virgilius
1014 1033 1027 1068 :

355 1127 510 1182 lieni
535 1128 655 1193 fuge
678 1127 909 1179 crudeles
931 1135 1111 1190 terras,
1132 1127 1251 1191 fuge
1281 1126 1420 1177 littus
1443 1138 1639 1176 avarum
1662 1126 1675 1175 !

236 1235 386 1305 quasi
416 1233 717 1289 crudelium
742 1240 799 1287 et
820 1246 1131 1287 avarorum.

300 1327 568 1382 Istrorum
600 1339 731 1395 gens
752 1324 1014 1396 originem
1041 1339 1073 1378 a
1095 1321 1310 1379 Colchis
1340 1323 1512 1384 ducit,
1548 1322 1640 1392 qui
1668 1322 1827 1377 missi

237 1417 300 1473 ad
344 1418 691 1488 Argonautas
736 1416 1159 1486 persequendos,
1235 1423 1295 1469 ut
1338 1430 1370 1469 a
1425 1414 1596 1469 Ponto
1658 1413 1823 1467 intra-

236 1515 429 1564 verunt
469 1507 668 1563 Istrum
710 1504 962 1566 ﬂuvium,
1012 1521 1043 1560 a
1093 1505 1353 1561 vocabulo
1402 1505 1596 1571 amnis,
1639 1518 1749 1575 quo
1791 1518 1822 1557 a

237 1599 369 1655 mari
395 1604 767 1664 recesserunt,
792 1596 1046 1667 appellati
1072 1605 1215 1652 sunt.

300 1687 534 1743 Romani
562 1701 592 1741 a
636 1685 852 1741 Romuli
892 1687 1110 1741 nomine
1152 1686 1466 1757 nuncupati,
1511 1684 1602 1756 qui
1631 1685 1822 1739 urbem

236 1778 463 1835 Romam
506 1776 766 1843 condidit,
813 1777 1068 1848 gentique
1097 1785 1152 1832 et
1177 1777 1383 1833 civitati
1419 1793 1615 1832 nomen
1651 1776 1816 1832 dedit.

1924 1012 2174 1072 Lucanus
2200 1034 2216 1097 ξ

2049 1128 2338 1179 Deseruere
2359 1142 2477 1179 cavo
2497 1132 2710 1206 tentoria
2744 1131 2836 1179 lixa
2857 1130 3126 1183 Lemanno.

1926 1231 2307 1303 Langobardos
2337 1233 2495 1303 vulgo
2527 1233 2700 1288 fertur
2744 1236 3058 1292 nominasse
3106 1238 3314 1308 prolixa
3344 1239 3513 1296 barba

1923 1330 1979 1377 et
2004 1338 2281 1392 nunquam
2312 1330 2491 1377 tonsa.

1998 1409 2292 1468 Vindilieus
2357 1413 2534 1467 amnis
2591 1413 2659 1468 ab
2705 1414 3049 1469 extremitate
3092 1412 3280 1470 Galliae
3324 1430 3515 1470 erum-

1921 1516 2087 1572 pens,
2116 1501 2270 1575 juxta
2332 1518 2492 1573 quem
2544 1502 2765 1558 ﬂuvium
2823 1504 3184 1572 inhabitasse,
3229 1515 3285 1561 et
3326 1521 3392 1562 ex
3449 1523 3515 1564 eo

1923 1595 2154 1651 traxisse
2180 1610 2376 1650 nomen
2405 1595 2634 1651 Vandali
2659 1596 3036 1664 perhibentur.

1991 1686 2294 1744 Germania:
2328 1695 2516 1757 gentes
2558 1687 2735 1751 dictaa,
2764 1687 2907 1757 quod
2941 1688 3049 1742 sint
3080 1689 3339 1744 immania
3382 1703 3511 1745 cor-

1922 1789 2077 1846 pora,
2108 1774 2482 1843 immanesque
2530 1774 2794 1839 nationes,
2835 1776 3146 1832 smvissimis
3180 1779 3386 1832 durata:
3415 1775 3511 1831 fri-

237 1871 299 1927 Bi
325 1880 457 1928 ante
492 1887 528 1927 a
572 1870 810 1928 Saturno
841 1871 1099 1939 Saturnii,
1128 1889 1161 1929 a
1186 1872 1382 1929 Latino
1413 1873 1593 1929 Latini
1638 1873 1817 1928 vocati
1846 1836 1893 1896 Β
1921 1864 2161 1935 scribus.
2203 1863 2295 1934 qui
2334 1878 2515 1919 mores
2554 1878 2622 1918 ex
2653 1864 2770 1935 ipso
2805 1865 2929 1921 coeli
2970 1866 3150 1936 rigore
3192 1874 3512 1929 traxerunt:

236 1972 375 2020 sunt.
398 1963 535 2019 Nam
557 1963 781 2020 Latinus
809 1964 974 2020 Italize
1000 1981 1095 2021 rex
1121 1965 1242 2032 fuit,
1264 1968 1358 2037 qui
1385 1983 1451 2023 ex
1477 1983 1575 2022 suo
1601 1966 1819 2021 nomine

235 2053 454 2110 Latinos
501 2053 822 2125 appellavit,
864 2055 957 2125 qui
1003 2064 1191 2127 postea
1246 2056 1478 2112 Romani
1520 2054 1818 2126 nuncupati

235 2152 376 2200 sunt.
406 2144 468 2200 Ili
499 2154 554 2201 et
579 2143 819 2214 Quirites
858 2146 1009 2212 dicti,
1047 2147 1175 2218 quia
1222 2146 1481 2216 Quirinus
1525 2148 1701 2204 dictus
1735 2154 1820 2202 est

235 2236 534 2294 Romulus:
562 2238 691 2310 quia
738 2253 956 2310 semper
985 2239 1142 2295 hasta
1182 2241 1461 2307 utebatur,
1503 2256 1622 2310 qua:
1657 2239 1818 2297 Sabi-
1851 2288 1858 2296 .

234 2345 424 2385 norum
450 2329 631 2401 lingua
654 2330 827 2400 quiris
848 2331 1061 2387 dicitur.
1086 2330 1249 2387 Italus
1271 2347 1485 2403 quoque
1503 2340 1559 2387 et
1583 2330 1819 2388 Sabinus

233 2429 284 2477 et
303 2420 535 2478 Sicanus
559 2420 757 2478 fratres
780 2420 1014 2488 fuerunt,
1042 2438 1110 2478 ex
1136 2424 1332 2494 quibus
1356 2424 1576 2480 nomina
1602 2424 1821 2495 populis

234 2512 479 2584 imposita
507 2521 563 2568 et
592 2513 901 2585 regionibus
941 2524 1084 2569 sunt.
1114 2514 1252 2571 Nam
1299 2516 1370 2572 ab
1408 2515 1543 2571 Italo
1573 2515 1746 2581 Italia,
1786 2531 1817 2571 a

236 2604 436 2661 Sabino
460 2604 706 2669 Sabinia,
733 2621 764 2660 a
812 2603 1009 2661 Sicano
1036 2605 1241 2663 Sicanii
1271 2607 1634 2678 cognominati
1669 2616 1817 2673 sunt,

236 2696 393 2751 iidem
421 2703 477 2748 et
504 2694 833 2750 Sicilienses.
863 2695 1023 2751 Tusci
1058 2695 1226 2752 Italiae
1259 2706 1386 2752 sunt
1414 2698 1612 2768 populi.
1642 2696 1709 2752 Et
1737 2705 1822 2753 est

235 2800 264 2840 a
309 2785 612 2856 frequentia
658 2800 940 2842 sacrorum
966 2796 1022 2841 et
1064 2788 1240 2842 thuris
1269 2798 1478 2854 vocata,
1515 2787 1570 2843 id
1605 2798 1819 2858 est'apo

238 2883 325 2929 ton
359 2876 569 2931 thuein.
986 2896 1004 2941 ῖ

305 2967 490 3023 Umbri
512 2967 679 3023 Italia:
702 2984 855 3040 gens,
879 2973 974 3024 sed
994 2968 1269 3026 Gallorum
1292 2979 1534 3027 veterum
1558 2986 1817 3042 propago,

236 3061 325 3130 qui
363 3061 702 3131 Apenninum
734 3068 971 3116 montem
1019 3063 1279 3129 incolunt,
1321 3064 1388 3119 de
1424 3065 1621 3135 quibus
1651 3065 1821 3120 histo-

238 3150 330 3205 rize
369 3151 655 3221 perhibent
711 3151 856 3222 quod
889 3159 1130 3223 tempore
1176 3168 1394 3223 aquosae
1422 3154 1593 3210 cladis
1630 3155 1822 3209 imbri-

237 3243 336 3299 bus
374 3241 773 3313 superfuerint,
812 3249 869 3297 et
912 3242 983 3297 ob
1034 3243 1138 3298 hoc
1164 3241 1452 3300 Ombrious
1485 3244 1673 3301 Grtcce
1714 3261 1813 3301 no-

236 3333 486 3387 minatos.

306 3420 465 3476 Marsi
503 3436 637 3494 gens
680 3419 851 3476 Italiae
891 3421 1033 3477 dicta
1078 3436 1108 3476 a
1142 3422 1340 3478 comite
1368 3422 1548 3479 Liberi
1581 3423 1819 3497 Marsya,

237 3514 325 3582 qui
352 3530 507 3569 usum
534 3513 642 3569 illis
670 3514 859 3569 vitium
889 3515 1145 3581 ostendit,
1174 3524 1228 3570 et
1253 3517 1322 3571 ob
1350 3517 1454 3572 hoc
1478 3516 1554 3571 illi
1584 3526 1820 3573 statuam

237 3602 508 3671 fecerunt,
555 3619 718 3676 quam
766 3613 953 3677 postea
994 3605 1225 3661 Romani
1263 3607 1424 3661 victis
1450 3605 1659 3663 Marsis
1685 3610 1822 3665 tule-

238 3705 383 3751 runt.
406 3696 614 3753 Marsos
634 3705 815 3752 autem
839 3696 1011 3752 Graeci
1038 3697 1206 3753 Uscos
1222 3706 1435 3758 vocant,
1461 3700 1614 3768 quasi
1637 3701 1824 3770 Ophiu-

238 3788 404 3842 cbous
454 3788 599 3859 quod
648 3788 847 3844 multos
880 3797 1160 3858 serpentes
1215 3789 1495 3856 habeant,
1558 3799 1614 3844 et
1665 3793 1822 3862 ophis

235 3895 457 3950 serpens
497 3882 751 3937 dicatur:
785 3881 982 3938 illaesos
1010 3890 1191 3937 autem
1222 3896 1343 3938 esse
1376 3883 1678 3939 carminum
1707 3901 1823 3940 ma-

238 3971 443 4027 leﬁciis.
479 3972 789 4028 Inhabitant
841 3982 1021 4028 autem
1067 3972 1278 4043 plagam
1309 3973 1579 4044 Apennini
1621 3976 1823 4032 montis

236 4064 396 4119 simul
420 4080 542 4120 cum
586 4064 823 4120 Umbris.
852 4063 1014 4121 GOthi
1054 4082 1083 4120 a
1126 4065 1314 4138 Magog
1341 4066 1451 4121 lilio
1491 4067 1686 4138 Japhet
1727 4084 1824 4124 no-

236 4160 424 4216 minati
479 4169 739 4231 putantur
780 4162 846 4218 de
910 4163 1265 4219 similitudine
1324 4164 1530 4221 ultima:
1583 4165 1821 4236 syllabae,

237 4267 374 4322 quos
407 4262 622 4309 veteres
677 4254 848 4325 magis
904 4253 1072 4310 Getas
1126 4271 1289 4326 quam
1340 4256 1547 4313 Gothos
1592 4271 1822 4312 vocave-

241 4352 408 4399 runt:
445 4361 580 4417 gens
616 4343 774 4401 fortis
808 4356 864 4402 et
900 4349 1308 4418 potentissima,
1347 4365 1638 4421 corporum
1677 4350 1823 4405 mole

239 4441 440 4506 ardua,
476 4455 756 4495 armorum
794 4455 994 4511 genere
1051 4442 1326 4497 terribilis.
1370 4443 1446 4499 De
1482 4442 1680 4512 quibus
1718 4443 1823 4497 Lu-

241 4543 408 4586 canus
430 4548 446 4585 :

359 4641 482 4693 Hinc
503 4643 667 4694 Dacus
689 4649 899 4707 premat,
921 4644 1037 4693 inde
1060 4642 1217 4695 Getes
1238 4651 1460 4696 occurrat
1480 4643 1661 4697 lberis.

243 4744 367 4801 Daci
413 4755 595 4801 autem
636 4744 896 4803 Getarum
925 4746 1138 4802 soboles
1166 4747 1403 4812 fuerunt,
1431 4754 1488 4802 et
1523 4748 1698 4804 dictos
1727 4764 1826 4818 pu-

246 4845 358 4891 tant
395 4837 571 4894 Dacos
617 4839 772 4908 quasi
821 4838 1016 4908 Dagos,
1055 4837 1184 4908 quia
1215 4837 1284 4892 de
1322 4837 1623 4893 Gothorum
1654 4839 1823 4908 stirpe

242 4932 398 4986 creati
425 4940 577 4995 sunt,
604 4931 671 4986 de
695 4930 894 5000 quibus
919 4930 1008 4985 ille
1033 4946 1045 4983 :

392 5038 489 5091 Ibis
508 5042 716 5091 Arctoos
739 5039 904 5102 procul
938 5051 1097 5102 usque
1122 5038 1299 5089 Dacos.

314 5142 455 5200 Bessi
484 5143 706 5200 barbari
734 5142 969 5207 fuerunt,
998 5142 1088 5211 qui
1118 5156 1149 5195 a
1180 5140 1523 5196 multitudine
1554 5141 1717 5196 boum
1745 5139 1826 5195 sic

245 5237 415 5293 vocati
436 5237 754 5294 creduntur.
776 5233 853 5289 De
879 5234 1077 5304 quibus
1100 5232 1322 5303 quidam
1349 5250 1362 5285 :

425 5369 517 5428 Qui
536 5366 653 5418 colit
676 5374 825 5417 terra:
847 5368 1029 5428 medio,
1055 5366 1134 5415 vel
1161 5366 1248 5417 ille
1339 5344 1345 5349 ι

417 5430 593 5482 Divitis
618 5430 774 5480 multo
797 5434 922 5479 hove
953 5430 1164 5491 pileatus

673 5492 848 5542 Accola
868 5498 1007 5556 ripae.

321 5593 539 5666 Gepides
570 5598 811 5670 pedestri
839 5598 1023 5670 praelia
1047 5595 1219 5667 magis
1242 5608 1406 5667 quam
1434 5591 1675 5664 equestri
1696 5600 1822 5647 sunt

248 5689 349 5748 usi.
369 5705 434 5746 ex
460 5692 563 5748 hac
580 5706 754 5769 causa
774 5690 970 5744 vocati.

319 5778 576 5837 Sarmatae
602 5781 909 5849 patentibus
949 5779 1158 5851 campis
1186 5777 1379 5835 armati
1424 5776 1819 5848 inequitabant.

1921 1955 2130 2012 feroces
2188 1955 2387 2020 animi,
2430 1963 2487 2010 et
2539 1970 2756 2025 semper
2811 1956 3089 2023 indomiti,
3138 1965 3294 2028 raptu
3344 1971 3512 2012 vena—

1921 2054 2086 2117 tuque
2134 2046 2394 2101 viventes.
2441 2045 2642 2100 Horum
2682 2046 2929 2116 plurimae
2969 2055 3177 2119 gentes,
3213 2047 3380 2102 variae
3420 2062 3515 2101 ar-

1920 2138 2048 2204 mis,
2087 2137 2380 2194 discolores
2420 2137 2640 2203 habitu,
2686 2137 2882 2208 linguis
2922 2138 3179 2201 dissonae,
3209 2146 3265 2192 et
3303 2136 3514 2213 origine

1918 2228 2303 2285 vocabulorum
2357 2227 2577 2283 incerta:
2622 2242 2637 2281 :
2688 2235 2750 2282 ut
2797 2228 3137 2295 Tolleraces,
3199 2229 3469 2284 Amsivari
3494 2267 3514 2296 ,

1920 2321 2131 2389 Quadi,
2190 2320 2433 2391 Tungri,
2488 2320 2896 2387 Marcomanni,
2951 2320 3205 2387 Bruteri,
3259 2319 3513 2386 Camasi,

1919 2410 2202 2484 Blangioni
2249 2422 2303 2467 et
2328 2411 2604 2478 Ubantes;
2642 2427 2873 2482 quorum
2903 2412 3218 2468 immanitas
3244 2412 3514 2467 barbaria:

1920 2501 2086 2555 etiam
2123 2500 2178 2556 in
2218 2500 2349 2571 ipsis
2384 2500 2663 2556 vocabulis
2700 2500 2982 2556 horrorem
3016 2500 3309 2572 quemdam
3346 2499 3517 2572 signi-

1922 2589 2067 2646 ﬂeat.

1994 2679 2160 2736 Suevi
2188 2696 2316 2751 pars
2342 2681 2741 2737 Germanorum
2772 2679 2996 2738 fuerunt
3037 2680 3092 2737 in
3134 2680 3242 2736 line
3269 2679 3507 2752 Septen-

1923 2773 2142 2841 trionis,
2173 2774 2241 2828 de
2268 2771 2468 2843 quibus
2499 2771 2756 2827 Lucanus
2783 2789 2797 2825 :

2046 2885 2229 2937 Fundit
2253 2885 2314 2935 ab
2338 2893 2563 2936 extremo
2586 2884 2756 2945 ﬂavos,
2780 2884 2841 2932 ab
2869 2881 3108 2944 Aquilone
3129 2870 3356 2942 Suevos;

1921 3005 2152 3062 quorum
2184 2989 2354 3046 fuisse
2384 2999 2604 3046 centum
2626 3003 2792 3060 pagos
2822 2997 2877 3043 et
2904 2987 3129 3059 populos
3152 2986 3304 3041 multi
3333 2984 3518 3055 prodi-

1923 3082 2140 3137 derunt.
2175 3082 2317 3136 Dicti
2345 3088 2527 3135 autem
2565 3078 2727 3135 Suevi
2754 3088 3015 3150 putantur
3042 3093 3074 3132 a
3104 3084 3289 3132 monte
3314 3076 3517 3143 Suevo,

1924 3174 2017 3245 qui
2048 3176 2118 3229 ab
2150 3182 2272 3228 ortu
2297 3173 2429 3230 solis
2459 3173 2673 3227 initium
2698 3171 3004 3228 Germaniae
3029 3169 3194 3237 facit,
3224 3167 3377 3238 cujus
3398 3168 3517 3225 loca

1925 3264 2287 3321 incoluerunt.
2676 3276 2685 3286 "

1992 3353 2421 3424 Burgundiones,
2450 3355 2724 3424 quondam
2751 3369 2783 3409 a
2809 3352 3071 3408 Romanis
3109 3352 3333 3407 subacta
3376 3350 3520 3405 inte-

1922 3442 2052 3499 riori
2075 3444 2392 3510 Germania,
2425 3458 2522 3515 per
2544 3451 2854 3500 castrorum
2882 3442 3082 3497 limites
3109 3440 3270 3511 positi
3294 3455 3325 3494 a
3352 3439 3516 3494 Tibe-

1922 3537 2006 3591 rio
2025 3534 2258 3600 Cmsare,
2282 3536 2335 3590 in
2360 3550 2608 3606 magnam
2628 3534 2947 3590 coaluerunt
2973 3540 3210 3602 gentem,
3241 3538 3405 3600 atque
3433 3530 3511 3585 ita

1923 3642 2117 3682 nomen
2148 3643 2210 3682 ex
2243 3625 2376 3681 locis
2406 3633 2781 3697 sumpserunt;
2810 3625 2939 3694 quia
2966 3623 3158 3679 crebra
3182 3637 3281 3691 per
3309 3620 3511 3675 limites

1922 3715 2230 3772 habitacula
2249 3716 2570 3782 constituta,
2597 3715 2788 3786 burgos
2812 3714 2978 3787 vulgo
2999 3720 3215 3768 vocant.
3241 3710 3308 3766 Ili
3332 3720 3518 3780 postea

1922 3808 2154 3865 rebelles
2203 3808 2461 3863 Romanis
2507 3807 2686 3864 eﬂ‘ecti
2716 3807 3003 3878 plusquam
3030 3805 3305 3876 octoginta
3350 3803 3519 3858 millia

1923 3906 2256 3953 armatorum
2279 3898 2410 3968 ripae
2439 3897 2611 3953 Rheni
2647 3896 2795 3951 ﬂuvii
2822 3898 3139 3953 insederunt
3163 3933 3179 3957 .
3216 3900 3274 3949 et
3316 3906 3517 3948 nomen

1923 3988 2099 4059 gentis
2126 3987 2502 4042 obtinuerunt.

1996 4076 2272 4132 Saxonum
2304 4091 2441 4149 gens
2463 4076 2516 4130 in
2549 4074 2825 4131 Oceanum
2866 4074 3140 4129 littoribus
3159 4080 3215 4128 et
3237 4071 3521 4143 paludibus

1923 4168 2107 4233 inviis,
2133 4167 2335 4223 virtute
2361 4177 2523 4237 atque
2546 4166 2786 4238 agilitate
2812 4165 3011 4220 habilis
3039 4182 3051 4218 :
3085 4165 3227 4218 unde
3252 4170 3310 4218 et
3334 4163 3519 4233 appel-

1922 4263 2066 4327 lata,
2101 4260 2244 4331 quod
2283 4261 2355 4315 sit
2398 4260 2594 4314 durum
2638 4265 2695 4313 et
2722 4257 3115 4312 validissimum
3150 4266 3319 4324 genus
3343 4254 3522 4309 homi-

1923 4370 2079 4417 num,
2106 4361 2162 4409 et
2183 4360 2446 4423 praestans
2480 4349 2694 4406 caeteris
2716 4347 2980 4420 piraticis.

1994 4467 2194 4523 Franci
2240 4482 2271 4521 a
2316 4465 2549 4536 quodam
2581 4463 2801 4535 proprio
2830 4463 2967 4518 duce
3005 4459 3191 4516 vocari
3217 4467 3515 4530 putantur:

1848 4557 2016 4617 Dalii
2058 4572 2154 4614 eos
2193 4572 2223 4612 a
2273 4556 2488 4612 feritate
2535 4570 2747 4610 morum
2794 4560 3136 4624 nuncupatos
3181 4551 3516 4606 mistimanl.

1930 4650 2069 4705 Sunt
2092 4648 2238 4703 enim
2267 4648 2321 4702 in
2353 4646 2459 4702 illis
2491 4661 2670 4701 mores
2700 4644 2960 4701 inconditi
2981 4683 2997 4705 .
3027 4641 3292 4698 naturalis
3323 4641 3521 4697 feroci-

1928 4747 2014 4793 tas
2043 4738 2375 4793 animorum.

2000 4828 2248 4883 Britones
2291 4828 2513 4898 quidam
2567 4826 2764 4882 Latine
2813 4824 3125 4880 nominatos
3172 4822 3522 4892 suspicantur

1925 4933 1990 4972 eo
2034 4916 2176 4987 quod
2218 4917 2362 4972 bruti
2427 4919 2536 4973 sint
2574 4935 2588 4970 :
2631 4931 2767 4988 gens
2822 4914 2965 4969 intra
3021 4913 3294 4970 Oceanum
3353 4911 3521 4964 inter-

1931 5006 2047 5063 iuso
2072 5007 2209 5062 mari
2235 5008 2393 5078 quasi
2416 5015 2569 5062 extra
2594 5008 2786 5063 orbem
2824 5006 3000 5076 posita
3018 5044 3032 5068 ,
3071 5004 3139 5058 de
3174 5002 3371 5072 quibus
3396 4998 3521 5054 Vir-

1927 5098 2091 5169 gilius
2117 5117 2131 5153 :

2485 5209 2615 5265 Toto
2638 5209 2819 5260 divisos
2841 5206 2965 5257 orbe
2986 5205 3269 5255 Britannos.

1998 5312 2147 5369 Si‘Oli
2192 5312 2410 5384 propria
2460 5312 2644 5382 lingua
2674 5324 2873 5366 nomen
2916 5306 3122 5362 habent
3154 5322 3187 5358 a
3223 5305 3371 5373 picto
3398 5315 3520 5357 cor-

1924 5420 2076 5475 pore,
2107 5419 2173 5459 eo
2225 5404 2369 5474 quod
2400 5403 2602 5459 aculeis
2634 5402 2828 5457 ferreis
2852 5415 2973 5455 cum
3001 5407 3308 5454 atramento
3337 5395 3520 5450 varia-

1928 5511 2044 5550 rum
2074 5495 2370 5567 ﬁgurarum
2396 5495 2648 5566 stigmate
2673 5494 3020 5548 adnotentur.

1994 5584 2129 5641 Galli
2159 5601 2189 5640 a
2216 5587 2450 5641 candore
2470 5584 2713 5655 corporis
2741 5583 3032 5653 nuncupati
3054 5588 3206 5637 sunt:
3231 5580 3349 5651 gula
3372 5581 3521 5634 enitn

1926 5677 2113 5735 Graece
2140 5679 2223 5734 lac
2249 5679 2486 5735 dicitur:
2522 5677 2665 5733 unde
2690 5684 2747 5733 et
2775 5673 2967 5747 sibylla
2999 5673 3079 5730 sic
3118 5687 3213 5728 eos
3250 5669 3516 5742 appellat,

1927 5785 2050 5825 cum
2077 5771 2151 5826 ait
2184 5771 2250 5829 de
2273 5772 2354 5829 eis
2381 5789 2394 5826 :
