3974 6188
395 305 502 363 “3

1195 410 1332 464 Tunc
1354 410 1508 462 lactea
1531 409 1652 459 colla

650 474 780 526 Auro
814 476 1134 526 innectuntur
1159 489 1174 534 ;

397 578 694 637 secundum
723 577 1094 634 diversitatem
1117 577 1264 632 enim
1289 574 1414 630 cadi
1436 583 1492 629 et
1511 572 1677 629 facies
1701 572 1980 627 hominum

395 680 450 728 et
481 669 690 726 colores
716 678 773 724 et
799 683 1086 740 corporum
1113 666 1462 738 quantitates,
1489 673 1546 720 et
1571 664 1872 748 animomm
1898 663 1981 720 di-

399 762 686 816 versitates
727 759 988 815 existunt.
1031 759 1160 814 lude
1204 757 1482 812 Romanos
1512 771 1735 828 graves,
1765 754 1981 811 Griecos

398 851 736 917 leves,Afros
764 850 1091 923 versipelles,
1122 849 1304 906 Gallos
1331 857 1521 904 natura
1555 847 1782 914 feroces,
1809 848 1982 902 acrio-

399 958 484 999 res
539 943 755 1016 ingenio
810 943 1188 1014 pervidemus;
1250 939 1394 1010 quod
1450 947 1648 994 natura
1700 938 1981 996 climatum

331 1013 344 1024 ’
401 1031 550 1087 facit.

465 1121 600 1177 Galli
624 1130 803 1178 autem
829 1122 1090 1188 Senones,
1121 1121 1420 1192 antiquitus
1443 1119 1698 1176 Xenones
1724 1119 1976 1176 diceban-

395 1221 503 1279 tur,
538 1215 683 1284 quod
717 1213 970 1270 Liberum
995 1214 1226 1284 hospitio
1254 1213 1622 1284 recepissent:
1649 1219 1838 1282 postea
1862 1227 1900 1268 π
1923 1213 1981 1268 in

389 1323 417 1360 ε
443 1306 676 1361 litteram
705 1315 1033 1362 commutata
1064 1314 1167 1360 est.

463 1397 645 1455 Vacca
671 1398 926 1466 oppidum
971 1397 1068 1451 fuit
1087 1397 1242 1469 juxta
1268 1396 1581 1468 Pyrenzeum
1605 1437 1618 1462 ,
1655 1411 1685 1451 a
1720 1412 1828 1468 quo
1856 1405 1981 1452 sunt

1034 302 1100 360 Β.
1137 299 1391 358 HABANI
1430 297 1649 356 HAUHI
1686 293 2007 353 AltCHlEP.
2052 291 2360 352 MOGUNT.
2401 289 2688 350 OPERUM
2725 289 2906 346 PARS
2943 289 3009 346 ll.

2010 410 2055 468 Λ
2083 418 2114 461 c
2133 404 2551 476 msanguinitate
2583 403 2915 474 propinquos
2937 403 3042 458 sibi
3070 415 3284 459 vocare.
3310 404 3548 462 Africam
3574 422 3672 463 au-

3575 304 3636 367 Η
3649 307 3672 362 ί

2083 506 2192 554 tem
2220 499 2273 553 in
2295 499 2450 554 initio
2470 513 2665 554 nomen
2681 498 2921 554 habuere
2943 498 3158 572 Libyes,
3183 498 3376 556 deinde
3389 499 3530 566 Afri,
3553 511 3682 571 post

2083 589 2187 644 hoc
2207 589 2700 661 Getuli,postremo
2722 588 2894 644 Mauri
2921 597 2978 646 et
3001 588 3266 644 Numidae.
3297 589 3470 646 Mauri
3493 601 3547 646 et
3567 591 3681 646 Nu-

2081 678 2240 734 mida:
2261 679 2342 752 (ut
2357 678 2474 734 Afri
2493 679 2710 750 putant)
2731 679 2812 734 sic
2831 686 3182 749 sumpserunt
3202 680 3486 734 exordium
3507 689 3564 735 et
3583 697 3678 736 vo-

2079 770 2355 828 cabulum.
2372 769 2510 826 Nam
2525 781 2807 842 postquam
2823 772 2878 827 in
2895 771 3150 842 Hispania
3167 771 3429 830 Hercules
3443 775 3674 836 interiit.

2079 871 2135 916 et
2145 861 2416 918 exercitus
2427 860 2542 931 ejus
2557 863 2895 934 compositus
2916 879 2986 918 ex
3005 863 3173 918 variis
3185 865 3452 934 gentibus,
3469 867 3679 923 amisso

2081 953 2247 1019 duce,
2270 953 2472 1024 passim
2501 953 2606 1008 sibi
2631 952 2786 1008 sedes
2806 952 3136 1023 quaerebant,
3171 963 3226 1010 et
3252 971 3322 1010 ex
3350 969 3416 1011 eo
3443 971 3674 1012 numero

2082 1041 2244 1110 Medi,
2265 1043 2444 1100 Persae
2467 1053 2522 1100 et
2559 1043 2782 1100 Armeni
2809 1045 3036 1102 navibus
3061 1045 3304 1101 Africam
3332 1049 3671 1113 transvecti,

2079 1135 2324 1206 proxima
2344 1135 2480 1191 mari
2505 1135 2624 1192 loca
2647 1152 3000 1209 occupavere.
3017 1135 3124 1193 Sed
3147 1137 3328 1192 Persae
3349 1139 3475 1193 dum
3502 1147 3678 1193 matc-

2081 1227 2218 1296 riant
2241 1227 2295 1282 in
2325 1227 2474 1298 agris
2497 1243 2598 1300 pro
2620 1229 2998 1286 construendis
3016 1229 3300 1284 domiciliis
3325 1245 3433 1286 non
3455 1229 3676 1285 inveni-

2081 1327 2232 1382 rent,
2255 1326 2312 1374 et
2341 1319 2522 1387 ignota
2549 1319 2729 1391 lingua
2762 1321 3148 1376 commercium
3194 1321 3548 1392 prohiberet:
3572 1336 3676 1391 per

2078 1421 2326 1484 patentes
2349 1429 2510 1486 agros
2533 1425 2589 1471 et
2619 1416 2862 1472 diversas
2883 1415 3201 1472 solitudines
3231 1416 3593 1487 vagabantur,
3614 1423 3673 1471 et

394 1492 763 1564 cognominati
809 1491 1016 1547 Vaccaei
1045 1532 1059 1556 ,
1117 1492 1186 1546 de
1237 1492 1436 1562 quibus
1491 1490 1732 1545 creditur
1779 1490 1968 1546 dixisse

2085 1507 2637 1577 perambulationibus
2675 1509 3043 1580 vagabundis,
3088 1509 3410 1578 semetipsos
3449 1509 3674 1580 propria

392 1594 550 1654 poeta
584 1602 597 1638 :

1103 1673 1321 1737 Lateque
1348 1679 1583 1736 vagantes

642 1735 796 1787 Vacci
813 1737 848 1786 l.

392 1841 454 1896 lli
483 1841 724 1912 Pyrcnzei
744 1840 887 1912 jugis
924 1839 1256 1912 peramplam
1290 1840 1488 1894 montis
1513 1840 1762 1894 habitant
1787 1840 1972 1894 solitu—

388 1934 568 1988 dinem
595 1949 611 1988 :
644 1934 806 1989 iidem
845 1943 901 1988 et
936 1933 1245 2000 Vascones,
1285 1933 1438 2003 quasi
1468 1934 1744 1988 Vaccones
1763 1975 1778 1999 ,
1805 1951 1834 1988 ε
1863 1934 1916 1988 in
1945 1949 1970 1988 ε

390 2023 623 2080 litteram
671 2025 980 2092 demutata;
1027 2041 1166 2097 quos
1217 2024 1396 2081 Cacus
1457 2025 1778 2096 Pompeius,
1843 2025 1964 2082 edo-

389 2115 516 2169 mita
551 2115 842 2185 Hispania,
891 2115 956 2170 ad
1003 2115 1332 2186 triumplmm
1371 2116 1548 2170 redire
1591 2115 1876 2182 festinans,
1905 2116 1973 2171 de

391 2205 630 2276 Pyrenmi
652 2205 798 2277 jugis
828 2206 1094 2278 deposuit,
1121 2205 1252 2260 etin
1275 2221 1443 2260 nmnn
1469 2206 1723 2276 oppidum
1745 2221 1972 2278 congre-

387 2296 571 2364 gavit:
603 2297 746 2351 unde
791 2305 846 2352 ct
889 2313 1256 2353 convenarum
1315 2298 1446 2350 urbs
1497 2311 1691 2351 nomen
1739 2297 1966 2366 accepit.

387 2385 608 2456 Hispani
659 2387 727 2442 ab
774 2386 930 2442 lbero
979 2402 1137 2441 amne
1188 2387 1420 2456 primum
1467 2386 1633 2452 Iberi,
1671 2395 1855 2456 postea
1900 2387 1969 2442 ab

387 2475 604 2546 lli-palo
629 2475 850 2546 Hispani
879 2477 1243 2548 cognominati
1267 2485 1412 2530 sunt.

455 2567 658 2623 Galleci
701 2583 734 2622 a
775 2569 1012 2624 candore
1051 2569 1215 2632 dicti,
1257 2568 1398 2623 unde
1445 2577 1501 2622 et
1541 2569 1712 2634 Galli;
1745 2569 1968 2639 reliquis

383 2657 526 2710 enim
551 2655 818 2726 Hispania:
843 2657 1053 2728 populis
1075 2658 1414 2714 candidiores
1436 2659 1695 2714 existunt.
1723 2659 1787 2715 Hi
1818 2659 1968 2716 Gne-

384 2763 501 2803 cam
535 2747 635 2802 sibi
669 2748 931 2820 originem
963 2759 1215 2805 asserunt
1239 2791 1253 2815 ,
1285 2753 1428 2806 unde
1455 2761 1510 2807 et
1539 2753 1771 2808 naturali
1813 2753 1962 2822 inge-

386 2841 476 2897 niu
503 2843 738 2898 callent:
765 2845 809 2899 si
849 2843 938 2914 qui
963 2845 1064 2899 'em
1090 2853 1210 2914 post
1233 2843 1394 2900 finem
1418 2843 1634 2914 Trojani
1673 2845 1796 2900 belli
1825 2846 1964 2900 Teu-

383 2951 534 2992 crum
560 2946 731 2992 morte
771 2936 952 3006 Ajacis
993 2936 1174 2991 fratris
1214 2937 1445 2992 invisum
1483 2938 1626 3007 patri
1657 2936 1962 3004 Telamoni,

381 3027 510 3083 dum
555 3043 661 3082 non
703 3028 1036 3097 reciperetur
1079 3027 1132 3082 in
1164 3043 1428 3098 regnum,
1457 3028 1690 3099 Cyprum
1738 3044 1962 3084 conces-

2078 1599 2260 1671 lingua
2298 1599 2559 1656 Numidas
2602 1601 3030 1672 appellaverunt,
3067 1601 3120 1656 id
3143 1609 3260 1661 est.
3305 1600 3424 1656 sine
3472 1601 3676 1671 oppido

2081 1710 2246 1766 vagos
2273 1702 2328 1749 et
2349 1703 2614 1751 errantes.
3319 1701 3362 1764 ἢ

2007 1759 2054 1818 Β
2152 1759 2290 1840 Hedi
2320 1795 2500 1841 autem
2529 1803 2652 1842 eum
2680 1786 2867 1860 Libyis
2891 1803 2952 1844 se
2977 1759 3454 1857 miscuerunt,qui
3478 1785 3672 1856 proxi-

2075 1895 2215 1934 mam
2245 1879 2557 1948 Hispaniam
2581 1879 2979 1948 inhabitabant,
2994 1895 3244 1952 'quorum
3265 1895 3462 1936 nomen
3485 1879 3674 1951 paula-

2075 1970 2170 2025 tim
2195 1969 2390 2043 Libycs
2427 1980 2808 2042 corruperunt,
2848 1972 3080 2028 barbara
3114 1971 3294 2042 lingua
3325 1970 3540 2026 Mauros
3565 1987 3676 2042 pro

2074 2062 2244 2120 Medis
2278 2065 2610 2136 appellantes
2635 2107 2650 2130 ,
2685 2066 2812 2121 licet
2848 2064 3020 2121 Mauri
3061 2065 3131 2121 ob
3167 2065 3404 2120 colorem
3439 2079 3470 2118 a
3507 2061 3668 2119 Gne-

2072 2151 2151 2206 cis
2189 2161 2450 2209 vocentur
2481 2173 2495 2209 :
2529 2155 2702 2211 Graeci
2737 2155 2882 2210 enim
2920 2157 3134 2229 nigrum
3169 2172 3398 2211 mauron
3443 2164 3665 2210 vocant.

2073 2240 2335 2299 Estil‘ero
2372 2244 2570 2316 quippe
2605 2245 2789 2302 calore
2827 2245 2992 2302 amati
3037 2247 3280 2318 speciem
3320 2245 3423 2300 atri
3465 2245 3672 2302 coloris

2072 2335 2300 2390 ducunt.

2141 2427 2375 2484 Massilia
2404 2429 2597 2486 civitas
2623 2427 2821 2486 Africae
2865 2439 2950 2487 est
2986 2447 3092 2488 non
3127 2431 3286 2503 longe
3333 2431 3403 2486 ab
3443 2431 3672 2486 Atlante

2069 2529 2126 2574 et
2157 2519 2328 2576 hortis
2357 2519 2713 2593 HeSperidum
2739 2541 2752 2577 :
2778 2539 2808 2578 a
2839 2539 2945 2594 qua
2972 2508 3191 2580 civitate
3220 2523 3459 2596 Massylii
3483 2525 3669 2581 vocati

2069 2618 2194 2665 sunt
2211 2651 2226 2674 ,
2262 2627 2398 2682 quos
2422 2629 2522 2668 nos
2548 2623 2800 2684 corrupte
2823 2615 3086 2672 Massulas
3113 2630 3410 2672 vocamus:
3439 2617 3508 2671 de
3531 2614 3664 2686 qui-

2068 2701 2172 2756 bus
2207 2699 2462 2774 Virgilius
2488 2721 2504 2771 ;

2191 2813 2320 2864 Hinc
2341 2815 2459 2867 mihi
2488 2815 2706 2880 Massylae
2731 2821 2896 2882 gentis
2919 2826 3184 2871 monstrata
3207 2821 3452 2871 sacerdos.

2137 2913 2368 2972 Gaulalii
2415 2927 2604 2989 gentes
2640 2929 2766 2975 sunt
2805 2936 2839 2976 a
2883 2924 3110 2978 meridie
3157 2939 3328 2994 usque
3377 2922 3666 2978 Oceanum

2066 3003 2424 3076 Hesperidum
2456 3019 2813 3080 pervagantes
2841 3029 2854 3065 :
2887 3012 2974 3067 his
3001 3029 3198 3068 nomen
3246 3012 3452 3070 Gauloe
3482 3013 3664 3068 insula

381 3121 540 3187 ﬁsse,
575 3120 757 3192 ibique
782 3096 969 3174 “mm
1001 3096 1704 3189 n0,n§nc"amiqme‘ﬁamm
1731 3118 1964 3174 Summi-
1994 3122 2039 3184 C
2072 3096 2216 3192 dedit
2241 3112 2360 3166 qua:
2387 3105 2470 3152 est
2487 3096 2643 3192 juxta
2663 3099 2996 3172 Ethiopiam
3015 3142 3030 3167 ,
3065 3102 3156 3157 ubi
3187 3119 3286 3158 nec
3308 3117 3535 3174 serpens
3566 3118 3664 3158 na.

384 3227 509 3265 nam
529 3211 835 3267 condidisse
871 3211 1068 3270 ferunt,
1097 3210 1218 3264 inde
1251 3211 1318 3265 ad
1348 3209 1612 3265 Galatiam
1646 3209 1966 3278 profectum,

379 3301 640 3372 expositis
667 3299 886 3356 sedibus
915 3314 980 3354 ex
1015 3299 1136 3356 loco
1163 3299 1307 3369 genti
1339 3314 1533 3354 nomen
1561 3297 1796 3354 delisse.

453 3391 680 3446 Astures
701 3406 832 3462 gens
855 3390 1145 3461 Hispanize,
1168 3390 1344 3445 vocati
1369 3405 1457 3455 eo,
1481 3389 1606 3460 quia
1631 3390 1778 3445 circa
1805 3390 1967 3446 Astu-

385 3498 496 3536 rem
530 3481 758 3551 ﬂumen,
795 3484 934 3554 septi
973 3483 1245 3539 montibus
1281 3483 1536 3554 silvisque
1573 3485 1780 3540 crebris
1817 3485 1972 3540 inha-

383 3575 576 3632 bitcnt.

453 3667 710 3725 Cantabri
735 3685 867 3741 gens
897 3671 1186 3741 Hispania),
1217 3687 1248 3725 a
1277 3671 1538 3726 vocabulo
1565 3671 1715 3726 urbis
1741 3681 1794 3727 et
1829 3672 1966 3728 lberi

381 3761 593 3827 auinis,
622 3761 711 3817 cui
747 3762 989 3817 insidunt
1023 3761 1316 3832 appellati:
1350 3763 1541 3817 borum
1585 3763 1798 3817 animus
1841 3778 1968 3833 per-

384 3852 535 3907 tinax
571 3853 744 3925 magis
777 3855 844 3908 ad
869 3853 1299 3908 latrocinandum
1330 3860 1386 3908 et
1414 3853 1481 3908 ad
1513 3851 1823 3908 bellandum
1845 3893 1860 3919 ,
1887 3855 1969 3909 vel

383 3946 451 4000 ad
481 3946 887 4018 perpetiendum
915 3947 1138 4002 verbera
1168 3959 1382 4016 semper
1412 3945 1610 4015 parati.

455 4057 711 4113 Celtiberi
733 4073 800 4112 ex
830 4057 996 4114 Gallis
1017 4056 1234 4112 Celticis
1261 4055 1496 4122 fuerunt,
1520 4071 1749 4126 quorum
1773 4071 1840 4110 ex
1872 4071 1968 4110 no-

385 4149 532 4204 mine
557 4150 825 4222 appellata
854 4158 938 4204 est
959 4149 1107 4220 regio
1136 4148 1448 4204 Celtiberia.
1472 4146 1606 4201 Nam
1649 4161 1713 4200 ex
1748 4145 1968 4202 [ltitnine

385 4239 656 4310 Hispania:
681 4240 835 4296 Ibero
855 4281 870 4306 ,
908 4241 996 4295 ubi
1031 4239 1420 4304 consederunt,
1463 4247 1517 4292 et
1545 4252 1612 4292 ex
1637 4235 1806 4292 Gallis
1829 4277 1842 4301 ,
1871 4237 1962 4305 qui

379 4329 570 4386 Celtici
593 4331 934 4396 dicebantur,
961 4332 1124 4386 misto
1153 4340 1384 4401 utroque
1398 4329 1684 4395 vocabulo,
1708 4329 1960 4386 Celtiberi

383 4423 672 4491 nuncupati
699 4431 844 4476 sunt.

454 4509 568 4563 Afri
595 4512 845 4580 appellati
875 4513 945 4566 ab
975 4529 1082 4566 uno
1111 4528 1176 4568 ex
1204 4511 1436 4584 posteris
1455 4511 1688 4566 Abrahae
1707 4551 1722 4574 ,
1743 4511 1835 4580 qui
1865 4527 1963 4567 vo-

382 4599 610 4655 cabatur
637 4599 786 4665 Afer,
825 4601 916 4669 qui
955 4601 1155 4656 dicitur
1189 4602 1405 4657 duxisse
1443 4601 1702 4658 adversus
1740 4603 1964 4674 Libyam

381 4689 712 4754 exercitum,
750 4699 806 4744 et
839 4691 912 4745 ibi
962 4691 1118 4745 victis
1164 4692 1408 4748 hostibus
1446 4692 1790 4756 consedisse,
1823 4695 1966 4761 ejus-

381 4793 489 4851 que
527 4787 776 4850 posteros
811 4794 878 4834 ex
925 4781 1142 4837 nomine
1185 4781 1370 4836 atavi.
1417 4789 1472 4836 et
1515 4779 1677 4837 Afros
1724 4783 1963 4838 Africam

383 4885 746 4942 tutucupassc.

455 4964 826 5019 Parui/autem
871 4963 1327 5035 Carthaginenses
1373 4971 1499 5018 sunt
1543 4979 1573 5019 a
1618 4963 1965 5024 Phrenicibus

383 5057 696 5128 nuncupati,
741 5057 834 5127 qui
885 5073 1007 5112 cum
1053 5057 1259 5112 Didone
1305 5054 1532 5127 profecti
1585 5064 1710 5112 sunt
1753 5075 1766 5112 :
1817 5059 1962 5130 Tyrii

382 5161 512 5202 vero
542 5162 574 5202 a
601 5145 746 5218 Tyro
777 5148 912 5202 urbe
932 5146 1248 5203 Phoenicum
1278 5145 1566 5212 nominati,
1604 5147 1674 5202 de
1711 5161 1818 5218 qua
1839 5164 1965 5220 pro-

379 5234 508 5292 fecti
543 5247 688 5299 sunt,
715 5249 770 5294 et
798 5239 850 5294 in
877 5237 1076 5295 Africae
1104 5237 1258 5294 littus
1287 5246 1572 5294 venerunt.

449 5326 628 5385 Getuli
658 5329 808 5386 Getae
841 5329 1096 5386 dicuntur
1137 5329 1331 5396 fuisse,
1372 5329 1465 5400 qui
1509 5329 1710 5400 ingenti
1748 5329 1964 5401 agmine

379 5433 412 5475 a
439 5419 573 5476 locis
597 5421 710 5477 suis
735 5423 964 5478 navibus
1010 5422 1438 5478 conscendentes
1481 5421 1599 5476 loca
1633 5419 1875 5492 Syrtium
1905 5419 1960 5475 in

379 5510 546 5582 Libya
569 5521 970 5582 occupaverunt
997 5531 1008 5567 :
1033 5521 1088 5569 et
1115 5513 1238 5584 quia
1267 5528 1333 5570 ex
1354 5511 1506 5568 Getis
1531 5518 1810 5576 venerant,
1836 5509 1962 5566 inde

381 5603 627 5658 derivato
655 5605 870 5658 nomine
899 5603 1076 5659 Getuli
1116 5603 1481 5675 cognominati
1532 5609 1660 5657 sunt
1686 5616 1700 5654 :
1727 5601 1871 5656 unde
1904 5609 1960 5656 et

381 5692 562 5760 opinio
577 5701 678 5756 est,
695 5696 836 5762 apud
855 5695 1058 5750 Gothos
1081 5695 1150 5748 ab
1164 5696 1386 5764 antiqua
1400 5696 1720 5763 cognatione
1742 5693 1956 5749 Mauros

2073 3186 2244 3240 scitur
2272 3201 2444 3257 neque
2475 3188 2623 3244 vivit.

2141 3275 2498 3335 Garamantes
2533 3280 2715 3351 populi
2753 3280 2949 3336 Africa:
2979 3297 3148 3354 prope
3169 3281 3410 3354 Cyrenas
3440 3284 3662 3339 inhabi-

2073 3376 2284 3432 tantes,
2330 3383 2362 3422 a
2391 3368 2725 3428 Garamante
2749 3387 2874 3442 rege
2907 3372 3173 3444 Apollinis
3207 3373 3315 3428 [ilio
3351 3375 3618 3429 nominati
3641 3417 3662 3440 ,

2072 3457 2162 3527 qui
2193 3458 2263 3512 ibi
2311 3473 2378 3514 ex
2422 3474 2521 3514 suo
2557 3461 2774 3516 nomine
2803 3461 3036 3518 Garama
3076 3464 3331 3534 oppidum
3377 3467 3661 3532 condidit;

2073 3560 2198 3604 sunt
2225 3559 2406 3640 autem
2430 3551 2664 3628 proximi
2701 3553 2951 3624 gentibus
2979 3552 3321 3626 Ethiopum.
3348 3555 3424 3611 De
3462 3557 3666 3628 quibus

2078 3643 2332 3713 Virgilius
2359 3659 2372 3696 τ

2259 3757 2476 3810 Extreml
2510 3759 2848 3813 Garamantes.

2071 3863 2310 3918 Extremi
2337 3872 2539 3933 autem,
2562 3866 2689 3936 quia
2715 3867 2843 3923 saavi
2869 3874 2924 3924 et
2945 3881 2975 3922 a
3001 3867 3277 3925 consortio
3302 3867 3668 3930 humanitatis

2069 3960 2282 4014 remoti.

2139 4049 2385 4122 Hesperii
2410 4069 2541 4111 vero
2566 4063 2725 4120 sunt,
2753 4057 2844 4126 qui
2881 4057 3028 4112 circa
3063 4056 3379 4126 Hispaniam
3408 4073 3663 4114 comme-

2069 4148 2288 4204 rantur;
2319 4157 2442 4196 nam
2470 4141 2726 4212 Hispania
2754 4143 3010 4214 Hesperia
3041 4145 3260 4199 dicitur.

2138 4229 2420 4302 .‘Ethiopes
2441 4233 2569 4288 dicti
2607 4250 2637 4287 a
2663 4234 2771 4288 [ilio
2793 4234 2985 4298 Cham,
3013 4235 3103 4304 qui
3128 4243 3354 4289 vocatus
3375 4245 3465 4290 est
3486 4236 3660 4302 Chus,

2062 4335 2130 4374 ex
2159 4335 2266 4388 quo
2299 4321 2561 4392 originem
2594 4324 2833 4377 trahunt.
2864 4323 3008 4378 Chus
3047 4325 3192 4377 enim
3237 4321 3507 4379 Hebraica
3554 4325 3653 4380 lin-

2065 4425 2168 4481 gua
2192 4411 2441 4484 JEtbiops
2471 4413 2873 4484 interpretatur.
2911 4414 2974 4469 Hi
3007 4415 3278 4484 quondam
3303 4416 3374 4470 ab
3401 4415 3538 4472 Indo
3557 4415 3662 4471 llu-

2071 4501 2214 4556 mine
2250 4513 2639 4572 consurgentes
2675 4502 2831 4572 juxta
2878 4503 3171 4576 Egyptum
3211 4505 3354 4561 inter
3387 4505 3572 4562 Nilum
3601 4515 3662 4563 et

2068 4589 2342 4647 Oceanum
2371 4593 2424 4648 in
2453 4593 2676 4650 Meridie
2707 4596 2809 4649 sub
2840 4595 2954 4664 ipsa
2981 4596 3110 4650 solis
3135 4597 3414 4651 vicinitate
3443 4598 3662 4652 insede-

2069 4692 2224 4750 runt;
2251 4699 2479 4753 quorum
2510 4694 2621 4741 tres
2651 4697 2779 4741 sunt
2807 4687 2990 4756 populi
3019 4705 3030 4740 :
3059 4687 3316 4756 Hesperi,
3349 4687 3658 4744 Garaman-

2071 4785 2152 4831 tes
2197 4785 2254 4830 et
2297 4777 2432 4832 Indi.
2463 4777 2686 4846 Hesperi
2734 4788 2860 4833 sunt
2899 4778 3237 4844 Occidentis,
3288 4778 3657 4835 Garamantes

2071 4865 2322 4935 Tripolis,
2349 4867 2461 4923 [nili
2485 4868 2742 4924 Orientis.

2137 4958 2420 5028 [Ethiopes
2455 4960 2882 5030 interpretantur
2933 4961 3153 5016 tenebrae
3205 4959 3290 5016 vel
3341 4959 3546 5031 caligo,
3599 4961 3656 5016 id

2065 5059 2149 5105 est
2175 5051 2358 5120 impii,
2387 5051 2584 5121 quibus
2615 5051 2890 5118 diabolus,
2927 5052 3076 5108 velut
3123 5051 3362 5107 tenebris
3406 5052 3653 5107 circum-

2063 5149 2266 5212 septus,
2297 5142 2510 5197 incedit.

2137 5232 2475 5304 Troglodyue
2494 5249 2628 5306 gens
2657 5231 2976 5304 Ethiupum
3016 5234 3136 5290 ideo
3164 5233 3464 5302 nuncupati
3499 5241 3654 5299 sunt,

2065 5325 2209 5394 quod
2241 5332 2387 5380 tanta
2415 5325 2692 5381 celeritate
2725 5325 2951 5396 pollent,
2975 5333 3036 5380 ut
3073 5323 3215 5380 feras
3245 5339 3409 5380 cursu
3448 5323 3656 5394 pedum

2067 5423 2449 5486 assequamur.

2133 5505 2376 5578 Paniagii
2405 5517 2459 5562 et
2479 5505 2600 5560 Hini
2631 5505 2761 5578 [Al.,
2793 5504 2874 5578 hi]
2898 5505 2953 5560 in
2976 5503 3248 5574 IEthiopia
3277 5519 3424 5568 sunt,
3453 5505 3658 5572 quibus

2061 5613 2183 5652 esca
2205 5605 2312 5664 cst,
2339 5595 2596 5667 quidquid
2619 5595 2797 5650 mandi
2820 5602 3013 5664 potest,
3038 5603 3094 5648 et
3117 5592 3296 5647 omnia
3325 5591 3551 5646 fortuitu
3575 5592 3628 5662 gi

2063 5689 2280 5761 gucntia
2309 5709 2321 5744 :
2357 5686 2500 5743 unde
2535 5695 2590 5742 ct
2622 5685 2893 5755 appellati.
2943 5682 3350 5754 lchtbyophagi,
3379 5682 3528 5751 quod
3563 5697 3658 5736 ve-
