3974 6188
237 368 333 426 445

1204 368 1294 428 DE
1333 369 1681 429 UNIVERSO
1712 366 1896 428 LIBRI
1934 365 2099 426 XXII.
2140 401 2209 413 ο-
2248 369 2373 427 LIB.
2410 370 2545 429 XVI.

3397 376 3504 434 ιω

238 482 411 540 ualido
431 483 489 539 lu
505 481 648 541 mari
663 483 896 551 valeant,
926 492 982 542 et
1000 485 1239 556 piscibus
1260 494 1469 543 tantum
1483 488 1718 542 alantur.
1741 483 1809 539 Ri
1839 485 1887 545 Α
1912 495 2159 554 paratum
2181 493 2256 539 est
2282 486 2348 538 ab
2370 486 2571 554 origine
2599 485 2779 561 mundi
2808 483 3029 556 (Matth.
3060 485 3211 556 xxv).
3233 486 3500 547 Ctnteruni

239 584 353 644 post
377 575 539 632 lndos
562 585 853 633 montanas
876 577 1125 646 regiones
1156 586 1370 641 tenent,
1401 593 1538 648 quos
1567 577 1823 632 subactos

240 663 545 720 Alexander
572 665 798 737 Magnus
823 666 1066 737 piscibus
1098 668 1244 723 vesci
1282 667 1578 738 prohibuit.

299 753 778 828 Anthropophagi,
818 771 951 827 gens
978 757 1276 826 asperrima
1311 756 1413 812 sub
1437 758 1657 825 regione
1697 754 1821 827 Syri

240 843 477 920 [Serum]
502 846 714 901 consita
737 863 752 901 :
778 846 870 917 qui
897 846 1022 917 quia
1047 847 1296 901 humanis
1315 846 1571 902 carnibus
1592 860 1823 900 vescun-

240 946 355 1003 tur,
390 935 519 992 ideo
559 936 1005 1009 Anthropophagi
1045 938 1417 993 nominantur.
1456 937 1644 1008 Itaque
1681 938 1824 993 sicut

240 1018 340 1091 his,
354 1026 433 1080 ita
454 1026 930 1099 caeterisgentihus
950 1041 1050 1096 per
1068 1027 1283 1094 saecula,
1307 1036 1399 1082 aut
1420 1043 1449 1081 a
1474 1027 1709 1096 regibus,
1729 1022 1831 1079 aut‘

240 1132 268 1173 a
292 1117 443 1181 locis,
477 1125 571 1172 aut
591 1133 623 1173 a
653 1119 918 1185 moribus,
946 1128 1040 1173 aut
1058 1135 1124 1174 ex
1146 1118 1474 1188 quibuslibet
1494 1117 1614 1172 aliis
1641 1117 1822 1171 causis

242 1210 521 1265 immutata
551 1209 812 1265 vocabula
838 1220 1001 1264 sunt:
1032 1210 1105 1265 ita
1128 1218 1189 1264 ut
1219 1210 1390 1279 prima
1411 1209 1564 1279 origo
1586 1206 1821 1261 nominis

241 1315 421 1355 eorum
447 1309 754 1371 temporum
782 1309 1054 1357 vetustate
1077 1317 1184 1356 non
1222 1309 1422 1372 pateat.
1460 1300 1579 1355 .lam
1603 1315 1732 1354 vero
1762 1298 1819 1353 bi

241 1392 325 1462 qui
351 1392 652 1461 Antipodes
685 1391 939 1447 dicuntur
966 1408 1032 1447 eo
1056 1392 1199 1462 quod
1228 1392 1486 1447 contrarii
1514 1406 1637 1445 esse
1658 1389 1820 1445 vesti-

243 1480 337 1553 giis
382 1481 587 1537 nostris
637 1489 920 1551 putantur,
968 1481 1054 1535 vel
1102 1480 1258 1550 quasi
1298 1481 1401 1535 sub
1446 1480 1605 1534 terris
1656 1478 1817 1548 positi

243 1574 460 1628 adversa
480 1572 711 1643 pedibus
733 1572 936 1627 nostris
955 1572 1165 1627 calcent
1178 1571 1425 1641 vestigia,
1444 1569 1587 1624 nulla
1611 1569 1819 1623 ratione

244 1665 566 1721 eredendum
593 1684 607 1720 :
634 1664 761 1735 quia
788 1678 892 1719 nec
919 1662 1165 1718 soliditas
1190 1661 1413 1731 patitur,
1440 1674 1542 1714 nec
1569 1666 1816 1714 centrum

244 1764 410 1811 terrte.
438 1750 550 1810 Sed
594 1769 696 1810 nec
724 1752 832 1809 ulla
874 1753 980 1808 hoc
1007 1751 1252 1807 historiae
1284 1748 1596 1820 cognitione
1635 1748 1820 1803 ﬁrma-

1926 576 1979 631 in
2006 576 2110 632 hoc
2138 577 2338 632 mundo
2366 576 2453 631 illa
2482 590 2649 647 regna
2678 576 2969 632 laudabilia
2999 586 3160 641 sunt,
3188 593 3308 647 quae
3338 581 3505 649 subji-

1922 665 2143 721 ciuntur
2175 667 2289 737 regi
2319 680 2477 731 vero,
2509 665 2738 722 Domino
2766 667 3019 722 videlicet
3050 666 3300 735 Christo,
3327 671 3418 739 qui
3449 672 3501 726 in

1926 764 2041 813 toto
2067 757 2197 812 orbe
2218 766 2486 813 terrarum
2514 756 2568 811 in
2596 757 2849 827 gentibus
2878 766 2931 811 et
2968 757 3102 812 locis
3124 758 3352 813 diversis
3374 759 3503 814 dila—

1923 858 2045 905 tans
2072 849 2370 905 Ecclesiam
2402 850 2667 920 gubernat
2697 863 2762 903 ac
2788 849 2928 918 regit
2973 849 3273 904 secundum
3314 850 3505 905 volun-

1920 946 2090 993 tatem
2139 953 2314 993 suam.
2359 939 2441 993 Ad
2471 954 2592 1007 quae
2639 954 2806 1010 regna
2855 939 3095 1009 loquitur
3135 939 3409 1009 Propheta
3445 941 3500 993 in

1919 1030 2159 1099 psalmo,
2194 1031 2414 1086 dicens:
2445 1030 2623 1101 Regna
2667 1042 2839 1097 terrm,
2880 1040 3086 1085 cantate
3127 1031 3271 1096 Deo,
3301 1031 3506 1101 psallite

1919 1124 2174 1187 Domino,
2207 1124 2411 1193 psallite
2439 1124 2573 1187 Deo,
2602 1125 2690 1194 qui
2718 1124 2953 1177 ascendit
2981 1141 3137 1194 super
3159 1124 3312 1179 caelos
3341 1123 3501 1179 coelo-

1921 1230 2037 1267 rum
2066 1213 2135 1267 ad
2177 1212 2442 1268 Orientem
2479 1211 2651 1282 (Psal.
2686 1213 2877 1285 vau).
2909 1213 3104 1268 Dicens
3138 1215 3315 1278 enim,
3347 1230 3505 1284 regna

1920 1314 2092 1370 terrtv,
2117 1319 2277 1358 omne
2301 1319 2471 1374 genus
2504 1304 2801 1358 humanum
2827 1302 3134 1373 significare
3158 1303 3354 1368 voluit;
3380 1303 3506 1371 quia

1921 1396 2049 1451 licet
2074 1395 2184 1450 sint
2212 1404 2400 1462 gentes
2451 1410 2574 1463 quae
2606 1409 2710 1447 non
2739 1394 2977 1447 habeant
3000 1409 3176 1463 reges,
3204 1404 3383 1447 tamen
3405 1393 3506 1447 boc

1920 1488 2086 1541 verbo
2114 1485 2474 1549 concluditur,
2517 1483 2776 1554 quidquid
2806 1484 3049 1551 gentium
3090 1498 3209 1537 esse
3238 1483 3504 1547 sentitur;

1921 1576 2064 1645 quod
2089 1576 2307 1639 dicitur,
2334 1583 2570 1638 cantate,
2599 1573 2667 1627 ad
2701 1573 2897 1627 animae
2925 1572 3143 1642 respicit
3179 1573 3504 1642 puritatem;

1918 1665 2144 1735 psallite,
2173 1665 2241 1719 ad
2262 1679 2425 1733 opera
2455 1664 2796 1719 sanctissima
2815 1704 2829 1728 ,
2851 1679 3078 1733 quicque
3115 1662 3342 1717 Domino
3376 1677 3502 1732 pro-

1918 1755 2117 1810 bantur
2161 1763 2402 1824 accepta.
2437 1754 2540 1820 Qui
2577 1754 2809 1808 ascendit
2853 1770 3010 1825 super
3033 1752 3185 1808 eiulas
3208 1753 3456 1808 malorum
3480 1766 3500 1806 :

245 1854 362 1900 tur:
392 1845 491 1902 sed
534 1846 642 1901 hoc
683 1853 857 1916 poetae
883 1844 1038 1914 quasi
1078 1842 1455 1898 ratiocinando
1487 1840 1813 1910 con’jectant.
1846 1855 1893 1914 Β
1921 1845 2181 1901 Dominus
2212 1845 2418 1915 utique,
2448 1845 2541 1914 qui
2576 1844 2645 1900 de
2676 1845 2816 1900 coelo
2845 1845 3125 1901 descendit
3169 1846 3239 1900 ad
3272 1844 3508 1901 liberan-

244 1933 456 1990 Tita‘nes
505 1942 689 1989 autem
738 1934 1001 2004 quosdam
1049 1933 1105 1987 in
1159 1931 1368 1987 Graecia
1424 1928 1607 1986 lerunt
1653 1927 1820 1984 fuisse

242 2026 486 2080 robustos
515 2033 572 2081 et
591 2024 921 2081 excellentes
945 2024 1152 2079 viribus
1180 2024 1409 2094 populos
1429 2062 1445 2088 ,
1468 2036 1608 2093 quos
1639 2020 1821 2077 ferunt

244 2115 427 2171 fabula:
456 2116 530 2171 ab
556 2116 698 2171 irata
723 2124 913 2171 contra
942 2115 1071 2172 deos
1104 2124 1246 2170 terra
1291 2115 1359 2169 ad
1403 2113 1522 2183 ejus
1559 2114 1819 2169 ultionem

242 2215 446 2261 creatos
470 2224 485 2260 :
509 2206 655 2261 unde
689 2205 912 2261 Titanes
946 2206 1075 2262 dicti
1098 2214 1244 2271 sunt,
1278 2220 1382 2275 apo
1427 2214 1511 2260 tes
1542 2204 1735 2271 tiseos,
1766 2203 1819 2258 id

241 2304 336 2356 est,
362 2296 431 2351 ab
462 2295 693 2361 ultione,
718 2296 863 2365 quod
905 2296 1060 2365 quasi
1086 2295 1409 2350 ulciscenda:
1441 2293 1631 2349 matris
1662 2303 1821 2347 terrae

239 2400 390 2441 causa
417 2386 472 2440 in
504 2385 637 2441 deos
664 2384 856 2439 armati
886 2385 1215 2450 existerent,
1251 2400 1389 2455 quos
1412 2384 1605 2440 fabulae
1639 2398 1669 2438 a
1689 2383 1820 2437 Jove

240 2476 370 2532 bello
406 2474 576 2531 fuisse
596 2484 877 2545 superatos
900 2483 1062 2544 atque
1089 2475 1392 2530 exstinctos
1418 2473 1658 2545 ﬁngunt,
1688 2488 1816 2543 pro-

241 2574 354 2635 pter
386 2564 531 2635 quod
567 2564 633 2620 de
670 2563 810 2620 cualo
841 2564 1004 2634 jactis
1036 2562 1353 2620 fulminibus
1390 2563 1734 2619 interierunt.

844 2695 1072 2753 CAPUT
1112 2695 1199 2751 Ill.

593 2806 666 2866 De
702 2812 873 2882 regnis
898 2822 947 2866 et
974 2810 1177 2866 militia:
1199 2809 1483 2866 vocabulis.

304 2927 544 2998 Regnum
586 2941 618 2980 a
654 2926 870 2996 regibus
897 2925 1101 2980 dictum
1127 2939 1142 2977 :
1166 2939 1292 2977 nam
1323 2923 1465 2978 sicut
1500 2937 1652 2992 rcges
1677 2937 1707 2976 a
1735 2936 1817 2976 re-

239 3018 444 3089 guaudo
469 3017 647 3073 vocati
674 3034 686 3070 :
714 3017 787 3071 ita
822 3030 1047 3087 regnum
1084 3031 1116 3069 a
1154 3014 1388 3085 regibus.
1418 3012 1664 3082 Regnum
1692 3010 1816 3065 uni-

241 3123 405 3163 versa:
433 3109 683 3162 nationes
711 3107 825 3162 suis
853 3120 1080 3177 quaeque
1116 3104 1450 3174 temporibus
1476 3104 1813 3168 habuerunt,

1922 1937 2049 1992 dum
2078 1934 2411 1991 inﬁrmitatis
2444 1943 2643 1991 nostrae
2677 1944 2928 1991 naturam
2949 1977 2963 2002 ,
2997 1937 3112 2006 ipse
3146 1937 3310 1992 etiam
3345 1951 3509 2007 super

1921 2026 2181 2081 caelorum
2224 2025 2392 2080 caelos
2433 2027 2678 2080 ascendit
2712 2045 2724 2079 :
2762 2027 2887 2095 quia
2929 2027 3077 2081 sedet
3120 2029 3186 2082 ad
3229 2028 3506 2083 dexteram

1918 2116 2118 2171 Patris.
2146 2115 2225 2169 Ab
2254 2114 2485 2181 Oriente,
2510 2116 2661 2171 velut
2685 2118 2825 2186 quod
2859 2117 3019 2183 dixit,
3051 2116 3353 2175 Jerusalem
3388 2121 3504 2175 evi-

1920 2208 2110 2263 denter
2135 2208 2396 2271 ostendit,
2420 2222 2542 2277 qum
2570 2217 2651 2263 est
2694 2209 2747 2262 in
2777 2207 3017 2262 Orientis
3051 2210 3300 2278 partibus
3335 2210 3502 2264 collo-

1920 2307 2064 2363 cata.
2099 2298 2249 2354 Unde
2270 2299 2528 2354 Dominus
2557 2300 2821 2369 apostolis
2844 2300 3153 2355 videntibus
3176 2301 3420 2356 ascendit
3439 2304 3507 2357 ad

1920 2391 2108 2447 caelos.
2142 2390 2318 2461 Reges
2346 2405 2377 2444 a
2404 2391 2643 2460 regendo
2669 2391 2879 2453 vocali;
2912 2390 3054 2447 sicut
3080 2391 3224 2446 enim
3257 2393 3510 2447 sacerdos

1921 2495 1950 2533 a
1981 2478 2388 2544 sanctiﬁcando,
2414 2480 2487 2534 ita
2509 2489 2565 2534 et
2597 2496 2692 2535 rex
2716 2496 2746 2535 a
2770 2482 3025 2550 regendo.
3055 2480 3173 2537 Non
3206 2491 3387 2537 autem
3419 2498 3507 2536 rc-

1922 2573 2021 2642 git,
2047 2572 2141 2641 qui
2173 2588 2279 2627 non
2314 2572 2558 2642 corrigit.
2592 2573 2760 2628 Recte
2811 2572 2979 2643 igitur
3020 2572 3267 2629 faciendo
3309 2588 3507 2629 nomen

1923 2670 2151 2724 tenetur,
2196 2661 2470 2730 peccando
2514 2660 2796 2714 amittitur.
2847 2659 2998 2716 Unde
3031 2668 3086 2716 et
3125 2661 3267 2731 apud
3297 2670 3509 2717 veteres

1921 2753 2029 2808 tale
2051 2761 2163 2808 erat
2191 2754 2534 2822 proverbium
2561 2771 2574 2806 :
2600 2752 2712 2806 Rex
2736 2755 2859 2819 eris,
2883 2754 2929 2807 si
2953 2765 3089 2808 recte
3110 2755 3313 2824 facias;
3335 2757 3381 2808 si
3404 2771 3508 2810 non

1922 2847 2110 2915 facias,
2143 2863 2247 2900 non
2268 2847 2391 2900 eris.
2420 2845 2599 2915 Regia:
2628 2845 2856 2900 virtutes
2882 2846 3170 2915 prazcipua:
3190 2886 3204 2909 ,
3221 2844 3431 2913 justitia
3454 2854 3510 2901 et

1921 2940 2125 3007 pietas;
2148 2938 2266 3008 plus
2301 2946 2482 2992 autem
2523 2938 2576 2992 in
2602 2938 2821 3009 regibus
2859 2937 3113 2993 laudatur
3139 2939 3343 3009 pietas;
3378 2953 3505 2992 nam

1915 3029 2126 3099 justitia
2164 3044 2260 3098 per
2286 3043 2342 3082 se
2370 3042 2558 3083 severa
2588 3036 2689 3083 est.
2716 3028 2894 3099 Reges
2919 3037 3097 3084 autem
3121 3030 3190 3083 ob
3213 3030 3353 3085 hanc
3372 3045 3503 3084 cau-

1919 3138 2036 3177 sam
2059 3122 2199 3191 apud
2229 3120 2450 3177 Grmcos
2488 3120 2699 3175 basileis
2727 3128 3013 3185 vocantur,
3045 3120 3170 3190 quia
3192 3160 3206 3185 ,
3248 3128 3504 3192 tanquam

242 3208 296 3256 ut
314 3199 542 3271 Assyrii,
565 3198 728 3264 Medi,
754 3198 926 3263 Persi,
952 3196 1217 3268 Egyptii,
1240 3195 1447 3262 Graeci;
1475 3210 1705 3265 quorum
1731 3194 1811 3248 vi-

1920 3216 2066 3269 bases
2089 3214 2344 3284 populum
2379 3215 2673 3279 sustinent,
2704 3214 2849 3269 unde
2874 3222 2932 3268 et
2962 3214 3125 3269 bases
3155 3229 3385 3271 coronas
3415 3216 3510 3270 ha-

240 3305 326 3347 eos
344 3306 464 3347 sors
490 3301 795 3360 temporum
821 3291 891 3345 ita
912 3289 1196 3355 volutavit,
1217 3299 1281 3344 ut
1300 3290 1532 3345 alterum
1557 3290 1625 3344 ab
1648 3288 1818 3342 altero
1920 3306 2047 3361 hem
2073 3324 2087 3360 ε
2117 3314 2319 3375 quanto
2343 3305 2488 3361 enim
2511 3305 2741 3374 quisque
2766 3305 2943 3375 magis
2971 3306 3322 3375 praeponitur,
3354 3314 3507 3361 ωηιο

240 3382 554 3438 “mera”?-
586 3380 733 3435 Ῑηιθν
760 3380 943 3435 omnia
994 3389 1174 3435 autem
1209 3395 1374 3450 regna
1416 3389 1685 3434 “3"an
1715 3379 1820 3433 duo
1920 3395 2151 3464 amplius
2179 3395 2415 3465 pondere
2440 3394 2687 3449 laborum
2730 3403 3009 3464 gravatur.
3046 3396 3286 3466 Tyranni
3322 3395 3510 3454 Graece

242 3485 402 3541 regna
449 3470 662 3525 caeteris
709 3469 1030 3540 gloriosiora
1088 3471 1372 3526 traduntur
1413 3488 1426 3523 :
1471 3468 1819 3539 Assyriorum

238 3561 432 3629 primo,
459 3560 658 3616 deinde
686 3560 1054 3616 Romanorum
1076 3601 1091 3626 ,
1127 3554 1460 3631 temporibus
1489 3572 1544 3614 et
1577 3560 1709 3616 locis
1738 3558 1821 3612 in-

240 3658 320 3705 ter
341 3666 403 3706 se
423 3651 673 3706 ordinata
701 3659 862 3721 atque
882 3651 1156 3708 distincta.
1184 3652 1316 3706 Nam
1338 3653 1479 3707 sicut
1504 3651 1633 3706 illud
1659 3651 1816 3721 prius

238 3745 413 3799 ethoc
439 3744 747 3815 posterius:
780 3745 858 3799 ita
892 3744 1024 3800 illud
1067 3745 1120 3800 in
1163 3746 1385 3801 Oriente
1406 3785 1420 3809 ,
1449 3743 1629 3798 hocin
1656 3742 1817 3799 Occi-

240 3834 393 3891 dente
419 3845 670 3892 exortum
699 3844 815 3902 est;
842 3836 1073 3906 denique
1103 3838 1157 3891 iu
1191 3837 1335 3891 illius
1366 3836 1494 3900 line,
1526 3834 1688 3904 hujus
1719 3835 1821 3889 ini-

240 3924 366 3978 tium
402 3924 686 3982 confestim
716 3924 819 3981 fuit
846 3941 861 3980 :
895 3942 1057 3998 regna
1090 3935 1285 3982 czetera
1306 3967 1321 3991 ,
1345 3926 1635 3996 catterique
1665 3941 1819 3996 reges

236 4015 378 4070 velut
404 4018 732 4088 appendices
760 4019 988 4073 istorum
1014 4020 1301 4075 habentur.
1334 4018 1441 4075 Sed
1476 4019 1620 4074 inter
1653 4033 1816 4088 regna

235 4109 412 4162 omnia
440 4109 571 4164 illud
599 4110 836 4165 maxime
865 4109 1226 4180 appetendum
1267 4119 1351 4164 est
1381 4123 1639 4179 regnum,
1674 4108 1818 4178 quod

236 4199 425 4254 stabile
444 4207 499 4255 ct
522 4199 689 4254 fixum
710 4209 1018 4271 permanet,
1042 4208 1204 4270 atque
1232 4200 1285 4254 in
1308 4208 1510 4255 :cterna
1533 4213 1666 4268 pace
1688 4212 1818 4252 con-

235 4288 456 4356 sistens,
487 4290 694 4346 nullum
727 4292 950 4347 habebit
992 4290 1187 4357 ﬁnem,
1230 4290 1385 4361 cujus
1416 4289 1567 4360 regni
1599 4304 1693 4343 rex
1732 4295 1818 4341 est

235 4378 510 4447 Christus,
556 4382 625 4437 de
660 4397 767 4451 quo
790 4382 1052 4453 propheta
1081 4381 1193 4436 ait:
1228 4380 1668 4450 Multiplicabitur
1700 4378 1814 4448 ejus

235 4468 526 4539 imperium,
555 4481 605 4525 et
628 4474 773 4542 pacis
798 4489 900 4526 non
928 4473 1025 4526 erit
1055 4473 1177 4541 ﬁnis
1212 4487 1368 4540 super
1401 4469 1592 4523 solium
1618 4468 1810 4532 David,

1919 3484 2190 3548 dicuntur,
2226 3485 2390 3540 iidem
2430 3471 2620 3539 Latiiie
2650 3493 2707 3540 et
2760 3501 2942 3556 rcges;
2976 3501 3101 3540 nam
3128 3486 3269 3556 apud
3299 3494 3511 3542 veteres

1922 3576 2064 3630 inter
2093 3591 2276 3646 regem
2304 3584 2361 3630 et
2390 3570 2680 3647 tyrannum
2711 3576 2857 3630 nulla
2886 3576 3144 3632 discretio
3163 3585 3273 3641 est,
3298 3585 3393 3631 ut:

2047 3711 2163 3760 Pars
2188 3711 2302 3761 mihi
2328 3712 2455 3769 pacis
2477 3712 2574 3762 erit
2593 3712 2817 3767 dextram
2844 3712 3068 3773 tetigis<e
3094 3713 3308 3775 tyranni.

1922 3835 2015 3891 Vel
2048 3845 2264 3906 tyroues
2286 3836 2636 3891 vocabantur.
2680 3834 2817 3888 Nam
2857 3835 2960 3889 tiro
2988 3834 3177 3899 fortis,
3211 3834 3275 3888 de
3323 3834 3502 3904 quali-

1917 3926 2019 3981 bus
2051 3926 2309 3982 Dominus
2336 3926 2574 3996 loquitur
2603 3926 2788 3980 dicens
2813 3942 2826 3979 :
2859 3921 2966 3977 Per
2988 3940 3067 3976 me
3092 3940 3232 3993 reges
3264 3933 3503 3992 regnant,

1918 4027 1966 4071 et
1990 4017 2199 4087 tyranni
2227 4019 2453 4070 obtinent
2481 4026 2675 4070 terram
2709 4012 2892 4086 (Prov.
2917 4013 3057 4082 vui).
3081 4012 3199 4067 Jam
3230 4024 3415 4082 postea
3449 4015 3503 4068 in

1918 4122 2075 4161 usum
2115 4106 2342 4169 accedit,
2371 4113 2632 4176 tyrannos
2666 4104 2848 4158 vocari
2888 4103 3155 4173 pessimos
3193 4112 3352 4170 atque
3402 4102 3503 4156 im-

1918 4196 2115 4265 probos
2146 4209 2320 4265 reges,
2352 4195 2638 4249 luxuriosa:
2662 4193 3044 4249 dominationis
3069 4190 3421 4260 cupiditatem
3446 4200 3503 4246 ct

1918 4287 2345 4341 crudelissimam
2383 4285 2805 4340 dominationem
2840 4283 2893 4337 iu
2924 4282 3134 4352 populis
3161 4291 3495 4336 exercentes.

1916 4378 2031 4432 Rex
2062 4377 2289 4448 mystice
2311 4379 2453 4432 Deus
2475 4375 2811 4446 intelligitur,
2834 4384 2893 4429 ut
2912 4386 2991 4429 est
3023 4374 3149 4428 illud
3179 4374 3232 4428 in
3256 4374 3495 4444 psalmo:

1916 4469 2057 4524 Deus
2082 4479 2254 4545 autem
2279 4484 2370 4523 rex
2391 4477 2563 4522 noster
2587 4478 2708 4520 ante
2732 4464 2927 4521 stecula
2953 4463 3127 4537 (Psal.
3151 4464 3366 4536 Lxxur).
3392 4465 3499 4521 Rc-

233 4569 279 4613 et
305 4577 454 4631 super
476 4578 695 4632 regnum
721 4562 855 4632 ejus,
883 4574 929 4617 et
960 4563 1230 4632 conﬁrmet
1252 4560 1387 4616 illud
1414 4568 1463 4615 et
1490 4559 1807 4624 corroboret,
1841 4565 1891 4625 ι)
1915 4562 2038 4632 gina
2067 4569 2151 4616 cst
2180 4568 2359 4614 autem
2391 4567 2576 4614 sancta
2606 4557 2868 4623 Ecclesia,
2901 4568 2961 4611 ut
2989 4566 3072 4614 est
3110 4558 3240 4613 illud
3273 4559 3325 4613 in
3357 4559 3500 4630 psal-

232 4651 287 4704 in
302 4652 506 4721 judicio
549 4653 669 4724 ejus
689 4653 906 4723 justitia
933 4654 1123 4707 amodo
1158 4663 1207 4707 et
1253 4668 1417 4723 usque
1453 4652 1509 4704 in
1538 4650 1812 4720 sempiter-

233 4758 356 4796 num
384 4742 520 4815 (Isa.
550 4744 653 4815 ιι).
678 4744 754 4800 De
774 4761 882 4814 quo
907 4746 1071 4800 etiam
1106 4745 1330 4814 angelus
1355 4745 1423 4800 ad
1447 4743 1668 4798 Mariam
1694 4741 1769 4796 ait
1797 4760 1808 4795 :

232 4829 385 4886 Dabit
409 4834 489 4887 illi
516 4835 772 4890 Dominus
818 4837 955 4891 Deus
992 4838 1164 4892 sedem
1192 4837 1363 4892 David
1412 4838 1577 4910 patris
1610 4837 1694 4890 sui
1714 4876 1729 4899 ,
1764 4845 1812 4889 ει

232 4923 455 4990 regnabit
484 4926 538 4978 in
562 4924 721 4979 domo
745 4924 912 4979 Jacob
941 4928 996 4981 in
1022 4938 1293 4990 aeternum,
1318 4936 1364 4981 et
1393 4927 1535 4997 regni
1555 4926 1670 4995 ejus
1709 4942 1811 4979 non

231 5010 330 5063 erit
355 5012 474 5079 ﬁnis
499 5012 654 5084 (Luc.
688 5014 751 5085 ι).
778 5016 861 5071 Ad
893 5016 1046 5085 cujus
1082 5018 1234 5087 regni
1262 5016 1657 5088 possessionem
1697 5014 1811 5084 ipse

232 5115 333 5155 nos
354 5105 592 5171 quotidie
620 5114 774 5161 vocat
801 5122 898 5176 per
921 5108 1229 5179 Scripturas
1255 5122 1444 5162 sacras
1471 5114 1523 5161 et
1546 5106 1808 5177 praedica-

234 5196 377 5246 tores
402 5193 709 5265 Evangelii,
741 5206 800 5250 ut
822 5212 1106 5267 speremus
1134 5206 1191 5253 et
1230 5196 1601 5252 desideremus
1643 5203 1803 5250 coele-

230 5280 366 5346 stia,
401 5283 636 5355 illucque
674 5289 963 5356 pervenire
1006 5304 1104 5360 per
1144 5296 1349 5344 rectam
1381 5288 1541 5343 ﬁdem
1570 5295 1625 5342 et
1669 5287 1806 5341 bona

230 5387 388 5441 opera
417 5377 810 5433 contendamus
836 5398 849 5433 :
882 5380 948 5434 ad
970 5381 1113 5449 quod
1145 5381 1198 5434 in
1227 5380 1312 5434 die
1333 5377 1524 5447 judicii
1551 5377 1666 5447 ipse
1696 5376 1807 5431 Rex

230 5473 412 5533 regum
426 5479 548 5519 cum
564 5466 769 5522 sederit
791 5470 844 5523 in
869 5470 996 5525 sede
1026 5470 1330 5541 majestatis
1351 5485 1483 5534 suze,
1506 5476 1561 5523 et
1584 5484 1808 5539 congre-

228 5555 491 5623 gabantur
528 5568 656 5613 autc
695 5575 819 5614 eum
846 5576 1037 5617 omnes
1066 5570 1278 5633 gentes,
1321 5570 1375 5616 et
1401 5560 1604 5616 electos
1647 5577 1803 5623 suos,

227 5647 378 5715 quia
404 5653 607 5711 dextris
652 5653 772 5723 ejus
814 5664 1003 5718 erunt,
1056 5655 1282 5717 invitat,
1320 5655 1545 5709 dicens:
1590 5651 1801 5713 Venite,

228 5739 476 5798 lettedt'cti
520 5744 703 5802 Patris
745 5748 881 5813 mei,
922 5747 1167 5818 percipitc
1215 5763 1427 5817 regnum
1475 5746 1613 5815 quod
1657 5745 1799 5799 vobis

964 5956 1002 5976 κ

1918 4669 2005 4708 mo
2029 4667 2044 4706 :
2067 4652 2242 4706 Astitit
2266 4651 2467 4721 Regina
2496 4668 2528 4703 a
2555 4650 2751 4704 dextris
2772 4650 2895 4702 tuis.
2917 4648 3047 4702 Item
3072 4663 3226 4719 reges
3254 4649 3502 4719 apostoli,

1917 4743 2029 4796 sive
2075 4741 2249 4796 sancti
2295 4741 2477 4797 caateri
2505 4748 2660 4806 sunt,
2692 4749 2752 4794 ut
2775 4739 2968 4810 legitur
2997 4738 3051 4793 in
3078 4739 3287 4810 psalmo
3316 4758 3328 4793 :
3364 4739 3504 4795 Deus

1914 4834 2004 4896 qui
2033 4833 2123 4887 dat
2146 4832 2425 4898 vindictas,
2448 4840 2495 4886 ct
2519 4833 2572 4886 in
2596 4847 2810 4902 regnum
2836 4841 3016 4902 potens
3039 4841 3113 4886 est
3146 4842 3194 4886 et
3220 4832 3311 4885 dat
3334 4832 3501 4886 virtu-

1915 4933 2017 4977 tem
2045 4921 2248 4993 regibus
2294 4923 2484 4975 nostris
2535 4918 2706 4993 (Psal.
2762 4920 2920 4992 xvii).
2962 4919 3094 4976 Item
3143 4922 3343 4993 regina:
3379 4929 3505 4976 sunt

1916 5017 2111 5071 anima:
2137 5014 2522 5086 perfectorum,
2546 5030 2665 5081 quae
2692 5030 2798 5068 non
2829 5022 2958 5069 sunt
3000 5014 3213 5068 ancilla:
3258 5012 3495 5082 peccati.

1916 5116 1974 5162 ut
2019 5107 2071 5161 in
2114 5107 2353 5162 Canticis
2397 5107 2731 5161 canticorum
2778 5105 2976 5159 dicitur
3006 5122 3018 5159 :
3049 5103 3334 5172 Sexaginta
3379 5114 3502 5156 sunt

1916 5200 2109 5270 regina:
2139 5197 2315 5269 (Cant.
2337 5196 2434 5267 τι).
2460 5196 2635 5267 Reges
2664 5194 2807 5250 enim
2838 5202 2985 5249 recte
3034 5192 3207 5248 sancti
3254 5193 3503 5248 homines

1916 5292 2190 5353 dicuntur,
2229 5288 2321 5358 Qui
2364 5288 2587 5358 spiritus
2617 5286 2942 5341 auctoritate
2972 5285 3268 5340 secundum
3310 5283 3501 5338 volun-

1916 5390 2081 5436 tatem
2112 5380 2207 5435 Dei
2233 5378 2445 5433 auimas
2471 5393 2598 5433 suas
2629 5385 2840 5447 regunt,
2874 5387 2929 5431 et
2952 5376 3066 5448 regi
3090 5391 3296 5446 regum,
3322 5374 3503 5429 Domi-

1912 5488 1985 5527 no
2011 5470 2263 5525 videlicet
2286 5468 2506 5524 Christo
2530 5468 2831 5523 obedieudo
2851 5466 3145 5536 subjiciunt
3176 5484 3189 5519 :
3212 5466 3326 5536 qui,
3345 5465 3501 5537 juxta

1911 5560 2213 5617 Psalmista:
2235 5571 2421 5613 vocem
2449 5576 2463 5612 :
2488 5557 2859 5612 Dominabitur
2886 5575 2918 5611 a
2956 5557 3090 5611 mari
3129 5573 3291 5627 usque
3323 5573 3465 5610 mare
3484 5595 3502 5619 ,

1908 5664 1955 5706 et
1984 5670 2014 5704 a
2036 5650 2250 5721 ﬂumine
2273 5664 2432 5719 usque
2458 5648 2527 5702 ad
2556 5646 2804 5702 terminos
2844 5648 2983 5702 orbis
3011 5656 3165 5701 terra:
3192 5661 3209 5697 :
3244 5647 3328 5701 cui
3359 5662 3500 5716 reges

1911 5743 2124 5796 Tltarsis
2153 5751 2197 5793 ct
2236 5738 2421 5795 insula?
2454 5756 2670 5794 munera
2711 5740 2961 5810 o/ferent,
3002 5754 3144 5809 reges
3176 5737 3405 5792 Arabum
3452 5746 3501 5790 et
