  <div class='ocr_page' id='page_1' title='image "/cluster/home/n/w/nwhite01/storage/ocr_20150623/111/hvd.32044054759766/230.png"; bbox 0 0 3974 6188; ppageno 0'>
   <div class='ocr_carea' id='block_1_1' title="bbox 218 286 307 342">
    <p class='ocr_par' dir='ltr' id='par_1_1' title="bbox 218 286 307 342">
     <span class='ocr_line' id='line_1_1' title="bbox 218 286 307 342; baseline -0.022 0"><span class='ocrx_word' id='word_1_1' title='bbox 218 286 307 342; x_wconf 66' lang='lat' dir='ltr'><strong>lii)</strong></span> 
     </span>
    </p>
   </div>
   <div class='ocr_carea' id='block_1_2' title="bbox 1168 283 2509 347">
    <p class='ocr_par' dir='ltr' id='par_1_2' title="bbox 1168 283 2509 347">
     <span class='ocr_line' id='line_1_2' title="bbox 1168 283 2509 347; baseline 0.007 -10"><span class='ocrx_word' id='word_1_2' title='bbox 1168 284 1255 338; x_wconf 85' lang='lat' dir='ltr'>DE</span> <span class='ocrx_word' id='word_1_3' title='bbox 1299 283 1644 341; x_wconf 73' lang='lat' dir='ltr'><strong>UNIVERSO</strong></span> <span class='ocrx_word' id='word_1_4' title='bbox 1679 287 1856 343; x_wconf 72' lang='lat' dir='ltr'>LIBRI</span> <span class='ocrx_word' id='word_1_5' title='bbox 1894 287 2060 344; x_wconf 77' lang='lat' dir='ltr'>XXII.</span> <span class='ocrx_word' id='word_1_6' title='bbox 2098 321 2169 332; x_wconf 89' lang='lat'><strong>—</strong></span> <span class='ocrx_word' id='word_1_7' title='bbox 2203 289 2330 346; x_wconf 86' lang='lat' dir='ltr'><strong>LIB.</strong></span> <span class='ocrx_word' id='word_1_8' title='bbox 2374 291 2509 347; x_wconf 69' lang='lat' dir='ltr'><strong>XVI.</strong></span> 
     </span>
    </p>
   </div>
   <div class='ocr_carea' id='block_1_3' title="bbox 3371 296 3479 352">
    <p class='ocr_par' dir='ltr' id='par_1_3' title="bbox 3371 296 3479 352">
     <span class='ocr_line' id='line_1_3' title="bbox 3371 296 3479 352; baseline 0 0"><span class='ocrx_word' id='word_1_9' title='bbox 3371 296 3479 352; x_wconf 62' lang='lat'><strong>550</strong></span> 
     </span>
    </p>
   </div>
   <div class='ocr_carea' id='block_1_4' title="bbox 216 395 3481 475">
    <p class='ocr_par' dir='ltr' id='par_1_4' title="bbox 216 395 3481 475">
     <span class='ocr_line' id='line_1_4' title="bbox 216 395 3481 475; baseline 0.003 -19"><span class='ocrx_word' id='word_1_10' title='bbox 216 401 419 472; x_wconf 64' lang='lat' dir='ltr'><strong>Sapiens</strong></span> <span class='ocrx_word' id='word_1_11' title='bbox 442 398 623 462; x_wconf 85' lang='lat' dir='ltr'><strong>corde,</strong></span> <span class='ocrx_word' id='word_1_12' title='bbox 667 406 712 450; x_wconf 93' lang='lat' dir='ltr'><strong>et</strong></span> <span class='ocrx_word' id='word_1_13' title='bbox 741 396 892 466; x_wconf 80' lang='lat' dir='ltr'><strong>{ortis</strong></span> <span class='ocrx_word' id='word_1_14' title='bbox 919 395 1100 451; x_wconf 86' lang='lat' dir='ltr'><strong>robore</strong></span> <span class='ocrx_word' id='word_1_15' title='bbox 1125 396 1269 468; x_wconf 85' lang='lat' dir='ltr'><strong>(Job.</strong></span> <span class='ocrx_word' id='word_1_16' title='bbox 1293 396 1394 467; x_wconf 78' lang='grc' dir='ltr'><strong>ιχ).</strong></span> <span class='ocrx_word' id='word_1_17' title='bbox 1429 397 1639 465; x_wconf 86' lang='lat' dir='ltr'><strong>Fortes,</strong></span> <span class='ocrx_word' id='word_1_18' title='bbox 1668 415 1790 452; x_wconf 87' lang='lat' dir='ltr'><strong>san-</strong></span> <span class='ocrx_word' id='word_1_19' title='bbox 1822 404 1867 462; x_wconf 82' lang='grc' dir='ltr'><strong>Α</strong></span> <span class='ocrx_word' id='word_1_20' title='bbox 1895 400 2006 455; x_wconf 84' lang='lat' dir='ltr'><strong>sola</strong></span> <span class='ocrx_word' id='word_1_21' title='bbox 2038 402 2373 471; x_wconf 78' lang='lat' dir='ltr'><strong>professione</strong></span> <span class='ocrx_word' id='word_1_22' title='bbox 2400 404 2716 470; x_wconf 73' lang='lat' dir='ltr'><strong>nativitatis,</strong></span> <span class='ocrx_word' id='word_1_23' title='bbox 2758 405 2851 460; x_wconf 86' lang='lat' dir='ltr'><strong>sed</strong></span> <span class='ocrx_word' id='word_1_24' title='bbox 2876 405 2945 460; x_wconf 84' lang='lat' dir='ltr'><strong>ab</strong></span> <span class='ocrx_word' id='word_1_25' title='bbox 2986 414 3207 475; x_wconf 73' lang='lat' dir='ltr'><strong>aSpectu</strong></span> <span class='ocrx_word' id='word_1_26' title='bbox 3237 415 3299 463; x_wconf 88' lang='lat' dir='ltr'><strong>et</strong></span> <span class='ocrx_word' id='word_1_27' title='bbox 3334 408 3481 466; x_wconf 70' lang='lat' dir='ltr'><strong>vale~</strong></span> 
     </span>
    </p>
   </div>
   <div class='ocr_carea' id='block_1_5' title="bbox 213 486 1786 553">
    <p class='ocr_par' dir='ltr' id='par_1_5' title="bbox 213 486 1786 553">
     <span class='ocr_line' id='line_1_5' title="bbox 213 486 1786 553; baseline -0.001 -8"><span class='ocrx_word' id='word_1_28' title='bbox 213 494 276 549; x_wconf 72' lang='grc' dir='ltr'><strong>αἱ</strong></span> <span class='ocrx_word' id='word_1_29' title='bbox 300 498 440 553; x_wconf 87' lang='lat' dir='ltr'><strong>sunt,</strong></span> <span class='ocrx_word' id='word_1_30' title='bbox 469 498 531 544; x_wconf 89' lang='lat' dir='ltr'><strong>ut</strong></span> <span class='ocrx_word' id='word_1_31' title='bbox 556 490 609 543; x_wconf 93' lang='lat' dir='ltr'><strong>in</strong></span> <span class='ocrx_word' id='word_1_32' title='bbox 633 487 874 551; x_wconf 86' lang='lat' dir='ltr'><strong>Canticis</strong></span> <span class='ocrx_word' id='word_1_33' title='bbox 900 489 1236 544; x_wconf 80' lang='lat' dir='ltr'><strong>canticorum</strong></span> <span class='ocrx_word' id='word_1_34' title='bbox 1263 509 1275 542; x_wconf 88' lang='lat'><strong>:</strong></span> <span class='ocrx_word' id='word_1_35' title='bbox 1314 487 1448 543; x_wconf 83' lang='lat' dir='ltr'><strong>Ecce</strong></span> <span class='ocrx_word' id='word_1_36' title='bbox 1474 489 1661 543; x_wconf 85' lang='lat' dir='ltr'><strong>lectum</strong></span> <span class='ocrx_word' id='word_1_37' title='bbox 1685 486 1786 544; x_wconf 86' lang='lat' dir='ltr'><strong>Sa-</strong></span> 
     </span>
    </p>
   </div>
   <div class='ocr_carea' id='block_1_6' title="bbox 214 581 1792 652">
    <p class='ocr_par' dir='ltr' id='par_1_6' title="bbox 214 581 1792 652">
     <span class='ocr_line' id='line_1_6' title="bbox 214 581 1792 652; baseline -0.003 -15"><span class='ocrx_word' id='word_1_38' title='bbox 214 583 418 639; x_wconf 80' lang='lat' dir='ltr'><strong>lomonis</strong></span> <span class='ocrx_word' id='word_1_39' title='bbox 444 583 722 652; x_wconf 70' lang='lat' dir='ltr'><strong>sexaginta</strong></span> <span class='ocrx_word' id='word_1_40' title='bbox 750 581 910 652; x_wconf 80' lang='lat' dir='ltr'><strong>fortes</strong></span> <span class='ocrx_word' id='word_1_41' title='bbox 951 582 1186 636; x_wconf 84' lang='lat' dir='ltr'><strong>ambiunt</strong></span> <span class='ocrx_word' id='word_1_42' title='bbox 1212 598 1276 635; x_wconf 82' lang='lat' dir='ltr'><strong>ea:</strong></span> <span class='ocrx_word' id='word_1_43' title='bbox 1300 582 1598 651; x_wconf 77' lang='lat' dir='ltr'><strong>fortissimis</strong></span> <span class='ocrx_word' id='word_1_44' title='bbox 1622 581 1792 635; x_wconf 80' lang='lat' dir='ltr'><strong>Israel</strong></span> 
     </span>
    </p>
   </div>
   <div class='ocr_carea' id='block_1_7' title="bbox 216 670 1790 744">
    <p class='ocr_par' dir='ltr' id='par_1_7' title="bbox 216 670 1790 744">
     <span class='ocr_line' id='line_1_7' title="bbox 216 670 1790 744; baseline -0.002 -16"><span class='ocrx_word' id='word_1_45' title='bbox 216 673 372 744; x_wconf 84' lang='lat' dir='ltr'><strong>(Cant.</strong></span> <span class='ocrx_word' id='word_1_46' title='bbox 398 672 508 744; x_wconf 86' lang='grc' dir='ltr'><strong>ιιι).</strong></span> <span class='ocrx_word' id='word_1_47' title='bbox 542 672 746 736; x_wconf 85' lang='lat' dir='ltr'><strong>Fortis,</strong></span> <span class='ocrx_word' id='word_1_48' title='bbox 797 671 1065 736; x_wconf 80' lang='lat' dir='ltr'><strong>diabolus,</strong></span> <span class='ocrx_word' id='word_1_49' title='bbox 1104 679 1165 726; x_wconf 85' lang='grc' dir='ltr'><strong>ιιι</strong></span> <span class='ocrx_word' id='word_1_50' title='bbox 1211 672 1263 727; x_wconf 90' lang='lat' dir='ltr'><strong>in</strong></span> <span class='ocrx_word' id='word_1_51' title='bbox 1293 672 1619 742; x_wconf 79' lang='lat' dir='ltr'><strong>Evangelio:</strong></span> <span class='ocrx_word' id='word_1_52' title='bbox 1659 670 1790 725; x_wconf 83' lang='lat' dir='ltr'><strong>Cum</strong></span> 
     </span>
    </p>
   </div>
   <div class='ocr_carea' id='block_1_8' title="bbox 214 762 1794 834">
    <p class='ocr_par' dir='ltr' id='par_1_8' title="bbox 214 762 1794 834">
     <span class='ocr_line' id='line_1_8' title="bbox 214 762 1794 834; baseline -0.001 -17"><span class='ocrx_word' id='word_1_53' title='bbox 214 764 346 834; x_wconf 76' lang='lat' dir='ltr'><strong>fortis</strong></span> <span class='ocrx_word' id='word_1_54' title='bbox 365 773 608 817; x_wconf 87' lang='lat' dir='ltr'><strong>armatus</strong></span> <span class='ocrx_word' id='word_1_55' title='bbox 630 763 853 816; x_wconf 74' lang='lat' dir='ltr'><strong>custodit</strong></span> <span class='ocrx_word' id='word_1_56' title='bbox 881 763 1074 816; x_wconf 88' lang='lat' dir='ltr'><strong>atrium</strong></span> <span class='ocrx_word' id='word_1_57' title='bbox 1093 779 1266 827; x_wconf 82' lang='lat' dir='ltr'><strong>suum,</strong></span> <span class='ocrx_word' id='word_1_58' title='bbox 1300 762 1353 816; x_wconf 87' lang='lat' dir='ltr'><strong>in</strong></span> <span class='ocrx_word' id='word_1_59' title='bbox 1379 780 1506 831; x_wconf 83' lang='lat' dir='ltr'><strong>pace</strong></span> <span class='ocrx_word' id='word_1_60' title='bbox 1538 772 1658 817; x_wconf 84' lang='lat' dir='ltr'><strong>sunt</strong></span> <span class='ocrx_word' id='word_1_61' title='bbox 1684 780 1794 816; x_wconf 89' lang='lat' dir='ltr'><strong>om-</strong></span> 
     </span>
    </p>
   </div>
   <div class='ocr_carea' id='block_1_9' title="bbox 217 853 1794 927">
    <p class='ocr_par' dir='ltr' id='par_1_9' title="bbox 217 853 1794 927">
     <span class='ocr_line' id='line_1_9' title="bbox 217 853 1794 927; baseline -0.002 -17"><span class='ocrx_word' id='word_1_62' title='bbox 217 859 289 910; x_wconf 89' lang='lat' dir='ltr'><strong>nia</strong></span> <span class='ocrx_word' id='word_1_63' title='bbox 315 872 431 927; x_wconf 73' lang='lat' dir='ltr'><strong>qtae</strong></span> <span class='ocrx_word' id='word_1_64' title='bbox 460 855 693 926; x_wconf 66' lang='lat' dir='ltr'><strong>possidet</strong></span> <span class='ocrx_word' id='word_1_65' title='bbox 722 853 873 926; x_wconf 85' lang='lat' dir='ltr'><strong>(Luc.</strong></span> <span class='ocrx_word' id='word_1_66' title='bbox 898 854 999 924; x_wconf 73' lang='grc' dir='ltr'><strong>χι).</strong></span> <span class='ocrx_word' id='word_1_67' title='bbox 1032 854 1251 908; x_wconf 89' lang='lat' dir='ltr'><strong>Patricii</strong></span> <span class='ocrx_word' id='word_1_68' title='bbox 1298 854 1423 909; x_wconf 89' lang='lat' dir='ltr'><strong>inde</strong></span> <span class='ocrx_word' id='word_1_69' title='bbox 1457 854 1631 908; x_wconf 84' lang='lat' dir='ltr'><strong>vocati</strong></span> <span class='ocrx_word' id='word_1_70' title='bbox 1669 861 1794 909; x_wconf 87' lang='lat' dir='ltr'><strong>sunt</strong></span> 
     </span>
    </p>
   </div>
   <div class='ocr_carea' id='block_1_10' title="bbox 217 944 1794 1020">
    <p class='ocr_par' dir='ltr' id='par_1_10' title="bbox 217 944 1794 1020">
     <span class='ocr_line' id='line_1_10' title="bbox 217 944 1794 1020; baseline -0.003 -19"><span class='ocrx_word' id='word_1_71' title='bbox 217 966 298 1020; x_wconf 81' lang='lat' dir='ltr'><strong>pro</strong></span> <span class='ocrx_word' id='word_1_72' title='bbox 316 963 403 1013; x_wconf 89' lang='lat' dir='ltr'><strong>eo,</strong></span> <span class='ocrx_word' id='word_1_73' title='bbox 434 946 582 1017; x_wconf 90' lang='lat' dir='ltr'><strong>quod</strong></span> <span class='ocrx_word' id='word_1_74' title='bbox 622 946 764 1002; x_wconf 91' lang='lat' dir='ltr'><strong>sicut</strong></span> <span class='ocrx_word' id='word_1_75' title='bbox 792 954 976 1015; x_wconf 86' lang='lat' dir='ltr'><strong>patres</strong></span> <span class='ocrx_word' id='word_1_76' title='bbox 1002 944 1148 1010; x_wconf 82' lang='lat' dir='ltr'><strong>ﬁliis,</strong></span> <span class='ocrx_word' id='word_1_77' title='bbox 1177 945 1251 998; x_wconf 89' lang='lat' dir='ltr'><strong>ita</strong></span> <span class='ocrx_word' id='word_1_78' title='bbox 1281 944 1567 1015; x_wconf 88' lang='lat' dir='ltr'><strong>provident</strong></span> <span class='ocrx_word' id='word_1_79' title='bbox 1594 944 1794 1015; x_wconf 82' lang='lat' dir='ltr'><strong>Reipu-</strong></span> 
     </span>
    </p>
   </div>
   <div class='ocr_carea' id='block_1_11' title="bbox 218 1035 1792 1105">
    <p class='ocr_par' dir='ltr' id='par_1_11' title="bbox 218 1035 1792 1105">
     <span class='ocr_line' id='line_1_11' title="bbox 218 1035 1792 1105; baseline -0.002 -13"><span class='ocrx_word' id='word_1_80' title='bbox 218 1039 371 1093; x_wconf 75' lang='lat' dir='ltr'><strong>Llicze.</strong></span> <span class='ocrx_word' id='word_1_81' title='bbox 438 1035 692 1092; x_wconf 76' lang='lat' dir='ltr'><strong>Praefecti</strong></span> <span class='ocrx_word' id='word_1_82' title='bbox 737 1035 870 1090; x_wconf 88' lang='lat' dir='ltr'><strong>dicti</strong></span> <span class='ocrx_word' id='word_1_83' title='bbox 924 1050 989 1089; x_wconf 91' lang='lat' dir='ltr'><strong>eo</strong></span> <span class='ocrx_word' id='word_1_84' title='bbox 1035 1035 1177 1105; x_wconf 90' lang='lat' dir='ltr'><strong>quod</strong></span> <span class='ocrx_word' id='word_1_85' title='bbox 1224 1035 1475 1105; x_wconf 62' lang='lat' dir='ltr'><strong>praetoria</strong></span> <span class='ocrx_word' id='word_1_86' title='bbox 1525 1043 1792 1104; x_wconf 87' lang='lat' dir='ltr'><strong>potestate</strong></span> 
     </span>
    </p>
   </div>
   <div class='ocr_carea' id='block_1_12' title="bbox 217 1127 1794 1200">
    <p class='ocr_par' dir='ltr' id='par_1_12' title="bbox 217 1127 1794 1200">
     <span class='ocr_line' id='line_1_12' title="bbox 217 1127 1794 1200; baseline -0.001 -16"><span class='ocrx_word' id='word_1_87' title='bbox 217 1130 439 1199; x_wconf 79' lang='lat' dir='ltr'><strong>pra:sint.</strong></span> <span class='ocrx_word' id='word_1_88' title='bbox 473 1129 763 1193; x_wconf 67' lang='lat' dir='ltr'><strong>Praetores,</strong></span> <span class='ocrx_word' id='word_1_89' title='bbox 793 1128 953 1182; x_wconf 89' lang='lat' dir='ltr'><strong>iidem</strong></span> <span class='ocrx_word' id='word_1_90' title='bbox 997 1128 1089 1197; x_wconf 91' lang='lat' dir='ltr'><strong>qui</strong></span> <span class='ocrx_word' id='word_1_91' title='bbox 1118 1136 1171 1183; x_wconf 90' lang='lat' dir='ltr'><strong>et</strong></span> <span class='ocrx_word' id='word_1_92' title='bbox 1197 1127 1457 1198; x_wconf 69' lang='lat' dir='ltr'><strong>praefecti,</strong></span> <span class='ocrx_word' id='word_1_93' title='bbox 1482 1130 1634 1199; x_wconf 89' lang='lat' dir='ltr'><strong>quasi</strong></span> <span class='ocrx_word' id='word_1_94' title='bbox 1657 1144 1794 1200; x_wconf 87' lang='lat' dir='ltr'><strong>prae-</strong></span> 
     </span>
    </p>
   </div>
   <div class='ocr_carea' id='block_1_13' title="bbox 217 1218 1794 1291">
    <p class='ocr_par' dir='ltr' id='par_1_13' title="bbox 217 1218 1794 1291">
     <span class='ocr_line' id='line_1_13' title="bbox 217 1218 1794 1291; baseline 0.001 -17"><span class='ocrx_word' id='word_1_95' title='bbox 217 1221 483 1291; x_wconf 85' lang='lat' dir='ltr'><strong>positores.</strong></span> <span class='ocrx_word' id='word_1_96' title='bbox 502 1218 771 1274; x_wconf 77' lang='lat' dir='ltr'><strong>Pra-sides</strong></span> <span class='ocrx_word' id='word_1_97' title='bbox 799 1233 927 1274; x_wconf 88' lang='lat' dir='ltr'><strong>vero</strong></span> <span class='ocrx_word' id='word_1_98' title='bbox 949 1219 1100 1285; x_wconf 90' lang='lat' dir='ltr'><strong>dicti,</strong></span> <span class='ocrx_word' id='word_1_99' title='bbox 1117 1219 1243 1288; x_wconf 84' lang='lat' dir='ltr'><strong>quia</strong></span> <span class='ocrx_word' id='word_1_100' title='bbox 1267 1219 1497 1291; x_wconf 83' lang='lat' dir='ltr'><strong>alicujus</strong></span> <span class='ocrx_word' id='word_1_101' title='bbox 1523 1220 1627 1275; x_wconf 91' lang='lat' dir='ltr'><strong>loci</strong></span> <span class='ocrx_word' id='word_1_102' title='bbox 1652 1227 1794 1275; x_wconf 89' lang='lat' dir='ltr'><strong>tute-</strong></span> 
     </span>
    </p>
   </div>
   <div class='ocr_carea' id='block_1_14' title="bbox 219 1307 1793 1380">
    <p class='ocr_par' dir='ltr' id='par_1_14' title="bbox 219 1307 1793 1380">
     <span class='ocr_line' id='line_1_14' title="bbox 219 1307 1793 1380; baseline 0.002 -18"><span class='ocrx_word' id='word_1_103' title='bbox 219 1310 306 1364; x_wconf 92' lang='lat' dir='ltr'><strong>lam</strong></span> <span class='ocrx_word' id='word_1_104' title='bbox 328 1308 708 1380; x_wconf 67' lang='lat' dir='ltr'><strong>praesidialiter</strong></span> <span class='ocrx_word' id='word_1_105' title='bbox 730 1315 932 1363; x_wconf 90' lang='lat' dir='ltr'><strong>tenent.</strong></span> <span class='ocrx_word' id='word_1_106' title='bbox 953 1307 1223 1363; x_wconf 74' lang='lat' dir='ltr'><strong>Praetores</strong></span> <span class='ocrx_word' id='word_1_107' title='bbox 1246 1320 1444 1375; x_wconf 89' lang='lat' dir='ltr'><strong>autem,</strong></span> <span class='ocrx_word' id='word_1_108' title='bbox 1474 1310 1628 1380; x_wconf 90' lang='lat' dir='ltr'><strong>quasi</strong></span> <span class='ocrx_word' id='word_1_109' title='bbox 1657 1326 1793 1380; x_wconf 59' lang='lat' dir='ltr'><strong>prm-</strong></span> 
     </span>
    </p>
   </div>
   <div class='ocr_carea' id='block_1_15' title="bbox 219 1400 1788 1471">
    <p class='ocr_par' dir='ltr' id='par_1_15' title="bbox 219 1400 1788 1471">
     <span class='ocr_line' id='line_1_15' title="bbox 219 1400 1788 1471; baseline 0.001 -16"><span class='ocrx_word' id='word_1_110' title='bbox 219 1409 446 1471; x_wconf 86' lang='lat' dir='ltr'><strong>ceptores</strong></span> <span class='ocrx_word' id='word_1_111' title='bbox 473 1400 734 1467; x_wconf 80' lang='lat' dir='ltr'><strong>civitatis,</strong></span> <span class='ocrx_word' id='word_1_112' title='bbox 764 1409 818 1455; x_wconf 90' lang='lat' dir='ltr'><strong>et</strong></span> <span class='ocrx_word' id='word_1_113' title='bbox 842 1400 1115 1470; x_wconf 77' lang='lat' dir='ltr'><strong>principes</strong></span> <span class='ocrx_word' id='word_1_114' title='bbox 1140 1418 1153 1453; x_wconf 92' lang='lat'><strong>:</strong></span> <span class='ocrx_word' id='word_1_115' title='bbox 1195 1400 1356 1455; x_wconf 89' lang='lat' dir='ltr'><strong>iidem</strong></span> <span class='ocrx_word' id='word_1_116' title='bbox 1384 1411 1439 1455; x_wconf 90' lang='lat' dir='ltr'><strong>et</strong></span> <span class='ocrx_word' id='word_1_117' title='bbox 1471 1410 1788 1471; x_wconf 64' lang='lat' dir='ltr'><strong>quazstores,</strong></span> 
     </span>
    </p>
   </div>
   <div class='ocr_carea' id='block_1_16' title="bbox 217 1494 1788 1566">
    <p class='ocr_par' dir='ltr' id='par_1_16' title="bbox 217 1494 1788 1566">
     <span class='ocr_line' id='line_1_16' title="bbox 217 1494 1788 1566; baseline 0 -18"><span class='ocrx_word' id='word_1_118' title='bbox 217 1496 350 1566; x_wconf 83' lang='lat' dir='ltr'><strong>quasi</strong></span> <span class='ocrx_word' id='word_1_119' title='bbox 399 1495 739 1565; x_wconf 66' lang='lat' dir='ltr'><strong>quaesitores,</strong></span> <span class='ocrx_word' id='word_1_120' title='bbox 785 1509 851 1549; x_wconf 90' lang='lat' dir='ltr'><strong>eo</strong></span> <span class='ocrx_word' id='word_1_121' title='bbox 897 1494 1041 1563; x_wconf 91' lang='lat' dir='ltr'><strong>quod</strong></span> <span class='ocrx_word' id='word_1_122' title='bbox 1091 1494 1480 1563; x_wconf 72' lang='lat' dir='ltr'><strong>quaestionibus</strong></span> <span class='ocrx_word' id='word_1_123' title='bbox 1529 1504 1788 1566; x_wconf 65' lang='lat' dir='ltr'><strong>prwsunt.</strong></span> 
     </span>
    </p>
   </div>
   <div class='ocr_carea' id='block_1_17' title="bbox 221 1584 1793 1656">
    <p class='ocr_par' dir='ltr' id='par_1_17' title="bbox 221 1584 1793 1656">
     <span class='ocr_line' id='line_1_17' title="bbox 221 1584 1793 1656; baseline -0.001 -14"><span class='ocrx_word' id='word_1_124' title='bbox 221 1587 494 1642; x_wconf 84' lang='lat' dir='ltr'><strong>Consilium</strong></span> <span class='ocrx_word' id='word_1_125' title='bbox 524 1587 668 1642; x_wconf 90' lang='lat' dir='ltr'><strong>enim</strong></span> <span class='ocrx_word' id='word_1_126' title='bbox 697 1595 753 1641; x_wconf 90' lang='lat' dir='ltr'><strong>et</strong></span> <span class='ocrx_word' id='word_1_127' title='bbox 775 1601 938 1641; x_wconf 90' lang='lat' dir='ltr'><strong>causa</strong></span> <span class='ocrx_word' id='word_1_128' title='bbox 967 1584 1108 1656; x_wconf 89' lang='lat' dir='ltr'><strong>apud</strong></span> <span class='ocrx_word' id='word_1_129' title='bbox 1137 1601 1231 1640; x_wconf 84' lang='lat' dir='ltr'><strong>eos</strong></span> <span class='ocrx_word' id='word_1_130' title='bbox 1254 1593 1356 1641; x_wconf 88' lang='lat' dir='ltr'><strong>est.</strong></span> <span class='ocrx_word' id='word_1_131' title='bbox 1387 1585 1648 1641; x_wconf 88' lang='lat' dir='ltr'><strong>Proceres</strong></span> <span class='ocrx_word' id='word_1_132' title='bbox 1668 1595 1793 1641; x_wconf 87' lang='lat' dir='ltr'><strong>sunt</strong></span> 
     </span>
    </p>
   </div>
   <div class='ocr_carea' id='block_1_18' title="bbox 221 1676 1794 1749">
    <p class='ocr_par' dir='ltr' id='par_1_18' title="bbox 221 1676 1794 1749">
     <span class='ocr_line' id='line_1_18' title="bbox 221 1676 1794 1749; baseline 0.001 -18"><span class='ocrx_word' id='word_1_133' title='bbox 221 1676 477 1749; x_wconf 85' lang='lat' dir='ltr'><strong>Principes</strong></span> <span class='ocrx_word' id='word_1_134' title='bbox 507 1677 770 1742; x_wconf 83' lang='lat' dir='ltr'><strong>civitatis,</strong></span> <span class='ocrx_word' id='word_1_135' title='bbox 812 1677 967 1746; x_wconf 92' lang='lat' dir='ltr'><strong>quasi</strong></span> <span class='ocrx_word' id='word_1_136' title='bbox 999 1676 1389 1746; x_wconf 82' lang='lat' dir='ltr'><strong>praecedentes,</strong></span> <span class='ocrx_word' id='word_1_137' title='bbox 1430 1677 1571 1748; x_wconf 88' lang='lat' dir='ltr'><strong>quod</strong></span> <span class='ocrx_word' id='word_1_138' title='bbox 1603 1692 1794 1732; x_wconf 87' lang='lat' dir='ltr'><strong>omnes</strong></span> 
     </span>
    </p>
   </div>
   <div class='ocr_carea' id='block_1_19' title="bbox 1894 492 3480 566">
    <p class='ocr_par' dir='ltr' id='par_1_19' title="bbox 1894 492 3480 566">
     <span class='ocr_line' id='line_1_19' title="bbox 1894 492 3480 566; baseline 0.006 -19"><span class='ocrx_word' id='word_1_139' title='bbox 1894 492 2082 548; x_wconf 90' lang='lat' dir='ltr'><strong>tudine</strong></span> <span class='ocrx_word' id='word_1_140' title='bbox 2108 494 2351 563; x_wconf 88' lang='lat' dir='ltr'><strong>corporis</strong></span> <span class='ocrx_word' id='word_1_141' title='bbox 2374 494 2774 550; x_wconf 84' lang='lat' dir='ltr'><strong>existimantur.</strong></span> <span class='ocrx_word' id='word_1_142' title='bbox 2821 495 2974 551; x_wconf 90' lang='lat' dir='ltr'><strong>Unde</strong></span> <span class='ocrx_word' id='word_1_143' title='bbox 3000 505 3057 551; x_wconf 91' lang='lat' dir='ltr'><strong>et</strong></span> <span class='ocrx_word' id='word_1_144' title='bbox 3087 497 3292 552; x_wconf 86' lang='lat' dir='ltr'><strong>tirones</strong></span> <span class='ocrx_word' id='word_1_145' title='bbox 3321 498 3480 566; x_wconf 88' lang='lat' dir='ltr'><strong>dicti,</strong></span> 
     </span>
    </p>
   </div>
   <div class='ocr_carea' id='block_1_20' title="bbox 1894 586 3487 659">
    <p class='ocr_par' dir='ltr' id='par_1_20' title="bbox 1894 586 3487 659">
     <span class='ocr_line' id='line_1_20' title="bbox 1894 586 3487 659; baseline 0.007 -20"><span class='ocrx_word' id='word_1_146' title='bbox 1894 586 2114 656; x_wconf 89' lang='lat' dir='ltr'><strong>quique,</strong></span> <span class='ocrx_word' id='word_1_147' title='bbox 2147 594 2438 656; x_wconf 88' lang='lat' dir='ltr'><strong>antequam</strong></span> <span class='ocrx_word' id='word_1_148' title='bbox 2479 601 2824 644; x_wconf 87' lang='lat' dir='ltr'><strong>sacramento</strong></span> <span class='ocrx_word' id='word_1_149' title='bbox 2863 590 3076 659; x_wconf 81' lang='lat' dir='ltr'><strong>probati</strong></span> <span class='ocrx_word' id='word_1_150' title='bbox 3118 591 3247 658; x_wconf 87' lang='lat' dir='ltr'><strong>sint,</strong></span> <span class='ocrx_word' id='word_1_151' title='bbox 3282 592 3487 650; x_wconf 81' lang='lat' dir='ltr'><strong>milites</strong></span> 
     </span>
    </p>
   </div>
   <div class='ocr_carea' id='block_1_21' title="bbox 1894 677 3487 752">
    <p class='ocr_par' dir='ltr' id='par_1_21' title="bbox 1894 677 3487 752">
     <span class='ocr_line' id='line_1_21' title="bbox 1894 677 3487 752; baseline 0.005 -22"><span class='ocrx_word' id='word_1_152' title='bbox 1894 693 1998 730; x_wconf 87' lang='lat' dir='ltr'><strong>non</strong></span> <span class='ocrx_word' id='word_1_153' title='bbox 2026 685 2169 732; x_wconf 90' lang='lat' dir='ltr'><strong>sunt.</strong></span> <span class='ocrx_word' id='word_1_154' title='bbox 2207 677 2463 733; x_wconf 64' lang='lat' dir='ltr'><strong>Romamn.</strong></span> <span class='ocrx_word' id='word_1_155' title='bbox 2506 688 2682 734; x_wconf 88' lang='lat' dir='ltr'><strong>autem</strong></span> <span class='ocrx_word' id='word_1_156' title='bbox 2714 679 2918 734; x_wconf 71' lang='lat' dir='ltr'><strong>militia:</strong></span> <span class='ocrx_word' id='word_1_157' title='bbox 2948 696 3066 735; x_wconf 92' lang='lat' dir='ltr'><strong>mos</strong></span> <span class='ocrx_word' id='word_1_158' title='bbox 3100 680 3222 746; x_wconf 77' lang='lat' dir='ltr'><strong>fuit,</strong></span> <span class='ocrx_word' id='word_1_159' title='bbox 3252 684 3487 752; x_wconf 82' lang='lat' dir='ltr'><strong>puberes</strong></span> 
     </span>
    </p>
   </div>
   <div class='ocr_carea' id='block_1_22' title="bbox 1894 758 3484 839">
    <p class='ocr_par' dir='ltr' id='par_1_22' title="bbox 1894 758 3484 839">
     <span class='ocr_line' id='line_1_22' title="bbox 1894 758 3484 839; baseline 0.004 -19"><span class='ocrx_word' id='word_1_160' title='bbox 1894 768 2067 839; x_wconf 78' lang='lat' dir='ltr'><strong>primo</strong></span> <span class='ocrx_word' id='word_1_161' title='bbox 2115 771 2358 824; x_wconf 81' lang='lat' dir='ltr'><strong>exerceri</strong></span> <span class='ocrx_word' id='word_1_162' title='bbox 2403 772 2589 826; x_wconf 91' lang='lat' dir='ltr'><strong>armis.</strong></span> <span class='ocrx_word' id='word_1_163' title='bbox 2632 758 2770 826; x_wconf 84' lang='lat' dir='ltr'><strong>Nam</strong></span> <span class='ocrx_word' id='word_1_164' title='bbox 2812 781 2965 826; x_wconf 81' lang='lat' dir='ltr'><strong>sexto</strong></span> <span class='ocrx_word' id='word_1_165' title='bbox 2995 772 3206 827; x_wconf 71' lang='lat' dir='ltr'><strong>decimo</strong></span> <span class='ocrx_word' id='word_1_166' title='bbox 3239 788 3383 829; x_wconf 85' lang='lat' dir='ltr'><strong>anno</strong></span> <span class='ocrx_word' id='word_1_167' title='bbox 3413 776 3484 828; x_wconf 86' lang='lat' dir='ltr'><strong>ti-</strong></span> 
     </span>
    </p>
   </div>
   <div class='ocr_carea' id='block_1_23' title="bbox 1892 860 3487 933">
    <p class='ocr_par' dir='ltr' id='par_1_23' title="bbox 1892 860 3487 933">
     <span class='ocr_line' id='line_1_23' title="bbox 1892 860 3487 933; baseline 0.008 -27"><span class='ocrx_word' id='word_1_168' title='bbox 1892 876 2053 913; x_wconf 76' lang='lat' dir='ltr'><strong>rmlﬂs</strong></span> <span class='ocrx_word' id='word_1_169' title='bbox 2097 860 2423 927; x_wconf 87' lang='lat' dir='ltr'><strong>militabant,</strong></span> <span class='ocrx_word' id='word_1_170' title='bbox 2481 878 2588 933; x_wconf 92' lang='lat' dir='ltr'><strong>quo</strong></span> <span class='ocrx_word' id='word_1_171' title='bbox 2639 863 2800 917; x_wconf 89' lang='lat' dir='ltr'><strong>etiam</strong></span> <span class='ocrx_word' id='word_1_172' title='bbox 2860 862 2973 917; x_wconf 89' lang='lat' dir='ltr'><strong>solo</strong></span> <span class='ocrx_word' id='word_1_173' title='bbox 3025 864 3126 918; x_wconf 90' lang='lat' dir='ltr'><strong>sub</strong></span> <span class='ocrx_word' id='word_1_174' title='bbox 3169 864 3487 919; x_wconf 85' lang='lat' dir='ltr'><strong>custodibus</strong></span> 
     </span>
    </p>
   </div>
   <div class='ocr_carea' id='block_1_24' title="bbox 1893 952 3491 1024">
    <p class='ocr_par' dir='ltr' id='par_1_24' title="bbox 1893 952 3491 1024">
     <span class='ocr_line' id='line_1_24' title="bbox 1893 952 3491 1024; baseline 0.003 -19"><span class='ocrx_word' id='word_1_175' title='bbox 1893 953 2145 1023; x_wconf 79' lang='lat' dir='ltr'><strong>agebant.</strong></span> <span class='ocrx_word' id='word_1_176' title='bbox 2183 952 2491 1024; x_wconf 91' lang='lat' dir='ltr'><strong>Conscripti</strong></span> <span class='ocrx_word' id='word_1_177' title='bbox 2528 954 2717 1008; x_wconf 89' lang='lat' dir='ltr'><strong>militia</strong></span> <span class='ocrx_word' id='word_1_178' title='bbox 2744 954 3019 1018; x_wconf 81' lang='lat' dir='ltr'><strong>dicuntur,</strong></span> <span class='ocrx_word' id='word_1_179' title='bbox 3057 954 3179 1023; x_wconf 85' lang='lat' dir='ltr'><strong>quia</strong></span> <span class='ocrx_word' id='word_1_180' title='bbox 3209 954 3264 1008; x_wconf 93' lang='lat' dir='ltr'><strong>in</strong></span> <span class='ocrx_word' id='word_1_181' title='bbox 3289 955 3491 1010; x_wconf 83' lang='lat' dir='ltr'><strong>tabulis</strong></span> 
     </span>
    </p>
   </div>
   <div class='ocr_carea' id='block_1_25' title="bbox 1892 1044 3487 1115">
    <p class='ocr_par' dir='ltr' id='par_1_25' title="bbox 1892 1044 3487 1115">
     <span class='ocr_line' id='line_1_25' title="bbox 1892 1044 3487 1115; baseline 0.003 -20"><span class='ocrx_word' id='word_1_182' title='bbox 1892 1044 2246 1099; x_wconf 76' lang='lat' dir='ltr'><strong>mmferuntur</strong></span> <span class='ocrx_word' id='word_1_183' title='bbox 2278 1045 2345 1099; x_wconf 90' lang='lat' dir='ltr'><strong>ab</strong></span> <span class='ocrx_word' id='word_1_184' title='bbox 2371 1060 2437 1099; x_wconf 91' lang='lat' dir='ltr'><strong>eo</strong></span> <span class='ocrx_word' id='word_1_185' title='bbox 2473 1045 2565 1115; x_wconf 86' lang='lat' dir='ltr'><strong>qui</strong></span> <span class='ocrx_word' id='word_1_186' title='bbox 2591 1060 2686 1100; x_wconf 90' lang='lat' dir='ltr'><strong>eos</strong></span> <span class='ocrx_word' id='word_1_187' title='bbox 2711 1045 2970 1107; x_wconf 81' lang='lat' dir='ltr'><strong>ducturus</strong></span> <span class='ocrx_word' id='word_1_188' title='bbox 2998 1053 3119 1109; x_wconf 89' lang='lat' dir='ltr'><strong>est;</strong></span> <span class='ocrx_word' id='word_1_189' title='bbox 3152 1044 3291 1099; x_wconf 87' lang='lat' dir='ltr'><strong>sicut</strong></span> <span class='ocrx_word' id='word_1_190' title='bbox 3332 1052 3487 1099; x_wconf 87' lang='lat' dir='ltr'><strong>tran-</strong></span> 
     </span>
    </p>
   </div>
   <div class='ocr_carea' id='block_1_26' title="bbox 1892 1134 3481 1207">
    <p class='ocr_par' dir='ltr' id='par_1_26' title="bbox 1892 1134 3481 1207">
     <span class='ocr_line' id='line_1_26' title="bbox 1892 1134 3481 1207; baseline 0.003 -20"><span class='ocrx_word' id='word_1_191' title='bbox 1892 1134 2078 1204; x_wconf 88' lang='lat' dir='ltr'><strong>scripti</strong></span> <span class='ocrx_word' id='word_1_192' title='bbox 2132 1143 2417 1201; x_wconf 76' lang='lat' dir='ltr'><strong>vo:antur,</strong></span> <span class='ocrx_word' id='word_1_193' title='bbox 2472 1151 2596 1190; x_wconf 89' lang='lat' dir='ltr'><strong>cum</strong></span> <span class='ocrx_word' id='word_1_194' title='bbox 2640 1137 2706 1191; x_wconf 92' lang='lat' dir='ltr'><strong>de</strong></span> <span class='ocrx_word' id='word_1_195' title='bbox 2751 1136 2856 1189; x_wconf 87' lang='lat' dir='ltr'><strong>alia</strong></span> <span class='ocrx_word' id='word_1_196' title='bbox 2909 1136 2962 1190; x_wconf 91' lang='lat' dir='ltr'><strong>in</strong></span> <span class='ocrx_word' id='word_1_197' title='bbox 2998 1137 3157 1190; x_wconf 88' lang='lat' dir='ltr'><strong>aliam</strong></span> <span class='ocrx_word' id='word_1_198' title='bbox 3215 1135 3481 1207; x_wconf 74' lang='lat' dir='ltr'><strong>legionem</strong></span> 
     </span>
    </p>
   </div>
   <div class='ocr_carea' id='block_1_27' title="bbox 1896 1226 3480 1296">
    <p class='ocr_par' dir='ltr' id='par_1_27' title="bbox 1896 1226 3480 1296">
     <span class='ocr_line' id='line_1_27' title="bbox 1896 1226 3480 1296; baseline 0.001 -17"><span class='ocrx_word' id='word_1_199' title='bbox 1896 1233 2213 1290; x_wconf 88' lang='lat' dir='ltr'><strong>transeunt;</strong></span> <span class='ocrx_word' id='word_1_200' title='bbox 2262 1233 2317 1279; x_wconf 90' lang='lat' dir='ltr'><strong>et</strong></span> <span class='ocrx_word' id='word_1_201' title='bbox 2361 1226 2487 1280; x_wconf 89' lang='lat' dir='ltr'><strong>inde</strong></span> <span class='ocrx_word' id='word_1_202' title='bbox 2539 1226 2872 1296; x_wconf 85' lang='lat' dir='ltr'><strong>transcripti,</strong></span> <span class='ocrx_word' id='word_1_203' title='bbox 2906 1227 3030 1295; x_wconf 90' lang='lat' dir='ltr'><strong>quia</strong></span> <span class='ocrx_word' id='word_1_204' title='bbox 3083 1228 3298 1281; x_wconf 89' lang='lat' dir='ltr'><strong>nomina</strong></span> <span class='ocrx_word' id='word_1_205' title='bbox 3328 1228 3480 1293; x_wconf 84' lang='lat' dir='ltr'><strong>dant,</strong></span> 
     </span>
    </p>
   </div>
   <div class='ocr_carea' id='block_1_28' title="bbox 1892 1318 3484 1387">
    <p class='ocr_par' dir='ltr' id='par_1_28' title="bbox 1892 1318 3484 1387">
     <span class='ocr_line' id='line_1_28' title="bbox 1892 1318 3484 1387; baseline 0.003 -16"><span class='ocrx_word' id='word_1_206' title='bbox 1892 1326 1952 1371; x_wconf 94' lang='lat' dir='ltr'><strong>ut</strong></span> <span class='ocrx_word' id='word_1_207' title='bbox 1990 1318 2458 1372; x_wconf 89' lang='lat' dir='ltr'><strong>transcrihantur:</strong></span> <span class='ocrx_word' id='word_1_208' title='bbox 2507 1326 2561 1372; x_wconf 92' lang='lat' dir='ltr'><strong>et</strong></span> <span class='ocrx_word' id='word_1_209' title='bbox 2598 1319 2845 1387; x_wconf 80' lang='lat' dir='ltr'><strong>cptiones</strong></span> <span class='ocrx_word' id='word_1_210' title='bbox 2873 1318 3025 1383; x_wconf 85' lang='lat' dir='ltr'><strong>dicti,</strong></span> <span class='ocrx_word' id='word_1_211' title='bbox 3055 1320 3197 1387; x_wconf 90' lang='lat' dir='ltr'><strong>quod</strong></span> <span class='ocrx_word' id='word_1_212' title='bbox 3238 1319 3347 1375; x_wconf 88' lang='lat' dir='ltr'><strong>sint</strong></span> <span class='ocrx_word' id='word_1_213' title='bbox 3375 1319 3484 1375; x_wconf 85' lang='lat' dir='ltr'><strong>elc-</strong></span> 
     </span>
    </p>
   </div>
   <div class='ocr_carea' id='block_1_29' title="bbox 1892 1408 3488 1483">
    <p class='ocr_par' dir='ltr' id='par_1_29' title="bbox 1892 1408 3488 1483">
     <span class='ocr_line' id='line_1_29' title="bbox 1892 1408 3488 1483; baseline 0.002 -19"><span class='ocrx_word' id='word_1_214' title='bbox 1892 1408 2007 1464; x_wconf 89' lang='lat' dir='ltr'><strong>cti:</strong></span> <span class='ocrx_word' id='word_1_215' title='bbox 2041 1426 2164 1463; x_wconf 88' lang='lat' dir='ltr'><strong>nam</strong></span> <span class='ocrx_word' id='word_1_216' title='bbox 2197 1417 2388 1479; x_wconf 88' lang='lat' dir='ltr'><strong>optare</strong></span> <span class='ocrx_word' id='word_1_217' title='bbox 2430 1408 2630 1479; x_wconf 83' lang='lat' dir='ltr'><strong>eligere</strong></span> <span class='ocrx_word' id='word_1_218' title='bbox 2662 1418 2765 1474; x_wconf 92' lang='lat' dir='ltr'><strong>est,</strong></span> <span class='ocrx_word' id='word_1_219' title='bbox 2809 1409 2949 1464; x_wconf 85' lang='lat' dir='ltr'><strong>sicut</strong></span> <span class='ocrx_word' id='word_1_220' title='bbox 2985 1418 3071 1464; x_wconf 90' lang='lat' dir='ltr'><strong>est</strong></span> <span class='ocrx_word' id='word_1_221' title='bbox 3116 1410 3244 1465; x_wconf 92' lang='lat' dir='ltr'><strong>illud</strong></span> <span class='ocrx_word' id='word_1_222' title='bbox 3275 1428 3289 1465; x_wconf 92' lang='lat'><strong>:</strong></span> <span class='ocrx_word' id='word_1_223' title='bbox 3334 1421 3488 1483; x_wconf 84' lang='lat' dir='ltr'><strong>opta-</strong></span> 
     </span>
    </p>
   </div>
   <div class='ocr_carea' id='block_1_30' title="bbox 1890 1499 3481 1573">
    <p class='ocr_par' dir='ltr' id='par_1_30' title="bbox 1890 1499 3481 1573">
     <span class='ocr_line' id='line_1_30' title="bbox 1890 1499 3481 1573; baseline 0.003 -18"><span class='ocrx_word' id='word_1_224' title='bbox 1890 1502 2063 1571; x_wconf 83' lang='lat' dir='ltr'><strong>vitque</strong></span> <span class='ocrx_word' id='word_1_225' title='bbox 2107 1499 2278 1554; x_wconf 86' lang='lat' dir='ltr'><strong>locum</strong></span> <span class='ocrx_word' id='word_1_226' title='bbox 2316 1517 2490 1572; x_wconf 85' lang='lat' dir='ltr'><strong>regno,</strong></span> <span class='ocrx_word' id='word_1_227' title='bbox 2517 1501 2569 1556; x_wconf 90' lang='lat' dir='ltr'><strong>id</strong></span> <span class='ocrx_word' id='word_1_228' title='bbox 2618 1510 2723 1567; x_wconf 86' lang='lat' dir='ltr'><strong>est,</strong></span> <span class='ocrx_word' id='word_1_229' title='bbox 2759 1502 2937 1573; x_wconf 83' lang='lat' dir='ltr'><strong>elegit.</strong></span> <span class='ocrx_word' id='word_1_230' title='bbox 2995 1502 3350 1559; x_wconf 82' lang='lat' dir='ltr'><strong>Excubitores</strong></span> <span class='ocrx_word' id='word_1_231' title='bbox 3396 1505 3481 1559; x_wconf 86' lang='lat' dir='ltr'><strong>di-</strong></span> 
     </span>
    </p>
   </div>
   <div class='ocr_carea' id='block_1_31' title="bbox 1891 1591 3485 1665">
    <p class='ocr_par' dir='ltr' id='par_1_31' title="bbox 1891 1591 3485 1665">
     <span class='ocr_line' id='line_1_31' title="bbox 1891 1591 3485 1665; baseline 0.004 -20"><span class='ocrx_word' id='word_1_232' title='bbox 1891 1600 2088 1645; x_wconf 88' lang='lat' dir='ltr'><strong>cuntur</strong></span> <span class='ocrx_word' id='word_1_233' title='bbox 2132 1606 2231 1662; x_wconf 91' lang='lat' dir='ltr'><strong>pro</strong></span> <span class='ocrx_word' id='word_1_234' title='bbox 2284 1606 2349 1647; x_wconf 90' lang='lat' dir='ltr'><strong>eo</strong></span> <span class='ocrx_word' id='word_1_235' title='bbox 2402 1591 2544 1662; x_wconf 90' lang='lat' dir='ltr'><strong>quod</strong></span> <span class='ocrx_word' id='word_1_236' title='bbox 2593 1593 2851 1648; x_wconf 85' lang='lat' dir='ltr'><strong>excubias</strong></span> <span class='ocrx_word' id='word_1_237' title='bbox 2878 1608 3091 1663; x_wconf 82' lang='lat' dir='ltr'><strong>semper</strong></span> <span class='ocrx_word' id='word_1_238' title='bbox 3138 1603 3326 1665; x_wconf 89' lang='lat' dir='ltr'><strong>agunt,</strong></span> <span class='ocrx_word' id='word_1_239' title='bbox 3357 1605 3485 1653; x_wconf 85' lang='lat' dir='ltr'><strong>sunt</strong></span> 
     </span>
    </p>
   </div>
   <div class='ocr_carea' id='block_1_32' title="bbox 1893 1683 3483 1754">
    <p class='ocr_par' dir='ltr' id='par_1_32' title="bbox 1893 1683 3483 1754">
     <span class='ocr_line' id='line_1_32' title="bbox 1893 1683 3483 1754; baseline 0.003 -18"><span class='ocrx_word' id='word_1_240' title='bbox 1893 1683 2038 1736; x_wconf 91' lang='lat' dir='ltr'><strong>enim</strong></span> <span class='ocrx_word' id='word_1_241' title='bbox 2068 1698 2134 1737; x_wconf 76' lang='lat' dir='ltr'><strong>ex</strong></span> <span class='ocrx_word' id='word_1_242' title='bbox 2163 1696 2391 1738; x_wconf 90' lang='lat' dir='ltr'><strong>numero</strong></span> <span class='ocrx_word' id='word_1_243' title='bbox 2418 1683 2673 1749; x_wconf 89' lang='lat' dir='ltr'><strong>militum,</strong></span> <span class='ocrx_word' id='word_1_244' title='bbox 2703 1692 2757 1738; x_wconf 82' lang='lat' dir='ltr'><strong>et</strong></span> <span class='ocrx_word' id='word_1_245' title='bbox 2800 1685 2851 1738; x_wconf 92' lang='lat' dir='ltr'><strong>in</strong></span> <span class='ocrx_word' id='word_1_246' title='bbox 2886 1685 3185 1754; x_wconf 83' lang='lat' dir='ltr'><strong>porticibus</strong></span> <span class='ocrx_word' id='word_1_247' title='bbox 3213 1686 3483 1741; x_wconf 77' lang='lat' dir='ltr'><strong>excubant</strong></span> 
     </span>
    </p>
   </div>
   <div class='ocr_carea' id='block_1_33' title="bbox 219 1764 3483 1843">
    <p class='ocr_par' dir='ltr' id='par_1_33' title="bbox 219 1764 3483 1843">
     <span class='ocr_line' id='line_1_33' title="bbox 219 1764 3483 1843; baseline 0.003 -23"><span class='ocrx_word' id='word_1_248' title='bbox 219 1768 401 1823; x_wconf 88' lang='lat' dir='ltr'><strong>honore</strong></span> <span class='ocrx_word' id='word_1_249' title='bbox 447 1767 785 1837; x_wconf 62' lang='lat' dir='ltr'><strong>praecedunt.</strong></span> <span class='ocrx_word' id='word_1_250' title='bbox 837 1766 1063 1822; x_wconf 88' lang='lat' dir='ltr'><strong>Tribuni</strong></span> <span class='ocrx_word' id='word_1_251' title='bbox 1118 1767 1316 1830; x_wconf 88' lang='lat' dir='ltr'><strong>vocati,</strong></span> <span class='ocrx_word' id='word_1_252' title='bbox 1365 1768 1491 1836; x_wconf 89' lang='lat' dir='ltr'><strong>quia</strong></span> <span class='ocrx_word' id='word_1_253' title='bbox 1527 1768 1789 1823; x_wconf 89' lang='lat' dir='ltr'><strong>militibus</strong></span> <span class='ocrx_word' id='word_1_254' title='bbox 1820 1764 1863 1822; x_wconf 76' lang='lat' dir='ltr'><strong>ll</strong></span> <span class='ocrx_word' id='word_1_255' title='bbox 1892 1781 2114 1843; x_wconf 90' lang='lat' dir='ltr'><strong>propter</strong></span> <span class='ocrx_word' id='word_1_256' title='bbox 2139 1774 2373 1843; x_wconf 86' lang='lat' dir='ltr'><strong>regalem</strong></span> <span class='ocrx_word' id='word_1_257' title='bbox 2409 1773 2750 1829; x_wconf 87' lang='lat' dir='ltr'><strong>custodiam:</strong></span> <span class='ocrx_word' id='word_1_258' title='bbox 2784 1775 3027 1830; x_wconf 67' lang='lat' dir='ltr'><strong>excubiae</strong></span> <span class='ocrx_word' id='word_1_259' title='bbox 3069 1784 3249 1830; x_wconf 87' lang='lat' dir='ltr'><strong>autem</strong></span> <span class='ocrx_word' id='word_1_260' title='bbox 3277 1776 3483 1830; x_wconf 68' lang='lat' dir='ltr'><strong>diurnae</strong></span> 
     </span>
    </p>
   </div>
   <div class='ocr_carea' id='block_1_34' title="bbox 219 1857 1787 1931">
    <p class='ocr_par' dir='ltr' id='par_1_34' title="bbox 219 1857 1787 1931">
     <span class='ocr_line' id='line_1_34' title="bbox 219 1857 1787 1931; baseline 0.003 -20"><span class='ocrx_word' id='word_1_261' title='bbox 219 1858 315 1913; x_wconf 81' lang='lat' dir='ltr'><strong>sive</strong></span> <span class='ocrx_word' id='word_1_262' title='bbox 345 1858 590 1929; x_wconf 87' lang='lat' dir='ltr'><strong>plebibus</strong></span> <span class='ocrx_word' id='word_1_263' title='bbox 635 1857 760 1928; x_wconf 86' lang='lat' dir='ltr'><strong>jura</strong></span> <span class='ocrx_word' id='word_1_264' title='bbox 806 1858 1065 1913; x_wconf 89' lang='lat' dir='ltr'><strong>tribuunt.</strong></span> <span class='ocrx_word' id='word_1_265' title='bbox 1122 1857 1445 1914; x_wconf 72' lang='lat' dir='ltr'><strong>Chiliarchze</strong></span> <span class='ocrx_word' id='word_1_266' title='bbox 1498 1870 1644 1927; x_wconf 85' lang='lat' dir='ltr'><strong>sunt,</strong></span> <span class='ocrx_word' id='word_1_267' title='bbox 1697 1863 1787 1931; x_wconf 90' lang='lat' dir='ltr'><strong>qui</strong></span> 
     </span>
    </p>
   </div>
   <div class='ocr_carea' id='block_1_35' title="bbox 221 1949 1784 2021">
    <p class='ocr_par' dir='ltr' id='par_1_35' title="bbox 221 1949 1784 2021">
     <span class='ocr_line' id='line_1_35' title="bbox 221 1949 1784 2021; baseline 0.003 -19"><span class='ocrx_word' id='word_1_268' title='bbox 221 1950 345 2004; x_wconf 85' lang='lat' dir='ltr'><strong>mille</strong></span> <span class='ocrx_word' id='word_1_269' title='bbox 384 1958 645 2020; x_wconf 71' lang='lat' dir='ltr'><strong>prtesunt,</strong></span> <span class='ocrx_word' id='word_1_270' title='bbox 679 1964 815 2020; x_wconf 87' lang='lat' dir='ltr'><strong>quos</strong></span> <span class='ocrx_word' id='word_1_271' title='bbox 845 1964 964 2015; x_wconf 86' lang='lat' dir='ltr'><strong>nos,</strong></span> <span class='ocrx_word' id='word_1_272' title='bbox 996 1949 1344 2016; x_wconf 85' lang='lat' dir='ltr'><strong>millenarios,</strong></span> <span class='ocrx_word' id='word_1_273' title='bbox 1374 1966 1784 2021; x_wconf 88' lang='lat' dir='ltr'><strong>nuncupamus;</strong></span> 
     </span>
    </p>
   </div>
   <div class='ocr_carea' id='block_1_36' title="bbox 219 2040 1789 2114">
    <p class='ocr_par' dir='ltr' id='par_1_36' title="bbox 219 2040 1789 2114">
     <span class='ocr_line' id='line_1_36' title="bbox 219 2040 1789 2114; baseline 0.003 -19"><span class='ocrx_word' id='word_1_274' title='bbox 219 2049 263 2095; x_wconf 85' lang='lat' dir='ltr'><strong>et</strong></span> <span class='ocrx_word' id='word_1_275' title='bbox 281 2050 358 2096; x_wconf 89' lang='lat' dir='ltr'><strong>est</strong></span> <span class='ocrx_word' id='word_1_276' title='bbox 383 2040 630 2096; x_wconf 58' lang='lat' dir='ltr'><strong>Graecum</strong></span> <span class='ocrx_word' id='word_1_277' title='bbox 689 2057 908 2097; x_wconf 90' lang='lat' dir='ltr'><strong>nomen.</strong></span> <span class='ocrx_word' id='word_1_278' title='bbox 943 2041 1304 2098; x_wconf 88' lang='lat' dir='ltr'><strong>Centuriones</strong></span> <span class='ocrx_word' id='word_1_279' title='bbox 1353 2042 1484 2098; x_wconf 89' lang='lat' dir='ltr'><strong>dicti</strong></span> <span class='ocrx_word' id='word_1_280' title='bbox 1536 2060 1602 2099; x_wconf 90' lang='lat' dir='ltr'><strong>eo</strong></span> <span class='ocrx_word' id='word_1_281' title='bbox 1644 2046 1789 2114; x_wconf 92' lang='lat' dir='ltr'><strong>quod</strong></span> 
     </span>
    </p>
   </div>
   <div class='ocr_carea' id='block_1_37' title="bbox 174 2132 1786 2203">
    <p class='ocr_par' dir='ltr' id='par_1_37' title="bbox 174 2132 1786 2203">
     <span class='ocr_line' id='line_1_37' title="bbox 174 2132 1786 2203; baseline 0.002 -20"><span class='ocrx_word' id='word_1_282' title='bbox 174 2180 175 2183; x_wconf 44' lang='grc' dir='ltr'><strong>η</strong></span> <span class='ocrx_word' id='word_1_283' title='bbox 218 2140 436 2200; x_wconf 68' lang='lat' dir='ltr'><strong>praesunt</strong></span> <span class='ocrx_word' id='word_1_284' title='bbox 483 2140 704 2187; x_wconf 88' lang='lat' dir='ltr'><strong>centum</strong></span> <span class='ocrx_word' id='word_1_285' title='bbox 747 2132 1007 2187; x_wconf 90' lang='lat' dir='ltr'><strong>militibus</strong></span> <span class='ocrx_word' id='word_1_286' title='bbox 1048 2149 1061 2186; x_wconf 93' lang='lat'><strong>:</strong></span> <span class='ocrx_word' id='word_1_287' title='bbox 1116 2133 1262 2187; x_wconf 89' lang='lat' dir='ltr'><strong>sicut</strong></span> <span class='ocrx_word' id='word_1_288' title='bbox 1319 2133 1786 2203; x_wconf 78' lang='lat' dir='ltr'><strong>quinquagenarii,</strong></span> 
     </span>
    </p>
   </div>
   <div class='ocr_carea' id='block_1_38' title="bbox 219 2222 1785 2294">
    <p class='ocr_par' dir='ltr' id='par_1_38' title="bbox 219 2222 1785 2294">
     <span class='ocr_line' id='line_1_38' title="bbox 219 2222 1785 2294; baseline 0.004 -19"><span class='ocrx_word' id='word_1_289' title='bbox 219 2222 327 2292; x_wconf 88' lang='lat' dir='ltr'><strong>quia</strong></span> <span class='ocrx_word' id='word_1_290' title='bbox 356 2223 407 2276; x_wconf 92' lang='lat' dir='ltr'><strong>in</strong></span> <span class='ocrx_word' id='word_1_291' title='bbox 434 2223 612 2294; x_wconf 85' lang='lat' dir='ltr'><strong>capite</strong></span> <span class='ocrx_word' id='word_1_292' title='bbox 642 2231 769 2277; x_wconf 89' lang='lat' dir='ltr'><strong>sunt</strong></span> <span class='ocrx_word' id='word_1_293' title='bbox 794 2223 1185 2294; x_wconf 82' lang='lat' dir='ltr'><strong>quinquaginta</strong></span> <span class='ocrx_word' id='word_1_294' title='bbox 1222 2224 1478 2289; x_wconf 86' lang='lat' dir='ltr'><strong>militum,</strong></span> <span class='ocrx_word' id='word_1_295' title='bbox 1520 2226 1659 2280; x_wconf 91' lang='lat' dir='ltr'><strong>sicut</strong></span> <span class='ocrx_word' id='word_1_296' title='bbox 1693 2228 1785 2282; x_wconf 89' lang='lat' dir='ltr'><strong>de-</strong></span> 
     </span>
    </p>
   </div>
   <div class='ocr_carea' id='block_1_39' title="bbox 218 2312 1790 2384">
    <p class='ocr_par' dir='ltr' id='par_1_39' title="bbox 218 2312 1790 2384">
     <span class='ocr_line' id='line_1_39' title="bbox 218 2312 1790 2384; baseline 0.003 -18"><span class='ocrx_word' id='word_1_297' title='bbox 218 2312 324 2367; x_wconf 86' lang='lat' dir='ltr'><strong>cani</strong></span> <span class='ocrx_word' id='word_1_298' title='bbox 348 2328 409 2367; x_wconf 90' lang='lat' dir='ltr'><strong>eo</strong></span> <span class='ocrx_word' id='word_1_299' title='bbox 453 2312 599 2382; x_wconf 90' lang='lat' dir='ltr'><strong>quod</strong></span> <span class='ocrx_word' id='word_1_300' title='bbox 644 2313 829 2369; x_wconf 90' lang='lat' dir='ltr'><strong>decem</strong></span> <span class='ocrx_word' id='word_1_301' title='bbox 864 2314 1120 2368; x_wconf 88' lang='lat' dir='ltr'><strong>militibus</strong></span> <span class='ocrx_word' id='word_1_302' title='bbox 1163 2313 1543 2384; x_wconf 65' lang='lat' dir='ltr'><strong>pi&#39;arl‘eruntur.</strong></span> <span class='ocrx_word' id='word_1_303' title='bbox 1579 2317 1671 2371; x_wconf 70' lang='lat' dir='ltr'><strong>lla:</strong></span> <span class='ocrx_word' id='word_1_304' title='bbox 1696 2333 1790 2371; x_wconf 88' lang='lat' dir='ltr'><strong>au-</strong></span> 
     </span>
    </p>
   </div>
   <div class='ocr_carea' id='block_1_40' title="bbox 218 2404 1783 2474">
    <p class='ocr_par' dir='ltr' id='par_1_40' title="bbox 218 2404 1783 2474">
     <span class='ocr_line' id='line_1_40' title="bbox 218 2404 1783 2474; baseline 0.004 -17"><span class='ocrx_word' id='word_1_305' title='bbox 218 2410 314 2458; x_wconf 85' lang='lat' dir='ltr'><strong>tem</strong></span> <span class='ocrx_word' id='word_1_306' title='bbox 352 2405 553 2474; x_wconf 84' lang='lat' dir='ltr'><strong>species</strong></span> <span class='ocrx_word' id='word_1_307' title='bbox 596 2404 944 2474; x_wconf 64' lang='lat' dir='ltr'><strong>prwlatorum</strong></span> <span class='ocrx_word' id='word_1_308' title='bbox 978 2405 1029 2459; x_wconf 92' lang='lat' dir='ltr'><strong>in</strong></span> <span class='ocrx_word' id='word_1_309' title='bbox 1062 2405 1305 2461; x_wconf 86' lang='lat' dir='ltr'><strong>Ecclesia</strong></span> <span class='ocrx_word' id='word_1_310' title='bbox 1342 2407 1444 2463; x_wconf 88' lang='lat' dir='ltr'><strong>rite</strong></span> <span class='ocrx_word' id='word_1_311' title='bbox 1498 2416 1783 2474; x_wconf 86' lang='lat' dir='ltr'><strong>tenentur;</strong></span> 
     </span>
    </p>
   </div>
   <div class='ocr_carea' id='block_1_41' title="bbox 216 2497 1786 2569">
    <p class='ocr_par' dir='ltr' id='par_1_41' title="bbox 216 2497 1786 2569">
     <span class='ocr_line' id='line_1_41' title="bbox 216 2497 1786 2569; baseline 0.004 -19"><span class='ocrx_word' id='word_1_312' title='bbox 216 2497 345 2566; x_wconf 88' lang='lat' dir='ltr'><strong>quod</strong></span> <span class='ocrx_word' id='word_1_313' title='bbox 364 2498 730 2568; x_wconf 85' lang='lat' dir='ltr'><strong>unusquisque</strong></span> <span class='ocrx_word' id='word_1_314' title='bbox 758 2499 1079 2569; x_wconf 66' lang='lat' dir='ltr'><strong>prmpositus</strong></span> <span class='ocrx_word' id='word_1_315' title='bbox 1099 2498 1252 2569; x_wconf 86' lang='lat' dir='ltr'><strong>juxta</strong></span> <span class='ocrx_word' id='word_1_316' title='bbox 1277 2501 1439 2556; x_wconf 91' lang='lat' dir='ltr'><strong>ritum</strong></span> <span class='ocrx_word' id='word_1_317' title='bbox 1466 2511 1520 2557; x_wconf 89' lang='lat' dir='ltr'><strong>et</strong></span> <span class='ocrx_word' id='word_1_318' title='bbox 1543 2504 1786 2557; x_wconf 74' lang='lat' dir='ltr'><strong>ordinem</strong></span> 
     </span>
    </p>
   </div>
   <div class='ocr_carea' id='block_1_42' title="bbox 218 2589 1788 2663">
    <p class='ocr_par' dir='ltr' id='par_1_42' title="bbox 218 2589 1788 2663">
     <span class='ocr_line' id='line_1_42' title="bbox 218 2589 1788 2663; baseline 0.006 -23"><span class='ocrx_word' id='word_1_319' title='bbox 218 2602 358 2642; x_wconf 89' lang='lat' dir='ltr'><strong>suum</strong></span> <span class='ocrx_word' id='word_1_320' title='bbox 380 2604 560 2643; x_wconf 88' lang='lat' dir='ltr'><strong>curam</strong></span> <span class='ocrx_word' id='word_1_321' title='bbox 586 2589 751 2644; x_wconf 85' lang='lat' dir='ltr'><strong>habet</strong></span> <span class='ocrx_word' id='word_1_322' title='bbox 779 2590 1144 2656; x_wconf 89' lang='lat' dir='ltr'><strong>subditorum,</strong></span> <span class='ocrx_word' id='word_1_323' title='bbox 1174 2608 1241 2646; x_wconf 93' lang='lat' dir='ltr'><strong>ne</strong></span> <span class='ocrx_word' id='word_1_324' title='bbox 1277 2608 1374 2663; x_wconf 89' lang='lat' dir='ltr'><strong>per</strong></span> <span class='ocrx_word' id='word_1_325' title='bbox 1408 2593 1562 2648; x_wconf 82' lang='lat' dir='ltr'><strong>devia</strong></span> <span class='ocrx_word' id='word_1_326' title='bbox 1587 2596 1788 2650; x_wconf 73' lang='lat' dir='ltr'><strong>erretis</strong></span> 
     </span>
    </p>
   </div>
   <div class='ocr_carea' id='block_1_43' title="bbox 219 2682 1787 2753">
    <p class='ocr_par' dir='ltr' id='par_1_43' title="bbox 219 2682 1787 2753">
     <span class='ocr_line' id='line_1_43' title="bbox 219 2682 1787 2753; baseline 0.005 -20"><span class='ocrx_word' id='word_1_327' title='bbox 219 2689 445 2750; x_wconf 80' lang='lat' dir='ltr'><strong>pergant,</strong></span> <span class='ocrx_word' id='word_1_328' title='bbox 482 2697 660 2752; x_wconf 89' lang='lat' dir='ltr'><strong>neque</strong></span> <span class='ocrx_word' id='word_1_329' title='bbox 697 2682 912 2752; x_wconf 88' lang='lat' dir='ltr'><strong>injustis</strong></span> <span class='ocrx_word' id='word_1_330' title='bbox 955 2683 1211 2753; x_wconf 80' lang='lat' dir='ltr'><strong>operibus</strong></span> <span class='ocrx_word' id='word_1_331' title='bbox 1258 2684 1533 2750; x_wconf 89' lang='lat' dir='ltr'><strong>insistant,</strong></span> <span class='ocrx_word' id='word_1_332' title='bbox 1578 2701 1787 2741; x_wconf 91' lang='lat' dir='ltr'><strong>necnon</strong></span> 
     </span>
    </p>
   </div>
   <div class='ocr_carea' id='block_1_44' title="bbox 218 2773 1786 2847">
    <p class='ocr_par' dir='ltr' id='par_1_44' title="bbox 218 2773 1786 2847">
     <span class='ocr_line' id='line_1_44' title="bbox 218 2773 1786 2847; baseline 0.004 -24"><span class='ocrx_word' id='word_1_333' title='bbox 218 2781 263 2824; x_wconf 87' lang='lat' dir='ltr'><strong>et</strong></span> <span class='ocrx_word' id='word_1_334' title='bbox 293 2781 527 2839; x_wconf 79' lang='lat' dir='ltr'><strong>caveant,</strong></span> <span class='ocrx_word' id='word_1_335' title='bbox 550 2789 621 2828; x_wconf 91' lang='lat' dir='ltr'><strong>ne</strong></span> <span class='ocrx_word' id='word_1_336' title='bbox 649 2773 786 2829; x_wconf 88' lang='lat' dir='ltr'><strong>alius</strong></span> <span class='ocrx_word' id='word_1_337' title='bbox 825 2774 980 2829; x_wconf 87' lang='lat' dir='ltr'><strong>alteri</strong></span> <span class='ocrx_word' id='word_1_338' title='bbox 1017 2782 1231 2840; x_wconf 90' lang='lat' dir='ltr'><strong>noceat,</strong></span> <span class='ocrx_word' id='word_1_339' title='bbox 1258 2789 1327 2829; x_wconf 93' lang='lat' dir='ltr'><strong>ne</strong></span> <span class='ocrx_word' id='word_1_340' title='bbox 1356 2790 1453 2847; x_wconf 89' lang='lat' dir='ltr'><strong>per</strong></span> <span class='ocrx_word' id='word_1_341' title='bbox 1476 2776 1786 2838; x_wconf 78' lang='lat' dir='ltr'><strong>violentiam</strong></span> 
     </span>
    </p>
   </div>
   <div class='ocr_carea' id='block_1_45' title="bbox 217 2864 1786 2937">
    <p class='ocr_par' dir='ltr' id='par_1_45' title="bbox 217 2864 1786 2937">
     <span class='ocr_line' id='line_1_45' title="bbox 217 2864 1786 2937; baseline 0.003 -20"><span class='ocrx_word' id='word_1_342' title='bbox 217 2864 502 2934; x_wconf 75' lang='lat' dir='ltr'><strong>Opprimat:</strong></span> <span class='ocrx_word' id='word_1_343' title='bbox 539 2865 638 2919; x_wconf 90' lang='lat' dir='ltr'><strong>sed</strong></span> <span class='ocrx_word' id='word_1_344' title='bbox 667 2865 969 2921; x_wconf 89' lang='lat' dir='ltr'><strong>concordes</strong></span> <span class='ocrx_word' id='word_1_345' title='bbox 996 2865 1232 2921; x_wconf 78' lang='lat' dir='ltr'><strong>invicem</strong></span> <span class='ocrx_word' id='word_1_346' title='bbox 1267 2875 1321 2920; x_wconf 90' lang='lat' dir='ltr'><strong>et</strong></span> <span class='ocrx_word' id='word_1_347' title='bbox 1366 2866 1580 2937; x_wconf 84' lang='lat' dir='ltr'><strong>paciﬁci</strong></span> <span class='ocrx_word' id='word_1_348' title='bbox 1621 2868 1786 2921; x_wconf 83' lang='lat' dir='ltr'><strong>vitam</strong></span> 
     </span>
    </p>
   </div>
   <div class='ocr_carea' id='block_1_46' title="bbox 218 2957 1783 3032">
    <p class='ocr_par' dir='ltr' id='par_1_46' title="bbox 218 2957 1783 3032">
     <span class='ocr_line' id='line_1_46' title="bbox 218 2957 1783 3032; baseline 0.003 -23"><span class='ocrx_word' id='word_1_349' title='bbox 218 2957 489 3012; x_wconf 89' lang='lat' dir='ltr'><strong>modestam</strong></span> <span class='ocrx_word' id='word_1_350' title='bbox 540 2958 762 3012; x_wconf 87' lang='lat' dir='ltr'><strong>ducant.</strong></span> <span class='ocrx_word' id='word_1_351' title='bbox 822 2957 975 3013; x_wconf 86' lang='lat' dir='ltr'><strong>Unde</strong></span> <span class='ocrx_word' id='word_1_352' title='bbox 1012 2967 1067 3013; x_wconf 89' lang='lat' dir='ltr'><strong>et</strong></span> <span class='ocrx_word' id='word_1_353' title='bbox 1111 2958 1163 3013; x_wconf 93' lang='lat' dir='ltr'><strong>in</strong></span> <span class='ocrx_word' id='word_1_354' title='bbox 1207 2959 1379 3013; x_wconf 91' lang='lat' dir='ltr'><strong>veteri</strong></span> <span class='ocrx_word' id='word_1_355' title='bbox 1426 2959 1541 3030; x_wconf 85' lang='lat' dir='ltr'><strong>lege</strong></span> <span class='ocrx_word' id='word_1_356' title='bbox 1587 2957 1783 3032; x_wconf 78' lang='lat' dir='ltr'><strong>(Ea&#39;od.</strong></span> 
     </span>
    </p>
   </div>
   <div class='ocr_carea' id='block_1_47' title="bbox 219 3047 1781 3122">
    <p class='ocr_par' dir='ltr' id='par_1_47' title="bbox 219 3047 1781 3122">
     <span class='ocr_line' id='line_1_47' title="bbox 219 3047 1781 3122; baseline 0 -21"><span class='ocrx_word' id='word_1_357' title='bbox 219 3050 355 3119; x_wconf 84' lang='lat' dir='ltr'><strong>mn)</strong></span> <span class='ocrx_word' id='word_1_358' title='bbox 380 3047 588 3114; x_wconf 79' lang='lat' dir='ltr'><strong>Jethro,</strong></span> <span class='ocrx_word' id='word_1_359' title='bbox 638 3060 902 3119; x_wconf 81' lang='lat' dir='ltr'><strong>cognatus</strong></span> <span class='ocrx_word' id='word_1_360' title='bbox 951 3051 1143 3122; x_wconf 80' lang='lat' dir='ltr'><strong>Moysi,</strong></span> <span class='ocrx_word' id='word_1_361' title='bbox 1183 3052 1329 3107; x_wconf 91' lang='lat' dir='ltr'><strong>dedit</strong></span> <span class='ocrx_word' id='word_1_362' title='bbox 1366 3051 1440 3106; x_wconf 90' lang='lat' dir='ltr'><strong>illi</strong></span> <span class='ocrx_word' id='word_1_363' title='bbox 1477 3052 1781 3117; x_wconf 86' lang='lat' dir='ltr'><strong>consilium,</strong></span> 
     </span>
    </p>
   </div>
   <div class='ocr_carea' id='block_1_48' title="bbox 1892 1864 3485 1935">
    <p class='ocr_par' dir='ltr' id='par_1_48' title="bbox 1892 1864 3485 1935">
     <span class='ocr_line' id='line_1_48' title="bbox 1892 1864 3485 1935; baseline 0.002 -17"><span class='ocrx_word' id='word_1_364' title='bbox 1892 1873 2019 1918; x_wconf 90' lang='lat' dir='ltr'><strong>sunt</strong></span> <span class='ocrx_word' id='word_1_365' title='bbox 2042 1883 2054 1917; x_wconf 91' lang='lat'><strong>:</strong></span> <span class='ocrx_word' id='word_1_366' title='bbox 2084 1864 2278 1934; x_wconf 77' lang='lat' dir='ltr'><strong>vigilia:</strong></span> <span class='ocrx_word' id='word_1_367' title='bbox 2307 1873 2607 1927; x_wconf 64' lang='lat' dir='ltr'><strong>nocturnae,</strong></span> <span class='ocrx_word' id='word_1_368' title='bbox 2630 1865 2772 1919; x_wconf 89' lang='lat' dir='ltr'><strong>unde</strong></span> <span class='ocrx_word' id='word_1_369' title='bbox 2795 1872 2850 1920; x_wconf 90' lang='lat' dir='ltr'><strong>et</strong></span> <span class='ocrx_word' id='word_1_370' title='bbox 2873 1864 3077 1935; x_wconf 85' lang='lat' dir='ltr'><strong>vigiles.</strong></span> <span class='ocrx_word' id='word_1_371' title='bbox 3104 1865 3305 1921; x_wconf 81' lang='lat' dir='ltr'><strong>Velites</strong></span> <span class='ocrx_word' id='word_1_372' title='bbox 3324 1875 3485 1921; x_wconf 85' lang='lat' dir='ltr'><strong>erant</strong></span> 
     </span>
    </p>
   </div>
   <div class='ocr_carea' id='block_1_49' title="bbox 1891 1954 3480 2025">
    <p class='ocr_par' dir='ltr' id='par_1_49' title="bbox 1891 1954 3480 2025">
     <span class='ocr_line' id='line_1_49' title="bbox 1891 1954 3480 2025; baseline 0.003 -17"><span class='ocrx_word' id='word_1_373' title='bbox 1891 1954 2030 2025; x_wconf 90' lang='lat' dir='ltr'><strong>apud</strong></span> <span class='ocrx_word' id='word_1_374' title='bbox 2054 1954 2328 2009; x_wconf 86' lang='lat' dir='ltr'><strong>Romanos</strong></span> <span class='ocrx_word' id='word_1_375' title='bbox 2349 1970 2517 2024; x_wconf 89' lang='lat' dir='ltr'><strong>genus</strong></span> <span class='ocrx_word' id='word_1_376' title='bbox 2541 1955 2746 2009; x_wconf 74' lang='lat' dir='ltr'><strong>militia:</strong></span> <span class='ocrx_word' id='word_1_377' title='bbox 2767 1971 2795 2008; x_wconf 91' lang='lat' dir='ltr'><strong>a</strong></span> <span class='ocrx_word' id='word_1_378' title='bbox 2818 1955 3091 2010; x_wconf 88' lang='lat' dir='ltr'><strong>volitando</strong></span> <span class='ocrx_word' id='word_1_379' title='bbox 3114 1957 3307 2011; x_wconf 87' lang='lat' dir='ltr'><strong>vocati.</strong></span> <span class='ocrx_word' id='word_1_380' title='bbox 3331 1956 3480 2013; x_wconf 86' lang='lat' dir='ltr'><strong>Lecti</strong></span> 
     </span>
    </p>
   </div>
   <div class='ocr_carea' id='block_1_50' title="bbox 1890 2045 3481 2117">
    <p class='ocr_par' dir='ltr' id='par_1_50' title="bbox 1890 2045 3481 2117">
     <span class='ocr_line' id='line_1_50' title="bbox 1890 2045 3481 2117; baseline 0.002 -17"><span class='ocrx_word' id='word_1_381' title='bbox 1890 2047 2034 2101; x_wconf 90' lang='lat' dir='ltr'><strong>enim</strong></span> <span class='ocrx_word' id='word_1_382' title='bbox 2062 2045 2304 2117; x_wconf 85' lang='lat' dir='ltr'><strong>agilitate</strong></span> <span class='ocrx_word' id='word_1_383' title='bbox 2348 2046 2576 2116; x_wconf 87' lang='lat' dir='ltr'><strong>juvenes</strong></span> <span class='ocrx_word' id='word_1_384' title='bbox 2627 2061 2749 2101; x_wconf 91' lang='lat' dir='ltr'><strong>cum</strong></span> <span class='ocrx_word' id='word_1_385' title='bbox 2796 2047 2963 2101; x_wconf 86' lang='lat' dir='ltr'><strong>armis</strong></span> <span class='ocrx_word' id='word_1_386' title='bbox 3014 2047 3128 2101; x_wconf 88' lang='lat' dir='ltr'><strong>suis</strong></span> <span class='ocrx_word' id='word_1_387' title='bbox 3174 2055 3295 2117; x_wconf 85' lang='lat' dir='ltr'><strong>post</strong></span> <span class='ocrx_word' id='word_1_388' title='bbox 3330 2056 3481 2117; x_wconf 86' lang='lat' dir='ltr'><strong>terga</strong></span> 
     </span>
    </p>
   </div>
   <div class='ocr_carea' id='block_1_51' title="bbox 1890 2139 3481 2209">
    <p class='ocr_par' dir='ltr' id='par_1_51' title="bbox 1890 2139 3481 2209">
     <span class='ocr_line' id='line_1_51' title="bbox 1890 2139 3481 2209; baseline 0.001 -15"><span class='ocrx_word' id='word_1_389' title='bbox 1890 2141 2131 2209; x_wconf 90' lang='lat' dir='ltr'><strong>equitum</strong></span> <span class='ocrx_word' id='word_1_390' title='bbox 2158 2139 2542 2203; x_wconf 86' lang='lat' dir='ltr'><strong>consedebant,</strong></span> <span class='ocrx_word' id='word_1_391' title='bbox 2574 2147 2626 2193; x_wconf 90' lang='lat' dir='ltr'><strong>et</strong></span> <span class='ocrx_word' id='word_1_392' title='bbox 2653 2153 2776 2192; x_wconf 79' lang='lat' dir='ltr'><strong>mox</strong></span> <span class='ocrx_word' id='word_1_393' title='bbox 2799 2153 2921 2191; x_wconf 90' lang='lat' dir='ltr'><strong>cum</strong></span> <span class='ocrx_word' id='word_1_394' title='bbox 2950 2140 3017 2193; x_wconf 88' lang='lat' dir='ltr'><strong>ad</strong></span> <span class='ocrx_word' id='word_1_395' title='bbox 3046 2139 3230 2195; x_wconf 85' lang='lat' dir='ltr'><strong>hostes</strong></span> <span class='ocrx_word' id='word_1_396' title='bbox 3259 2149 3481 2195; x_wconf 86' lang='lat' dir='ltr'><strong>ventum</strong></span> 
     </span>
    </p>
   </div>
   <div class='ocr_carea' id='block_1_52' title="bbox 1890 2229 3480 2300">
    <p class='ocr_par' dir='ltr' id='par_1_52' title="bbox 1890 2229 3480 2300">
     <span class='ocr_line' id='line_1_52' title="bbox 1890 2229 3480 2300; baseline 0.001 -15"><span class='ocrx_word' id='word_1_397' title='bbox 1890 2238 2054 2294; x_wconf 90' lang='lat' dir='ltr'><strong>esset,</strong></span> <span class='ocrx_word' id='word_1_398' title='bbox 2084 2231 2238 2300; x_wconf 86' lang='lat' dir='ltr'><strong>equis</strong></span> <span class='ocrx_word' id='word_1_399' title='bbox 2266 2229 2603 2292; x_wconf 83' lang='lat' dir='ltr'><strong>desiliebant,</strong></span> <span class='ocrx_word' id='word_1_400' title='bbox 2656 2238 2711 2283; x_wconf 91' lang='lat' dir='ltr'><strong>et</strong></span> <span class='ocrx_word' id='word_1_401' title='bbox 2738 2230 2998 2284; x_wconf 87' lang='lat' dir='ltr'><strong>continuo</strong></span> <span class='ocrx_word' id='word_1_402' title='bbox 3040 2230 3250 2298; x_wconf 86' lang='lat' dir='ltr'><strong>pedites</strong></span> <span class='ocrx_word' id='word_1_403' title='bbox 3277 2232 3378 2300; x_wconf 89' lang='lat' dir='ltr'><strong>ipsi</strong></span> <span class='ocrx_word' id='word_1_404' title='bbox 3414 2249 3480 2287; x_wconf 79' lang='lat' dir='ltr'><strong>ex</strong></span> 
     </span>
    </p>
   </div>
   <div class='ocr_carea' id='block_1_53' title="bbox 1892 2318 3485 2390">
    <p class='ocr_par' dir='ltr' id='par_1_53' title="bbox 1892 2318 3485 2390">
     <span class='ocr_line' id='line_1_53' title="bbox 1892 2318 3485 2390; baseline 0.001 -15"><span class='ocrx_word' id='word_1_405' title='bbox 1892 2320 1994 2375; x_wconf 88' lang='lat' dir='ltr'><strong>alia</strong></span> <span class='ocrx_word' id='word_1_406' title='bbox 2025 2329 2179 2390; x_wconf 87' lang='lat' dir='ltr'><strong>parte</strong></span> <span class='ocrx_word' id='word_1_407' title='bbox 2205 2320 2503 2389; x_wconf 79' lang='lat' dir='ltr'><strong>equitibus,</strong></span> <span class='ocrx_word' id='word_1_408' title='bbox 2543 2335 2642 2390; x_wconf 90' lang='lat' dir='ltr'><strong>per</strong></span> <span class='ocrx_word' id='word_1_409' title='bbox 2687 2334 2824 2389; x_wconf 88' lang='lat' dir='ltr'><strong>quos</strong></span> <span class='ocrx_word' id='word_1_410' title='bbox 2869 2318 3083 2374; x_wconf 87' lang='lat' dir='ltr'><strong>advecti</strong></span> <span class='ocrx_word' id='word_1_411' title='bbox 3138 2320 3375 2385; x_wconf 90' lang='lat' dir='ltr'><strong>fuerant,</strong></span> <span class='ocrx_word' id='word_1_412' title='bbox 3405 2324 3485 2377; x_wconf 85' lang='lat' dir='ltr'><strong>di-</strong></span> 
     </span>
    </p>
   </div>
   <div class='ocr_carea' id='block_1_54' title="bbox 1890 2412 3489 2483">
    <p class='ocr_par' dir='ltr' id='par_1_54' title="bbox 1890 2412 3489 2483">
     <span class='ocr_line' id='line_1_54' title="bbox 1890 2412 3489 2483; baseline 0.002 -16"><span class='ocrx_word' id='word_1_413' title='bbox 1890 2413 2236 2477; x_wconf 85' lang='lat' dir='ltr'><strong>micantibus,</strong></span> <span class='ocrx_word' id='word_1_414' title='bbox 2268 2413 2477 2467; x_wconf 87' lang='lat' dir='ltr'><strong>hostem</strong></span> <span class='ocrx_word' id='word_1_415' title='bbox 2508 2413 2922 2483; x_wconf 85' lang='lat' dir='ltr'><strong>perturbabant.</strong></span> <span class='ocrx_word' id='word_1_416' title='bbox 2970 2412 3053 2467; x_wconf 82' lang='lat' dir='ltr'><strong>Ab</strong></span> <span class='ocrx_word' id='word_1_417' title='bbox 3099 2413 3186 2469; x_wconf 87' lang='lat' dir='ltr'><strong>his</strong></span> <span class='ocrx_word' id='word_1_418' title='bbox 3232 2414 3489 2470; x_wconf 84' lang='lat' dir='ltr'><strong>velitibus</strong></span> 
     </span>
    </p>
   </div>
   <div class='ocr_carea' id='block_1_55' title="bbox 1890 2502 3478 2575">
    <p class='ocr_par' dir='ltr' id='par_1_55' title="bbox 1890 2502 3478 2575">
     <span class='ocr_line' id='line_1_55' title="bbox 1890 2502 3478 2575; baseline 0.001 -17"><span class='ocrx_word' id='word_1_419' title='bbox 1890 2503 2161 2574; x_wconf 88' lang='lat' dir='ltr'><strong>elephanti</strong></span> <span class='ocrx_word' id='word_1_420' title='bbox 2200 2503 2477 2573; x_wconf 86' lang='lat' dir='ltr'><strong>quondam</strong></span> <span class='ocrx_word' id='word_1_421' title='bbox 2522 2502 2809 2557; x_wconf 86' lang='lat' dir='ltr'><strong>Annibalis</strong></span> <span class='ocrx_word' id='word_1_422' title='bbox 2859 2503 3140 2568; x_wconf 81' lang='lat' dir='ltr'><strong>retroacti,</strong></span> <span class='ocrx_word' id='word_1_423' title='bbox 3185 2519 3311 2559; x_wconf 90' lang='lat' dir='ltr'><strong>cum</strong></span> <span class='ocrx_word' id='word_1_424' title='bbox 3363 2506 3478 2575; x_wconf 88' lang='lat' dir='ltr'><strong>regi</strong></span> 
     </span>
    </p>
   </div>
   <div class='ocr_carea' id='block_1_56' title="bbox 1884 2590 3491 2664">
    <p class='ocr_par' dir='ltr' id='par_1_56' title="bbox 1884 2590 3491 2664">
     <span class='ocr_line' id='line_1_56' title="bbox 1884 2590 3491 2664; baseline 0.001 -17"><span class='ocrx_word' id='word_1_425' title='bbox 1884 2593 1997 2664; x_wconf 89' lang='lat' dir='ltr'><strong>iam</strong></span> <span class='ocrx_word' id='word_1_426' title='bbox 2024 2609 2054 2647; x_wconf 90' lang='lat' dir='ltr'><strong>a</strong></span> <span class='ocrx_word' id='word_1_427' title='bbox 2086 2594 2199 2648; x_wconf 89' lang='lat' dir='ltr'><strong>suis</strong></span> <span class='ocrx_word' id='word_1_428' title='bbox 2230 2608 2337 2647; x_wconf 90' lang='lat' dir='ltr'><strong>non</strong></span> <span class='ocrx_word' id='word_1_429' title='bbox 2387 2601 2632 2663; x_wconf 85' lang='lat' dir='ltr'><strong>possent,</strong></span> <span class='ocrx_word' id='word_1_430' title='bbox 2681 2590 2858 2646; x_wconf 84' lang='lat' dir='ltr'><strong>fabrili</strong></span> <span class='ocrx_word' id='word_1_431' title='bbox 2901 2592 3114 2662; x_wconf 87' lang='lat' dir='ltr'><strong>scalpro</strong></span> <span class='ocrx_word' id='word_1_432' title='bbox 3142 2593 3286 2649; x_wconf 90' lang='lat' dir='ltr'><strong>inter</strong></span> <span class='ocrx_word' id='word_1_433' title='bbox 3322 2609 3491 2649; x_wconf 82' lang='lat' dir='ltr'><strong>aures</strong></span> 
     </span>
    </p>
   </div>
   <div class='ocr_carea' id='block_1_57' title="bbox 1889 2683 3474 2741">
    <p class='ocr_par' dir='ltr' id='par_1_57' title="bbox 1889 2683 3474 2741">
     <span class='ocr_line' id='line_1_57' title="bbox 1889 2683 3474 2741; baseline 0.001 -3"><span class='ocrx_word' id='word_1_434' title='bbox 1889 2685 2083 2740; x_wconf 87' lang='lat' dir='ltr'><strong>adacto</strong></span> <span class='ocrx_word' id='word_1_435' title='bbox 2109 2684 2466 2739; x_wconf 87' lang='lat' dir='ltr'><strong>necabantur.</strong></span> <span class='ocrx_word' id='word_1_436' title='bbox 2516 2683 2704 2737; x_wconf 87' lang='lat' dir='ltr'><strong>Militia</strong></span> <span class='ocrx_word' id='word_1_437' title='bbox 2744 2694 2926 2737; x_wconf 90' lang='lat' dir='ltr'><strong>autem</strong></span> <span class='ocrx_word' id='word_1_438' title='bbox 2970 2698 3000 2736; x_wconf 88' lang='lat' dir='ltr'><strong>a</strong></span> <span class='ocrx_word' id='word_1_439' title='bbox 3034 2683 3300 2740; x_wconf 80' lang='lat' dir='ltr'><strong>militibus</strong></span> <span class='ocrx_word' id='word_1_440' title='bbox 3330 2685 3474 2741; x_wconf 86' lang='lat' dir='ltr'><strong>dicta</strong></span> 
     </span>
    </p>
   </div>
   <div class='ocr_carea' id='block_1_58' title="bbox 1890 2773 3477 2845">
    <p class='ocr_par' dir='ltr' id='par_1_58' title="bbox 1890 2773 3477 2845">
     <span class='ocr_line' id='line_1_58' title="bbox 1890 2773 3477 2845; baseline -0.001 -16"><span class='ocrx_word' id='word_1_441' title='bbox 1890 2782 2049 2829; x_wconf 74' lang='lat' dir='ltr'><strong>auta‘</strong></span> <span class='ocrx_word' id='word_1_442' title='bbox 2078 2775 2264 2830; x_wconf 90' lang='lat' dir='ltr'><strong>multis</strong></span> <span class='ocrx_word' id='word_1_443' title='bbox 2289 2775 2445 2845; x_wconf 89' lang='lat' dir='ltr'><strong>quasi</strong></span> <span class='ocrx_word' id='word_1_444' title='bbox 2494 2774 2748 2839; x_wconf 86' lang='lat' dir='ltr'><strong>multitia,</strong></span> <span class='ocrx_word' id='word_1_445' title='bbox 2797 2773 2950 2843; x_wconf 87' lang='lat' dir='ltr'><strong>quasi</strong></span> <span class='ocrx_word' id='word_1_446' title='bbox 3007 2774 3283 2844; x_wconf 85' lang='lat' dir='ltr'><strong>negotium</strong></span> <span class='ocrx_word' id='word_1_447' title='bbox 3333 2776 3477 2828; x_wconf 88' lang='lat' dir='ltr'><strong>mul-</strong></span> 
     </span>
    </p>
   </div>
   <div class='ocr_carea' id='block_1_59' title="bbox 1888 2864 3476 2935">
    <p class='ocr_par' dir='ltr' id='par_1_59' title="bbox 1888 2864 3476 2935">
     <span class='ocr_line' id='line_1_59' title="bbox 1888 2864 3476 2935; baseline -0.001 -15"><span class='ocrx_word' id='word_1_448' title='bbox 1888 2877 2065 2920; x_wconf 89' lang='lat' dir='ltr'><strong>torum</strong></span> <span class='ocrx_word' id='word_1_449' title='bbox 2090 2883 2104 2932; x_wconf 94' lang='lat'><strong>;</strong></span> <span class='ocrx_word' id='word_1_450' title='bbox 2138 2873 2232 2921; x_wconf 89' lang='lat' dir='ltr'><strong>aut</strong></span> <span class='ocrx_word' id='word_1_451' title='bbox 2263 2882 2294 2920; x_wconf 90' lang='lat' dir='ltr'><strong>a</strong></span> <span class='ocrx_word' id='word_1_452' title='bbox 2323 2865 2464 2919; x_wconf 81' lang='lat' dir='ltr'><strong>nzole</strong></span> <span class='ocrx_word' id='word_1_453' title='bbox 2495 2880 2697 2928; x_wconf 89' lang='lat' dir='ltr'><strong>rerum,</strong></span> <span class='ocrx_word' id='word_1_454' title='bbox 2723 2865 2876 2935; x_wconf 88' lang='lat' dir='ltr'><strong>quasi</strong></span> <span class='ocrx_word' id='word_1_455' title='bbox 2904 2864 3143 2920; x_wconf 88' lang='lat' dir='ltr'><strong>moletia.</strong></span> <span class='ocrx_word' id='word_1_456' title='bbox 3190 2864 3354 2935; x_wconf 83' lang='lat' dir='ltr'><strong>Legio</strong></span> <span class='ocrx_word' id='word_1_457' title='bbox 3381 2881 3476 2920; x_wconf 74' lang='lat' dir='ltr'><strong>sex</strong></span> 
     </span>
    </p>
   </div>
   <div class='ocr_carea' id='block_1_60' title="bbox 1889 2956 3478 3028">
    <p class='ocr_par' dir='ltr' id='par_1_60' title="bbox 1889 2956 3478 3028">
     <span class='ocr_line' id='line_1_60' title="bbox 1889 2956 3478 3028; baseline -0.001 -15"><span class='ocrx_word' id='word_1_458' title='bbox 1889 2958 2113 3013; x_wconf 88' lang='lat' dir='ltr'><strong>millium</strong></span> <span class='ocrx_word' id='word_1_459' title='bbox 2146 2966 2477 3013; x_wconf 88' lang='lat' dir='ltr'><strong>armatorum</strong></span> <span class='ocrx_word' id='word_1_460' title='bbox 2499 2966 2603 3023; x_wconf 89' lang='lat' dir='ltr'><strong>est,</strong></span> <span class='ocrx_word' id='word_1_461' title='bbox 2628 2958 2696 3013; x_wconf 88' lang='lat' dir='ltr'><strong>ab</strong></span> <span class='ocrx_word' id='word_1_462' title='bbox 2715 2957 2888 3013; x_wconf 82' lang='lat' dir='ltr'><strong>electo</strong></span> <span class='ocrx_word' id='word_1_463' title='bbox 2913 2966 3126 3023; x_wconf 91' lang='lat' dir='ltr'><strong>vocata,</strong></span> <span class='ocrx_word' id='word_1_464' title='bbox 3151 2958 3309 3028; x_wconf 87' lang='lat' dir='ltr'><strong>quasi</strong></span> <span class='ocrx_word' id='word_1_465' title='bbox 3330 2956 3478 3022; x_wconf 91' lang='lat' dir='ltr'><strong>lecti,</strong></span> 
     </span>
    </p>
   </div>
   <div class='ocr_carea' id='block_1_61' title="bbox 1890 3048 3576 3119">
    <p class='ocr_par' dir='ltr' id='par_1_61' title="bbox 1890 3048 3576 3119">
     <span class='ocr_line' id='line_1_61' title="bbox 1890 3048 3576 3119; baseline 0.001 -16"><span class='ocrx_word' id='word_1_466' title='bbox 1890 3049 1944 3103; x_wconf 93' lang='lat' dir='ltr'><strong>id</strong></span> <span class='ocrx_word' id='word_1_467' title='bbox 1973 3058 2057 3104; x_wconf 90' lang='lat' dir='ltr'><strong>est</strong></span> <span class='ocrx_word' id='word_1_468' title='bbox 2082 3050 2249 3104; x_wconf 87' lang='lat' dir='ltr'><strong>armis</strong></span> <span class='ocrx_word' id='word_1_469' title='bbox 2275 3048 2469 3114; x_wconf 86' lang='lat' dir='ltr'><strong>electi;</strong></span> <span class='ocrx_word' id='word_1_470' title='bbox 2503 3050 2715 3119; x_wconf 91' lang='lat' dir='ltr'><strong>proprie</strong></span> <span class='ocrx_word' id='word_1_471' title='bbox 2742 3056 2920 3104; x_wconf 87' lang='lat' dir='ltr'><strong>autem</strong></span> <span class='ocrx_word' id='word_1_472' title='bbox 2960 3049 3310 3105; x_wconf 83' lang='lat' dir='ltr'><strong>Macedonum</strong></span> <span class='ocrx_word' id='word_1_473' title='bbox 3347 3050 3483 3119; x_wconf 86' lang='lat' dir='ltr'><strong>pba-</strong></span> <span class='ocrx_word' id='word_1_474' title='bbox 3572 3069 3576 3074; x_wconf 74' lang='grc'><strong>’</strong></span> 
     </span>
    </p>
   </div>
   <div class='ocr_carea' id='block_1_62' title="bbox 221 3135 3480 3215">
    <p class='ocr_par' dir='ltr' id='par_1_62' title="bbox 221 3135 3480 3215">
     <span class='ocr_line' id='line_1_62' title="bbox 221 3135 3480 3215; baseline 0.002 -22"><span class='ocrx_word' id='word_1_475' title='bbox 221 3150 271 3193; x_wconf 86' lang='grc' dir='ltr'><strong>ιιι</strong></span> <span class='ocrx_word' id='word_1_476' title='bbox 303 3144 638 3199; x_wconf 87' lang='lat' dir='ltr'><strong>constitueret</strong></span> <span class='ocrx_word' id='word_1_477' title='bbox 684 3143 738 3198; x_wconf 91' lang='lat' dir='ltr'><strong>in</strong></span> <span class='ocrx_word' id='word_1_478' title='bbox 790 3144 946 3214; x_wconf 89' lang='lat' dir='ltr'><strong>plebe</strong></span> <span class='ocrx_word' id='word_1_479' title='bbox 981 3147 1226 3201; x_wconf 89' lang='lat' dir='ltr'><strong>tribunos</strong></span> <span class='ocrx_word' id='word_1_480' title='bbox 1256 3154 1311 3198; x_wconf 89' lang='lat' dir='ltr'><strong>et</strong></span> <span class='ocrx_word' id='word_1_481' title='bbox 1359 3145 1703 3200; x_wconf 89' lang='lat' dir='ltr'><strong>centuriones</strong></span> <span class='ocrx_word' id='word_1_482' title='bbox 1729 3154 1782 3200; x_wconf 94' lang='lat' dir='ltr'><strong>ct</strong></span> <span class='ocrx_word' id='word_1_483' title='bbox 1809 3135 1852 3196; x_wconf 89' lang='lat' dir='ltr'><strong>C</strong></span> <span class='ocrx_word' id='word_1_484' title='bbox 1886 3146 2032 3211; x_wconf 83' lang='lat' dir='ltr'><strong>lanx,</strong></span> <span class='ocrx_word' id='word_1_485' title='bbox 2061 3144 2334 3200; x_wconf 86' lang='lat' dir='ltr'><strong>Gallorum</strong></span> <span class='ocrx_word' id='word_1_486' title='bbox 2367 3153 2607 3205; x_wconf 86' lang='lat' dir='ltr'><strong>caterva.</strong></span> <span class='ocrx_word' id='word_1_487' title='bbox 2646 3153 2829 3199; x_wconf 88' lang='lat' dir='ltr'><strong>nostra</strong></span> <span class='ocrx_word' id='word_1_488' title='bbox 2876 3144 3017 3215; x_wconf 86' lang='lat' dir='ltr'><strong>legio</strong></span> <span class='ocrx_word' id='word_1_489' title='bbox 3053 3144 3273 3199; x_wconf 90' lang='lat' dir='ltr'><strong>dicitur.</strong></span> <span class='ocrx_word' id='word_1_490' title='bbox 3315 3144 3480 3215; x_wconf 82' lang='lat' dir='ltr'><strong>Legio</strong></span> 
     </span>
    </p>
   </div>
   <div class='ocr_carea' id='block_1_63' title="bbox 219 3233 1778 3312">
    <p class='ocr_par' dir='ltr' id='par_1_63' title="bbox 219 3233 1778 3312">
     <span class='ocr_line' id='line_1_63' title="bbox 219 3233 1778 3312; baseline 0.005 -26"><span class='ocrx_word' id='word_1_491' title='bbox 219 3233 682 3307; x_wconf 80' lang='lat' dir='ltr'><strong>quinquagenarias</strong></span> <span class='ocrx_word' id='word_1_492' title='bbox 727 3248 783 3294; x_wconf 91' lang='lat' dir='ltr'><strong>et</strong></span> <span class='ocrx_word' id='word_1_493' title='bbox 822 3238 1077 3305; x_wconf 87' lang='lat' dir='ltr'><strong>decanos,</strong></span> <span class='ocrx_word' id='word_1_494' title='bbox 1107 3251 1377 3311; x_wconf 86' lang='lat' dir='ltr'><strong>quatenus</strong></span> <span class='ocrx_word' id='word_1_495' title='bbox 1421 3241 1522 3312; x_wconf 89' lang='lat' dir='ltr'><strong>ipsi</strong></span> <span class='ocrx_word' id='word_1_496' title='bbox 1568 3240 1778 3295; x_wconf 89' lang='lat' dir='ltr'><strong>minora</strong></span> 
     </span>
    </p>
   </div>
   <div class='ocr_carea' id='block_1_64' title="bbox 219 3324 1780 3402">
    <p class='ocr_par' dir='ltr' id='par_1_64' title="bbox 219 3324 1780 3402">
     <span class='ocr_line' id='line_1_64' title="bbox 219 3324 1780 3402; baseline 0.005 -23"><span class='ocrx_word' id='word_1_497' title='bbox 219 3324 547 3383; x_wconf 79' lang='lat' dir='ltr'><strong>decernerent</strong></span> <span class='ocrx_word' id='word_1_498' title='bbox 594 3337 759 3399; x_wconf 89' lang='lat' dir='ltr'><strong>atque</strong></span> <span class='ocrx_word' id='word_1_499' title='bbox 794 3328 1193 3399; x_wconf 89' lang='lat' dir='ltr'><strong>diiudicarent:</strong></span> <span class='ocrx_word' id='word_1_500' title='bbox 1243 3332 1357 3402; x_wconf 90' lang='lat' dir='ltr'><strong>ipse</strong></span> <span class='ocrx_word' id='word_1_501' title='bbox 1402 3346 1532 3386; x_wconf 90' lang='lat' dir='ltr'><strong>vero</strong></span> <span class='ocrx_word' id='word_1_502' title='bbox 1571 3345 1631 3385; x_wconf 91' lang='lat' dir='ltr'><strong>ea</strong></span> <span class='ocrx_word' id='word_1_503' title='bbox 1658 3348 1780 3401; x_wconf 72' lang='lat' dir='ltr'><strong>qua:</strong></span> 
     </span>
    </p>
   </div>
   <div class='ocr_carea' id='block_1_65' title="bbox 219 3414 1777 3491">
    <p class='ocr_par' dir='ltr' id='par_1_65' title="bbox 219 3414 1777 3491">
     <span class='ocr_line' id='line_1_65' title="bbox 219 3414 1777 3491; baseline 0.004 -24"><span class='ocrx_word' id='word_1_504' title='bbox 219 3414 278 3467; x_wconf 87' lang='lat' dir='ltr'><strong>ad</strong></span> <span class='ocrx_word' id='word_1_505' title='bbox 317 3415 595 3472; x_wconf 87' lang='lat' dir='ltr'><strong>Dominum</strong></span> <span class='ocrx_word' id='word_1_506' title='bbox 651 3418 944 3487; x_wconf 88' lang='lat' dir='ltr'><strong>pertinent,</strong></span> <span class='ocrx_word' id='word_1_507' title='bbox 984 3420 1216 3475; x_wconf 90' lang='lat' dir='ltr'><strong>subditis</strong></span> <span class='ocrx_word' id='word_1_508' title='bbox 1261 3422 1373 3476; x_wconf 91' lang='lat' dir='ltr'><strong>suis</strong></span> <span class='ocrx_word' id='word_1_509' title='bbox 1420 3422 1777 3491; x_wconf 86' lang='lat' dir='ltr'><strong>dispensarct.</strong></span> 
     </span>
    </p>
   </div>
   <div class='ocr_carea' id='block_1_66' title="bbox 222 3502 1782 3581">
    <p class='ocr_par' dir='ltr' id='par_1_66' title="bbox 222 3502 1782 3581">
     <span class='ocr_line' id='line_1_66' title="bbox 222 3502 1782 3581; baseline 0.005 -23"><span class='ocrx_word' id='word_1_510' title='bbox 222 3502 333 3561; x_wconf 82' lang='lat' dir='ltr'><strong>Hinc</strong></span> <span class='ocrx_word' id='word_1_511' title='bbox 355 3515 408 3561; x_wconf 89' lang='lat' dir='ltr'><strong>et</strong></span> <span class='ocrx_word' id='word_1_512' title='bbox 426 3506 721 3579; x_wconf 81' lang='lat' dir='ltr'><strong>Apostolus</strong></span> <span class='ocrx_word' id='word_1_513' title='bbox 741 3508 983 3565; x_wconf 62' lang='lat' dir='ltr'><strong>Hebraeis</strong></span> <span class='ocrx_word' id='word_1_514' title='bbox 1008 3512 1284 3581; x_wconf 68' lang='lat' dir='ltr'><strong>praecepit,</strong></span> <span class='ocrx_word' id='word_1_515' title='bbox 1308 3511 1492 3566; x_wconf 88' lang='lat' dir='ltr'><strong>dicens</strong></span> <span class='ocrx_word' id='word_1_516' title='bbox 1516 3529 1528 3564; x_wconf 92' lang='lat'><strong>:</strong></span> <span class='ocrx_word' id='word_1_517' title='bbox 1564 3509 1782 3566; x_wconf 83' lang='lat' dir='ltr'><strong>Obedile</strong></span> 
     </span>
    </p>
   </div>
   <div class='ocr_carea' id='block_1_67' title="bbox 219 3598 1782 3672">
    <p class='ocr_par' dir='ltr' id='par_1_67' title="bbox 219 3598 1782 3672">
     <span class='ocr_line' id='line_1_67' title="bbox 219 3598 1782 3672; baseline 0.003 -21"><span class='ocrx_word' id='word_1_518' title='bbox 219 3599 476 3668; x_wconf 61' lang='lat' dir='ltr'><strong>propositis</strong></span> <span class='ocrx_word' id='word_1_519' title='bbox 504 3598 688 3653; x_wconf 84' lang='lat' dir='ltr'><strong>vestris</strong></span> <span class='ocrx_word' id='word_1_520' title='bbox 734 3600 790 3654; x_wconf 89' lang='lat' dir='ltr'><strong>in</strong></span> <span class='ocrx_word' id='word_1_521' title='bbox 840 3599 1087 3664; x_wconf 87' lang='lat' dir='ltr'><strong>Domino,</strong></span> <span class='ocrx_word' id='word_1_522' title='bbox 1129 3611 1177 3654; x_wconf 88' lang='lat' dir='ltr'><strong>et</strong></span> <span class='ocrx_word' id='word_1_523' title='bbox 1212 3601 1476 3671; x_wconf 85' lang='lat' dir='ltr'><strong>subjacete</strong></span> <span class='ocrx_word' id='word_1_524' title='bbox 1517 3602 1630 3654; x_wconf 90' lang='lat' dir='ltr'><strong>eis:</strong></span> <span class='ocrx_word' id='word_1_525' title='bbox 1681 3602 1782 3672; x_wconf 80' lang='lat' dir='ltr'><strong>ipsi</strong></span> 
     </span>
    </p>
   </div>
   <div class='ocr_carea' id='block_1_68' title="bbox 219 3687 1779 3763">
    <p class='ocr_par' dir='ltr' id='par_1_68' title="bbox 219 3687 1779 3763">
     <span class='ocr_line' id='line_1_68' title="bbox 219 3687 1779 3763; baseline 0.004 -23"><span class='ocrx_word' id='word_1_526' title='bbox 219 3687 330 3741; x_wconf 75' lang='lat' dir='ltr'><strong>enim</strong></span> <span class='ocrx_word' id='word_1_527' title='bbox 349 3689 658 3760; x_wconf 79' lang='lat' dir='ltr'><strong>pervigilant</strong></span> <span class='ocrx_word' id='word_1_528' title='bbox 681 3690 834 3762; x_wconf 83' lang='lat' dir='ltr'><strong>quasi</strong></span> <span class='ocrx_word' id='word_1_529' title='bbox 879 3708 975 3763; x_wconf 88' lang='lat' dir='ltr'><strong>pro</strong></span> <span class='ocrx_word' id='word_1_530' title='bbox 1016 3691 1293 3746; x_wconf 86' lang='lat' dir='ltr'><strong>animabus</strong></span> <span class='ocrx_word' id='word_1_531' title='bbox 1321 3692 1525 3757; x_wconf 73' lang='lat' dir='ltr'><strong>vestris,</strong></span> <span class='ocrx_word' id='word_1_532' title='bbox 1554 3692 1779 3746; x_wconf 83' lang='lat' dir='ltr'><strong>Domino</strong></span> 
     </span>
    </p>
   </div>
   <div class='ocr_carea' id='block_1_69' title="bbox 221 3778 1780 3853">
    <p class='ocr_par' dir='ltr' id='par_1_69' title="bbox 221 3778 1780 3853">
     <span class='ocr_line' id='line_1_69' title="bbox 221 3778 1780 3853; baseline 0.004 -23"><span class='ocrx_word' id='word_1_533' title='bbox 221 3778 444 3834; x_wconf 77' lang='lat' dir='ltr'><strong>reddituri</strong></span> <span class='ocrx_word' id='word_1_534' title='bbox 466 3781 725 3835; x_wconf 81' lang='lat' dir='ltr'><strong>rationem</strong></span> <span class='ocrx_word' id='word_1_535' title='bbox 748 3797 766 3834; x_wconf 90' lang='lat'><strong>:</strong></span> <span class='ocrx_word' id='word_1_536' title='bbox 794 3791 848 3835; x_wconf 90' lang='lat' dir='ltr'><strong>ut</strong></span> <span class='ocrx_word' id='word_1_537' title='bbox 869 3799 988 3836; x_wconf 87' lang='lat' dir='ltr'><strong>cum</strong></span> <span class='ocrx_word' id='word_1_538' title='bbox 1011 3782 1207 3853; x_wconf 86' lang='lat' dir='ltr'><strong>gaudio</strong></span> <span class='ocrx_word' id='word_1_539' title='bbox 1232 3782 1329 3836; x_wconf 81' lang='lat' dir='ltr'><strong>hoc</strong></span> <span class='ocrx_word' id='word_1_540' title='bbox 1358 3783 1580 3851; x_wconf 82' lang='lat' dir='ltr'><strong>faciant,</strong></span> <span class='ocrx_word' id='word_1_541' title='bbox 1604 3794 1651 3836; x_wconf 88' lang='lat' dir='ltr'><strong>et</strong></span> <span class='ocrx_word' id='word_1_542' title='bbox 1676 3799 1780 3836; x_wconf 84' lang='lat' dir='ltr'><strong>non</strong></span> 
     </span>
    </p>
   </div>
   <div class='ocr_carea' id='block_1_70' title="bbox 218 3862 1786 3948">
    <p class='ocr_par' dir='ltr' id='par_1_70' title="bbox 218 3862 1786 3948">
     <span class='ocr_line' id='line_1_70' title="bbox 218 3862 1786 3948; baseline 0.004 -25"><span class='ocrx_word' id='word_1_543' title='bbox 218 3862 460 3938; x_wconf 61' lang='lat' dir='ltr'><strong>gementes,</strong></span> <span class='ocrx_word' id='word_1_544' title='bbox 484 3871 583 3926; x_wconf 79' lang='lat' dir='ltr'><strong>hoc</strong></span> <span class='ocrx_word' id='word_1_545' title='bbox 604 3873 741 3926; x_wconf 88' lang='lat' dir='ltr'><strong>enim</strong></span> <span class='ocrx_word' id='word_1_546' title='bbox 766 3890 867 3927; x_wconf 88' lang='lat' dir='ltr'><strong>non</strong></span> <span class='ocrx_word' id='word_1_547' title='bbox 888 3874 1092 3945; x_wconf 66' lang='lat' dir='ltr'><strong>expedit</strong></span> <span class='ocrx_word' id='word_1_548' title='bbox 1108 3873 1248 3928; x_wconf 83' lang='lat' dir='ltr'><strong>vobis</strong></span> <span class='ocrx_word' id='word_1_549' title='bbox 1265 3872 1422 3948; x_wconf 84' lang='lat' dir='ltr'><strong>(Heb.</strong></span> <span class='ocrx_word' id='word_1_550' title='bbox 1439 3872 1581 3945; x_wconf 84' lang='lat' dir='ltr'><strong>xm).</strong></span> <span class='ocrx_word' id='word_1_551' title='bbox 1602 3874 1668 3929; x_wconf 84' lang='lat' dir='ltr'><strong>Et</strong></span> <span class='ocrx_word' id='word_1_552' title='bbox 1685 3875 1786 3929; x_wconf 74' lang='lat' dir='ltr'><strong>ite-</strong></span> 
     </span>
    </p>
   </div>
   <div class='ocr_carea' id='block_1_71' title="bbox 219 3963 1783 4038">
    <p class='ocr_par' dir='ltr' id='par_1_71' title="bbox 219 3963 1783 4038">
     <span class='ocr_line' id='line_1_71' title="bbox 219 3963 1783 4038; baseline 0.003 -22"><span class='ocrx_word' id='word_1_553' title='bbox 219 3976 341 4018; x_wconf 81' lang='lat' dir='ltr'><strong>mut:</strong></span> <span class='ocrx_word' id='word_1_554' title='bbox 365 3963 696 4032; x_wconf 71' lang='lat' dir='ltr'><strong>Mementote,</strong></span> <span class='ocrx_word' id='word_1_555' title='bbox 722 3966 916 4036; x_wconf 89' lang='lat' dir='ltr'><strong>inquit,</strong></span> <span class='ocrx_word' id='word_1_556' title='bbox 937 3967 1336 4037; x_wconf 63' lang='lat' dir='ltr'><strong>praepositorum</strong></span> <span class='ocrx_word' id='word_1_557' title='bbox 1361 3976 1666 4031; x_wconf 78' lang='lat' dir='ltr'><strong>vestrorum,</strong></span> <span class='ocrx_word' id='word_1_558' title='bbox 1692 3967 1783 4038; x_wconf 86' lang='lat' dir='ltr'><strong>qui</strong></span> 
     </span>
    </p>
   </div>
   <div class='ocr_carea' id='block_1_72' title="bbox 217 4050 1782 4128">
    <p class='ocr_par' dir='ltr' id='par_1_72' title="bbox 217 4050 1782 4128">
     <span class='ocr_line' id='line_1_72' title="bbox 217 4050 1782 4128; baseline 0.001 -20"><span class='ocrx_word' id='word_1_559' title='bbox 217 4050 351 4109; x_wconf 74' lang='lat' dir='ltr'><strong>locuti</strong></span> <span class='ocrx_word' id='word_1_560' title='bbox 375 4066 493 4110; x_wconf 80' lang='lat' dir='ltr'><strong>sunt</strong></span> <span class='ocrx_word' id='word_1_561' title='bbox 513 4057 724 4111; x_wconf 83' lang='lat' dir='ltr'><strong>verbum</strong></span> <span class='ocrx_word' id='word_1_562' title='bbox 756 4056 871 4123; x_wconf 86' lang='lat' dir='ltr'><strong>Dei,</strong></span> <span class='ocrx_word' id='word_1_563' title='bbox 892 4073 1116 4128; x_wconf 84' lang='lat' dir='ltr'><strong>quorum</strong></span> <span class='ocrx_word' id='word_1_564' title='bbox 1154 4059 1409 4112; x_wconf 83' lang='lat' dir='ltr'><strong>intuentes</strong></span> <span class='ocrx_word' id='word_1_565' title='bbox 1434 4057 1630 4111; x_wconf 74' lang='lat' dir='ltr'><strong>exitum</strong></span> <span class='ocrx_word' id='word_1_566' title='bbox 1660 4074 1782 4111; x_wconf 87' lang='lat' dir='ltr'><strong>con-</strong></span> 
     </span>
    </p>
   </div>
   <div class='ocr_carea' id='block_1_73' title="bbox 218 4147 1779 4221">
    <p class='ocr_par' dir='ltr' id='par_1_73' title="bbox 218 4147 1779 4221">
     <span class='ocr_line' id='line_1_73' title="bbox 218 4147 1779 4221; baseline 0.001 -21"><span class='ocrx_word' id='word_1_567' title='bbox 218 4150 491 4204; x_wconf 73' lang='lat' dir='ltr'><strong>uersationis</strong></span> <span class='ocrx_word' id='word_1_568' title='bbox 519 4147 801 4203; x_wconf 86' lang='lat' dir='ltr'><strong>imitamini</strong></span> <span class='ocrx_word' id='word_1_569' title='bbox 828 4148 986 4217; x_wconf 84' lang='lat' dir='ltr'><strong>ﬁdem</strong></span> <span class='ocrx_word' id='word_1_570' title='bbox 1010 4148 1219 4221; x_wconf 86' lang='lat' dir='ltr'><strong>(Ibid.).</strong></span> <span class='ocrx_word' id='word_1_571' title='bbox 1249 4147 1400 4204; x_wconf 88' lang='lat' dir='ltr'><strong>Miles</strong></span> <span class='ocrx_word' id='word_1_572' title='bbox 1434 4150 1633 4214; x_wconf 89' lang='lat' dir='ltr'><strong>dictus,</strong></span> <span class='ocrx_word' id='word_1_573' title='bbox 1655 4148 1779 4218; x_wconf 87' lang='lat' dir='ltr'><strong>quia</strong></span> 
     </span>
    </p>
   </div>
   <div class='ocr_carea' id='block_1_74' title="bbox 218 4242 1779 4313">
    <p class='ocr_par' dir='ltr' id='par_1_74' title="bbox 218 4242 1779 4313">
     <span class='ocr_line' id='line_1_74' title="bbox 218 4242 1779 4313; baseline 0.001 -19"><span class='ocrx_word' id='word_1_574' title='bbox 218 4242 338 4297; x_wconf 82' lang='lat' dir='ltr'><strong>mille</strong></span> <span class='ocrx_word' id='word_1_575' title='bbox 356 4252 506 4299; x_wconf 87' lang='lat' dir='ltr'><strong>erant</strong></span> <span class='ocrx_word' id='word_1_576' title='bbox 530 4251 662 4298; x_wconf 85' lang='lat' dir='ltr'><strong>ante</strong></span> <span class='ocrx_word' id='word_1_577' title='bbox 684 4243 738 4296; x_wconf 92' lang='lat' dir='ltr'><strong>in</strong></span> <span class='ocrx_word' id='word_1_578' title='bbox 759 4257 989 4297; x_wconf 86' lang='lat' dir='ltr'><strong>numero</strong></span> <span class='ocrx_word' id='word_1_579' title='bbox 1010 4257 1142 4308; x_wconf 88' lang='lat' dir='ltr'><strong>uno,</strong></span> <span class='ocrx_word' id='word_1_580' title='bbox 1167 4242 1250 4297; x_wconf 88' lang='lat' dir='ltr'><strong>vel</strong></span> <span class='ocrx_word' id='word_1_581' title='bbox 1272 4243 1400 4313; x_wconf 88' lang='lat' dir='ltr'><strong>quia</strong></span> <span class='ocrx_word' id='word_1_582' title='bbox 1422 4258 1562 4297; x_wconf 92' lang='lat' dir='ltr'><strong>unus</strong></span> <span class='ocrx_word' id='word_1_583' title='bbox 1601 4250 1683 4296; x_wconf 82' lang='lat' dir='ltr'><strong>est</strong></span> <span class='ocrx_word' id='word_1_584' title='bbox 1711 4258 1779 4297; x_wconf 82' lang='lat' dir='ltr'><strong>ex</strong></span> 
     </span>
    </p>
   </div>
   <div class='ocr_carea' id='block_1_75' title="bbox 218 4329 1779 4401">
    <p class='ocr_par' dir='ltr' id='par_1_75' title="bbox 218 4329 1779 4401">
     <span class='ocr_line' id='line_1_75' title="bbox 218 4329 1779 4401; baseline 0.001 -18"><span class='ocrx_word' id='word_1_585' title='bbox 218 4329 339 4386; x_wconf 87' lang='lat' dir='ltr'><strong>mille</strong></span> <span class='ocrx_word' id='word_1_586' title='bbox 358 4332 579 4389; x_wconf 89' lang='lat' dir='ltr'><strong>electus.</strong></span> <span class='ocrx_word' id='word_1_587' title='bbox 610 4331 871 4387; x_wconf 86' lang='lat' dir='ltr'><strong>Romulus</strong></span> <span class='ocrx_word' id='word_1_588' title='bbox 900 4338 1078 4386; x_wconf 91' lang='lat' dir='ltr'><strong>autem</strong></span> <span class='ocrx_word' id='word_1_589' title='bbox 1108 4332 1314 4401; x_wconf 90' lang='lat' dir='ltr'><strong>primus</strong></span> <span class='ocrx_word' id='word_1_590' title='bbox 1343 4346 1411 4385; x_wconf 84' lang='lat' dir='ltr'><strong>ex</strong></span> <span class='ocrx_word' id='word_1_591' title='bbox 1456 4329 1652 4401; x_wconf 87' lang='lat' dir='ltr'><strong>p0pnlo</strong></span> <span class='ocrx_word' id='word_1_592' title='bbox 1680 4331 1779 4384; x_wconf 82' lang='lat' dir='ltr'><strong>mi-</strong></span> 
     </span>
    </p>
   </div>
   <div class='ocr_carea' id='block_1_76' title="bbox 215 4419 1775 4494">
    <p class='ocr_par' dir='ltr' id='par_1_76' title="bbox 215 4419 1775 4494">
     <span class='ocr_line' id='line_1_76' title="bbox 215 4419 1775 4494; baseline 0.003 -22"><span class='ocrx_word' id='word_1_593' title='bbox 215 4419 317 4478; x_wconf 87' lang='lat' dir='ltr'><strong>lites</strong></span> <span class='ocrx_word' id='word_1_594' title='bbox 341 4425 570 4494; x_wconf 90' lang='lat' dir='ltr'><strong>sumpsit</strong></span> <span class='ocrx_word' id='word_1_595' title='bbox 594 4433 648 4479; x_wconf 89' lang='lat' dir='ltr'><strong>et</strong></span> <span class='ocrx_word' id='word_1_596' title='bbox 669 4422 977 4494; x_wconf 87' lang='lat' dir='ltr'><strong>appellavit.</strong></span> <span class='ocrx_word' id='word_1_597' title='bbox 1015 4421 1174 4477; x_wconf 86' lang='lat' dir='ltr'><strong>Liber</strong></span> <span class='ocrx_word' id='word_1_598' title='bbox 1214 4422 1422 4491; x_wconf 88' lang='lat' dir='ltr'><strong>primus</strong></span> <span class='ocrx_word' id='word_1_599' title='bbox 1452 4422 1657 4476; x_wconf 71' lang='lat' dir='ltr'><strong>militia:</strong></span> <span class='ocrx_word' id='word_1_600' title='bbox 1685 4438 1775 4477; x_wconf 87' lang='lat' dir='ltr'><strong>or-</strong></span> 
     </span>
    </p>
   </div>
   <div class='ocr_carea' id='block_1_77' title="bbox 1883 3235 3480 3307">
    <p class='ocr_par' dir='ltr' id='par_1_77' title="bbox 1883 3235 3480 3307">
     <span class='ocr_line' id='line_1_77' title="bbox 1883 3235 3480 3307; baseline -0.002 -14"><span class='ocrx_word' id='word_1_601' title='bbox 1883 3238 2047 3293; x_wconf 87' lang='lat' dir='ltr'><strong>habet</strong></span> <span class='ocrx_word' id='word_1_602' title='bbox 2086 3237 2365 3307; x_wconf 81' lang='lat' dir='ltr'><strong>sexaginta</strong></span> <span class='ocrx_word' id='word_1_603' title='bbox 2417 3236 2710 3301; x_wconf 89' lang='lat' dir='ltr'><strong>centurias,</strong></span> <span class='ocrx_word' id='word_1_604' title='bbox 2764 3235 3067 3306; x_wconf 86' lang='lat' dir='ltr'><strong>manipulos</strong></span> <span class='ocrx_word' id='word_1_605' title='bbox 3112 3236 3350 3305; x_wconf 76' lang='lat' dir='ltr'><strong>triginta,</strong></span> <span class='ocrx_word' id='word_1_606' title='bbox 3382 3252 3480 3292; x_wconf 77' lang='lat' dir='ltr'><strong>en-</strong></span> 
     </span>
    </p>
   </div>
   <div class='ocr_carea' id='block_1_78' title="bbox 1883 3325 3483 3396">
    <p class='ocr_par' dir='ltr' id='par_1_78' title="bbox 1883 3325 3483 3396">
     <span class='ocr_line' id='line_1_78' title="bbox 1883 3325 3483 3396; baseline -0.001 -13"><span class='ocrx_word' id='word_1_607' title='bbox 1883 3329 2069 3383; x_wconf 91' lang='lat' dir='ltr'><strong>hortes</strong></span> <span class='ocrx_word' id='word_1_608' title='bbox 2097 3327 2402 3391; x_wconf 91' lang='lat' dir='ltr'><strong>duodecim,</strong></span> <span class='ocrx_word' id='word_1_609' title='bbox 2436 3336 2645 3382; x_wconf 89' lang='lat' dir='ltr'><strong>turmas</strong></span> <span class='ocrx_word' id='word_1_610' title='bbox 2665 3328 2944 3385; x_wconf 84' lang='lat' dir='ltr'><strong>ducentas.</strong></span> <span class='ocrx_word' id='word_1_611' title='bbox 2968 3325 3223 3381; x_wconf 88' lang='lat' dir='ltr'><strong>Centuria</strong></span> <span class='ocrx_word' id='word_1_612' title='bbox 3248 3336 3329 3381; x_wconf 88' lang='lat' dir='ltr'><strong>est</strong></span> <span class='ocrx_word' id='word_1_613' title='bbox 3352 3342 3483 3396; x_wconf 88' lang='lat' dir='ltr'><strong>pars</strong></span> 
     </span>
    </p>
   </div>
   <div class='ocr_carea' id='block_1_79' title="bbox 1880 3416 3480 3486">
    <p class='ocr_par' dir='ltr' id='par_1_79' title="bbox 1880 3416 3480 3486">
     <span class='ocr_line' id='line_1_79' title="bbox 1880 3416 3480 3486; baseline -0.001 -13"><span class='ocrx_word' id='word_1_614' title='bbox 1880 3420 2152 3475; x_wconf 83' lang='lat' dir='ltr'><strong>exercitus</strong></span> <span class='ocrx_word' id='word_1_615' title='bbox 2176 3420 2229 3475; x_wconf 89' lang='lat' dir='ltr'><strong>in</strong></span> <span class='ocrx_word' id='word_1_616' title='bbox 2255 3426 2512 3474; x_wconf 90' lang='lat' dir='ltr'><strong>centenos</strong></span> <span class='ocrx_word' id='word_1_617' title='bbox 2540 3417 2742 3473; x_wconf 86' lang='lat' dir='ltr'><strong>milites</strong></span> <span class='ocrx_word' id='word_1_618' title='bbox 2783 3417 2976 3472; x_wconf 89' lang='lat' dir='ltr'><strong>divisa.</strong></span> <span class='ocrx_word' id='word_1_619' title='bbox 3017 3416 3171 3473; x_wconf 88' lang='lat' dir='ltr'><strong>Unde</strong></span> <span class='ocrx_word' id='word_1_620' title='bbox 3195 3424 3252 3472; x_wconf 90' lang='lat' dir='ltr'><strong>et</strong></span> <span class='ocrx_word' id='word_1_621' title='bbox 3274 3418 3364 3486; x_wconf 87' lang='lat' dir='ltr'><strong>qui</strong></span> <span class='ocrx_word' id='word_1_622' title='bbox 3393 3417 3480 3472; x_wconf 90' lang='lat' dir='ltr'><strong>his</strong></span> 
     </span>
    </p>
   </div>
   <div class='ocr_carea' id='block_1_80' title="bbox 1883 3504 3487 3579">
    <p class='ocr_par' dir='ltr' id='par_1_80' title="bbox 1883 3504 3487 3579">
     <span class='ocr_line' id='line_1_80' title="bbox 1883 3504 3487 3579; baseline -0.002 -16"><span class='ocrx_word' id='word_1_623' title='bbox 1883 3517 2141 3579; x_wconf 79' lang='lat' dir='ltr'><strong>praesunt,</strong></span> <span class='ocrx_word' id='word_1_624' title='bbox 2191 3507 2537 3563; x_wconf 88' lang='lat' dir='ltr'><strong>centuriones</strong></span> <span class='ocrx_word' id='word_1_625' title='bbox 2580 3507 2851 3561; x_wconf 88' lang='lat' dir='ltr'><strong>dicuntur.</strong></span> <span class='ocrx_word' id='word_1_626' title='bbox 2908 3504 3310 3560; x_wconf 87' lang='lat' dir='ltr'><strong>Subcenturiati</strong></span> <span class='ocrx_word' id='word_1_627' title='bbox 3349 3519 3487 3560; x_wconf 28' lang='lat' dir='ltr'><strong>vero.</strong></span> 
     </span>
    </p>
   </div>
   <div class='ocr_carea' id='block_1_81' title="bbox 1882 3596 3477 3669">
    <p class='ocr_par' dir='ltr' id='par_1_81' title="bbox 1882 3596 3477 3669">
     <span class='ocr_line' id='line_1_81' title="bbox 1882 3596 3477 3669; baseline -0.002 -14"><span class='ocrx_word' id='word_1_628' title='bbox 1882 3608 2028 3666; x_wconf 91' lang='lat' dir='ltr'><strong>sunt,</strong></span> <span class='ocrx_word' id='word_1_629' title='bbox 2056 3615 2164 3655; x_wconf 90' lang='lat' dir='ltr'><strong>non</strong></span> <span class='ocrx_word' id='word_1_630' title='bbox 2195 3599 2285 3669; x_wconf 91' lang='lat' dir='ltr'><strong>qui</strong></span> <span class='ocrx_word' id='word_1_631' title='bbox 2314 3600 2367 3652; x_wconf 93' lang='lat' dir='ltr'><strong>in</strong></span> <span class='ocrx_word' id='word_1_632' title='bbox 2395 3599 2593 3669; x_wconf 89' lang='lat' dir='ltr'><strong>prima,</strong></span> <span class='ocrx_word' id='word_1_633' title='bbox 2629 3598 2724 3653; x_wconf 90' lang='lat' dir='ltr'><strong>sed</strong></span> <span class='ocrx_word' id='word_1_634' title='bbox 2755 3596 2846 3667; x_wconf 92' lang='lat' dir='ltr'><strong>qui</strong></span> <span class='ocrx_word' id='word_1_635' title='bbox 2880 3598 2933 3652; x_wconf 92' lang='lat' dir='ltr'><strong>in</strong></span> <span class='ocrx_word' id='word_1_636' title='bbox 2970 3597 3204 3653; x_wconf 89' lang='lat' dir='ltr'><strong>secunda</strong></span> <span class='ocrx_word' id='word_1_637' title='bbox 3231 3598 3477 3652; x_wconf 87' lang='lat' dir='ltr'><strong>centuria</strong></span> 
     </span>
    </p>
   </div>
   <div class='ocr_carea' id='block_1_82' title="bbox 1882 3688 3476 3763">
    <p class='ocr_par' dir='ltr' id='par_1_82' title="bbox 1882 3688 3476 3763">
     <span class='ocr_line' id='line_1_82' title="bbox 1882 3688 3476 3763; baseline -0.003 -15"><span class='ocrx_word' id='word_1_638' title='bbox 1882 3701 2030 3759; x_wconf 90' lang='lat' dir='ltr'><strong>sunt,</strong></span> <span class='ocrx_word' id='word_1_639' title='bbox 2062 3693 2214 3763; x_wconf 89' lang='lat' dir='ltr'><strong>quasi</strong></span> <span class='ocrx_word' id='word_1_640' title='bbox 2239 3690 2339 3747; x_wconf 88' lang='lat' dir='ltr'><strong>sub</strong></span> <span class='ocrx_word' id='word_1_641' title='bbox 2372 3691 2549 3761; x_wconf 91' lang='lat' dir='ltr'><strong>prima</strong></span> <span class='ocrx_word' id='word_1_642' title='bbox 2582 3689 2847 3753; x_wconf 88' lang='lat' dir='ltr'><strong>centuria,</strong></span> <span class='ocrx_word' id='word_1_643' title='bbox 2890 3696 3074 3743; x_wconf 87' lang='lat' dir='ltr'><strong>tamen</strong></span> <span class='ocrx_word' id='word_1_644' title='bbox 3109 3688 3285 3743; x_wconf 86' lang='lat' dir='ltr'><strong>stricti</strong></span> <span class='ocrx_word' id='word_1_645' title='bbox 3311 3688 3476 3744; x_wconf 88' lang='lat' dir='ltr'><strong>etiam</strong></span> 
     </span>
    </p>
   </div>
   <div class='ocr_carea' id='block_1_83' title="bbox 1884 3778 3477 3854">
    <p class='ocr_par' dir='ltr' id='par_1_83' title="bbox 1884 3778 3477 3854">
     <span class='ocr_line' id='line_1_83' title="bbox 1884 3778 3477 3854; baseline -0.002 -17"><span class='ocrx_word' id='word_1_646' title='bbox 1884 3784 2062 3854; x_wconf 86' lang='lat' dir='ltr'><strong>ipsiet</strong></span> <span class='ocrx_word' id='word_1_647' title='bbox 2099 3783 2153 3838; x_wconf 93' lang='lat' dir='ltr'><strong>in</strong></span> <span class='ocrx_word' id='word_1_648' title='bbox 2185 3781 2408 3852; x_wconf 90' lang='lat' dir='ltr'><strong>spiculis</strong></span> <span class='ocrx_word' id='word_1_649' title='bbox 2442 3780 2606 3850; x_wconf 90' lang='lat' dir='ltr'><strong>positi</strong></span> <span class='ocrx_word' id='word_1_650' title='bbox 2656 3780 2708 3835; x_wconf 95' lang='lat' dir='ltr'><strong>in</strong></span> <span class='ocrx_word' id='word_1_651' title='bbox 2755 3778 2896 3834; x_wconf 89' lang='lat' dir='ltr'><strong>bello</strong></span> <span class='ocrx_word' id='word_1_652' title='bbox 2943 3786 3089 3843; x_wconf 88' lang='lat' dir='ltr'><strong>sunt,</strong></span> <span class='ocrx_word' id='word_1_653' title='bbox 3135 3786 3198 3833; x_wconf 87' lang='lat' dir='ltr'><strong>ut</strong></span> <span class='ocrx_word' id='word_1_654' title='bbox 3227 3778 3273 3833; x_wconf 91' lang='lat' dir='ltr'><strong>si</strong></span> <span class='ocrx_word' id='word_1_655' title='bbox 3301 3779 3477 3849; x_wconf 86' lang='lat' dir='ltr'><strong>prima</strong></span> 
     </span>
    </p>
   </div>
   <div class='ocr_carea' id='block_1_84' title="bbox 1882 3870 3477 3942">
    <p class='ocr_par' dir='ltr' id='par_1_84' title="bbox 1882 3870 3477 3942">
     <span class='ocr_line' id='line_1_84' title="bbox 1882 3870 3477 3942; baseline -0.002 -14"><span class='ocrx_word' id='word_1_656' title='bbox 1882 3873 2163 3939; x_wconf 81' lang='lat' dir='ltr'><strong>defecerit,</strong></span> <span class='ocrx_word' id='word_1_657' title='bbox 2193 3873 2304 3937; x_wconf 90' lang='lat' dir='ltr'><strong>isti,</strong></span> <span class='ocrx_word' id='word_1_658' title='bbox 2347 3887 2483 3942; x_wconf 86' lang='lat' dir='ltr'><strong>quos</strong></span> <span class='ocrx_word' id='word_1_659' title='bbox 2511 3873 2611 3927; x_wconf 92' lang='lat' dir='ltr'><strong>sub</strong></span> <span class='ocrx_word' id='word_1_660' title='bbox 2656 3871 2894 3926; x_wconf 90' lang='lat' dir='ltr'><strong>secunda</strong></span> <span class='ocrx_word' id='word_1_661' title='bbox 2924 3871 3184 3935; x_wconf 83' lang='lat' dir='ltr'><strong>diximus,</strong></span> <span class='ocrx_word' id='word_1_662' title='bbox 3227 3870 3477 3926; x_wconf 85' lang='lat' dir='ltr'><strong>laboran-</strong></span> 
     </span>
    </p>
   </div>
   <div class='ocr_carea' id='block_1_85' title="bbox 1883 3960 3476 4034">
    <p class='ocr_par' dir='ltr' id='par_1_85' title="bbox 1883 3960 3476 4034">
     <span class='ocr_line' id='line_1_85' title="bbox 1883 3960 3476 4034; baseline -0.001 -15"><span class='ocrx_word' id='word_1_663' title='bbox 1883 3966 2025 4019; x_wconf 89' lang='lat' dir='ltr'><strong>tibus</strong></span> <span class='ocrx_word' id='word_1_664' title='bbox 2052 3964 2242 4034; x_wconf 90' lang='lat' dir='ltr'><strong>primis</strong></span> <span class='ocrx_word' id='word_1_665' title='bbox 2270 3962 2611 4018; x_wconf 84' lang='lat' dir='ltr'><strong>subveniant.</strong></span> <span class='ocrx_word' id='word_1_666' title='bbox 2663 3962 2818 4017; x_wconf 85' lang='lat' dir='ltr'><strong>Unde</strong></span> <span class='ocrx_word' id='word_1_667' title='bbox 2855 3961 2924 4016; x_wconf 90' lang='lat' dir='ltr'><strong>ad</strong></span> <span class='ocrx_word' id='word_1_668' title='bbox 2968 3960 3350 4016; x_wconf 83' lang='lat' dir='ltr'><strong>insinuandum</strong></span> <span class='ocrx_word' id='word_1_669' title='bbox 3377 3977 3476 4032; x_wconf 89' lang='lat' dir='ltr'><strong>po-</strong></span> 
     </span>
    </p>
   </div>
   <div class='ocr_carea' id='block_1_86' title="bbox 1883 4050 3469 4122">
    <p class='ocr_par' dir='ltr' id='par_1_86' title="bbox 1883 4050 3469 4122">
     <span class='ocr_line' id='line_1_86' title="bbox 1883 4050 3469 4122; baseline -0.002 -13"><span class='ocrx_word' id='word_1_670' title='bbox 1883 4055 2029 4109; x_wconf 87' lang='lat' dir='ltr'><strong>nitur</strong></span> <span class='ocrx_word' id='word_1_671' title='bbox 2058 4053 2518 4117; x_wconf 90' lang='lat' dir='ltr'><strong>subcenturiatus,</strong></span> <span class='ocrx_word' id='word_1_672' title='bbox 2551 4053 2704 4122; x_wconf 90' lang='lat' dir='ltr'><strong>quasi</strong></span> <span class='ocrx_word' id='word_1_673' title='bbox 2733 4050 2902 4106; x_wconf 88' lang='lat' dir='ltr'><strong>armis</strong></span> <span class='ocrx_word' id='word_1_674' title='bbox 2921 4050 3125 4106; x_wconf 90' lang='lat' dir='ltr'><strong>dolosis</strong></span> <span class='ocrx_word' id='word_1_675' title='bbox 3151 4052 3469 4106; x_wconf 85' lang='lat' dir='ltr'><strong>instructus.</strong></span> 
     </span>
    </p>
   </div>
   <div class='ocr_carea' id='block_1_87' title="bbox 1882 4140 3468 4215">
    <p class='ocr_par' dir='ltr' id='par_1_87' title="bbox 1882 4140 3468 4215">
     <span class='ocr_line' id='line_1_87' title="bbox 1882 4140 3468 4215; baseline -0.001 -17"><span class='ocrx_word' id='word_1_676' title='bbox 1882 4143 2185 4215; x_wconf 87' lang='lat' dir='ltr'><strong>Manipulus</strong></span> <span class='ocrx_word' id='word_1_677' title='bbox 2221 4143 2574 4201; x_wconf 88' lang='lat' dir='ltr'><strong>ducentorum</strong></span> <span class='ocrx_word' id='word_1_678' title='bbox 2594 4150 2678 4197; x_wconf 83' lang='lat' dir='ltr'><strong>est</strong></span> <span class='ocrx_word' id='word_1_679' title='bbox 2708 4142 2957 4195; x_wconf 86' lang='lat' dir='ltr'><strong>militum.</strong></span> <span class='ocrx_word' id='word_1_680' title='bbox 3002 4140 3259 4212; x_wconf 84' lang='lat' dir='ltr'><strong>Manipuli</strong></span> <span class='ocrx_word' id='word_1_681' title='bbox 3287 4150 3468 4197; x_wconf 90' lang='lat' dir='ltr'><strong>autem</strong></span> 
     </span>
    </p>
   </div>
   <div class='ocr_carea' id='block_1_88' title="bbox 1882 4233 3470 4306">
    <p class='ocr_par' dir='ltr' id='par_1_88' title="bbox 1882 4233 3470 4306">
     <span class='ocr_line' id='line_1_88' title="bbox 1882 4233 3470 4306; baseline -0.004 -12"><span class='ocrx_word' id='word_1_682' title='bbox 1882 4239 2009 4294; x_wconf 90' lang='lat' dir='ltr'><strong>dicti</strong></span> <span class='ocrx_word' id='word_1_683' title='bbox 2041 4247 2167 4293; x_wconf 90' lang='lat' dir='ltr'><strong>sunt</strong></span> <span class='ocrx_word' id='word_1_684' title='bbox 2196 4237 2415 4301; x_wconf 89' lang='lat' dir='ltr'><strong>milites,</strong></span> <span class='ocrx_word' id='word_1_685' title='bbox 2442 4236 2558 4291; x_wconf 86' lang='lat' dir='ltr'><strong>sive</strong></span> <span class='ocrx_word' id='word_1_686' title='bbox 2589 4236 2715 4306; x_wconf 88' lang='lat' dir='ltr'><strong>quia</strong></span> <span class='ocrx_word' id='word_1_687' title='bbox 2761 4234 2960 4289; x_wconf 87' lang='lat' dir='ltr'><strong>bellum</strong></span> <span class='ocrx_word' id='word_1_688' title='bbox 3005 4233 3162 4304; x_wconf 89' lang='lat' dir='ltr'><strong>primi</strong></span> <span class='ocrx_word' id='word_1_689' title='bbox 3198 4248 3356 4288; x_wconf 91' lang='lat' dir='ltr'><strong>manu</strong></span> <span class='ocrx_word' id='word_1_690' title='bbox 3386 4235 3470 4288; x_wconf 87' lang='lat' dir='ltr'><strong>in-</strong></span> 
     </span>
    </p>
   </div>
   <div class='ocr_carea' id='block_1_89' title="bbox 1880 4318 3469 4400">
    <p class='ocr_par' dir='ltr' id='par_1_89' title="bbox 1880 4318 3469 4400">
     <span class='ocr_line' id='line_1_89' title="bbox 1880 4318 3469 4400; baseline -0.006 -14"><span class='ocrx_word' id='word_1_691' title='bbox 1880 4330 2151 4400; x_wconf 84' lang='lat' dir='ltr'><strong>cipiebant</strong></span> <span class='ocrx_word' id='word_1_692' title='bbox 2179 4345 2194 4394; x_wconf 90' lang='lat'><strong>;</strong></span> <span class='ocrx_word' id='word_1_693' title='bbox 2235 4318 2349 4383; x_wconf 82' lang='lat' dir='ltr'><strong>sive</strong></span> <span class='ocrx_word' id='word_1_694' title='bbox 2377 4327 2519 4398; x_wconf 85' lang='lat' dir='ltr'><strong>quod</strong></span> <span class='ocrx_word' id='word_1_695' title='bbox 2568 4335 2855 4396; x_wconf 88' lang='lat' dir='ltr'><strong>antequam</strong></span> <span class='ocrx_word' id='word_1_696' title='bbox 2884 4326 3035 4395; x_wconf 86' lang='lat' dir='ltr'><strong>signa</strong></span> <span class='ocrx_word' id='word_1_697' title='bbox 3061 4332 3266 4388; x_wconf 88' lang='lat' dir='ltr'><strong>essent,</strong></span> <span class='ocrx_word' id='word_1_698' title='bbox 3290 4324 3469 4378; x_wconf 81' lang='lat' dir='ltr'><strong>mani-</strong></span> 
     </span>
    </p>
   </div>
   <div class='ocr_carea' id='block_1_90' title="bbox 1880 4412 3470 4490">
    <p class='ocr_par' dir='ltr' id='par_1_90' title="bbox 1880 4412 3470 4490">
     <span class='ocr_line' id='line_1_90' title="bbox 1880 4412 3470 4490; baseline -0.005 -17"><span class='ocrx_word' id='word_1_699' title='bbox 1880 4419 2036 4490; x_wconf 90' lang='lat' dir='ltr'><strong>pulos</strong></span> <span class='ocrx_word' id='word_1_700' title='bbox 2062 4419 2185 4482; x_wconf 88' lang='lat' dir='ltr'><strong>sibi,</strong></span> <span class='ocrx_word' id='word_1_701' title='bbox 2235 4417 2288 4470; x_wconf 88' lang='lat' dir='ltr'><strong>id</strong></span> <span class='ocrx_word' id='word_1_702' title='bbox 2333 4424 2439 4478; x_wconf 89' lang='lat' dir='ltr'><strong>est,</strong></span> <span class='ocrx_word' id='word_1_703' title='bbox 2474 4414 2760 4469; x_wconf 83' lang='lat' dir='ltr'><strong>fasciculos</strong></span> <span class='ocrx_word' id='word_1_704' title='bbox 2797 4413 3007 4483; x_wconf 70' lang='lat' dir='ltr'><strong>stipula:</strong></span> <span class='ocrx_word' id='word_1_705' title='bbox 3038 4412 3123 4467; x_wconf 86' lang='lat' dir='ltr'><strong>vel</strong></span> <span class='ocrx_word' id='word_1_706' title='bbox 3159 4412 3344 4467; x_wconf 70' lang='lat' dir='ltr'><strong>herba:</strong></span> <span class='ocrx_word' id='word_1_707' title='bbox 3370 4413 3470 4466; x_wconf 86' lang='lat' dir='ltr'><strong>ali-</strong></span> 
     </span>
    </p>
   </div>
   <div class='ocr_carea' id='block_1_91' title="bbox 213 4493 3468 4580">
    <p class='ocr_par' dir='ltr' id='par_1_91' title="bbox 213 4493 3468 4580">
     <span class='ocr_line' id='line_1_91' title="bbox 213 4493 3468 4580; baseline -0.005 -10"><span class='ocrx_word' id='word_1_708' title='bbox 213 4516 366 4572; x_wconf 81' lang='lat' dir='ltr'><strong>diuem</strong></span> <span class='ocrx_word' id='word_1_709' title='bbox 393 4493 596 4572; x_wconf 83' lang='lat' dir='ltr'><strong>docuit.</strong></span> <span class='ocrx_word' id='word_1_710' title='bbox 640 4493 791 4571; x_wconf 84' lang='lat' dir='ltr'><strong>Miles</strong></span> <span class='ocrx_word' id='word_1_711' title='bbox 838 4524 1019 4571; x_wconf 88' lang='lat' dir='ltr'><strong>autem</strong></span> <span class='ocrx_word' id='word_1_712' title='bbox 1063 4515 1370 4569; x_wconf 90' lang='lat' dir='ltr'><strong>ordinarius</strong></span> <span class='ocrx_word' id='word_1_713' title='bbox 1422 4514 1639 4580; x_wconf 91' lang='lat' dir='ltr'><strong>dicitur,</strong></span> <span class='ocrx_word' id='word_1_714' title='bbox 1677 4522 1771 4568; x_wconf 91' lang='lat' dir='ltr'><strong>aut</strong></span> <span class='ocrx_word' id='word_1_715' title='bbox 1804 4493 1847 4551; x_wconf 79' lang='grc' dir='ltr'><strong>Ι)</strong></span> <span class='ocrx_word' id='word_1_716' title='bbox 1878 4506 2030 4576; x_wconf 89' lang='lat' dir='ltr'><strong>cuius</strong></span> <span class='ocrx_word' id='word_1_717' title='bbox 2054 4522 2152 4576; x_wconf 90' lang='lat' dir='ltr'><strong>pro</strong></span> <span class='ocrx_word' id='word_1_718' title='bbox 2187 4505 2356 4575; x_wconf 86' lang='lat' dir='ltr'><strong>signis</strong></span> <span class='ocrx_word' id='word_1_719' title='bbox 2387 4502 2676 4568; x_wconf 81' lang='lat' dir='ltr'><strong>faciebant,</strong></span> <span class='ocrx_word' id='word_1_720' title='bbox 2704 4516 2735 4555; x_wconf 89' lang='lat' dir='ltr'><strong>a</strong></span> <span class='ocrx_word' id='word_1_721' title='bbox 2767 4516 2873 4570; x_wconf 88' lang='lat' dir='ltr'><strong>quo</strong></span> <span class='ocrx_word' id='word_1_722' title='bbox 2902 4500 3058 4571; x_wconf 88' lang='lat' dir='ltr'><strong>signo</strong></span> <span class='ocrx_word' id='word_1_723' title='bbox 3097 4501 3468 4570; x_wconf 86' lang='lat' dir='ltr'><strong>manipulares</strong></span> 
     </span>
    </p>
   </div>
   <div class='ocr_carea' id='block_1_92' title="bbox 210 4605 1767 4675">
    <p class='ocr_par' dir='ltr' id='par_1_92' title="bbox 210 4605 1767 4675">
     <span class='ocr_line' id='line_1_92' title="bbox 210 4605 1767 4675; baseline -0.001 -15"><span class='ocrx_word' id='word_1_724' title='bbox 210 4609 669 4664; x_wconf 77' lang='lat' dir='ltr'><strong>extraordinarius.</strong></span> <span class='ocrx_word' id='word_1_725' title='bbox 721 4605 1042 4663; x_wconf 89' lang='lat' dir='ltr'><strong>Ordinarius</strong></span> <span class='ocrx_word' id='word_1_726' title='bbox 1085 4614 1191 4671; x_wconf 89' lang='lat' dir='ltr'><strong>est,</strong></span> <span class='ocrx_word' id='word_1_727' title='bbox 1241 4605 1333 4674; x_wconf 91' lang='lat' dir='ltr'><strong>qui</strong></span> <span class='ocrx_word' id='word_1_728' title='bbox 1381 4619 1479 4675; x_wconf 86' lang='lat' dir='ltr'><strong>per</strong></span> <span class='ocrx_word' id='word_1_729' title='bbox 1522 4606 1767 4659; x_wconf 86' lang='lat' dir='ltr'><strong>ordinem</strong></span> 
     </span>
    </p>
   </div>
   <div class='ocr_carea' id='block_1_93' title="bbox 211 4696 1766 4767">
    <p class='ocr_par' dir='ltr' id='par_1_93' title="bbox 211 4696 1766 4767">
     <span class='ocr_line' id='line_1_93' title="bbox 211 4696 1766 4767; baseline 0 -18"><span class='ocrx_word' id='word_1_730' title='bbox 211 4697 401 4764; x_wconf 86' lang='lat' dir='ltr'><strong>militat,</strong></span> <span class='ocrx_word' id='word_1_731' title='bbox 442 4715 542 4754; x_wconf 90' lang='lat' dir='ltr'><strong>nec</strong></span> <span class='ocrx_word' id='word_1_732' title='bbox 581 4698 759 4753; x_wconf 89' lang='lat' dir='ltr'><strong>adhuc</strong></span> <span class='ocrx_word' id='word_1_733' title='bbox 796 4697 1030 4767; x_wconf 90' lang='lat' dir='ltr'><strong>aliquem</strong></span> <span class='ocrx_word' id='word_1_734' title='bbox 1075 4705 1397 4752; x_wconf 87' lang='lat' dir='ltr'><strong>consecutus</strong></span> <span class='ocrx_word' id='word_1_735' title='bbox 1425 4704 1507 4750; x_wconf 90' lang='lat' dir='ltr'><strong>est</strong></span> <span class='ocrx_word' id='word_1_736' title='bbox 1541 4696 1766 4766; x_wconf 85' lang='lat' dir='ltr'><strong>gradum</strong></span> 
     </span>
    </p>
   </div>
   <div class='ocr_carea' id='block_1_94' title="bbox 212 4786 1762 4861">
    <p class='ocr_par' dir='ltr' id='par_1_94' title="bbox 212 4786 1762 4861">
     <span class='ocr_line' id='line_1_94' title="bbox 212 4786 1762 4861; baseline 0.001 -20"><span class='ocrx_word' id='word_1_737' title='bbox 212 4788 409 4845; x_wconf 87' lang='lat' dir='ltr'><strong>honoris</strong></span> <span class='ocrx_word' id='word_1_738' title='bbox 432 4809 446 4844; x_wconf 90' lang='lat'><strong>:</strong></span> <span class='ocrx_word' id='word_1_739' title='bbox 476 4800 561 4846; x_wconf 83' lang='lat' dir='ltr'><strong>est</strong></span> <span class='ocrx_word' id='word_1_740' title='bbox 585 4791 727 4845; x_wconf 90' lang='lat' dir='ltr'><strong>enim</strong></span> <span class='ocrx_word' id='word_1_741' title='bbox 759 4790 1059 4861; x_wconf 84' lang='lat' dir='ltr'><strong>gregarius,</strong></span> <span class='ocrx_word' id='word_1_742' title='bbox 1087 4789 1139 4842; x_wconf 92' lang='lat' dir='ltr'><strong>id</strong></span> <span class='ocrx_word' id='word_1_743' title='bbox 1164 4796 1268 4852; x_wconf 91' lang='lat' dir='ltr'><strong>est,</strong></span> <span class='ocrx_word' id='word_1_744' title='bbox 1294 4786 1510 4843; x_wconf 89' lang='lat' dir='ltr'><strong>humilis</strong></span> <span class='ocrx_word' id='word_1_745' title='bbox 1533 4788 1762 4842; x_wconf 64' lang='lat' dir='ltr'><strong>militiae:</strong></span> 
     </span>
    </p>
   </div>
   <div class='ocr_carea' id='block_1_95' title="bbox 210 4880 1787 4951">
    <p class='ocr_par' dir='ltr' id='par_1_95' title="bbox 210 4880 1787 4951">
     <span class='ocr_line' id='line_1_95' title="bbox 210 4880 1787 4951; baseline -0.001 -18"><span class='ocrx_word' id='word_1_746' title='bbox 210 4883 646 4937; x_wconf 75' lang='lat' dir='ltr'><strong>extraordinarius</strong></span> <span class='ocrx_word' id='word_1_747' title='bbox 689 4898 840 4947; x_wconf 85' lang='lat' dir='ltr'><strong>vero,</strong></span> <span class='ocrx_word' id='word_1_748' title='bbox 887 4881 978 4951; x_wconf 88' lang='lat' dir='ltr'><strong>qui</strong></span> <span class='ocrx_word' id='word_1_749' title='bbox 1023 4881 1093 4936; x_wconf 90' lang='lat' dir='ltr'><strong>ob</strong></span> <span class='ocrx_word' id='word_1_750' title='bbox 1138 4880 1387 4935; x_wconf 85' lang='lat' dir='ltr'><strong>virtutem</strong></span> <span class='ocrx_word' id='word_1_751' title='bbox 1419 4889 1787 4950; x_wconf 39' lang='lat' dir='ltr'><strong>promovetur,</strong></span> 
     </span>
    </p>
   </div>
   <div class='ocr_carea' id='block_1_96' title="bbox 210 4970 1765 5041">
    <p class='ocr_par' dir='ltr' id='par_1_96' title="bbox 210 4970 1765 5041">
     <span class='ocr_line' id='line_1_96' title="bbox 210 4970 1765 5041; baseline -0.001 -15"><span class='ocrx_word' id='word_1_752' title='bbox 210 4986 265 5026; x_wconf 78' lang='lat' dir='ltr'><strong>ex</strong></span> <span class='ocrx_word' id='word_1_753' title='bbox 288 4974 485 5029; x_wconf 88' lang='lat' dir='ltr'><strong>ordine.</strong></span> <span class='ocrx_word' id='word_1_754' title='bbox 512 4974 738 5028; x_wconf 85' lang='lat' dir='ltr'><strong>Emeriti</strong></span> <span class='ocrx_word' id='word_1_755' title='bbox 768 4973 1023 5028; x_wconf 90' lang='lat' dir='ltr'><strong>dicuntur</strong></span> <span class='ocrx_word' id='word_1_756' title='bbox 1063 4972 1326 5037; x_wconf 88' lang='lat' dir='ltr'><strong>veterani,</strong></span> <span class='ocrx_word' id='word_1_757' title='bbox 1372 4970 1642 5041; x_wconf 88' lang='lat' dir='ltr'><strong>solutique</strong></span> <span class='ocrx_word' id='word_1_758' title='bbox 1666 4972 1765 5025; x_wconf 89' lang='lat' dir='ltr'><strong>mi-</strong></span> 
     </span>
    </p>
   </div>
   <div class='ocr_carea' id='block_1_97' title="bbox 210 5063 1771 5136">
    <p class='ocr_par' dir='ltr' id='par_1_97' title="bbox 210 5063 1771 5136">
     <span class='ocr_line' id='line_1_97' title="bbox 210 5063 1771 5136; baseline 0.001 -21"><span class='ocrx_word' id='word_1_759' title='bbox 210 5063 327 5129; x_wconf 82' lang='lat' dir='ltr'><strong>litia,</strong></span> <span class='ocrx_word' id='word_1_760' title='bbox 356 5067 444 5135; x_wconf 86' lang='lat' dir='ltr'><strong>qui</strong></span> <span class='ocrx_word' id='word_1_761' title='bbox 480 5066 595 5136; x_wconf 90' lang='lat' dir='ltr'><strong>iam</strong></span> <span class='ocrx_word' id='word_1_762' title='bbox 642 5065 696 5120; x_wconf 89' lang='lat' dir='ltr'><strong>in</strong></span> <span class='ocrx_word' id='word_1_763' title='bbox 746 5081 844 5121; x_wconf 89' lang='lat' dir='ltr'><strong>usu</strong></span> <span class='ocrx_word' id='word_1_764' title='bbox 885 5064 1054 5135; x_wconf 87' lang='lat' dir='ltr'><strong>praelii</strong></span> <span class='ocrx_word' id='word_1_765' title='bbox 1101 5080 1207 5119; x_wconf 88' lang='lat' dir='ltr'><strong>non</strong></span> <span class='ocrx_word' id='word_1_766' title='bbox 1252 5072 1415 5128; x_wconf 87' lang='lat' dir='ltr'><strong>sunt;</strong></span> <span class='ocrx_word' id='word_1_767' title='bbox 1486 5063 1612 5133; x_wconf 79' lang='lat' dir='ltr'><strong>quia</strong></span> <span class='ocrx_word' id='word_1_768' title='bbox 1658 5078 1771 5117; x_wconf 92' lang='lat' dir='ltr'><strong>me-</strong></span> 
     </span>
    </p>
   </div>
   <div class='ocr_carea' id='block_1_98' title="bbox 209 5156 1772 5227">
    <p class='ocr_par' dir='ltr' id='par_1_98' title="bbox 209 5156 1772 5227">
     <span class='ocr_line' id='line_1_98' title="bbox 209 5156 1772 5227; baseline -0.003 -14"><span class='ocrx_word' id='word_1_769' title='bbox 209 5159 303 5213; x_wconf 84' lang='lat' dir='ltr'><strong>reri</strong></span> <span class='ocrx_word' id='word_1_770' title='bbox 328 5160 555 5216; x_wconf 86' lang='lat' dir='ltr'><strong>militare</strong></span> <span class='ocrx_word' id='word_1_771' title='bbox 598 5159 818 5223; x_wconf 90' lang='lat' dir='ltr'><strong>dicitur,</strong></span> <span class='ocrx_word' id='word_1_772' title='bbox 856 5175 886 5213; x_wconf 93' lang='lat' dir='ltr'><strong>a</strong></span> <span class='ocrx_word' id='word_1_773' title='bbox 933 5157 1214 5227; x_wconf 85' lang='lat' dir='ltr'><strong>stipendiis</strong></span> <span class='ocrx_word' id='word_1_774' title='bbox 1247 5156 1476 5219; x_wconf 89' lang='lat' dir='ltr'><strong>scilicet,</strong></span> <span class='ocrx_word' id='word_1_775' title='bbox 1506 5171 1627 5225; x_wconf 71' lang='lat' dir='ltr'><strong>qua:</strong></span> <span class='ocrx_word' id='word_1_776' title='bbox 1662 5170 1772 5209; x_wconf 89' lang='lat' dir='ltr'><strong>me-</strong></span> 
     </span>
    </p>
   </div>
   <div class='ocr_carea' id='block_1_99' title="bbox 208 5247 1766 5318">
    <p class='ocr_par' dir='ltr' id='par_1_99' title="bbox 208 5247 1766 5318">
     <span class='ocr_line' id='line_1_99' title="bbox 208 5247 1766 5318; baseline -0.001 -17"><span class='ocrx_word' id='word_1_777' title='bbox 208 5259 394 5306; x_wconf 86' lang='lat' dir='ltr'><strong>rentur.</strong></span> <span class='ocrx_word' id='word_1_778' title='bbox 423 5250 587 5307; x_wconf 89' lang='lat' dir='ltr'><strong>Iidem</strong></span> <span class='ocrx_word' id='word_1_779' title='bbox 615 5258 671 5306; x_wconf 90' lang='lat' dir='ltr'><strong>et</strong></span> <span class='ocrx_word' id='word_1_780' title='bbox 689 5249 931 5306; x_wconf 85' lang='lat' dir='ltr'><strong>veterani</strong></span> <span class='ocrx_word' id='word_1_781' title='bbox 960 5249 1226 5311; x_wconf 90' lang='lat' dir='ltr'><strong>dicuntur,</strong></span> <span class='ocrx_word' id='word_1_782' title='bbox 1262 5247 1399 5318; x_wconf 81' lang='lat' dir='ltr'><strong>quia</strong></span> <span class='ocrx_word' id='word_1_783' title='bbox 1442 5247 1551 5317; x_wconf 90' lang='lat' dir='ltr'><strong>iam</strong></span> <span class='ocrx_word' id='word_1_784' title='bbox 1578 5247 1633 5301; x_wconf 92' lang='lat' dir='ltr'><strong>in</strong></span> <span class='ocrx_word' id='word_1_785' title='bbox 1668 5262 1766 5300; x_wconf 92' lang='lat' dir='ltr'><strong>usu</strong></span> 
     </span>
    </p>
   </div>
   <div class='ocr_carea' id='block_1_100' title="bbox 208 5336 1771 5411">
    <p class='ocr_par' dir='ltr' id='par_1_100' title="bbox 208 5336 1771 5411">
     <span class='ocr_line' id='line_1_100' title="bbox 208 5336 1771 5411; baseline -0.004 -15"><span class='ocrx_word' id='word_1_786' title='bbox 208 5340 357 5408; x_wconf 65' lang='lat' dir='ltr'><strong>praelii</strong></span> <span class='ocrx_word' id='word_1_787' title='bbox 385 5357 490 5397; x_wconf 90' lang='lat' dir='ltr'><strong>non</strong></span> <span class='ocrx_word' id='word_1_788' title='bbox 515 5351 665 5406; x_wconf 90' lang='lat' dir='ltr'><strong>sunt,</strong></span> <span class='ocrx_word' id='word_1_789' title='bbox 689 5341 786 5396; x_wconf 89' lang='lat' dir='ltr'><strong>sed</strong></span> <span class='ocrx_word' id='word_1_790' title='bbox 815 5349 934 5411; x_wconf 91' lang='lat' dir='ltr'><strong>post</strong></span> <span class='ocrx_word' id='word_1_791' title='bbox 963 5338 1169 5394; x_wconf 69' lang='lat' dir='ltr'><strong>militia:</strong></span> <span class='ocrx_word' id='word_1_792' title='bbox 1197 5339 1410 5393; x_wconf 89' lang='lat' dir='ltr'><strong>labores</strong></span> <span class='ocrx_word' id='word_1_793' title='bbox 1448 5338 1645 5407; x_wconf 84' lang='lat' dir='ltr'><strong>quietis</strong></span> <span class='ocrx_word' id='word_1_794' title='bbox 1665 5336 1771 5392; x_wconf 80' lang='lat' dir='ltr'><strong>suf-</strong></span> 
     </span>
    </p>
   </div>
   <div class='ocr_carea' id='block_1_101' title="bbox 212 5428 1769 5504">
    <p class='ocr_par' dir='ltr' id='par_1_101' title="bbox 212 5428 1769 5504">
     <span class='ocr_line' id='line_1_101' title="bbox 212 5428 1769 5504; baseline -0.001 -19"><span class='ocrx_word' id='word_1_795' title='bbox 212 5428 417 5502; x_wconf 80' lang='lat' dir='ltr'><strong>lragium</strong></span> <span class='ocrx_word' id='word_1_796' title='bbox 436 5441 859 5504; x_wconf 80' lang='lat' dir='ltr'><strong>consequuntur.</strong></span> <span class='ocrx_word' id='word_1_797' title='bbox 889 5431 1178 5502; x_wconf 86' lang='lat' dir='ltr'><strong>Equestres</strong></span> <span class='ocrx_word' id='word_1_798' title='bbox 1220 5429 1420 5483; x_wconf 89' lang='lat' dir='ltr'><strong>milites</strong></span> <span class='ocrx_word' id='word_1_799' title='bbox 1444 5429 1594 5489; x_wconf 88' lang='lat' dir='ltr'><strong>dicti,</strong></span> <span class='ocrx_word' id='word_1_800' title='bbox 1626 5428 1769 5497; x_wconf 85' lang='lat' dir='ltr'><strong>quod</strong></span> 
     </span>
    </p>
   </div>
   <div class='ocr_carea' id='block_1_102' title="bbox 210 5517 1770 5591">
    <p class='ocr_par' dir='ltr' id='par_1_102' title="bbox 210 5517 1770 5591">
     <span class='ocr_line' id='line_1_102' title="bbox 210 5517 1770 5591; baseline -0.003 -16"><span class='ocrx_word' id='word_1_801' title='bbox 210 5530 333 5589; x_wconf 80' lang='lat' dir='ltr'><strong>equo</strong></span> <span class='ocrx_word' id='word_1_802' title='bbox 347 5522 586 5589; x_wconf 86' lang='lat' dir='ltr'><strong>sedeant,</strong></span> <span class='ocrx_word' id='word_1_803' title='bbox 610 5532 665 5577; x_wconf 88' lang='lat' dir='ltr'><strong>et</strong></span> <span class='ocrx_word' id='word_1_804' title='bbox 687 5522 923 5575; x_wconf 87' lang='lat' dir='ltr'><strong>militant</strong></span> <span class='ocrx_word' id='word_1_805' title='bbox 948 5521 1001 5575; x_wconf 91' lang='lat' dir='ltr'><strong>in</strong></span> <span class='ocrx_word' id='word_1_806' title='bbox 1026 5519 1265 5591; x_wconf 90' lang='lat' dir='ltr'><strong>equestri</strong></span> <span class='ocrx_word' id='word_1_807' title='bbox 1291 5518 1498 5573; x_wconf 92' lang='lat' dir='ltr'><strong>ordine.</strong></span> <span class='ocrx_word' id='word_1_808' title='bbox 1544 5517 1770 5571; x_wconf 90' lang='lat' dir='ltr'><strong>Tironcs</strong></span> 
     </span>
    </p>
   </div>
   <div class='ocr_carea' id='block_1_103' title="bbox 211 5609 1768 5683">
    <p class='ocr_par' dir='ltr' id='par_1_103' title="bbox 211 5609 1768 5683">
     <span class='ocr_line' id='line_1_103' title="bbox 211 5609 1768 5683; baseline -0.003 -16"><span class='ocrx_word' id='word_1_809' title='bbox 211 5609 441 5669; x_wconf 74' lang='lat' dir='ltr'><strong>dicuntur</strong></span> <span class='ocrx_word' id='word_1_810' title='bbox 469 5611 635 5669; x_wconf 78' lang='lat' dir='ltr'><strong>fortes</strong></span> <span class='ocrx_word' id='word_1_811' title='bbox 672 5612 848 5683; x_wconf 91' lang='lat' dir='ltr'><strong>pueri,</strong></span> <span class='ocrx_word' id='word_1_812' title='bbox 893 5611 984 5682; x_wconf 91' lang='lat' dir='ltr'><strong>qui</strong></span> <span class='ocrx_word' id='word_1_813' title='bbox 1035 5612 1102 5666; x_wconf 89' lang='lat' dir='ltr'><strong>ad</strong></span> <span class='ocrx_word' id='word_1_814' title='bbox 1148 5610 1397 5665; x_wconf 90' lang='lat' dir='ltr'><strong>militiam</strong></span> <span class='ocrx_word' id='word_1_815' title='bbox 1440 5609 1768 5678; x_wconf 86' lang='lat' dir='ltr'><strong>deliguntur,</strong></span> 
     </span>
    </p>
   </div>
   <div class='ocr_carea' id='block_1_104' title="bbox 216 5700 1771 5779">
    <p class='ocr_par' dir='ltr' id='par_1_104' title="bbox 216 5700 1771 5779">
     <span class='ocr_line' id='line_1_104' title="bbox 216 5700 1771 5779; baseline -0.002 -23"><span class='ocrx_word' id='word_1_816' title='bbox 216 5712 353 5774; x_wconf 65' lang='lat' dir='ltr'><strong>atque</strong></span> <span class='ocrx_word' id='word_1_817' title='bbox 379 5706 541 5761; x_wconf 81' lang='lat' dir='ltr'><strong>armis</strong></span> <span class='ocrx_word' id='word_1_818' title='bbox 565 5719 662 5779; x_wconf 82' lang='lat' dir='ltr'><strong>ger</strong></span> <span class='ocrx_word' id='word_1_819' title='bbox 693 5704 814 5760; x_wconf 87' lang='lat' dir='ltr'><strong>ndis</strong></span> <span class='ocrx_word' id='word_1_820' title='bbox 856 5703 1063 5759; x_wconf 86' lang='lat' dir='ltr'><strong>habiles</strong></span> <span class='ocrx_word' id='word_1_821' title='bbox 1089 5703 1342 5756; x_wconf 82' lang='lat' dir='ltr'><strong>existunt.</strong></span> <span class='ocrx_word' id='word_1_822' title='bbox 1388 5700 1455 5755; x_wconf 81' lang='lat' dir='ltr'><strong>Hi</strong></span> <span class='ocrx_word' id='word_1_823' title='bbox 1493 5701 1637 5757; x_wconf 89' lang='lat' dir='ltr'><strong>enim</strong></span> <span class='ocrx_word' id='word_1_824' title='bbox 1666 5715 1771 5754; x_wconf 91' lang='lat' dir='ltr'><strong>non</strong></span> 
     </span>
    </p>
   </div>
   <div class='ocr_carea' id='block_1_105' title="bbox 1872 4591 3272 4665">
    <p class='ocr_par' dir='ltr' id='par_1_105' title="bbox 1872 4591 3272 4665">
     <span class='ocr_line' id='line_1_105' title="bbox 1872 4591 3272 4665; baseline -0.004 -13"><span class='ocrx_word' id='word_1_825' title='bbox 1872 4598 2073 4652; x_wconf 88' lang='lat' dir='ltr'><strong>milites</strong></span> <span class='ocrx_word' id='word_1_826' title='bbox 2098 4595 2633 4665; x_wconf 75' lang='lat' dir='ltr'><strong>cognominatisunt.</strong></span> <span class='ocrx_word' id='word_1_827' title='bbox 2664 4593 2740 4647; x_wconf 90' lang='lat' dir='ltr'><strong>De</strong></span> <span class='ocrx_word' id='word_1_828' title='bbox 2767 4592 2964 4662; x_wconf 88' lang='lat' dir='ltr'><strong>quibus</strong></span> <span class='ocrx_word' id='word_1_829' title='bbox 2992 4591 3272 4647; x_wconf 88' lang='lat' dir='ltr'><strong>Lucanus:</strong></span> 
     </span>
    </p>
   </div>
   <div class='ocr_carea' id='block_1_106' title="bbox 1988 4689 3212 4754">
    <p class='ocr_par' dir='ltr' id='par_1_106' title="bbox 1988 4689 3212 4754">
     <span class='ocr_line' id='line_1_106' title="bbox 1988 4689 3212 4754; baseline -0.003 -9"><span class='ocrx_word' id='word_1_830' title='bbox 1988 4696 2161 4746; x_wconf 77' lang='lat' dir='ltr'><strong>Evocat</strong></span> <span class='ocrx_word' id='word_1_831' title='bbox 2185 4700 2397 4743; x_wconf 85' lang='lat' dir='ltr'><strong>armatos</strong></span> <span class='ocrx_word' id='word_1_832' title='bbox 2434 4692 2686 4754; x_wconf 80' lang='lat' dir='ltr'><strong>extemplo</strong></span> <span class='ocrx_word' id='word_1_833' title='bbox 2718 4691 2777 4739; x_wconf 76' lang='lat' dir='ltr'><strong>ad</strong></span> <span class='ocrx_word' id='word_1_834' title='bbox 2801 4693 2938 4753; x_wconf 86' lang='lat' dir='ltr'><strong>signa</strong></span> <span class='ocrx_word' id='word_1_835' title='bbox 2957 4689 3212 4754; x_wconf 73' lang='lat' dir='ltr'><strong>maniplos.</strong></span> 
     </span>
    </p>
   </div>
   <div class='ocr_carea' id='block_1_107' title="bbox 1875 4774 3475 4849">
    <p class='ocr_par' dir='ltr' id='par_1_107' title="bbox 1875 4774 3475 4849">
     <span class='ocr_line' id='line_1_107' title="bbox 1875 4774 3475 4849; baseline -0.002 -17"><span class='ocrx_word' id='word_1_836' title='bbox 1875 4779 2072 4834; x_wconf 90' lang='lat' dir='ltr'><strong>Turma</strong></span> <span class='ocrx_word' id='word_1_837' title='bbox 2103 4777 2322 4849; x_wconf 89' lang='lat' dir='ltr'><strong>triginta</strong></span> <span class='ocrx_word' id='word_1_838' title='bbox 2360 4775 2577 4845; x_wconf 89' lang='lat' dir='ltr'><strong>equites</strong></span> <span class='ocrx_word' id='word_1_839' title='bbox 2601 4782 2767 4839; x_wconf 84' lang='lat' dir='ltr'><strong>sunt;</strong></span> <span class='ocrx_word' id='word_1_840' title='bbox 2821 4774 3050 4828; x_wconf 75' lang='lat' dir='ltr'><strong>Romani</strong></span> <span class='ocrx_word' id='word_1_841' title='bbox 3077 4774 3222 4829; x_wconf 89' lang='lat' dir='ltr'><strong>enim</strong></span> <span class='ocrx_word' id='word_1_842' title='bbox 3252 4775 3475 4844; x_wconf 76' lang='lat' dir='ltr'><strong>equites.</strong></span> 
     </span>
    </p>
   </div>
   <div class='ocr_carea' id='block_1_108' title="bbox 1874 4865 3462 4937">
    <p class='ocr_par' dir='ltr' id='par_1_108' title="bbox 1874 4865 3462 4937">
     <span class='ocr_line' id='line_1_108' title="bbox 1874 4865 3462 4937; baseline -0.004 -11"><span class='ocrx_word' id='word_1_843' title='bbox 1874 4873 1926 4926; x_wconf 92' lang='lat' dir='ltr'><strong>in</strong></span> <span class='ocrx_word' id='word_1_844' title='bbox 1952 4888 2059 4926; x_wconf 91' lang='lat' dir='ltr'><strong>una</strong></span> <span class='ocrx_word' id='word_1_845' title='bbox 2090 4871 2231 4925; x_wconf 90' lang='lat' dir='ltr'><strong>tribu</strong></span> <span class='ocrx_word' id='word_1_846' title='bbox 2265 4868 2493 4923; x_wconf 89' lang='lat' dir='ltr'><strong>trecenti</strong></span> <span class='ocrx_word' id='word_1_847' title='bbox 2522 4865 2759 4929; x_wconf 83' lang='lat' dir='ltr'><strong>fuerunt,</strong></span> <span class='ocrx_word' id='word_1_848' title='bbox 2792 4867 2860 4920; x_wconf 86' lang='lat' dir='ltr'><strong>de</strong></span> <span class='ocrx_word' id='word_1_849' title='bbox 2889 4865 3119 4937; x_wconf 87' lang='lat' dir='ltr'><strong>singulis</strong></span> <span class='ocrx_word' id='word_1_850' title='bbox 3154 4865 3300 4920; x_wconf 88' lang='lat' dir='ltr'><strong>enim</strong></span> <span class='ocrx_word' id='word_1_851' title='bbox 3330 4881 3462 4922; x_wconf 89' lang='lat' dir='ltr'><strong>cen-</strong></span> 
     </span>
    </p>
   </div>
   <div class='ocr_carea' id='block_1_109' title="bbox 1873 4960 3461 5030">
    <p class='ocr_par' dir='ltr' id='par_1_109' title="bbox 1873 4960 3461 5030">
     <span class='ocr_line' id='line_1_109' title="bbox 1873 4960 3461 5030; baseline -0.007 -6"><span class='ocrx_word' id='word_1_852' title='bbox 1873 4970 2028 5024; x_wconf 92' lang='lat' dir='ltr'><strong>turiis</strong></span> <span class='ocrx_word' id='word_1_853' title='bbox 2049 4969 2237 5024; x_wconf 88' lang='lat' dir='ltr'><strong>decem</strong></span> <span class='ocrx_word' id='word_1_854' title='bbox 2261 4966 2547 5027; x_wconf 88' lang='lat' dir='ltr'><strong>dabantur,</strong></span> <span class='ocrx_word' id='word_1_855' title='bbox 2574 4970 2631 5017; x_wconf 89' lang='lat' dir='ltr'><strong>et</strong></span> <span class='ocrx_word' id='word_1_856' title='bbox 2656 4961 2820 5017; x_wconf 81' lang='lat' dir='ltr'><strong>ﬁebat</strong></span> <span class='ocrx_word' id='word_1_857' title='bbox 2845 4970 3040 5016; x_wconf 90' lang='lat' dir='ltr'><strong>turma.</strong></span> <span class='ocrx_word' id='word_1_858' title='bbox 3072 4960 3281 5016; x_wconf 85' lang='lat' dir='ltr'><strong>Cohors</strong></span> <span class='ocrx_word' id='word_1_859' title='bbox 3299 4960 3461 5030; x_wconf 88' lang='lat' dir='ltr'><strong>quin-</strong></span> 
     </span>
    </p>
   </div>
   <div class='ocr_carea' id='block_1_110' title="bbox 1870 5052 3459 5131">
    <p class='ocr_par' dir='ltr' id='par_1_110' title="bbox 1870 5052 3459 5131">
     <span class='ocr_line' id='line_1_110' title="bbox 1870 5052 3459 5131; baseline -0.005 -18"><span class='ocrx_word' id='word_1_860' title='bbox 1870 5068 2061 5131; x_wconf 88' lang='lat' dir='ltr'><strong>gentos</strong></span> <span class='ocrx_word' id='word_1_861' title='bbox 2097 5058 2295 5111; x_wconf 91' lang='lat' dir='ltr'><strong>milites</strong></span> <span class='ocrx_word' id='word_1_862' title='bbox 2319 5057 2503 5110; x_wconf 86' lang='lat' dir='ltr'><strong>habet.</strong></span> <span class='ocrx_word' id='word_1_863' title='bbox 2534 5053 2658 5108; x_wconf 88' lang='lat' dir='ltr'><strong>Tria</strong></span> <span class='ocrx_word' id='word_1_864' title='bbox 2687 5061 2815 5107; x_wconf 89' lang='lat' dir='ltr'><strong>sunt</strong></span> <span class='ocrx_word' id='word_1_865' title='bbox 2857 5052 3061 5106; x_wconf 69' lang='lat' dir='ltr'><strong>militia:</strong></span> <span class='ocrx_word' id='word_1_866' title='bbox 3087 5065 3284 5119; x_wconf 85' lang='lat' dir='ltr'><strong>genera</strong></span> <span class='ocrx_word' id='word_1_867' title='bbox 3312 5068 3326 5104; x_wconf 93' lang='lat'><strong>:</strong></span> <span class='ocrx_word' id='word_1_868' title='bbox 3367 5066 3459 5106; x_wconf 88' lang='lat' dir='ltr'><strong>sa-</strong></span> 
     </span>
    </p>
   </div>
   <div class='ocr_carea' id='block_1_111' title="bbox 1871 5143 3459 5215">
    <p class='ocr_par' dir='ltr' id='par_1_111' title="bbox 1871 5143 3459 5215">
     <span class='ocr_line' id='line_1_111' title="bbox 1871 5143 3459 5215; baseline -0.006 -7"><span class='ocrx_word' id='word_1_869' title='bbox 1871 5160 2233 5215; x_wconf 85' lang='lat' dir='ltr'><strong>cramentum,</strong></span> <span class='ocrx_word' id='word_1_870' title='bbox 2263 5148 2526 5209; x_wconf 87' lang='lat' dir='ltr'><strong>evocatio,</strong></span> <span class='ocrx_word' id='word_1_871' title='bbox 2576 5145 2898 5213; x_wconf 89' lang='lat' dir='ltr'><strong>coniuratio.</strong></span> <span class='ocrx_word' id='word_1_872' title='bbox 2932 5143 3371 5207; x_wconf 83' lang='lat' dir='ltr'><strong>Sacramentum,</strong></span> <span class='ocrx_word' id='word_1_873' title='bbox 3402 5144 3459 5198; x_wconf 87' lang='lat' dir='ltr'><strong>in</strong></span> 
     </span>
    </p>
   </div>
   <div class='ocr_carea' id='block_1_112' title="bbox 1871 5237 3458 5317">
    <p class='ocr_par' dir='ltr' id='par_1_112' title="bbox 1871 5237 3458 5317">
     <span class='ocr_line' id='line_1_112' title="bbox 1871 5237 3458 5317; baseline -0.005 -18"><span class='ocrx_word' id='word_1_874' title='bbox 1871 5262 1978 5317; x_wconf 89' lang='lat' dir='ltr'><strong>quo</strong></span> <span class='ocrx_word' id='word_1_875' title='bbox 2008 5253 2132 5316; x_wconf 90' lang='lat' dir='ltr'><strong>post</strong></span> <span class='ocrx_word' id='word_1_876' title='bbox 2174 5242 2491 5297; x_wconf 85' lang='lat' dir='ltr'><strong>electionem</strong></span> <span class='ocrx_word' id='word_1_877' title='bbox 2535 5238 2741 5308; x_wconf 81' lang='lat' dir='ltr'><strong>iuravit</strong></span> <span class='ocrx_word' id='word_1_878' title='bbox 2779 5237 3150 5307; x_wconf 89' lang='lat' dir='ltr'><strong>unusquisque</strong></span> <span class='ocrx_word' id='word_1_879' title='bbox 3198 5237 3357 5291; x_wconf 88' lang='lat' dir='ltr'><strong>miles</strong></span> <span class='ocrx_word' id='word_1_880' title='bbox 3400 5251 3458 5291; x_wconf 86' lang='lat' dir='ltr'><strong>se</strong></span> 
     </span>
    </p>
   </div>
   <div class='ocr_carea' id='block_1_113' title="bbox 1873 5328 3459 5399">
    <p class='ocr_par' dir='ltr' id='par_1_113' title="bbox 1873 5328 3459 5399">
     <span class='ocr_line' id='line_1_113' title="bbox 1873 5328 3459 5399; baseline -0.007 -6"><span class='ocrx_word' id='word_1_881' title='bbox 1873 5353 1978 5393; x_wconf 92' lang='lat' dir='ltr'><strong>non</strong></span> <span class='ocrx_word' id='word_1_882' title='bbox 2006 5335 2257 5391; x_wconf 89' lang='lat' dir='ltr'><strong>recedere</strong></span> <span class='ocrx_word' id='word_1_883' title='bbox 2284 5348 2312 5387; x_wconf 90' lang='lat' dir='ltr'><strong>a</strong></span> <span class='ocrx_word' id='word_1_884' title='bbox 2340 5332 2554 5396; x_wconf 75' lang='lat' dir='ltr'><strong>miliia,</strong></span> <span class='ocrx_word' id='word_1_885' title='bbox 2593 5330 2701 5385; x_wconf 86' lang='lat' dir='ltr'><strong>nisi</strong></span> <span class='ocrx_word' id='word_1_886' title='bbox 2726 5338 2850 5399; x_wconf 88' lang='lat' dir='ltr'><strong>post</strong></span> <span class='ocrx_word' id='word_1_887' title='bbox 2869 5328 3135 5398; x_wconf 88' lang='lat' dir='ltr'><strong>completa</strong></span> <span class='ocrx_word' id='word_1_888' title='bbox 3167 5329 3459 5399; x_wconf 82' lang='lat' dir='ltr'><strong>stipendia,</strong></span> 
     </span>
    </p>
   </div>
   <div class='ocr_carea' id='block_1_114' title="bbox 1869 5420 3458 5493">
    <p class='ocr_par' dir='ltr' id='par_1_114' title="bbox 1869 5420 3458 5493">
     <span class='ocr_line' id='line_1_114' title="bbox 1869 5420 3458 5493; baseline -0.006 -9"><span class='ocrx_word' id='word_1_889' title='bbox 1869 5431 1922 5485; x_wconf 89' lang='lat' dir='ltr'><strong>id</strong></span> <span class='ocrx_word' id='word_1_890' title='bbox 1944 5437 2044 5491; x_wconf 85' lang='lat' dir='ltr'><strong>est,</strong></span> <span class='ocrx_word' id='word_1_891' title='bbox 2070 5425 2272 5481; x_wconf 76' lang='lat' dir='ltr'><strong>militia:</strong></span> <span class='ocrx_word' id='word_1_892' title='bbox 2298 5432 2573 5493; x_wconf 81' lang='lat' dir='ltr'><strong>tempora:</strong></span> <span class='ocrx_word' id='word_1_893' title='bbox 2606 5431 2666 5476; x_wconf 88' lang='lat' dir='ltr'><strong>et-</strong></span> <span class='ocrx_word' id='word_1_894' title='bbox 2682 5421 2734 5474; x_wconf 90' lang='lat' dir='ltr'><strong>hi</strong></span> <span class='ocrx_word' id='word_1_895' title='bbox 2765 5428 2890 5475; x_wconf 90' lang='lat' dir='ltr'><strong>sunt</strong></span> <span class='ocrx_word' id='word_1_896' title='bbox 2907 5420 2999 5490; x_wconf 90' lang='lat' dir='ltr'><strong>qui</strong></span> <span class='ocrx_word' id='word_1_897' title='bbox 3022 5420 3223 5477; x_wconf 86' lang='lat' dir='ltr'><strong>habent</strong></span> <span class='ocrx_word' id='word_1_898' title='bbox 3241 5421 3458 5491; x_wconf 83' lang='lat' dir='ltr'><strong>plenam</strong></span> 
     </span>
    </p>
   </div>
   <div class='ocr_carea' id='block_1_115' title="bbox 1869 5510 3461 5583">
    <p class='ocr_par' dir='ltr' id='par_1_115' title="bbox 1869 5510 3461 5583">
     <span class='ocr_line' id='line_1_115' title="bbox 1869 5510 3461 5583; baseline -0.008 -9"><span class='ocrx_word' id='word_1_899' title='bbox 1869 5517 2116 5574; x_wconf 89' lang='lat' dir='ltr'><strong>militiam</strong></span> <span class='ocrx_word' id='word_1_900' title='bbox 2144 5533 2157 5570; x_wconf 94' lang='lat'><strong>:</strong></span> <span class='ocrx_word' id='word_1_901' title='bbox 2189 5529 2312 5569; x_wconf 90' lang='lat' dir='ltr'><strong>nam</strong></span> <span class='ocrx_word' id='word_1_902' title='bbox 2333 5511 2524 5583; x_wconf 87' lang='lat' dir='ltr'><strong>viginti</strong></span> <span class='ocrx_word' id='word_1_903' title='bbox 2552 5510 2792 5581; x_wconf 84' lang='lat' dir='ltr'><strong>quinque</strong></span> <span class='ocrx_word' id='word_1_904' title='bbox 2820 5510 2980 5565; x_wconf 89' lang='lat' dir='ltr'><strong>annis</strong></span> <span class='ocrx_word' id='word_1_905' title='bbox 3016 5518 3286 5569; x_wconf 79' lang='lat' dir='ltr'><strong>tenentur.</strong></span> <span class='ocrx_word' id='word_1_906' title='bbox 3321 5510 3461 5566; x_wconf 84' lang='lat' dir='ltr'><strong>Evo-</strong></span> 
     </span>
    </p>
   </div>
   <div class='ocr_carea' id='block_1_116' title="bbox 1869 5601 3459 5667">
    <p class='ocr_par' dir='ltr' id='par_1_116' title="bbox 1869 5601 3459 5667">
     <span class='ocr_line' id='line_1_116' title="bbox 1869 5601 3459 5667; baseline -0.004 -1"><span class='ocrx_word' id='word_1_907' title='bbox 1869 5610 2013 5667; x_wconf 92' lang='lat' dir='ltr'><strong>catio</strong></span> <span class='ocrx_word' id='word_1_908' title='bbox 2041 5609 2168 5663; x_wconf 85' lang='lat' dir='ltr'><strong>dum</strong></span> <span class='ocrx_word' id='word_1_909' title='bbox 2196 5607 2262 5663; x_wconf 90' lang='lat' dir='ltr'><strong>ad</strong></span> <span class='ocrx_word' id='word_1_910' title='bbox 2294 5605 2530 5661; x_wconf 87' lang='lat' dir='ltr'><strong>subitum</strong></span> <span class='ocrx_word' id='word_1_911' title='bbox 2564 5601 2765 5659; x_wconf 84' lang='lat' dir='ltr'><strong>bellum</strong></span> <span class='ocrx_word' id='word_1_912' title='bbox 2808 5617 2913 5657; x_wconf 89' lang='lat' dir='ltr'><strong>non</strong></span> <span class='ocrx_word' id='word_1_913' title='bbox 2941 5602 3114 5658; x_wconf 90' lang='lat' dir='ltr'><strong>solum</strong></span> <span class='ocrx_word' id='word_1_914' title='bbox 3148 5604 3325 5667; x_wconf 83' lang='lat' dir='ltr'><strong>miles,</strong></span> <span class='ocrx_word' id='word_1_915' title='bbox 3361 5604 3459 5659; x_wconf 81' lang='lat' dir='ltr'><strong>sed</strong></span> 
     </span>
    </p>
   </div>
   <div class='ocr_carea' id='block_1_117' title="bbox 1873 5693 3450 5756">
    <p class='ocr_par' dir='ltr' id='par_1_117' title="bbox 1873 5693 3450 5756">
     <span class='ocr_line' id='line_1_117' title="bbox 1873 5693 3450 5756; baseline -0.002 -1"><span class='ocrx_word' id='word_1_916' title='bbox 1873 5699 2053 5756; x_wconf 82' lang='lat' dir='ltr'><strong>caeteri</strong></span> <span class='ocrx_word' id='word_1_917' title='bbox 2081 5704 2393 5753; x_wconf 87' lang='lat' dir='ltr'><strong>evocantur.</strong></span> <span class='ocrx_word' id='word_1_918' title='bbox 2429 5694 2580 5751; x_wconf 90' lang='lat' dir='ltr'><strong>Unde</strong></span> <span class='ocrx_word' id='word_1_919' title='bbox 2606 5693 2770 5749; x_wconf 87' lang='lat' dir='ltr'><strong>etiam</strong></span> <span class='ocrx_word' id='word_1_920' title='bbox 2793 5694 2979 5749; x_wconf 86' lang='lat' dir='ltr'><strong>consul</strong></span> <span class='ocrx_word' id='word_1_921' title='bbox 3006 5694 3214 5749; x_wconf 84' lang='lat' dir='ltr'><strong>solebat</strong></span> <span class='ocrx_word' id='word_1_922' title='bbox 3237 5695 3450 5752; x_wconf 82' lang='lat' dir='ltr'><strong>dicere:</strong></span> 
     </span>
    </p>
   </div>
  </div>
