3974 6188
563 277 667 334 iiii

1243 279 1305 331 B.
1343 273 1600 332 uanam
1635 276 1854 334 HAURI
1891 276 2209 331 tinentur.
2250 277 2555 334 uocum.
2597 267 2882 335 omnum
2919 276 3095 337 PARS
3125 280 3183 336 ιι.

3659 295 3744 355 ιὸἓ

565 415 585 448 ι
611 393 716 464 Qui
747 391 1133 463 rempublicam
1159 389 1362 448 salvam
1387 390 1504 444 vult
1539 404 1682 454 esse,
1714 403 1800 444 me
1823 397 2098 460 sequatur.
2124 405 2144 438 θ
2178 389 2230 447 Α
2254 385 2440 442 domus
2465 385 2907 452 Lcei,benedicite
2942 387 3255 445 Dominum:
3292 397 3376 464 qui
3419 400 3586 455 timetis
3608 400 3750 460 Domi-

558 483 896 554 Conjnratio,
918 497 1040 552 quia:
1058 481 1120 536 ﬁt
1143 482 1196 536 in
1223 481 1476 546 tumultu,
1502 480 1719 551 quando
1738 480 1976 536 vicinum
1997 479 2150 534 urbis

556 573 858 646 periculum
886 572 1129 642 singulos
1145 572 1333 643 iurare
1361 587 1467 628 non
1511 571 1752 641 patitur:
1800 571 1894 626 sed
1927 579 2149 638 repente

557 666 834 735 coll'gitur
862 662 1173 727 multitudo,
1206 672 1263 718 et
1293 661 1621 717 tumultuosa
1657 661 1709 716 in
1737 661 1818 716 ira
1839 659 2104 715 conﬂatur
2127 677 2143 714 :

557 756 670 812 haec
696 767 753 811 et
783 754 1125 810 tumultuatio
1154 754 1371 809 dicitur.
1413 752 1469 807 In
1512 753 1629 808 acie
1667 761 1847 808 autem
1888 753 2005 808 ista:
2035 752 2148 806 fere

556 847 743 902 formae
769 855 896 903 sunt
923 865 935 901 :
967 846 1263 910 exercitus,
1289 844 1500 908 classis,
1543 845 1736 909 nodus,
1763 857 1988 906 cuneus,
2025 843 2145 906 alae,

553 955 778 1002 cornua,
832 953 1066 1010 agmen:
1127 953 1246 1006 qua:
1308 936 1512 992 formas
1555 945 1612 991 et
1655 936 1871 990 nomina
1918 935 1986 990 ab
2018 935 2146 1005 ipsis

555 1034 735 1097 rebus,
773 1032 840 1086 de
871 1032 1069 1101 quibus
1111 1030 1371 1086 translata
1416 1038 1564 1094 sunt,
1608 1039 1943 1084 mutuantur.
1983 1029 2143 1084 Acies

550 1121 714 1183 dicta.
744 1119 870 1190 quia
895 1119 1042 1173 ferro
1065 1127 1271 1174 armata
1311 1119 1380 1173 sit
1423 1127 1478 1173 et
1523 1119 1772 1174 acumine
1818 1119 2138 1189 gladiorum.

554 1209 838 1269 Exercitus
871 1209 1163 1263 multitudo
1188 1225 1253 1263 ex
1287 1225 1396 1263 uno
1435 1224 1635 1280 genere
1661 1208 1731 1263 ab
1753 1209 2142 1264 exercitatione

547 1308 760 1355 vocata.
792 1297 1009 1355 Cuneus
1037 1308 1122 1354 est
1148 1299 1378 1355 collecta
1417 1301 1473 1354 in
1498 1315 1664 1354 unum
1691 1300 1923 1354 militum
1955 1299 2140 1354 multi-

549 1391 716 1456 tudo;
748 1391 892 1446 unde
926 1399 1148 1462 propter
1171 1390 1315 1462 quod
1357 1389 1414 1445 in
1445 1406 1610 1445 unum
1657 1389 1787 1456 coit,
1834 1390 1948 1461 ipsa
1977 1390 2140 1445 coitio

547 1482 603 1538 in
661 1497 830 1538 unum
884 1496 1087 1536 cuneus
1136 1479 1448 1535 nominatus
1492 1488 1598 1545 est,
1644 1480 1800 1550 quasi
1856 1494 2134 1544 counens;

544 1575 670 1644 quia
695 1575 748 1628 in
777 1589 942 1628 unum
966 1587 1156 1627 omnes
1181 1579 1468 1643 coguntur.
1493 1570 1708 1626 Classes
1735 1570 1892 1626 dictm
1916 1579 2139 1640 propter

542 1665 863 1719 divisionem
890 1663 1183 1727 exercitus,
1220 1677 1381 1732 quam
1419 1659 1682 1716 Romulus
1713 1659 1965 1714 instituit.
1998 1659 2132 1714 Nam

2252 491 2398 548 num,
2439 475 2720 531 benedicite
2745 476 3029 532 Dominum
3073 475 3237 550 (Psal.
3259 485 3482 556 currv).
3508 484 3752 560 Postquam

2248 567 2530 636 gentilium
2573 567 2861 624 simulacra
2889 570 3096 636 derisit,
3131 572 3182 627 in
3231 575 3380 629 tertio
3419 576 3633 648 ingressu
3656 581 3752 638 lau-

2248 657 2345 712 des
2373 657 2684 714 Dominicas
2708 668 3023 715 sanctorum
3051 662 3176 716 dicit
3200 679 3290 719 ore
3313 665 3655 737 celebrandas;
3679 675 3755 730 sed

2247 745 2302 802 in
2335 746 2421 803 bis
2443 747 2657 805 duobus
2681 749 2930 805 versibus
2957 767 3052 820 per
3075 751 3241 808 cilicia
3266 754 3461 811 diversa
3497 757 3756 818 discurrens

2246 841 2522 906 admonet,
2569 849 2629 896 ut
2655 856 2786 896 vero
2813 841 3042 898 Domino
3066 843 3179 900 laus
3217 845 3436 902 ﬁdelium
3466 848 3636 906 debeat
3654 868 3754 924 per-

2245 945 2462 986 sonare.
2510 927 2570 985 In
2615 930 2781 986 Israel
2826 932 3007 988 omnis
3032 935 3244 1004 ponitur
3277 937 3464 1005 justus,
3504 939 3586 1010 qui
3610 941 3756 998 divina

2243 1021 2703 1092 contemplatione
2762 1023 3066 1095 gratulatur
3093 1066 3108 1092 ,
3159 1042 3291 1096 quos
3336 1039 3505 1098 postea
3555 1043 3758 1088 numerat

2242 1111 2570 1182 specialiter.
2617 1113 2676 1167 In
2707 1114 2890 1169 Aaron
2928 1115 3074 1170 enim
3117 1119 3430 1175 sacerdotes.
3463 1119 3514 1176 la
3549 1119 3658 1177 Levi
3693 1138 3760 1178 rc-

2242 1202 2372 1273 liqui
2407 1204 2660 1260 ministri.
2691 1207 2772 1261 Ad
2817 1216 3172 1277 postremum,
3213 1211 3301 1281 qui
3344 1211 3550 1268 Domino
3581 1213 3623 1268 in
3649 1229 3758 1284 qus-

2241 1294 2372 1350 libet
2397 1297 2661 1367 probabili
2696 1300 3111 1356 conversatione
3147 1301 3490 1358 famulantur:
3519 1303 3589 1359 sic
3615 1305 3758 1360 omnis

2239 1389 2470 1458 populus
2496 1405 2596 1460 per
2623 1392 2866 1446 diversas
2913 1403 3096 1462 partes
3127 1395 3346 1450 devotus
3387 1395 3636 1450 Dominum
3664 1395 3755 1449 lau-

2239 1480 2370 1535 dare
2399 1481 2728 1552 principitur.
2773 1481 2957 1538 Genus
2985 1501 3015 1539 a
3057 1486 3317 1556 gignendo
3341 1495 3392 1542 et
3415 1487 3760 1558 progenerando

2239 1572 2465 1635 dictum,
2499 1581 2592 1626 aut
2637 1588 2668 1626 a
2723 1573 3038 1629 deﬁnitione
3083 1585 3352 1631 certormn
3397 1585 3756 1646 prognatorunt:

2240 1668 2592 1738 nationesque
2621 1670 2856 1738 propriis
2883 1671 3290 1740 cognationibus
3317 1672 3592 1726 terminate
3611 1681 3760 1740 gentes

541 1754 714 1809 claei“
755 1753 929 1808 Graeci
980 1751 1221 1806 dividere
1285 1751 1472 1806 dicunt
1492 1791 1506 1814 ,
1561 1750 1654 1820 qui
1703 1758 1830 1818 post
1875 1750 2134 1820 manipuli
2165 1734 2208 1794 Β
2239 1734 2597 1827 appellant-ur.
2623 1734 2868 1829 Populus
2899 1734 2983 1814 est
3003 1771 3181 1815 cretus
3200 1760 3440 1815 humana:
3463 1734 3762 1814 multitudinis

540 1845 670 1900 dicti
708 1852 856 1910 sunt,
880 1843 1022 1898 unde
1041 1853 1095 1898 et
1122 1841 1378 1913 Virgilius
1401 1859 1415 1895 :

661 1943 901 1996 Classibus
927 1945 1005 1992 hic
1027 1945 1177 2000 locus,
1199 1944 1274 1992 Ine
1301 1943 1434 1992 acies
1452 1949 1648 1994 certare
1669 1943 1910 1996 solebant.

539 2043 654 2095 Jan:
715 2045 899 2104 postea
938 2043 994 2090 et
1049 2035 1240 2090 classis
1290 2036 1506 2090 navium
1553 2035 1718 2091 dicta.
1775 2037 1956 2092 Nodus
2007 2054 2132 2108 pro-

471 2197 480 2204 .
536 2126 655 2195 prie
682 2127 847 2181 densa
877 2128 1116 2195 peditum
1146 2125 1453 2190 multitudo,
1483 2127 1624 2182 sicut
1656 2129 1896 2196 equitnm
1929 2137 2126 2183 turma.

537 2217 720 2272 Nodos
759 2217 902 2271 enim
940 2217 1117 2271 dictus
1159 2232 1259 2286 pro
1306 2215 1640 2282 difﬁcultate,
1672 2218 1797 2286 quia
1841 2219 1929 2272 vix
1961 2219 2130 2288 possit

537 2307 756 2362 resolvi.
787 2307 900 2362 Alae
933 2308 985 2360 in
1011 2307 1248 2361 exercitu
1279 2307 1496 2377 triginta
1532 2307 1744 2375 equites
1785 2324 1906 2364 esse
1937 2309 2126 2364 dicun-

534 2408 637 2453 tur.
669 2399 782 2452 Ala:
807 2407 986 2452 autem
1011 2398 1222 2467 equites
1250 2399 1318 2452 ab
1347 2399 1450 2453 hoc
1473 2398 1626 2463 dicti,
1659 2401 1783 2469 quin
1814 2409 2003 2470 tegunt
2032 2416 2126 2470 pe-

531 2489 671 2544 dites
703 2528 719 2552 ,
777 2488 985 2541 alarum
1041 2488 1178 2542 vice.
1239 2486 1453 2541 Cornua
1505 2487 1760 2544 dicuntur
1809 2491 2128 2546 extremitas

532 2583 824 2646 exercitus,
853 2583 980 2652 quia
1030 2583 1231 2636 intorta
1281 2582 1370 2636 sit.
1409 2581 1618 2651 Agmen
1655 2581 1872 2644 dicitur,
1916 2582 2040 2651 quia
2071 2583 2128 2636 in

525 2671 868 2742 longitudine
897 2671 1183 2739 directum,
1220 2669 1380 2739 quale
1421 2669 1559 2724 solet
1605 2685 1750 2733 esse,
1797 2686 1918 2725 cum
1964 2686 2126 2726 exer-

528 2761 670 2816 citus
693 2761 798 2817 iter
833 2760 980 2826 facit,
1018 2760 1086 2816 ab
1128 2760 1336 2831 agendo
1364 2768 1638 2824 vocatum,
1690 2761 1742 2814 id
1780 2770 1883 2825 est,
1925 2761 2120 2816 eundo.

531 2853 754 2908 Plautus
777 2869 790 2905 :
819 2869 922 2922 quo
949 2861 997 2906 te
1027 2853 1138 2922 agis
1163 2863 1209 2906 et
1234 2853 1362 2923 ipse,
1385 2860 1470 2907 est
1495 2861 1676 2908 autem
1706 2853 1978 2907 exercitus
2004 2869 2121 2907 am-

537 2943 755 2999 bulans.
799 2944 930 2998 Nam
980 2958 1172 3014 agmen
1221 2943 1445 3009 dicitur,
1493 2943 1636 3014 quod
1683 2944 1736 2998 in
1788 2943 2122 3016 longitudine

535 3037 801 3091 directum
830 3036 922 3101 sit,
959 3036 1118 3105 quale
1149 3035 1287 3090 solet
1321 3051 1465 3099 esse,
1502 3053 1626 3091 cum
1652 3037 1926 3092 exercitus
1949 3037 2121 3107 portis
2151 3099 2190 3116 η

2227 1846 2370 1916 juris
2392 1863 2659 1904 consensu
2685 1857 2742 1905 et
2767 1851 3021 1908 concordi
3044 1852 3416 1908 communione
3435 1851 3660 1906 sociatus.
3683 1848 3763 1903 Ρο-

2233 1938 2390 2007 pulus
2416 1951 2596 1994 autem
2617 1940 2673 1994 in
2696 1954 2761 1994 eo
2783 1941 2948 1996 distat
2972 1958 3004 1996 a
3029 1941 3294 2013 plebibus,
3317 1943 3437 2012 quia
3455 1941 3654 2014 populus
3671 1939 3764 1994 uni-

2233 2028 2374 2082 versi
2405 2029 2552 2084 cives
2577 2039 2726 2095 sunt,
2763 2036 3170 2090 connumeratis
3203 2033 3508 2088 senioribus.
3531 2031 3667 2086 Plebs
3689 2045 3762 2084 au-

2233 2130 2342 2176 tem
2360 2122 2625 2192 reliquum
2650 2123 2838 2195 vulgus
2853 2124 2970 2179 sine
2994 2126 3297 2182 senioribus
3318 2124 3556 2180 civitatis.
3575 2121 3766 2192 Populus

2230 2227 2362 2282 ergo
2412 2222 2524 2269 tota
2553 2215 2744 2269 civitas
2769 2225 2892 2270 est:
2945 2216 3136 2286 vulgus
3178 2231 3306 2272 vero
3348 2215 3490 2286 plebs
3511 2223 3618 2280 est;
3643 2211 3764 2284 plebs

2228 2314 2410 2360 autem
2438 2307 2580 2361 dicta
2610 2323 2639 2361 a
2669 2307 2992 2378 pluralitate.
3045 2307 3219 2376 Major
3257 2307 3397 2364 enim
3441 2313 3518 2361 est
3551 2315 3766 2360 numerus

2221 2393 2500 2463 iuniorum
2531 2413 2692 2466 quam
2717 2397 3012 2460 seniorum,
3037 2413 3142 2468 apo
3168 2407 3222 2455 to
3245 2396 3400 2467 polis,
3427 2395 3475 2451 id
3501 2403 3591 2458 est,
3610 2392 3766 2448 civitas

2229 2485 2316 2540 vel
2345 2485 2646 2556 pluralitas.
2700 2485 2856 2542 Unde
2907 2495 2964 2542 et
3004 2487 3238 2558 populus
3284 2485 3454 2541 dictus
3479 2493 3588 2540 est:
3615 2481 3769 2538 Grece

2227 2583 2408 2630 autem
2441 2575 2670 2646 ponulus
2711 2575 2826 2631 laos
2869 2576 3068 2631 dicitur
3105 2591 3136 2630 a
3185 2575 3464 2646 lapidibus.
3508 2570 3684 2641 Vulgus
3703 2577 3770 2622 est

2225 2667 2427 2736 passim
2456 2667 2767 2723 inhabitans
2789 2667 3094 2732 multitudo,
3123 2668 3282 2739 quasi
3312 2666 3531 2738 quisque
3553 2677 3647 2734 quo
3663 2659 3768 2714 vult.

2223 2755 2414 2828 Populi
2439 2767 2618 2812 autem
2646 2772 2844 2813 nomen
2875 2759 2928 2812 in
2953 2757 3254 2830 Scripturis
3284 2758 3452 2814 sacris
3479 2764 3563 2811 aut
3595 2761 3767 2825 gentem

2221 2845 2534 2903 Iudaeorum
2561 2847 2830 2918 signiﬁcat
2862 2848 3022 2904 unius
3053 2849 3146 2904 Dei
3180 2848 3328 2905 cultu
3361 2845 3707 2917 mancipatam,
3729 2847 3772 2894 et

2223 2935 2359 3008 legis
2389 2937 2600 2992 Domini
2631 2939 2916 3009 praeceptis
2939 2939 3246 2994 institutam
3277 2957 3292 3005 ;
3324 2938 3406 2994 vel
3454 2937 3605 2992 etiam
3643 2931 3772 2988 Chri-

2225 3028 2462 3083 sdanum
2481 3029 2759 3099 populum,
2784 3029 2874 3099 qui
2905 3029 3076 3101 magis
3099 3030 3213 3085 Deo
3237 3031 3458 3086 devotus
3481 3041 3592 3082 esse
3614 3023 3770 3092 digno-

525 3127 807 3196 procedit;
863 3103 1123 3196 quidquid
1175 3125 1337 3180 fuerit
1389 3126 1554 3190 aliud,
1619 3127 1840 3182 abusive
1896 3103 2112 3182 dicitur.
2148 3103 2191 3159 δ
2223 3123 2414 3177 scitur.
2445 3120 2599 3196 Unde
2628 3121 2679 3176 in
2727 3121 2935 3190 psalmo
2981 3122 3249 3190 scriptum
3275 3130 3404 3177 est:
3459 3118 3638 3176 Scitote
3659 3110 3772 3186 quod

532 3217 728 3272 Milites
757 3224 937 3272 autem
965 3215 1168 3272 Christi
1218 3217 1293 3271 illi
1322 3231 1444 3272 esse
1487 3216 1760 3283 dicuntur,
1807 3217 1898 3288 qui
1929 3230 2116 3274 contra

526 3307 798 3362 diabolum
823 3315 1084 3378 pugnant,
1113 3315 1170 3361 et
1193 3314 1382 3361 contra
1403 3306 1536 3361 vitia
1565 3305 1776 3362 fortiter
1815 3307 2074 3362 dimicant
2100 3327 2111 3362 :

522 3401 720 3470 quibus
749 3414 872 3455 cum
902 3403 1400 3455 consummaverint
1424 3407 1478 3452 et
1507 3398 1843 3468 expleverint
1885 3415 2114 3470 agonem

522 3506 701 3556 suum,
755 3505 862 3545 non
915 3504 1126 3545 merces
1176 3497 1409 3549 terrena,
1471 3491 1564 3544 sed
1617 3489 1726 3544 vita
1776 3490 2116 3560 promittitur

520 3593 745 3637 a-terna.
801 3580 937 3635 Nam
989 3581 1055 3636 de
1107 3579 1303 3637 talibus
1347 3580 1638 3650 Apostolus
1685 3581 1754 3635 ad
1801 3580 2114 3636 Corinthios

521 3673 758 3743 scripsit,
787 3671 976 3728 dicens
1001 3689 1014 3726 :
1047 3671 1114 3725 In
1141 3689 1298 3726 carne
1329 3673 1468 3725 enim
1509 3670 1860 3737 ambulantes,
1892 3689 1996 3726 non
2027 3689 2110 3726 se-

521 3764 751 3821 cundum
776 3780 984 3818 carnem
1008 3764 1313 3819 militamus.
1350 3763 1492 3818 Nam
1515 3780 1665 3819 arma
1691 3763 1894 3818 militia:
1921 3776 2112 3820 nostra:

520 3871 625 3910 non
651 3853 911 3918 carnalia,
935 3853 1025 3908 sed
1045 3854 1275 3924 potentia
1304 3851 1414 3907 Deo
1452 3852 1521 3906 ad
1553 3853 1978 3919 destructionem,
2002 3853 2108 3908 ini-

518 3948 772 4001 micorum
798 3945 1020 4000 consilia
1063 3945 1403 4008 destruentes,
1443 3952 1491 3996 et
1533 3959 1737 3996 munem
1778 3942 2108 3998 altitudinem

517 4035 846 4090 extollentem
873 4051 928 4090 se
968 4033 1217 4088 adversus
1261 4032 1536 4088 scientiam
1580 4030 1700 4096 Dei,
1727 4040 1774 4085 et
1803 4031 1859 4086 in
1885 4033 2107 4102 captivi-

519 4135 680 4180 tatem
736 4125 1021 4196 redigentes
1071 4139 1274 4180 onmem
1324 4121 1646 4178 intellectum
1697 4121 1752 4176 in
1805 4123 2108 4195 obsequium

518 4215 715 4270 Christi
764 4221 814 4266 et
835 4217 887 4270 in
931 4227 1173 4288 promptu
1201 4214 1448 4274 habentes
1473 4213 1656 4270 ulcisci
1683 4230 1890 4269 onmem
1930 4215 2107 4269 inobs-

517 4307 768 4364 dimtiam
789 4300 876 4367 (II
905 4306 1026 4364 Cor.
1053 4303 1132 4376 λ).

1133 4396 1362 4456 CAPUT
1399 4399 1488 4454 IV.

1145 4490 1224 4546 De
1259 4490 1475 4545 civibus.

591 4582 667 4639 De
703 4583 966 4652 imperiis,
993 4582 1306 4652 militiaeque
1332 4581 1611 4638 vocabulis
1638 4597 1702 4637 ex
1727 4590 1881 4651 parte
1903 4581 2102 4636 dictum

515 4684 619 4730 est.
653 4674 912 4743 Deinceps
940 4674 1138 4730 civium
1167 4673 1386 4728 nomina
1430 4673 1743 4728 sunnnatim
1780 4674 2100 4746 subigimus.

517 4768 677 4824 Cives
711 4767 908 4832 vocati,
939 4755 1082 4836 quod
1110 4764 1164 4819 in
1197 4780 1360 4819 unum
1385 4773 1644 4819 coeuntes
1671 4765 1878 4830 vivant,
1910 4775 1970 4820 ut
1997 4765 2102 4820 vita

514 4861 819 4918 communis
867 4868 922 4914 et
969 4859 1216 4914 ornatior
1260 4857 1356 4912 ﬁat
1396 4870 1453 4912 et
1495 4858 1680 4912 tutior.
1717 4858 1874 4913 Cives
1920 4868 2100 4914 autem

514 4955 744 5026 mystice
774 4951 829 5007 in
868 4951 1063 5007 bonam
1105 4959 1318 5020 partem
1359 4958 1652 5018 ponuntur,
1683 4957 1742 5002 ut
1769 4957 1854 5004 est
1894 4949 2022 5004 illud
2048 4951 2102 5006 in

512 5045 771 5118 Apostolo
795 5063 808 5099 :
855 5043 958 5099 Vos
995 5052 1169 5098 autem
1197 5043 1319 5098 estis
1347 5043 1480 5097 cives
1505 5053 1827 5110 sanctorum,
1859 5055 1903 5099 et
1925 5045 2107 5100 dome-

510 5141 630 5196 stici
657 5139 758 5194 Dei
788 5138 1004 5210 (Eahes.
1029 5138 1112 5210 ιι).
1144 5137 1276 5193 Item
1305 5137 1357 5193 in
1397 5137 1593 5192 malam
1623 5146 1855 5209 partem,
1887 5139 2105 5210 quando

512 5233 580 5288 ad
608 5229 956 5316 Helix-leniam
1001 5228 1322 5301 spiritalem,
1372 5229 1476 5284 hoc
1501 5236 1606 5296 est,
1653 5229 1710 5284 in
1754 5239 1966 5300 partem
1991 5230 2105 5286 dia-

511 5319 621 5378 boli
648 5324 996 5392 deputantur.
1034 5321 1236 5377 Domus
1265 5320 1425 5376 unius
1467 5317 1686 5376 familias
1729 5320 2096 5378 habitaculum

512 5419 617 5476 est,
639 5412 782 5468 sicut
802 5413 930 5469 urbs
959 5413 1121 5469 unius
1147 5411 1328 5485 populi
1355 5429 1370 5466 :
1403 5411 1544 5470 sicut
1571 5413 1738 5478 orbis,
1763 5413 2095 5470 domicilium

513 5503 678 5558 totius
723 5505 937 5574 generis
978 5505 1238 5569 humani;
1299 5513 1384 5560 est
1433 5513 1616 5561 autem
1664 5508 1854 5561 domus
1906 5521 2094 5575 genus.

513 5593 668 5649 Unde
695 5595 749 5648 in
790 5595 997 5664 psalmo
1041 5596 1302 5666 scriptum
1345 5603 1465 5652 est:
1497 5595 1697 5650 Domus
1731 5595 1902 5650 Israel
1914 5595 2095 5656 ,bene-

514 5685 670 5743 dicite
697 5684 979 5739 Dominum
1005 5701 1022 5740 :
1049 5687 1234 5742 domus
1263 5687 1744 5750 Aaron,benedicitc
1774 5684 2052 5739 Dominum
2072 5701 2090 5738 :

2219 3213 2476 3270 Dominus
2501 3225 2574 3269 est
2605 3214 2746 3268 Deus
2771 3229 2789 3266 :
2818 3217 2927 3285 ipse
2969 3215 3089 3285 fecit
3143 3233 3261 3282 nos,
3303 3224 3352 3271 et
3389 3231 3490 3268 non
3531 3212 3622 3283 ipsi
3664 3221 3772 3264 nos:

2218 3322 2310 3360 nos
2334 3317 2508 3360 autent
2549 3307 2773 3377 populus
2815 3317 2862 3360 et
2892 3323 3007 3362 oves
3047 3324 3265 3378 pascua:
3303 3306 3416 3378 ejus
3449 3304 3607 3378 (Psal.
3636 3302 3772 3368 xm).

2218 3395 2646 3466 Nam,quamvis
2689 3397 2986 3453 nativitatis
3024 3409 3230 3454 nostra:
3276 3396 3624 3452 ministerium
3664 3406 3775 3464 pne-

2217 3489 2345 3543 beat
2373 3489 2607 3544 carnalis
2635 3489 2879 3559 operatio
2909 3531 2925 3559 ,
2953 3499 3129 3544 tamen
3171 3491 3265 3546 ille
3297 3491 3351 3545 in
3386 3489 3528 3544 hunc
3550 3486 3770 3543 inertium

2216 3593 2318 3634 nos
2343 3577 2606 3648 probatur
2633 3579 2916 3642 adducere,
2949 3580 3041 3647 qui
3068 3593 3266 3635 cuncta
3299 3579 3427 3634 fecit
3465 3579 3532 3634 ad
3570 3575 3774 3632 existen-

2217 3672 2352 3726 tiam
2380 3671 2684 3742 pervenire.
2735 3669 3032 3742 Sequitur:
3077 3671 3190 3727 Nos
3221 3682 3398 3727 autem
3435 3668 3644 3743 populus
3665 3664 3774 3736 ejus,

2213 3773 2402 3818 etoves
2424 3779 2635 3833 pascua:
2677 3762 2812 3833 ejus.
2859 3762 3022 3817 Venit
3064 3763 3132 3817 ad
3181 3764 3444 3835 populum
3487 3758 3678 3816 ﬁdelem
3701 3767 3778 3825 per

2213 3853 2649 3923 comparationes
2685 3853 3119 3923 pulcherrimas:
3161 3856 3298 3924 quid
3333 3854 3461 3918 sint,
3507 3849 3779 3908 ostendens.

2211 3958 2363 4010 oves,
2395 3946 2522 4013 quia
2551 3944 2823 4016 simplices
2852 3955 2998 4010 sunt,
3023 3954 3079 4000 et
3121 3945 3247 4015 ipse,
3289 3960 3481 4002 eorum
3526 3949 3694 4014 pastor
3713 3942 3780 3991 cst

2213 4047 2410 4089 verus:
2441 4049 2651 4104 pascua:
2677 4033 2813 4104 ejus,
2845 4034 2898 4090 id
2925 4041 3028 4102 est,
3060 4035 3369 4092 divinarum
3409 4034 3780 4106 Scripturarum

2213 4127 2432 4198 cepiosa
2461 4134 2515 4180 et
2539 4125 2712 4181 dulcis
2741 4126 2997 4196 epulatio.
3054 4127 3170 4198 Ipsa
3218 4137 3350 4183 sunt
3399 4127 3544 4182 enim
3592 4133 3778 4194 pascua.

2211 4217 2409 4289 quibus
2441 4216 2614 4272 ﬁdelis
2649 4217 2830 4271 anima
2871 4219 3149 4289 saginatur
3168 4225 3225 4273 et
3265 4218 3334 4272 ad
3366 4217 3560 4272 futurae
3587 4211 3782 4270 beatitu-

2209 4307 2351 4363 dinis
2377 4323 2589 4363 alumna
2632 4308 2966 4380 perducitur.
3017 4307 3214 4364 Tribus
3249 4309 3531 4373 dicuntur,
3560 4314 3780 4374 tanquam

2210 4400 2374 4454 curiae
2421 4409 2474 4455 et
2529 4401 2980 4470 cengregationcs
3033 4399 3302 4455 distinctae
3351 4399 3699 4472 populorum:
3739 4397 3785 4444 et

2133 4477 2414 4546 Dvocatie
2442 4490 2636 4557 tribus,
2665 4492 2808 4561 quod
2853 4491 2906 4544 in
2954 4491 3218 4562 principio
3267 4491 3506 4548 Romani
3553 4485 3782 4543 trit‘ariea

2212 4581 2443 4637 Romulo
2473 4582 2739 4652 dispertiti
2769 4600 2780 4635 :
2815 4583 2870 4636 in
2917 4584 3280 4648 senatoribus,
3314 4577 3582 4638 militibus
3606 4586 3659 4634 et
3691 4574 3785 4647 ple.

2211 4675 2389 4740 bibus,
2419 4691 2541 4746 qua:
2579 4683 2755 4730 tamen
2797 4675 2972 4730 tribus
3014 4691 3159 4730 nunc
3190 4674 3572 4747 multiplicata:
3613 4682 3782 4728 nomen

2211 4767 2500 4838 pristinum
2529 4768 2786 4822 retinent.
2817 4765 3014 4824 Tribus
3059 4767 3308 4825 similiter
3347 4771 3580 4843 mystice
3607 4759 3784 4838 signiﬁ-

2209 4867 2338 4915 cant
2361 4867 2455 4914 aut
2475 4858 2757 4914 duodecim
2781 4859 2950 4915 tribus
2983 4859 3258 4916 lsraelitici
3287 4862 3536 4933 generis,
3572 4867 3788 4914 autemt-

2209 4948 2476 5005 venticula
2504 4955 2816 5004 sanctorum
2845 4950 2899 5004 in
2929 4949 3190 5005 Ecclesia.
3220 4949 3358 5005 Nam
3383 4966 3510 5007 cum
3553 4949 3618 5004 de
3652 4945 3785 5000 Jeru-

2207 5041 2375 5096 salem
2405 5041 2633 5112 mystica
2663 5042 2924 5112 prOpheta
2944 5051 3358 5107 commemoret,
3384 5041 3632 5097 addidit:
3668 5034 3788 5090 Illac

2204 5133 2343 5185 enim
2364 5133 2708 5186 ascenderunt
2747 5133 2932 5198 tribus,
2961 5132 3128 5186 tribus
3166 5131 3406 5200 Dontini,
3450 5127 3786 5187 testimonium

2205 5223 2376 5279 Israel
2427 5225 2496 5278 ad
2536 5224 2888 5294 ccnﬁtendum
2944 5224 3143 5278 nomini
3191 5235 3308 5290 tuo,
3362 5223 3598 5278 Domine
3633 5213 3788 5291 (Psal-

2205 5315 2380 5385 cxxr).
2432 5314 2691 5378 Diccudo,
2750 5313 2899 5378 illuc,
2953 5313 3222 5386 signiﬁcat
3270 5313 3556 5369 civitatem
3591 5307 3790 5362 Jerusa—

2199 5407 2329 5474 lem,
2359 5423 2520 5478 quam
2557 5405 2806 5477 superius
2833 5407 3007 5461 dixit:
3045 5407 3196 5477 cujus
3228 5404 3576 5477 participatio
3613 5400 3722 5472 ejus
3744 5394 3794 5448 in

2199 5499 2425 5569 idipsum
2453 5497 2662 5570 (Ibid.),
2711 5505 2768 5552 et
2817 5506 2877 5552 ut
2929 5497 3202 5553 caelestem
3251 5511 3372 5554 esse
3423 5502 3792 5568 cognosceres.

2199 5592 2425 5656 addidit,
2454 5590 2800 5646 ascenderunt
2823 5605 2842 5642 :
2889 5589 2956 5644 ad
2999 5606 3162 5660 quam
3191 5590 3332 5646 beati
3363 5602 3589 5660 semper
3618 5597 3799 5642 ascen-

2199 5684 2350 5746 dunt,
2381 5683 2639 5754 quoniam
2683 5682 2797 5754 jugi
2848 5683 3236 5738 exercitatione
3289 5680 3629 5751 proficiunt:
3678 5675 3801 5732 sub-
