  <div class='ocr_page' id='page_1' title='image "/cluster/home/n/w/nwhite01/storage/ocr_20150623/111/hvd.32044054759766/232.png"; bbox 0 0 3974 6188; ppageno 0'>
   <div class='ocr_carea' id='block_1_1' title="bbox 311 322 416 385">
    <p class='ocr_par' dir='ltr' id='par_1_1' title="bbox 311 322 416 385">
     <span class='ocr_line' id='line_1_1' title="bbox 311 322 416 385; baseline 0.029 -3"><span class='ocrx_word' id='word_1_1' title='bbox 311 322 416 385; x_wconf 63' lang='lat'><strong>533</strong></span> 
     </span>
    </p>
   </div>
   <div class='ocr_carea' id='block_1_2' title="bbox 1288 326 2634 390">
    <p class='ocr_par' dir='ltr' id='par_1_2' title="bbox 1288 326 2634 390">
     <span class='ocr_line' id='line_1_2' title="bbox 1288 326 2634 390; baseline -0.001 -1"><span class='ocrx_word' id='word_1_2' title='bbox 1288 333 1376 389; x_wconf 87' lang='lat' dir='ltr'><strong>DE</strong></span> <span class='ocrx_word' id='word_1_3' title='bbox 1416 328 1769 389; x_wconf 73' lang='lat' dir='ltr'><strong>UNIV&#39;ERSO</strong></span> <span class='ocrx_word' id='word_1_4' title='bbox 1807 326 1986 384; x_wconf 81' lang='lat' dir='ltr'><strong>LIBRI</strong></span> <span class='ocrx_word' id='word_1_5' title='bbox 2029 327 2189 385; x_wconf 76' lang='lat' dir='ltr'><strong>XX&quot;.</strong></span> <span class='ocrx_word' id='word_1_6' title='bbox 2218 361 2289 374; x_wconf 92' lang='lat'><strong>—-</strong></span> <span class='ocrx_word' id='word_1_7' title='bbox 2327 332 2454 387; x_wconf 65' lang='grc' dir='ltr'><strong>[ΛΒ.</strong></span> <span class='ocrx_word' id='word_1_8' title='bbox 2496 333 2634 390; x_wconf 79' lang='lat' dir='ltr'><strong>XVI.</strong></span> 
     </span>
    </p>
   </div>
   <div class='ocr_carea' id='block_1_3' title="bbox 3472 349 3576 408">
    <p class='ocr_par' dir='ltr' id='par_1_3' title="bbox 3472 349 3576 408">
     <span class='ocr_line' id='line_1_3' title="bbox 3472 349 3576 408; baseline 0.038 -5"><span class='ocrx_word' id='word_1_9' title='bbox 3472 349 3576 408; x_wconf 67' lang='grc'><strong>456</strong></span> 
     </span>
    </p>
   </div>
   <div class='ocr_carea' id='block_1_4' title="bbox 300 446 3582 525">
    <p class='ocr_par' dir='ltr' id='par_1_4' title="bbox 300 446 3582 525">
     <span class='ocr_line' id='line_1_4' title="bbox 300 446 3582 525; baseline 0.006 -28"><span class='ocrx_word' id='word_1_10' title='bbox 300 448 498 515; x_wconf 76' lang='lat' dir='ltr'><strong>junxit,</strong></span> <span class='ocrx_word' id='word_1_11' title='bbox 524 446 716 511; x_wconf 83' lang='lat' dir='ltr'><strong>tribus,</strong></span> <span class='ocrx_word' id='word_1_12' title='bbox 747 447 799 501; x_wconf 90' lang='lat' dir='ltr'><strong>in</strong></span> <span class='ocrx_word' id='word_1_13' title='bbox 822 446 1015 515; x_wconf 81' lang='lat' dir='ltr'><strong>quibus</strong></span> <span class='ocrx_word' id='word_1_14' title='bbox 1042 457 1162 502; x_wconf 86' lang='lat' dir='ltr'><strong>erat</strong></span> <span class='ocrx_word' id='word_1_15' title='bbox 1187 447 1514 504; x_wconf 87' lang='lat' dir='ltr'><strong>lsraeliticus</strong></span> <span class='ocrx_word' id='word_1_16' title='bbox 1534 447 1762 518; x_wconf 86' lang='lat' dir='ltr'><strong>populus</strong></span> <span class='ocrx_word' id='word_1_17' title='bbox 1787 446 1898 502; x_wconf 83' lang='lat' dir='ltr'><strong>dis—</strong></span> <span class='ocrx_word' id='word_1_18' title='bbox 1929 448 1979 506; x_wconf 72' lang='grc' dir='ltr'><strong>Α,</strong></span> <span class='ocrx_word' id='word_1_19' title='bbox 2006 456 2283 503; x_wconf 77' lang='lat' dir='ltr'><strong>sectentur</strong></span> <span class='ocrx_word' id='word_1_20' title='bbox 2309 467 2322 505; x_wconf 91' lang='lat'>:</span> <span class='ocrx_word' id='word_1_21' title='bbox 2364 452 2506 507; x_wconf 90' lang='lat' dir='ltr'><strong>unde</strong></span> <span class='ocrx_word' id='word_1_22' title='bbox 2539 461 2594 506; x_wconf 88' lang='lat' dir='ltr'><strong>et</strong></span> <span class='ocrx_word' id='word_1_23' title='bbox 2633 453 2996 525; x_wconf 70' lang='lat' dir='ltr'><strong>cognominati</strong></span> <span class='ocrx_word' id='word_1_24' title='bbox 3027 464 3171 511; x_wconf 85' lang='lat' dir='ltr'><strong>sunt.</strong></span> <span class='ocrx_word' id='word_1_25' title='bbox 3217 457 3283 514; x_wconf 79' lang='lat' dir='ltr'><strong>lii</strong></span> <span class='ocrx_word' id='word_1_26' title='bbox 3322 460 3488 519; x_wconf 87' lang='lat' dir='ltr'><strong>etiam</strong></span> <span class='ocrx_word' id='word_1_27' title='bbox 3529 467 3582 523; x_wconf 89' lang='lat' dir='ltr'><strong>in</strong></span> 
     </span>
    </p>
   </div>
   <div class='ocr_carea' id='block_1_5' title="bbox 308 539 598 592">
    <p class='ocr_par' dir='ltr' id='par_1_5' title="bbox 308 539 598 592">
     <span class='ocr_line' id='line_1_5' title="bbox 308 539 598 592; baseline -0.003 -1"><span class='ocrx_word' id='word_1_28' title='bbox 308 539 541 592; x_wconf 87' lang='lat' dir='ltr'><strong>tributus</strong></span> <span class='ocrx_word' id='word_1_29' title='bbox 586 556 598 590; x_wconf 95' lang='lat'>:</span> 
     </span>
    </p>
   </div>
   <div class='ocr_carea' id='block_1_6' title="bbox 303 627 1898 700">
    <p class='ocr_par' dir='ltr' id='par_1_6' title="bbox 303 627 1898 700">
     <span class='ocr_line' id='line_1_6' title="bbox 303 627 1898 700; baseline 0.001 -18"><span class='ocrx_word' id='word_1_30' title='bbox 303 627 469 684; x_wconf 83' lang='lat' dir='ltr'><strong>Jacob</strong></span> <span class='ocrx_word' id='word_1_31' title='bbox 499 628 786 684; x_wconf 78' lang='lat' dir='ltr'><strong>duodecim</strong></span> <span class='ocrx_word' id='word_1_32' title='bbox 832 629 1006 685; x_wconf 89' lang='lat' dir='ltr'><strong>tribus</strong></span> <span class='ocrx_word' id='word_1_33' title='bbox 1045 628 1281 693; x_wconf 86' lang='lat' dir='ltr'><strong>fuerunt,</strong></span> <span class='ocrx_word' id='word_1_34' title='bbox 1331 630 1470 684; x_wconf 91' lang='lat' dir='ltr'><strong>sicut</strong></span> <span class='ocrx_word' id='word_1_35' title='bbox 1516 630 1762 683; x_wconf 83' lang='lat' dir='ltr'><strong>Romano</strong></span> <span class='ocrx_word' id='word_1_36' title='bbox 1800 646 1898 700; x_wconf 89' lang='lat' dir='ltr'><strong>po—</strong></span> 
     </span>
    </p>
   </div>
   <div class='ocr_carea' id='block_1_7' title="bbox 302 719 1897 791">
    <p class='ocr_par' dir='ltr' id='par_1_7' title="bbox 302 719 1897 791">
     <span class='ocr_line' id='line_1_7' title="bbox 302 719 1897 791; baseline 0.003 -20"><span class='ocrx_word' id='word_1_37' title='bbox 302 719 423 788; x_wconf 85' lang='lat' dir='ltr'><strong>pulo</strong></span> <span class='ocrx_word' id='word_1_38' title='bbox 454 720 677 791; x_wconf 85' lang='lat' dir='ltr'><strong>triginta</strong></span> <span class='ocrx_word' id='word_1_39' title='bbox 704 721 945 791; x_wconf 84' lang='lat' dir='ltr'><strong>quinque</strong></span> <span class='ocrx_word' id='word_1_40' title='bbox 982 720 1187 775; x_wconf 73' lang='lat' dir='ltr'><strong>eurite:</strong></span> <span class='ocrx_word' id='word_1_41' title='bbox 1234 721 1286 774; x_wconf 91' lang='lat' dir='ltr'><strong>in</strong></span> <span class='ocrx_word' id='word_1_42' title='bbox 1329 720 1448 775; x_wconf 91' lang='lat' dir='ltr'><strong>istis</strong></span> <span class='ocrx_word' id='word_1_43' title='bbox 1491 734 1622 791; x_wconf 84' lang='lat' dir='ltr'><strong>ergo</strong></span> <span class='ocrx_word' id='word_1_44' title='bbox 1651 721 1897 776; x_wconf 81' lang='lat' dir='ltr'><strong>tribubus</strong></span> 
     </span>
    </p>
   </div>
   <div class='ocr_carea' id='block_1_8' title="bbox 301 809 1897 881">
    <p class='ocr_par' dir='ltr' id='par_1_8' title="bbox 301 809 1897 881">
     <span class='ocr_line' id='line_1_8' title="bbox 301 809 1897 881; baseline 0 -16"><span class='ocrx_word' id='word_1_45' title='bbox 301 809 576 880; x_wconf 81' lang='lat' dir='ltr'><strong>signiﬁcat</strong></span> <span class='ocrx_word' id='word_1_46' title='bbox 628 822 870 876; x_wconf 88' lang='lat' dir='ltr'><strong>sanctos,</strong></span> <span class='ocrx_word' id='word_1_47' title='bbox 927 812 1017 881; x_wconf 85' lang='lat' dir='ltr'><strong>qui</strong></span> <span class='ocrx_word' id='word_1_48' title='bbox 1070 810 1357 866; x_wconf 91' lang='lat' dir='ltr'><strong>Dominum</strong></span> <span class='ocrx_word' id='word_1_49' title='bbox 1413 810 1750 866; x_wconf 88' lang='lat' dir='ltr'><strong>Salvatorem</strong></span> <span class='ocrx_word' id='word_1_50' title='bbox 1777 826 1897 865; x_wconf 83' lang='lat' dir='ltr'><strong>esse</strong></span> 
     </span>
    </p>
   </div>
   <div class='ocr_carea' id='block_1_9' title="bbox 300 900 1894 957">
    <p class='ocr_par' dir='ltr' id='par_1_9' title="bbox 300 900 1894 957">
     <span class='ocr_line' id='line_1_9' title="bbox 300 900 1894 957; baseline 0.002 -3"><span class='ocrx_word' id='word_1_51' title='bbox 300 900 468 957; x_wconf 86' lang='lat' dir='ltr'><strong>Deum</strong></span> <span class='ocrx_word' id='word_1_52' title='bbox 508 901 744 957; x_wconf 83' lang='lat' dir='ltr'><strong>confessi</strong></span> <span class='ocrx_word' id='word_1_53' title='bbox 786 910 929 956; x_wconf 91' lang='lat' dir='ltr'><strong>sunt.</strong></span> <span class='ocrx_word' id='word_1_54' title='bbox 982 901 1116 956; x_wconf 86' lang='lat' dir='ltr'><strong>Nam</strong></span> <span class='ocrx_word' id='word_1_55' title='bbox 1146 910 1206 955; x_wconf 90' lang='lat' dir='ltr'><strong>ut</strong></span> <span class='ocrx_word' id='word_1_56' title='bbox 1251 901 1321 955; x_wconf 90' lang='lat' dir='ltr'><strong>ab</strong></span> <span class='ocrx_word' id='word_1_57' title='bbox 1362 901 1669 957; x_wconf 83' lang='lat' dir='ltr'><strong>inﬁdelibus</strong></span> <span class='ocrx_word' id='word_1_58' title='bbox 1722 903 1894 957; x_wconf 84' lang='lat' dir='ltr'><strong>tribus</strong></span> 
     </span>
    </p>
   </div>
   <div class='ocr_carea' id='block_1_10' title="bbox 300 993 1889 1065">
    <p class='ocr_par' dir='ltr' id='par_1_10' title="bbox 300 993 1889 1065">
     <span class='ocr_line' id='line_1_10' title="bbox 300 993 1889 1065; baseline 0 -18"><span class='ocrx_word' id='word_1_59' title='bbox 300 994 432 1048; x_wconf 85' lang='lat' dir='ltr'><strong>istas</strong></span> <span class='ocrx_word' id='word_1_60' title='bbox 470 993 716 1049; x_wconf 90' lang='lat' dir='ltr'><strong>ﬁdelium</strong></span> <span class='ocrx_word' id='word_1_61' title='bbox 756 1002 1105 1065; x_wconf 84' lang='lat' dir='ltr'><strong>segregaret,</strong></span> <span class='ocrx_word' id='word_1_62' title='bbox 1153 993 1399 1058; x_wconf 89' lang='lat' dir='ltr'><strong>addidit,</strong></span> <span class='ocrx_word' id='word_1_63' title='bbox 1444 994 1609 1047; x_wconf 86' lang='lat' dir='ltr'><strong>tribus</strong></span> <span class='ocrx_word' id='word_1_64' title='bbox 1642 993 1889 1047; x_wconf 86' lang='lat' dir='ltr'><strong>Domini:</strong></span> 
     </span>
    </p>
   </div>
   <div class='ocr_carea' id='block_1_11' title="bbox 652 538 1898 609">
    <p class='ocr_par' dir='ltr' id='par_1_11' title="bbox 652 538 1898 609">
     <span class='ocr_line' id='line_1_11' title="bbox 652 538 1898 609; baseline 0 -17"><span class='ocrx_word' id='word_1_65' title='bbox 652 538 728 593; x_wconf 88' lang='lat' dir='ltr'><strong>sic</strong></span> <span class='ocrx_word' id='word_1_66' title='bbox 772 538 916 592; x_wconf 90' lang='lat' dir='ltr'><strong>enim</strong></span> <span class='ocrx_word' id='word_1_67' title='bbox 949 538 1023 592; x_wconf 89' lang='lat' dir='ltr'><strong>illi</strong></span> <span class='ocrx_word' id='word_1_68' title='bbox 1062 538 1206 609; x_wconf 84' lang='lat' dir='ltr'><strong>genti</strong></span> <span class='ocrx_word' id='word_1_69' title='bbox 1250 539 1316 593; x_wconf 89' lang='lat' dir='ltr'><strong>ad</strong></span> <span class='ocrx_word' id='word_1_70' title='bbox 1347 554 1632 593; x_wconf 85' lang='lat' dir='ltr'><strong>numerum</strong></span> <span class='ocrx_word' id='word_1_71' title='bbox 1664 538 1898 593; x_wconf 87' lang='lat' dir='ltr'><strong>ﬁliorum</strong></span> 
     </span>
    </p>
   </div>
   <div class='ocr_carea' id='block_1_12' title="bbox 297 1081 1985 1165">
    <p class='ocr_par' dir='ltr' id='par_1_12' title="bbox 297 1081 1985 1165">
     <span class='ocr_line' id='line_1_12' title="bbox 297 1081 1985 1165; baseline -0.001 -31"><span class='ocrx_word' id='word_1_72' title='bbox 297 1099 416 1152; x_wconf 77' lang='lat' dir='ltr'><strong>qua:</strong></span> <span class='ocrx_word' id='word_1_73' title='bbox 444 1084 633 1153; x_wconf 89' lang='lat' dir='ltr'><strong>utique</strong></span> <span class='ocrx_word' id='word_1_74' title='bbox 683 1081 804 1152; x_wconf 85' lang='lat' dir='ltr'><strong>ejus</strong></span> <span class='ocrx_word' id='word_1_75' title='bbox 837 1097 959 1137; x_wconf 86' lang='lat' dir='ltr'><strong>esse</strong></span> <span class='ocrx_word' id='word_1_76' title='bbox 1012 1098 1118 1137; x_wconf 92' lang='lat' dir='ltr'><strong>non</strong></span> <span class='ocrx_word' id='word_1_77' title='bbox 1165 1093 1435 1152; x_wconf 82' lang='lat' dir='ltr'><strong>poterant,</strong></span> <span class='ocrx_word' id='word_1_78' title='bbox 1492 1085 1594 1138; x_wconf 89' lang='lat' dir='ltr'><strong>nisi</strong></span> <span class='ocrx_word' id='word_1_79' title='bbox 1653 1085 1702 1139; x_wconf 90' lang='lat' dir='ltr'><strong>ei</strong></span> <span class='ocrx_word' id='word_1_80' title='bbox 1753 1101 1889 1154; x_wconf 88' lang='lat' dir='ltr'><strong>pura</strong></span> 
     </span>
    </p>
   </div>
   <div class='ocr_carea' id='block_1_13' title="bbox 299 1165 1963 1233">
    <p class='ocr_par' dir='ltr' id='par_1_13' title="bbox 299 1165 1963 1233">
     <span class='ocr_line' id='line_1_13' title="bbox 299 1165 1963 1233; baseline 0.002 -5"><span class='ocrx_word' id='word_1_81' title='bbox 299 1183 481 1230; x_wconf 85' lang='lat' dir='ltr'><strong>mente</strong></span> <span class='ocrx_word' id='word_1_82' title='bbox 506 1175 887 1230; x_wconf 82' lang='lat' dir='ltr'><strong>credidissent.</strong></span> <span class='ocrx_word' id='word_1_83' title='bbox 923 1174 1073 1230; x_wconf 86' lang='lat' dir='ltr'><strong>Alias</strong></span> <span class='ocrx_word' id='word_1_84' title='bbox 1097 1176 1241 1230; x_wconf 88' lang='lat' dir='ltr'><strong>enim</strong></span> <span class='ocrx_word' id='word_1_85' title='bbox 1282 1175 1455 1231; x_wconf 88' lang='lat' dir='ltr'><strong>tribus</strong></span> <span class='ocrx_word' id='word_1_86' title='bbox 1482 1186 1694 1232; x_wconf 88' lang='lat' dir='ltr'><strong>constat</strong></span> <span class='ocrx_word' id='word_1_87' title='bbox 1723 1178 1889 1233; x_wconf 81' lang='lat' dir='ltr'><strong>fuisse</strong></span> <span class='ocrx_word' id='word_1_88' title='bbox 1922 1165 1963 1220; x_wconf 14' lang='lat'><strong>‘3‘?»</strong></span> 
     </span>
    </p>
   </div>
   <div class='ocr_carea' id='block_1_14' title="bbox 297 1263 1889 1335">
    <p class='ocr_par' dir='ltr' id='par_1_14' title="bbox 297 1263 1889 1335">
     <span class='ocr_line' id='line_1_14' title="bbox 297 1263 1889 1335; baseline 0.003 -18"><span class='ocrx_word' id='word_1_89' title='bbox 297 1264 516 1327; x_wconf 87' lang='lat' dir='ltr'><strong>diaboli,</strong></span> <span class='ocrx_word' id='word_1_90' title='bbox 547 1280 671 1334; x_wconf 79' lang='lat' dir='ltr'><strong>qua:</strong></span> <span class='ocrx_word' id='word_1_91' title='bbox 713 1279 781 1319; x_wconf 80' lang='lat' dir='ltr'><strong>ex</strong></span> <span class='ocrx_word' id='word_1_92' title='bbox 823 1263 1044 1319; x_wconf 83' lang='lat' dir='ltr'><strong>Christo</strong></span> <span class='ocrx_word' id='word_1_93' title='bbox 1073 1263 1378 1319; x_wconf 87' lang='lat' dir='ltr'><strong>maluerunt</strong></span> <span class='ocrx_word' id='word_1_94' title='bbox 1424 1265 1583 1335; x_wconf 90' lang='lat' dir='ltr'><strong>impia</strong></span> <span class='ocrx_word' id='word_1_95' title='bbox 1614 1265 1889 1321; x_wconf 74' lang='lat' dir='ltr'><strong>voluntate</strong></span> 
     </span>
    </p>
   </div>
   <div class='ocr_carea' id='block_1_15' title="bbox 295 1354 1885 1425">
    <p class='ocr_par' dir='ltr' id='par_1_15' title="bbox 295 1354 1885 1425">
     <span class='ocr_line' id='line_1_15' title="bbox 295 1354 1885 1425; baseline 0.002 -16"><span class='ocrx_word' id='word_1_96' title='bbox 295 1356 558 1424; x_wconf 84' lang='lat' dir='ltr'><strong>separari,</strong></span> <span class='ocrx_word' id='word_1_97' title='bbox 610 1356 809 1425; x_wconf 87' lang='lat' dir='ltr'><strong>quibus</strong></span> <span class='ocrx_word' id='word_1_98' title='bbox 847 1355 965 1425; x_wconf 89' lang='lat' dir='ltr'><strong>ipse</strong></span> <span class='ocrx_word' id='word_1_99' title='bbox 1016 1354 1068 1409; x_wconf 91' lang='lat' dir='ltr'><strong>in</strong></span> <span class='ocrx_word' id='word_1_100' title='bbox 1118 1355 1407 1425; x_wconf 86' lang='lat' dir='ltr'><strong>Evangelio</strong></span> <span class='ocrx_word' id='word_1_101' title='bbox 1464 1357 1640 1412; x_wconf 73' lang='lat' dir='ltr'><strong>dixit:</strong></span> <span class='ocrx_word' id='word_1_102' title='bbox 1707 1357 1804 1411; x_wconf 83' lang='lat' dir='ltr'><strong>Vos</strong></span> <span class='ocrx_word' id='word_1_103' title='bbox 1853 1376 1885 1412; x_wconf 88' lang='lat' dir='ltr'><strong>a</strong></span> 
     </span>
    </p>
   </div>
   <div class='ocr_carea' id='block_1_16' title="bbox 293 1446 1884 1521">
    <p class='ocr_par' dir='ltr' id='par_1_16' title="bbox 293 1446 1884 1521">
     <span class='ocr_line' id='line_1_16' title="bbox 293 1446 1884 1521; baseline 0.004 -22"><span class='ocrx_word' id='word_1_104' title='bbox 293 1459 438 1516; x_wconf 71' lang='lat' dir='ltr'><strong>patre</strong></span> <span class='ocrx_word' id='word_1_105' title='bbox 460 1448 677 1502; x_wconf 80' lang='lat' dir='ltr'><strong>diabolo</strong></span> <span class='ocrx_word' id='word_1_106' title='bbox 720 1448 843 1503; x_wconf 80' lang='lat' dir='ltr'><strong>estis</strong></span> <span class='ocrx_word' id='word_1_107' title='bbox 885 1446 1066 1521; x_wconf 79' lang='lat' dir='ltr'><strong>(Joan.</strong></span> <span class='ocrx_word' id='word_1_108' title='bbox 1092 1449 1235 1518; x_wconf 88' lang='lat' dir='ltr'><strong>vm).</strong></span> <span class='ocrx_word' id='word_1_109' title='bbox 1266 1449 1466 1504; x_wconf 68' lang='lat' dir='ltr'><strong>Verum</strong></span> <span class='ocrx_word' id='word_1_110' title='bbox 1495 1450 1680 1519; x_wconf 86' lang='lat' dir='ltr'><strong>quales</strong></span> <span class='ocrx_word' id='word_1_111' title='bbox 1702 1460 1884 1507; x_wconf 85' lang='lat' dir='ltr'><strong>essent</strong></span> 
     </span>
    </p>
   </div>
   <div class='ocr_carea' id='block_1_17' title="bbox 294 1543 1882 1610">
    <p class='ocr_par' dir='ltr' id='par_1_17' title="bbox 294 1543 1882 1610">
     <span class='ocr_line' id='line_1_17' title="bbox 294 1543 1882 1610; baseline -0.001 -13"><span class='ocrx_word' id='word_1_112' title='bbox 294 1543 407 1599; x_wconf 61' lang='lat' dir='ltr'><strong>ista:</strong></span> <span class='ocrx_word' id='word_1_113' title='bbox 453 1544 633 1598; x_wconf 63' lang='lat' dir='ltr'><strong>tribus</strong></span> <span class='ocrx_word' id='word_1_114' title='bbox 668 1543 883 1599; x_wconf 86' lang='lat' dir='ltr'><strong>Domini</strong></span> <span class='ocrx_word' id='word_1_115' title='bbox 912 1544 1153 1600; x_wconf 79' lang='lat' dir='ltr'><strong>breviter</strong></span> <span class='ocrx_word' id='word_1_116' title='bbox 1200 1544 1478 1610; x_wconf 90' lang='lat' dir='ltr'><strong>indicavit,</strong></span> <span class='ocrx_word' id='word_1_117' title='bbox 1529 1544 1882 1598; x_wconf 77' lang='lat' dir='ltr'><strong>testimonium</strong></span> 
     </span>
    </p>
   </div>
   <div class='ocr_carea' id='block_1_18' title="bbox 293 1636 1879 1709">
    <p class='ocr_par' dir='ltr' id='par_1_18' title="bbox 293 1636 1879 1709">
     <span class='ocr_line' id='line_1_18' title="bbox 293 1636 1879 1709; baseline 0.001 -19"><span class='ocrx_word' id='word_1_118' title='bbox 293 1636 482 1701; x_wconf 81' lang='lat' dir='ltr'><strong>Israel,</strong></span> <span class='ocrx_word' id='word_1_119' title='bbox 528 1636 581 1692; x_wconf 90' lang='lat' dir='ltr'><strong>id</strong></span> <span class='ocrx_word' id='word_1_120' title='bbox 607 1646 711 1701; x_wconf 87' lang='lat' dir='ltr'><strong>est,</strong></span> <span class='ocrx_word' id='word_1_121' title='bbox 742 1638 833 1706; x_wconf 88' lang='lat' dir='ltr'><strong>qui</strong></span> <span class='ocrx_word' id='word_1_122' title='bbox 866 1639 1232 1693; x_wconf 88' lang='lat' dir='ltr'><strong>testimonium</strong></span> <span class='ocrx_word' id='word_1_123' title='bbox 1284 1639 1558 1709; x_wconf 74' lang='lat' dir='ltr'><strong>praebeant</strong></span> <span class='ocrx_word' id='word_1_124' title='bbox 1586 1637 1879 1693; x_wconf 74' lang='lat' dir='ltr'><strong>sanctitati.</strong></span> 
     </span>
    </p>
   </div>
   <div class='ocr_carea' id='block_1_19' title="bbox 290 1728 1880 1798">
    <p class='ocr_par' dir='ltr' id='par_1_19' title="bbox 290 1728 1880 1798">
     <span class='ocr_line' id='line_1_19' title="bbox 290 1728 1880 1798; baseline 0.001 -17"><span class='ocrx_word' id='word_1_125' title='bbox 290 1728 560 1783; x_wconf 82' lang='lat' dir='ltr'><strong>Censores</strong></span> <span class='ocrx_word' id='word_1_126' title='bbox 608 1729 748 1798; x_wconf 86' lang='lat' dir='ltr'><strong>apud</strong></span> <span class='ocrx_word' id='word_1_127' title='bbox 793 1735 1005 1784; x_wconf 75' lang='lat' dir='ltr'><strong>veteres</strong></span> <span class='ocrx_word' id='word_1_128' title='bbox 1044 1728 1317 1784; x_wconf 76' lang='lat' dir='ltr'><strong>Romanos</strong></span> <span class='ocrx_word' id='word_1_129' title='bbox 1364 1738 1555 1783; x_wconf 86' lang='lat' dir='ltr'><strong>erant:</strong></span> <span class='ocrx_word' id='word_1_130' title='bbox 1609 1738 1691 1784; x_wconf 91' lang='lat' dir='ltr'><strong>est</strong></span> <span class='ocrx_word' id='word_1_131' title='bbox 1736 1729 1880 1784; x_wconf 86' lang='lat' dir='ltr'><strong>enim</strong></span> 
     </span>
    </p>
   </div>
   <div class='ocr_carea' id='block_1_20' title="bbox 2000 536 3584 619">
    <p class='ocr_par' dir='ltr' id='par_1_20' title="bbox 2000 536 3584 619">
     <span class='ocr_line' id='line_1_20' title="bbox 2000 536 3584 619; baseline 0.014 -30"><span class='ocrx_word' id='word_1_132' title='bbox 2000 536 2290 609; x_wconf 85' lang='lat' dir='ltr'><strong>Evangelio</strong></span> <span class='ocrx_word' id='word_1_133' title='bbox 2324 555 2447 596; x_wconf 90' lang='lat' dir='ltr'><strong>cum</strong></span> <span class='ocrx_word' id='word_1_134' title='bbox 2486 544 2857 613; x_wconf 85' lang='lat' dir='ltr'><strong>peccatoribus</strong></span> <span class='ocrx_word' id='word_1_135' title='bbox 2897 545 3056 599; x_wconf 91' lang='lat' dir='ltr'><strong>simul</strong></span> <span class='ocrx_word' id='word_1_136' title='bbox 3094 546 3345 619; x_wconf 85' lang='lat' dir='ltr'><strong>leguntur</strong></span> <span class='ocrx_word' id='word_1_137' title='bbox 3369 553 3584 610; x_wconf 77' lang='lat' dir='ltr'><strong>venisse</strong></span> 
     </span>
    </p>
   </div>
   <div class='ocr_carea' id='block_1_21' title="bbox 1999 626 3583 709">
    <p class='ocr_par' dir='ltr' id='par_1_21' title="bbox 1999 626 3583 709">
     <span class='ocr_line' id='line_1_21' title="bbox 1999 626 3583 709; baseline 0.013 -28"><span class='ocrx_word' id='word_1_138' title='bbox 1999 629 2067 682; x_wconf 90' lang='lat' dir='ltr'><strong>ad</strong></span> <span class='ocrx_word' id='word_1_139' title='bbox 2098 626 2471 697; x_wconf 88' lang='lat' dir='ltr'><strong>Salvatorem;</strong></span> <span class='ocrx_word' id='word_1_140' title='bbox 2503 633 2626 703; x_wconf 90' lang='lat' dir='ltr'><strong>quia</strong></span> <span class='ocrx_word' id='word_1_141' title='bbox 2653 634 2744 703; x_wconf 89' lang='lat' dir='ltr'><strong>qui</strong></span> <span class='ocrx_word' id='word_1_142' title='bbox 2774 635 2985 704; x_wconf 89' lang='lat' dir='ltr'><strong>publica</strong></span> <span class='ocrx_word' id='word_1_143' title='bbox 3020 639 3232 709; x_wconf 82' lang='lat' dir='ltr'><strong>negotia</strong></span> <span class='ocrx_word' id='word_1_144' title='bbox 3264 641 3318 695; x_wconf 90' lang='lat' dir='ltr'><strong>in</strong></span> <span class='ocrx_word' id='word_1_145' title='bbox 3351 645 3583 701; x_wconf 86' lang='lat' dir='ltr'><strong>terrenis</strong></span> 
     </span>
    </p>
   </div>
   <div class='ocr_carea' id='block_1_22' title="bbox 1997 719 3579 802">
    <p class='ocr_par' dir='ltr' id='par_1_22' title="bbox 1997 719 3579 802">
     <span class='ocr_line' id='line_1_22' title="bbox 1997 719 3579 802; baseline 0.011 -31"><span class='ocrx_word' id='word_1_146' title='bbox 1997 719 2207 773; x_wconf 86' lang='lat' dir='ltr'><strong>actibus</strong></span> <span class='ocrx_word' id='word_1_147' title='bbox 2226 729 2500 786; x_wconf 79' lang='lat' dir='ltr'><strong>exercent,</strong></span> <span class='ocrx_word' id='word_1_148' title='bbox 2524 722 2736 778; x_wconf 83' lang='lat' dir='ltr'><strong>diﬁicile</strong></span> <span class='ocrx_word' id='word_1_149' title='bbox 2759 734 3101 794; x_wconf 88' lang='lat' dir='ltr'><strong>peccatorum</strong></span> <span class='ocrx_word' id='word_1_150' title='bbox 3124 729 3336 785; x_wconf 84' lang='lat' dir='ltr'><strong>sarcina</strong></span> <span class='ocrx_word' id='word_1_151' title='bbox 3357 743 3579 802; x_wconf 89' lang='lat' dir='ltr'><strong>carent;</strong></span> 
     </span>
    </p>
   </div>
   <div class='ocr_carea' id='block_1_23' title="bbox 1997 808 3583 882">
    <p class='ocr_par' dir='ltr' id='par_1_23' title="bbox 1997 808 3583 882">
     <span class='ocr_line' id='line_1_23' title="bbox 1997 808 3583 882; baseline 0.011 -21"><span class='ocrx_word' id='word_1_152' title='bbox 1997 808 2089 863; x_wconf 87' lang='lat' dir='ltr'><strong>sed</strong></span> <span class='ocrx_word' id='word_1_153' title='bbox 2132 824 2254 864; x_wconf 89' lang='lat' dir='ltr'><strong>cum</strong></span> <span class='ocrx_word' id='word_1_154' title='bbox 2304 826 2402 880; x_wconf 89' lang='lat' dir='ltr'><strong>per</strong></span> <span class='ocrx_word' id='word_1_155' title='bbox 2442 814 2814 882; x_wconf 74' lang='lat' dir='ltr'><strong>pmniteutiam</strong></span> <span class='ocrx_word' id='word_1_156' title='bbox 2864 818 2930 871; x_wconf 88' lang='lat' dir='ltr'><strong>ad</strong></span> <span class='ocrx_word' id='word_1_157' title='bbox 2979 818 3262 874; x_wconf 86' lang='lat' dir='ltr'><strong>Dominum</strong></span> <span class='ocrx_word' id='word_1_158' title='bbox 3314 825 3583 879; x_wconf 86' lang='lat' dir='ltr'><strong>veraciter</strong></span> 
     </span>
    </p>
   </div>
   <div class='ocr_carea' id='block_1_24' title="bbox 1996 907 3581 978">
    <p class='ocr_par' dir='ltr' id='par_1_24' title="bbox 1996 907 3581 978">
     <span class='ocr_line' id='line_1_24' title="bbox 1996 907 3581 978; baseline 0.011 -25"><span class='ocrx_word' id='word_1_159' title='bbox 1996 910 2402 971; x_wconf 85' lang='lat' dir='ltr'><strong>convertuntur,</strong></span> <span class='ocrx_word' id='word_1_160' title='bbox 2450 919 2513 958; x_wconf 84' lang='lat' dir='ltr'><strong>ex</strong></span> <span class='ocrx_word' id='word_1_161' title='bbox 2564 907 2936 976; x_wconf 83' lang='lat' dir='ltr'><strong>peccatoribus</strong></span> <span class='ocrx_word' id='word_1_162' title='bbox 2978 909 3109 978; x_wconf 88' lang='lat' dir='ltr'><strong>justi</strong></span> <span class='ocrx_word' id='word_1_163' title='bbox 3162 911 3314 964; x_wconf 87' lang='lat' dir='ltr'><strong>ﬁunt.</strong></span> <span class='ocrx_word' id='word_1_164' title='bbox 3361 913 3581 971; x_wconf 84' lang='lat' dir='ltr'><strong>Villicus</strong></span> 
     </span>
    </p>
   </div>
   <div class='ocr_carea' id='block_1_25' title="bbox 1996 994 3578 1065">
    <p class='ocr_par' dir='ltr' id='par_1_25' title="bbox 1996 994 3578 1065">
     <span class='ocr_line' id='line_1_25' title="bbox 1996 994 3578 1065; baseline 0.011 -20"><span class='ocrx_word' id='word_1_165' title='bbox 1996 995 2210 1063; x_wconf 83' lang='lat' dir='ltr'><strong>proprie</strong></span> <span class='ocrx_word' id='word_1_166' title='bbox 2237 994 2372 1048; x_wconf 79' lang='lat' dir='ltr'><strong>viilae</strong></span> <span class='ocrx_word' id='word_1_167' title='bbox 2402 998 2734 1065; x_wconf 88' lang='lat' dir='ltr'><strong>gubernator</strong></span> <span class='ocrx_word' id='word_1_168' title='bbox 2759 1006 2861 1064; x_wconf 85' lang='lat' dir='ltr'><strong>est,</strong></span> <span class='ocrx_word' id='word_1_169' title='bbox 2895 1001 3033 1054; x_wconf 87' lang='lat' dir='ltr'><strong>unde</strong></span> <span class='ocrx_word' id='word_1_170' title='bbox 3069 1012 3123 1055; x_wconf 89' lang='lat' dir='ltr'><strong>et</strong></span> <span class='ocrx_word' id='word_1_171' title='bbox 3150 1016 3179 1054; x_wconf 91' lang='lat' dir='ltr'><strong>a</strong></span> <span class='ocrx_word' id='word_1_172' title='bbox 3213 1004 3333 1057; x_wconf 91' lang='lat' dir='ltr'><strong>villa</strong></span> <span class='ocrx_word' id='word_1_173' title='bbox 3367 1004 3578 1062; x_wconf 82' lang='lat' dir='ltr'><strong>villicus</strong></span> 
     </span>
    </p>
   </div>
   <div class='ocr_carea' id='block_1_26' title="bbox 1994 1088 3574 1167">
    <p class='ocr_par' dir='ltr' id='par_1_26' title="bbox 1994 1088 3574 1167">
     <span class='ocr_line' id='line_1_26' title="bbox 1994 1088 3574 1167; baseline 0.01 -29"><span class='ocrx_word' id='word_1_174' title='bbox 1994 1102 2190 1141; x_wconf 83' lang='lat' dir='ltr'><strong>nomen</strong></span> <span class='ocrx_word' id='word_1_175' title='bbox 2220 1088 2428 1157; x_wconf 88' lang='lat' dir='ltr'><strong>accepit</strong></span> <span class='ocrx_word' id='word_1_176' title='bbox 2453 1105 2466 1141; x_wconf 93' lang='lat'><strong>:</strong></span> <span class='ocrx_word' id='word_1_177' title='bbox 2497 1088 2767 1144; x_wconf 81' lang='lat' dir='ltr'><strong>interdum</strong></span> <span class='ocrx_word' id='word_1_178' title='bbox 2790 1101 2971 1145; x_wconf 90' lang='lat' dir='ltr'><strong>autem</strong></span> <span class='ocrx_word' id='word_1_179' title='bbox 3001 1094 3215 1149; x_wconf 79' lang='lat' dir='ltr'><strong>villicus</strong></span> <span class='ocrx_word' id='word_1_180' title='bbox 3245 1110 3349 1150; x_wconf 88' lang='lat' dir='ltr'><strong>non</strong></span> <span class='ocrx_word' id='word_1_181' title='bbox 3378 1098 3574 1167; x_wconf 86' lang='lat' dir='ltr'><strong>guber-</strong></span> 
     </span>
    </p>
   </div>
   <div class='ocr_carea' id='block_1_27' title="bbox 1992 1177 3573 1255">
    <p class='ocr_par' dir='ltr' id='par_1_27' title="bbox 1992 1177 3573 1255">
     <span class='ocr_line' id='line_1_27' title="bbox 1992 1177 3573 1255; baseline 0.01 -26"><span class='ocrx_word' id='word_1_182' title='bbox 1992 1178 2263 1231; x_wconf 87' lang='lat' dir='ltr'><strong>nationem</strong></span> <span class='ocrx_word' id='word_1_183' title='bbox 2295 1177 2447 1245; x_wconf 81' lang='lat' dir='ltr'><strong>villae,</strong></span> <span class='ocrx_word' id='word_1_184' title='bbox 2474 1182 2567 1235; x_wconf 88' lang='lat' dir='ltr'><strong>sed</strong></span> <span class='ocrx_word' id='word_1_185' title='bbox 2588 1181 3042 1251; x_wconf 83' lang='lat' dir='ltr'><strong>dispensationem</strong></span> <span class='ocrx_word' id='word_1_186' title='bbox 3071 1185 3337 1241; x_wconf 83' lang='lat' dir='ltr'><strong>universae</strong></span> <span class='ocrx_word' id='word_1_187' title='bbox 3360 1189 3573 1255; x_wconf 90' lang='lat' dir='ltr'><strong>domus,</strong></span> 
     </span>
    </p>
   </div>
   <div class='ocr_carea' id='block_1_28' title="bbox 1993 1267 3577 1343">
    <p class='ocr_par' dir='ltr' id='par_1_28' title="bbox 1993 1267 3577 1343">
     <span class='ocr_line' id='line_1_28' title="bbox 1993 1267 3577 1343; baseline 0.011 -24"><span class='ocrx_word' id='word_1_188' title='bbox 1993 1267 2164 1321; x_wconf 83' lang='lat' dir='ltr'><strong>Tullio</strong></span> <span class='ocrx_word' id='word_1_189' title='bbox 2204 1270 2610 1339; x_wconf 89' lang='lat' dir='ltr'><strong>interpretante,</strong></span> <span class='ocrx_word' id='word_1_190' title='bbox 2637 1272 2905 1342; x_wconf 86' lang='lat' dir='ltr'><strong>signiﬁcat</strong></span> <span class='ocrx_word' id='word_1_191' title='bbox 2950 1291 2962 1326; x_wconf 95' lang='lat'>:</span> <span class='ocrx_word' id='word_1_192' title='bbox 3012 1275 3153 1343; x_wconf 86' lang='lat' dir='ltr'><strong>quod</strong></span> <span class='ocrx_word' id='word_1_193' title='bbox 3186 1285 3271 1331; x_wconf 84' lang='lat' dir='ltr'><strong>est</strong></span> <span class='ocrx_word' id='word_1_194' title='bbox 3297 1278 3577 1335; x_wconf 88' lang='lat' dir='ltr'><strong>universa-</strong></span> 
     </span>
    </p>
   </div>
   <div class='ocr_carea' id='block_1_29' title="bbox 1993 1361 3575 1433">
    <p class='ocr_par' dir='ltr' id='par_1_29' title="bbox 1993 1361 3575 1433">
     <span class='ocr_line' id='line_1_29' title="bbox 1993 1361 3575 1433; baseline 0.007 -20"><span class='ocrx_word' id='word_1_195' title='bbox 1993 1376 2108 1414; x_wconf 90' lang='lat' dir='ltr'><strong>rum</strong></span> <span class='ocrx_word' id='word_1_196' title='bbox 2140 1361 2539 1430; x_wconf 87' lang='lat' dir='ltr'><strong>possessionum</strong></span> <span class='ocrx_word' id='word_1_197' title='bbox 2568 1372 2623 1415; x_wconf 90' lang='lat' dir='ltr'><strong>ct</strong></span> <span class='ocrx_word' id='word_1_198' title='bbox 2654 1362 2899 1416; x_wconf 89' lang='lat' dir='ltr'><strong>villarum</strong></span> <span class='ocrx_word' id='word_1_199' title='bbox 2940 1364 3389 1433; x_wconf 84' lang='lat' dir='ltr'><strong>dispensatorem.</strong></span> <span class='ocrx_word' id='word_1_200' title='bbox 3424 1370 3575 1424; x_wconf 83' lang='lat' dir='ltr'><strong>Villi-</strong></span> 
     </span>
    </p>
   </div>
   <div class='ocr_carea' id='block_1_30' title="bbox 1990 1451 3569 1527">
    <p class='ocr_par' dir='ltr' id='par_1_30' title="bbox 1990 1451 3569 1527">
     <span class='ocr_line' id='line_1_30' title="bbox 1990 1451 3569 1527; baseline 0.007 -23"><span class='ocrx_word' id='word_1_201' title='bbox 1990 1466 2084 1505; x_wconf 87' lang='lat' dir='ltr'><strong>cus</strong></span> <span class='ocrx_word' id='word_1_202' title='bbox 2111 1459 2292 1504; x_wconf 88' lang='lat' dir='ltr'><strong>autem</strong></span> <span class='ocrx_word' id='word_1_203' title='bbox 2336 1451 2387 1505; x_wconf 91' lang='lat' dir='ltr'><strong>in</strong></span> <span class='ocrx_word' id='word_1_204' title='bbox 2439 1452 2759 1522; x_wconf 83' lang='lat' dir='ltr'><strong>Evangelica</strong></span> <span class='ocrx_word' id='word_1_205' title='bbox 2803 1455 3056 1523; x_wconf 86' lang='lat' dir='ltr'><strong>parabola</strong></span> <span class='ocrx_word' id='word_1_206' title='bbox 3101 1468 3452 1527; x_wconf 90' lang='lat' dir='ltr'><strong>comparatur</strong></span> <span class='ocrx_word' id='word_1_207' title='bbox 3495 1461 3569 1515; x_wconf 90' lang='lat' dir='ltr'><strong>illi</strong></span> 
     </span>
    </p>
   </div>
   <div class='ocr_carea' id='block_1_31' title="bbox 1988 1539 3572 1619">
    <p class='ocr_par' dir='ltr' id='par_1_31' title="bbox 1988 1539 3572 1619">
     <span class='ocr_line' id='line_1_31' title="bbox 1988 1539 3572 1619; baseline 0.01 -28"><span class='ocrx_word' id='word_1_208' title='bbox 1988 1539 2080 1609; x_wconf 89' lang='lat' dir='ltr'><strong>qui</strong></span> <span class='ocrx_word' id='word_1_209' title='bbox 2110 1540 2161 1593; x_wconf 92' lang='lat' dir='ltr'><strong>in</strong></span> <span class='ocrx_word' id='word_1_210' title='bbox 2193 1542 2424 1596; x_wconf 77' lang='lat' dir='ltr'><strong>terrenis</strong></span> <span class='ocrx_word' id='word_1_211' title='bbox 2455 1543 2684 1611; x_wconf 87' lang='lat' dir='ltr'><strong>negotiis</strong></span> <span class='ocrx_word' id='word_1_212' title='bbox 2710 1558 2768 1597; x_wconf 88' lang='lat' dir='ltr'><strong>se</strong></span> <span class='ocrx_word' id='word_1_213' title='bbox 2804 1558 2955 1598; x_wconf 90' lang='lat' dir='ltr'><strong>reum</strong></span> <span class='ocrx_word' id='word_1_214' title='bbox 2989 1544 3147 1611; x_wconf 84' lang='lat' dir='ltr'><strong>facit;</strong></span> <span class='ocrx_word' id='word_1_215' title='bbox 3180 1547 3274 1602; x_wconf 88' lang='lat' dir='ltr'><strong>sed</strong></span> <span class='ocrx_word' id='word_1_216' title='bbox 3301 1563 3400 1619; x_wconf 90' lang='lat' dir='ltr'><strong>per</strong></span> <span class='ocrx_word' id='word_1_217' title='bbox 3427 1549 3572 1607; x_wconf 91' lang='lat' dir='ltr'><strong>elce-</strong></span> 
     </span>
    </p>
   </div>
   <div class='ocr_carea' id='block_1_32' title="bbox 1989 1631 3575 1707">
    <p class='ocr_par' dir='ltr' id='par_1_32' title="bbox 1989 1631 3575 1707">
     <span class='ocr_line' id='line_1_32' title="bbox 1989 1631 3575 1707; baseline 0.007 -23"><span class='ocrx_word' id='word_1_218' title='bbox 1989 1646 2270 1701; x_wconf 86' lang='lat' dir='ltr'><strong>mosynam</strong></span> <span class='ocrx_word' id='word_1_219' title='bbox 2316 1645 2373 1685; x_wconf 90' lang='lat' dir='ltr'><strong>se</strong></span> <span class='ocrx_word' id='word_1_220' title='bbox 2418 1631 2697 1687; x_wconf 84' lang='lat' dir='ltr'><strong>absolvere</strong></span> <span class='ocrx_word' id='word_1_221' title='bbox 2738 1642 2930 1688; x_wconf 83' lang='lat' dir='ltr'><strong>certat.</strong></span> <span class='ocrx_word' id='word_1_222' title='bbox 2982 1634 3138 1690; x_wconf 89' lang='lat' dir='ltr'><strong>Unde</strong></span> <span class='ocrx_word' id='word_1_223' title='bbox 3188 1637 3448 1707; x_wconf 90' lang='lat' dir='ltr'><strong>scriptum</strong></span> <span class='ocrx_word' id='word_1_224' title='bbox 3489 1650 3575 1696; x_wconf 89' lang='lat' dir='ltr'><strong>est</strong></span> 
     </span>
    </p>
   </div>
   <div class='ocr_carea' id='block_1_33' title="bbox 1989 1721 3571 1796">
    <p class='ocr_par' dir='ltr' id='par_1_33' title="bbox 1989 1721 3571 1796">
     <span class='ocr_line' id='line_1_33' title="bbox 1989 1721 3571 1796; baseline 0.008 -23"><span class='ocrx_word' id='word_1_225' title='bbox 1989 1721 2140 1793; x_wconf 88' lang='lat' dir='ltr'><strong>(Luc.</strong></span> <span class='ocrx_word' id='word_1_226' title='bbox 2192 1721 2304 1793; x_wconf 77' lang='lat' dir='ltr'><strong>xvi)</strong></span> <span class='ocrx_word' id='word_1_227' title='bbox 2335 1725 2479 1794; x_wconf 89' lang='lat' dir='ltr'><strong>quod</strong></span> <span class='ocrx_word' id='word_1_228' title='bbox 2525 1722 2735 1778; x_wconf 80' lang='lat' dir='ltr'><strong>villicus</strong></span> <span class='ocrx_word' id='word_1_229' title='bbox 2777 1734 3060 1781; x_wconf 86' lang='lat' dir='ltr'><strong>accusatus</strong></span> <span class='ocrx_word' id='word_1_230' title='bbox 3103 1727 3243 1796; x_wconf 91' lang='lat' dir='ltr'><strong>apud</strong></span> <span class='ocrx_word' id='word_1_231' title='bbox 3295 1729 3571 1786; x_wconf 88' lang='lat' dir='ltr'><strong>domimun</strong></span> 
     </span>
    </p>
   </div>
   <div class='ocr_carea' id='block_1_34' title="bbox 290 1788 3570 1890">
    <p class='ocr_par' dir='ltr' id='par_1_34' title="bbox 290 1788 3570 1890">
     <span class='ocr_line' id='line_1_34' title="bbox 290 1788 3570 1890; baseline 0.002 -19"><span class='ocrx_word' id='word_1_232' title='bbox 290 1831 484 1872; x_wconf 88' lang='lat' dir='ltr'><strong>nomen</strong></span> <span class='ocrx_word' id='word_1_233' title='bbox 538 1817 784 1872; x_wconf 87' lang='lat' dir='ltr'><strong>censoris</strong></span> <span class='ocrx_word' id='word_1_234' title='bbox 831 1817 1063 1888; x_wconf 83' lang='lat' dir='ltr'><strong>dignitas</strong></span> <span class='ocrx_word' id='word_1_235' title='bbox 1114 1817 1424 1889; x_wconf 90' lang='lat' dir='ltr'><strong>judicialis:</strong></span> <span class='ocrx_word' id='word_1_236' title='bbox 1473 1834 1694 1874; x_wconf 87' lang='lat' dir='ltr'><strong>censere</strong></span> <span class='ocrx_word' id='word_1_237' title='bbox 1739 1819 1882 1872; x_wconf 87' lang='lat' dir='ltr'><strong>enim</strong></span> <span class='ocrx_word' id='word_1_238' title='bbox 1912 1788 1961 1850; x_wconf 79' lang='grc' dir='ltr'><strong>Β</strong></span> <span class='ocrx_word' id='word_1_239' title='bbox 1987 1830 2162 1880; x_wconf 87' lang='lat' dir='ltr'><strong>suum,</strong></span> <span class='ocrx_word' id='word_1_240' title='bbox 2188 1816 2341 1884; x_wconf 89' lang='lat' dir='ltr'><strong>quasi</strong></span> <span class='ocrx_word' id='word_1_241' title='bbox 2387 1815 2699 1885; x_wconf 87' lang='lat' dir='ltr'><strong>dissipasset</strong></span> <span class='ocrx_word' id='word_1_242' title='bbox 2750 1816 2890 1871; x_wconf 89' lang='lat' dir='ltr'><strong>bona</strong></span> <span class='ocrx_word' id='word_1_243' title='bbox 2921 1818 3106 1887; x_wconf 85' lang='lat' dir='ltr'><strong>ipsius,</strong></span> <span class='ocrx_word' id='word_1_244' title='bbox 3143 1834 3242 1890; x_wconf 91' lang='lat' dir='ltr'><strong>per</strong></span> <span class='ocrx_word' id='word_1_245' title='bbox 3283 1823 3570 1890; x_wconf 85' lang='lat' dir='ltr'><strong>pecuniam</strong></span> 
     </span>
    </p>
   </div>
   <div class='ocr_carea' id='block_1_35' title="bbox 284 1908 1881 1979">
    <p class='ocr_par' dir='ltr' id='par_1_35' title="bbox 284 1908 1881 1979">
     <span class='ocr_line' id='line_1_35' title="bbox 284 1908 1881 1979; baseline 0.001 -18"><span class='ocrx_word' id='word_1_246' title='bbox 284 1908 530 1978; x_wconf 86' lang='lat' dir='ltr'><strong>judicare</strong></span> <span class='ocrx_word' id='word_1_247' title='bbox 554 1916 657 1963; x_wconf 91' lang='lat' dir='ltr'><strong>est.</strong></span> <span class='ocrx_word' id='word_1_248' title='bbox 707 1908 839 1963; x_wconf 89' lang='lat' dir='ltr'><strong>Item</strong></span> <span class='ocrx_word' id='word_1_249' title='bbox 867 1924 1124 1964; x_wconf 87' lang='lat' dir='ltr'><strong>censores</strong></span> <span class='ocrx_word' id='word_1_250' title='bbox 1163 1918 1289 1964; x_wconf 88' lang='lat' dir='ltr'><strong>sunt</strong></span> <span class='ocrx_word' id='word_1_251' title='bbox 1320 1910 1767 1979; x_wconf 89' lang='lat' dir='ltr'><strong>patrimoniorum</strong></span> <span class='ocrx_word' id='word_1_252' title='bbox 1792 1910 1881 1979; x_wconf 82' lang='lat' dir='ltr'><strong>ju-</strong></span> 
     </span>
    </p>
   </div>
   <div class='ocr_carea' id='block_1_36' title="bbox 288 1998 1882 2070">
    <p class='ocr_par' dir='ltr' id='par_1_36' title="bbox 288 1998 1882 2070">
     <span class='ocr_line' id='line_1_36' title="bbox 288 1998 1882 2070; baseline 0.001 -17"><span class='ocrx_word' id='word_1_253' title='bbox 288 1998 436 2054; x_wconf 90' lang='lat' dir='ltr'><strong>dices</strong></span> <span class='ocrx_word' id='word_1_254' title='bbox 461 2012 492 2052; x_wconf 83' lang='lat' dir='ltr'><strong>a</strong></span> <span class='ocrx_word' id='word_1_255' title='bbox 518 2013 686 2054; x_wconf 90' lang='lat' dir='ltr'><strong>censu</strong></span> <span class='ocrx_word' id='word_1_256' title='bbox 726 1999 852 2054; x_wconf 73' lang='lat' dir='ltr'><strong>teris</strong></span> <span class='ocrx_word' id='word_1_257' title='bbox 893 1999 1162 2070; x_wconf 86' lang='lat' dir='ltr'><strong>appellati,</strong></span> <span class='ocrx_word' id='word_1_258' title='bbox 1189 1998 1401 2069; x_wconf 88' lang='lat' dir='ltr'><strong>judiees</strong></span> <span class='ocrx_word' id='word_1_259' title='bbox 1427 2000 1577 2065; x_wconf 88' lang='lat' dir='ltr'><strong>dicti,</strong></span> <span class='ocrx_word' id='word_1_260' title='bbox 1606 2001 1760 2070; x_wconf 85' lang='lat' dir='ltr'><strong>quasi</strong></span> <span class='ocrx_word' id='word_1_261' title='bbox 1793 2000 1882 2069; x_wconf 89' lang='lat' dir='ltr'><strong>jus</strong></span> 
     </span>
    </p>
   </div>
   <div class='ocr_carea' id='block_1_37' title="bbox 290 2089 1881 2161">
    <p class='ocr_par' dir='ltr' id='par_1_37' title="bbox 290 2089 1881 2161">
     <span class='ocr_line' id='line_1_37' title="bbox 290 2089 1881 2161; baseline 0 -17"><span class='ocrx_word' id='word_1_262' title='bbox 290 2090 532 2145; x_wconf 89' lang='lat' dir='ltr'><strong>dicentes</strong></span> <span class='ocrx_word' id='word_1_263' title='bbox 578 2089 811 2160; x_wconf 87' lang='lat' dir='ltr'><strong>populo;</strong></span> <span class='ocrx_word' id='word_1_264' title='bbox 863 2091 977 2145; x_wconf 83' lang='lat' dir='ltr'><strong>sive</strong></span> <span class='ocrx_word' id='word_1_265' title='bbox 1030 2091 1172 2161; x_wconf 90' lang='lat' dir='ltr'><strong>quod</strong></span> <span class='ocrx_word' id='word_1_266' title='bbox 1213 2090 1335 2159; x_wconf 90' lang='lat' dir='ltr'><strong>jure</strong></span> <span class='ocrx_word' id='word_1_267' title='bbox 1389 2091 1704 2161; x_wconf 76' lang='lat' dir='ltr'><strong>disceptent.</strong></span> <span class='ocrx_word' id='word_1_268' title='bbox 1751 2091 1881 2145; x_wconf 83' lang='lat' dir='ltr'><strong>.lure</strong></span> 
     </span>
    </p>
   </div>
   <div class='ocr_carea' id='block_1_38' title="bbox 287 2178 1880 2270">
    <p class='ocr_par' dir='ltr' id='par_1_38' title="bbox 287 2178 1880 2270">
     <span class='ocr_line' id='line_1_38' title="bbox 287 2178 1880 2270; baseline 0 -36"><span class='ocrx_word' id='word_1_269' title='bbox 287 2180 432 2235; x_wconf 86' lang='lat' dir='ltr'><strong>enim</strong></span> <span class='ocrx_word' id='word_1_270' title='bbox 462 2181 739 2251; x_wconf 88' lang='lat' dir='ltr'><strong>disputare</strong></span> <span class='ocrx_word' id='word_1_271' title='bbox 759 2190 844 2236; x_wconf 92' lang='lat' dir='ltr'><strong>est</strong></span> <span class='ocrx_word' id='word_1_272' title='bbox 862 2178 1008 2248; x_wconf 87' lang='lat' dir='ltr'><strong>juste</strong></span> <span class='ocrx_word' id='word_1_273' title='bbox 1027 2179 1272 2249; x_wconf 83' lang='lat' dir='ltr'><strong>judicare</strong></span> <span class='ocrx_word' id='word_1_274' title='bbox 1298 2200 1309 2235; x_wconf 90' lang='lat'>:</span> <span class='ocrx_word' id='word_1_275' title='bbox 1345 2198 1449 2237; x_wconf 91' lang='lat' dir='ltr'><strong>non</strong></span> <span class='ocrx_word' id='word_1_276' title='bbox 1477 2193 1559 2237; x_wconf 90' lang='lat' dir='ltr'><strong>est</strong></span> <span class='ocrx_word' id='word_1_277' title='bbox 1590 2181 1880 2270; x_wconf 52' lang='lat' dir='ltr'><strong>autum)&quot;-</strong></span> 
     </span>
    </p>
   </div>
   <div class='ocr_carea' id='block_1_39' title="bbox 287 2269 1878 2344">
    <p class='ocr_par' dir='ltr' id='par_1_39' title="bbox 287 2269 1878 2344">
     <span class='ocr_line' id='line_1_39' title="bbox 287 2269 1878 2344; baseline 0.001 -20"><span class='ocrx_word' id='word_1_278' title='bbox 287 2269 410 2334; x_wconf 76' lang='lat' dir='ltr'><strong>dex,</strong></span> <span class='ocrx_word' id='word_1_279' title='bbox 448 2271 494 2325; x_wconf 87' lang='lat' dir='ltr'><strong>si</strong></span> <span class='ocrx_word' id='word_1_280' title='bbox 540 2272 596 2326; x_wconf 93' lang='lat' dir='ltr'><strong>in</strong></span> <span class='ocrx_word' id='word_1_281' title='bbox 648 2286 713 2327; x_wconf 89' lang='lat' dir='ltr'><strong>eo</strong></span> <span class='ocrx_word' id='word_1_282' title='bbox 748 2285 857 2326; x_wconf 89' lang='lat' dir='ltr'><strong>non</strong></span> <span class='ocrx_word' id='word_1_283' title='bbox 903 2281 987 2326; x_wconf 89' lang='lat' dir='ltr'><strong>est</strong></span> <span class='ocrx_word' id='word_1_284' title='bbox 1025 2273 1257 2342; x_wconf 88' lang='lat' dir='ltr'><strong>justitia.</strong></span> <span class='ocrx_word' id='word_1_285' title='bbox 1316 2273 1593 2344; x_wconf 84' lang='lat' dir='ltr'><strong>Leguutur</strong></span> <span class='ocrx_word' id='word_1_286' title='bbox 1639 2269 1782 2327; x_wconf 87' lang='lat' dir='ltr'><strong>enim</strong></span> <span class='ocrx_word' id='word_1_287' title='bbox 1825 2275 1878 2325; x_wconf 90' lang='lat' dir='ltr'><strong>in</strong></span> 
     </span>
    </p>
   </div>
   <div class='ocr_carea' id='block_1_40' title="bbox 288 2363 1879 2435">
    <p class='ocr_par' dir='ltr' id='par_1_40' title="bbox 288 2363 1879 2435">
     <span class='ocr_line' id='line_1_40' title="bbox 288 2363 1879 2435; baseline 0.002 -16"><span class='ocrx_word' id='word_1_288' title='bbox 288 2363 588 2434; x_wconf 87' lang='lat' dir='ltr'><strong>Scripturis</strong></span> <span class='ocrx_word' id='word_1_289' title='bbox 659 2364 832 2420; x_wconf 87' lang='lat' dir='ltr'><strong>sacris</strong></span> <span class='ocrx_word' id='word_1_290' title='bbox 880 2364 1047 2435; x_wconf 85' lang='lat' dir='ltr'><strong>iniqui</strong></span> <span class='ocrx_word' id='word_1_291' title='bbox 1097 2380 1195 2434; x_wconf 88' lang='lat' dir='ltr'><strong>pro</strong></span> <span class='ocrx_word' id='word_1_292' title='bbox 1239 2366 1555 2429; x_wconf 80' lang='lat' dir='ltr'><strong>censoribus</strong></span> <span class='ocrx_word' id='word_1_293' title='bbox 1608 2365 1879 2434; x_wconf 66' lang='lat' dir='ltr'><strong>aequitatis</strong></span> 
     </span>
    </p>
   </div>
   <div class='ocr_carea' id='block_1_41' title="bbox 286 2454 1877 2526">
    <p class='ocr_par' dir='ltr' id='par_1_41' title="bbox 286 2454 1877 2526">
     <span class='ocr_line' id='line_1_41' title="bbox 286 2454 1877 2526; baseline 0.001 -17"><span class='ocrx_word' id='word_1_294' title='bbox 286 2455 471 2525; x_wconf 80' lang='lat' dir='ltr'><strong>positi.</strong></span> <span class='ocrx_word' id='word_1_295' title='bbox 506 2454 772 2510; x_wconf 83' lang='lat' dir='ltr'><strong>Similiter</strong></span> <span class='ocrx_word' id='word_1_296' title='bbox 818 2463 871 2510; x_wconf 86' lang='lat' dir='ltr'><strong>ct</strong></span> <span class='ocrx_word' id='word_1_297' title='bbox 903 2454 1117 2523; x_wconf 84' lang='lat' dir='ltr'><strong>judiees</strong></span> <span class='ocrx_word' id='word_1_298' title='bbox 1163 2456 1351 2526; x_wconf 85' lang='lat' dir='ltr'><strong>iniqui,</strong></span> <span class='ocrx_word' id='word_1_299' title='bbox 1390 2457 1481 2525; x_wconf 87' lang='lat' dir='ltr'><strong>qui</strong></span> <span class='ocrx_word' id='word_1_300' title='bbox 1539 2456 1877 2524; x_wconf 83' lang='lat' dir='ltr'><strong>iniquitatem</strong></span> 
     </span>
    </p>
   </div>
   <div class='ocr_carea' id='block_1_42' title="bbox 287 2545 1872 2616">
    <p class='ocr_par' dir='ltr' id='par_1_42' title="bbox 287 2545 1872 2616">
     <span class='ocr_line' id='line_1_42' title="bbox 287 2545 1872 2616; baseline 0.001 -17"><span class='ocrx_word' id='word_1_301' title='bbox 287 2546 338 2599; x_wconf 90' lang='lat' dir='ltr'><strong>in</strong></span> <span class='ocrx_word' id='word_1_302' title='bbox 380 2546 677 2615; x_wconf 75' lang='lat' dir='ltr'><strong>iudicando</strong></span> <span class='ocrx_word' id='word_1_303' title='bbox 706 2545 878 2616; x_wconf 81' lang='lat' dir='ltr'><strong>magis</strong></span> <span class='ocrx_word' id='word_1_304' title='bbox 925 2547 1096 2601; x_wconf 85' lang='lat' dir='ltr'><strong>secuti</strong></span> <span class='ocrx_word' id='word_1_305' title='bbox 1141 2555 1267 2600; x_wconf 90' lang='lat' dir='ltr'><strong>sunt</strong></span> <span class='ocrx_word' id='word_1_306' title='bbox 1314 2563 1476 2616; x_wconf 90' lang='lat' dir='ltr'><strong>quam</strong></span> <span class='ocrx_word' id='word_1_307' title='bbox 1528 2548 1872 2615; x_wconf 71' lang='lat' dir='ltr'><strong>mquitatem:</strong></span> 
     </span>
    </p>
   </div>
   <div class='ocr_carea' id='block_1_43' title="bbox 285 2639 1877 2711">
    <p class='ocr_par' dir='ltr' id='par_1_43' title="bbox 285 2639 1877 2711">
     <span class='ocr_line' id='line_1_43' title="bbox 285 2639 1877 2711; baseline 0.002 -21"><span class='ocrx_word' id='word_1_308' title='bbox 285 2641 442 2711; x_wconf 86' lang='lat' dir='ltr'><strong>cujus</strong></span> <span class='ocrx_word' id='word_1_309' title='bbox 465 2641 543 2695; x_wconf 90' lang='lat' dir='ltr'><strong>rei</strong></span> <span class='ocrx_word' id='word_1_310' title='bbox 576 2640 820 2711; x_wconf 78' lang='lat' dir='ltr'><strong>exempla</strong></span> <span class='ocrx_word' id='word_1_311' title='bbox 857 2640 1203 2695; x_wconf 83' lang='lat' dir='ltr'><strong>inveniuntur</strong></span> <span class='ocrx_word' id='word_1_312' title='bbox 1229 2639 1482 2709; x_wconf 87' lang='lat' dir='ltr'><strong>plurima.</strong></span> <span class='ocrx_word' id='word_1_313' title='bbox 1531 2639 1750 2694; x_wconf 87' lang='lat' dir='ltr'><strong>Senatui</strong></span> <span class='ocrx_word' id='word_1_314' title='bbox 1782 2656 1877 2694; x_wconf 79' lang='lat' dir='ltr'><strong>no-</strong></span> 
     </span>
    </p>
   </div>
   <div class='ocr_carea' id='block_1_44' title="bbox 282 2731 1876 2801">
    <p class='ocr_par' dir='ltr' id='par_1_44' title="bbox 282 2731 1876 2801">
     <span class='ocr_line' id='line_1_44' title="bbox 282 2731 1876 2801; baseline 0.001 -17"><span class='ocrx_word' id='word_1_315' title='bbox 282 2746 410 2785; x_wconf 86' lang='lat' dir='ltr'><strong>men</strong></span> <span class='ocrx_word' id='word_1_316' title='bbox 434 2739 568 2786; x_wconf 73' lang='lat' dir='ltr'><strong>tetas</strong></span> <span class='ocrx_word' id='word_1_317' title='bbox 591 2731 759 2795; x_wconf 85' lang='lat' dir='ltr'><strong>dedit,</strong></span> <span class='ocrx_word' id='word_1_318' title='bbox 790 2731 930 2801; x_wconf 87' lang='lat' dir='ltr'><strong>quod</strong></span> <span class='ocrx_word' id='word_1_319' title='bbox 953 2734 1197 2786; x_wconf 88' lang='lat' dir='ltr'><strong>seniores</strong></span> <span class='ocrx_word' id='word_1_320' title='bbox 1232 2739 1432 2785; x_wconf 88' lang='lat' dir='ltr'><strong>essent.</strong></span> <span class='ocrx_word' id='word_1_321' title='bbox 1464 2731 1564 2784; x_wconf 85' lang='lat' dir='ltr'><strong>Alii</strong></span> <span class='ocrx_word' id='word_1_322' title='bbox 1593 2746 1621 2784; x_wconf 90' lang='lat' dir='ltr'><strong>a</strong></span> <span class='ocrx_word' id='word_1_323' title='bbox 1654 2731 1876 2786; x_wconf 73' lang='lat' dir='ltr'><strong>sinendo</strong></span> 
     </span>
    </p>
   </div>
   <div class='ocr_carea' id='block_1_45' title="bbox 281 2820 1875 2892">
    <p class='ocr_par' dir='ltr' id='par_1_45' title="bbox 281 2820 1875 2892">
     <span class='ocr_line' id='line_1_45' title="bbox 281 2820 1875 2892; baseline -0.001 -17"><span class='ocrx_word' id='word_1_324' title='bbox 281 2821 460 2876; x_wconf 84' lang='lat' dir='ltr'><strong>dictos</strong></span> <span class='ocrx_word' id='word_1_325' title='bbox 488 2820 765 2889; x_wconf 87' lang='lat' dir='ltr'><strong>accipiunt</strong></span> <span class='ocrx_word' id='word_1_326' title='bbox 815 2822 1256 2891; x_wconf 82' lang='lat' dir='ltr'><strong>senatores,&#39;ipsi</strong></span> <span class='ocrx_word' id='word_1_327' title='bbox 1296 2820 1440 2875; x_wconf 88' lang='lat' dir='ltr'><strong>enim</strong></span> <span class='ocrx_word' id='word_1_328' title='bbox 1488 2822 1675 2892; x_wconf 85' lang='lat' dir='ltr'><strong>agendi</strong></span> <span class='ocrx_word' id='word_1_329' title='bbox 1705 2821 1875 2876; x_wconf 84' lang='lat' dir='ltr'><strong>facul-</strong></span> 
     </span>
    </p>
   </div>
   <div class='ocr_carea' id='block_1_46' title="bbox 285 2909 1876 2967">
    <p class='ocr_par' dir='ltr' id='par_1_46' title="bbox 285 2909 1876 2967">
     <span class='ocr_line' id='line_1_46' title="bbox 285 2909 1876 2967; baseline 0.001 -1"><span class='ocrx_word' id='word_1_330' title='bbox 285 2919 451 2966; x_wconf 85' lang='lat' dir='ltr'><strong>tatem</strong></span> <span class='ocrx_word' id='word_1_331' title='bbox 477 2911 696 2966; x_wconf 87' lang='lat' dir='ltr'><strong>dabant.</strong></span> <span class='ocrx_word' id='word_1_332' title='bbox 730 2909 1243 2967; x_wconf 86' lang='lat' dir='ltr'><strong>Senatusconsultus</strong></span> <span class='ocrx_word' id='word_1_333' title='bbox 1269 2927 1298 2965; x_wconf 91' lang='lat' dir='ltr'><strong>a</strong></span> <span class='ocrx_word' id='word_1_334' title='bbox 1331 2910 1663 2965; x_wconf 81' lang='lat' dir='ltr'><strong>consulendo</strong></span> <span class='ocrx_word' id='word_1_335' title='bbox 1689 2921 1741 2965; x_wconf 92' lang='lat' dir='ltr'><strong>ct</strong></span> <span class='ocrx_word' id='word_1_336' title='bbox 1764 2921 1876 2967; x_wconf 80' lang='lat' dir='ltr'><strong>tra-</strong></span> 
     </span>
    </p>
   </div>
   <div class='ocr_carea' id='block_1_47' title="bbox 282 3001 1874 3072">
    <p class='ocr_par' dir='ltr' id='par_1_47' title="bbox 282 3001 1874 3072">
     <span class='ocr_line' id='line_1_47' title="bbox 282 3001 1874 3072; baseline -0.003 -15"><span class='ocrx_word' id='word_1_337' title='bbox 282 3001 483 3058; x_wconf 82' lang='lat' dir='ltr'><strong>ctando</strong></span> <span class='ocrx_word' id='word_1_338' title='bbox 529 3011 616 3057; x_wconf 88' lang='lat' dir='ltr'><strong>est</strong></span> <span class='ocrx_word' id='word_1_339' title='bbox 649 3002 829 3056; x_wconf 86' lang='lat' dir='ltr'><strong>dictus</strong></span> <span class='ocrx_word' id='word_1_340' title='bbox 860 3019 875 3068; x_wconf 91' lang='lat'><strong>;</strong></span> <span class='ocrx_word' id='word_1_341' title='bbox 913 3005 1054 3072; x_wconf 89' lang='lat' dir='ltr'><strong>quod</strong></span> <span class='ocrx_word' id='word_1_342' title='bbox 1099 3003 1177 3057; x_wconf 87' lang='lat' dir='ltr'><strong>sic</strong></span> <span class='ocrx_word' id='word_1_343' title='bbox 1222 3002 1302 3066; x_wconf 89' lang='lat' dir='ltr'><strong>ﬁt,</strong></span> <span class='ocrx_word' id='word_1_344' title='bbox 1337 3010 1395 3055; x_wconf 89' lang='lat' dir='ltr'><strong>ut</strong></span> <span class='ocrx_word' id='word_1_345' title='bbox 1423 3001 1671 3056; x_wconf 76' lang='lat' dir='ltr'><strong>consulat</strong></span> <span class='ocrx_word' id='word_1_346' title='bbox 1698 3008 1752 3054; x_wconf 90' lang='lat' dir='ltr'><strong>et</strong></span> <span class='ocrx_word' id='word_1_347' title='bbox 1776 3016 1874 3054; x_wconf 91' lang='lat' dir='ltr'><strong>no-</strong></span> 
     </span>
    </p>
   </div>
   <div class='ocr_carea' id='block_1_48' title="bbox 1983 1907 3566 1976">
    <p class='ocr_par' dir='ltr' id='par_1_48' title="bbox 1983 1907 3566 1976">
     <span class='ocr_line' id='line_1_48' title="bbox 1983 1907 3566 1976; baseline 0.003 -14"><span class='ocrx_word' id='word_1_348' title='bbox 1983 1907 2262 1962; x_wconf 88' lang='lat' dir='ltr'><strong>dimissam</strong></span> <span class='ocrx_word' id='word_1_349' title='bbox 2294 1907 2572 1962; x_wconf 84' lang='lat' dir='ltr'><strong>conservis</strong></span> <span class='ocrx_word' id='word_1_350' title='bbox 2599 1907 2710 1962; x_wconf 90' lang='lat' dir='ltr'><strong>suis</strong></span> <span class='ocrx_word' id='word_1_351' title='bbox 2738 1908 3053 1976; x_wconf 81' lang='lat' dir='ltr'><strong>providebat</strong></span> <span class='ocrx_word' id='word_1_352' title='bbox 3084 1909 3184 1964; x_wconf 91' lang='lat' dir='ltr'><strong>sibi</strong></span> <span class='ocrx_word' id='word_1_353' title='bbox 3215 1909 3270 1963; x_wconf 92' lang='lat' dir='ltr'><strong>in</strong></span> <span class='ocrx_word' id='word_1_354' title='bbox 3303 1911 3566 1967; x_wconf 90' lang='lat' dir='ltr'><strong>futurum.</strong></span> 
     </span>
    </p>
   </div>
   <div class='ocr_carea' id='block_1_49' title="bbox 1988 1997 3569 2073">
    <p class='ocr_par' dir='ltr' id='par_1_49' title="bbox 1988 1997 3569 2073">
     <span class='ocr_line' id='line_1_49' title="bbox 1988 1997 3569 2073; baseline 0.004 -21"><span class='ocrx_word' id='word_1_355' title='bbox 1988 1997 2136 2053; x_wconf 83' lang='lat' dir='ltr'><strong>Unde</strong></span> <span class='ocrx_word' id='word_1_356' title='bbox 2180 1999 2295 2068; x_wconf 90' lang='lat' dir='ltr'><strong>ipse</strong></span> <span class='ocrx_word' id='word_1_357' title='bbox 2337 1998 2597 2052; x_wconf 80' lang='lat' dir='ltr'><strong>Dominus</strong></span> <span class='ocrx_word' id='word_1_358' title='bbox 2622 2038 2637 2062; x_wconf 90' lang='lat'><strong>,</strong></span> <span class='ocrx_word' id='word_1_359' title='bbox 2680 1998 2930 2067; x_wconf 78' lang='lat' dir='ltr'><strong>explicita</strong></span> <span class='ocrx_word' id='word_1_360' title='bbox 2963 1999 3250 2069; x_wconf 87' lang='lat' dir='ltr'><strong>parabola,</strong></span> <span class='ocrx_word' id='word_1_361' title='bbox 3290 2002 3569 2073; x_wconf 88' lang='lat' dir='ltr'><strong>discipulis</strong></span> 
     </span>
    </p>
   </div>
   <div class='ocr_carea' id='block_1_50' title="bbox 1982 2090 3563 2166">
    <p class='ocr_par' dir='ltr' id='par_1_50' title="bbox 1982 2090 3563 2166">
     <span class='ocr_line' id='line_1_50' title="bbox 1982 2090 3563 2166; baseline 0.001 -19"><span class='ocrx_word' id='word_1_362' title='bbox 1982 2092 2095 2147; x_wconf 89' lang='lat' dir='ltr'><strong>suis</strong></span> <span class='ocrx_word' id='word_1_363' title='bbox 2122 2093 2199 2146; x_wconf 88' lang='lat' dir='ltr'><strong>ait</strong></span> <span class='ocrx_word' id='word_1_364' title='bbox 2233 2110 2245 2145; x_wconf 96' lang='lat'>:</span> <span class='ocrx_word' id='word_1_365' title='bbox 2296 2090 2476 2145; x_wconf 79' lang='lat' dir='ltr'><strong>Facite</strong></span> <span class='ocrx_word' id='word_1_366' title='bbox 2506 2092 2645 2146; x_wconf 75' lang='lat' dir='ltr'><strong>vobis</strong></span> <span class='ocrx_word' id='word_1_367' title='bbox 2675 2095 2870 2147; x_wconf 84' lang='lat' dir='ltr'><strong>amicos</strong></span> <span class='ocrx_word' id='word_1_368' title='bbox 2892 2094 2956 2147; x_wconf 86' lang='lat' dir='ltr'><strong>de</strong></span> <span class='ocrx_word' id='word_1_369' title='bbox 2987 2110 3285 2149; x_wconf 83' lang='lat' dir='ltr'><strong>mammona</strong></span> <span class='ocrx_word' id='word_1_370' title='bbox 3314 2095 3563 2166; x_wconf 80' lang='lat' dir='ltr'><strong>iniquita-</strong></span> 
     </span>
    </p>
   </div>
   <div class='ocr_carea' id='block_1_51' title="bbox 1980 2181 3566 2253">
    <p class='ocr_par' dir='ltr' id='par_1_51' title="bbox 1980 2181 3566 2253">
     <span class='ocr_line' id='line_1_51' title="bbox 1980 2181 3566 2253; baseline 0.003 -19"><span class='ocrx_word' id='word_1_371' title='bbox 1980 2182 2046 2235; x_wconf 90' lang='lat' dir='ltr'><strong>tis</strong></span> <span class='ocrx_word' id='word_1_372' title='bbox 2073 2198 2091 2235; x_wconf 90' lang='lat'><strong><em>:</em></strong></span> <span class='ocrx_word' id='word_1_373' title='bbox 2122 2191 2178 2234; x_wconf 87' lang='lat' dir='ltr'><strong>ut</strong></span> <span class='ocrx_word' id='word_1_374' title='bbox 2208 2198 2327 2233; x_wconf 74' lang='lat' dir='ltr'><strong>cum</strong></span> <span class='ocrx_word' id='word_1_375' title='bbox 2352 2181 2668 2251; x_wconf 77' lang='lat' dir='ltr'><strong>defeceritis,</strong></span> <span class='ocrx_word' id='word_1_376' title='bbox 2701 2183 2948 2253; x_wconf 74' lang='lat' dir='ltr'><strong>recipiant</strong></span> <span class='ocrx_word' id='word_1_377' title='bbox 2974 2199 3059 2236; x_wconf 80' lang='lat' dir='ltr'><strong>ros</strong></span> <span class='ocrx_word' id='word_1_378' title='bbox 3091 2185 3146 2237; x_wconf 86' lang='lat' dir='ltr'><strong>in</strong></span> <span class='ocrx_word' id='word_1_379' title='bbox 3169 2193 3366 2239; x_wconf 72' lang='lat' dir='ltr'><strong>a&#39;terna</strong></span> <span class='ocrx_word' id='word_1_380' title='bbox 3393 2185 3566 2239; x_wconf 58' lang='lat' dir='ltr'><strong>(abero</strong></span> 
     </span>
    </p>
   </div>
   <div class='ocr_carea' id='block_1_52' title="bbox 1981 2269 3564 2347">
    <p class='ocr_par' dir='ltr' id='par_1_52' title="bbox 1981 2269 3564 2347">
     <span class='ocr_line' id='line_1_52' title="bbox 1981 2269 3564 2347; baseline 0.003 -22"><span class='ocrx_word' id='word_1_381' title='bbox 1981 2269 2171 2325; x_wconf 76' lang='lat' dir='ltr'><strong>uacula</strong></span> <span class='ocrx_word' id='word_1_382' title='bbox 2190 2270 2398 2344; x_wconf 84' lang='lat' dir='ltr'><strong>(Ibid.).</strong></span> <span class='ocrx_word' id='word_1_383' title='bbox 2420 2270 2663 2335; x_wconf 83' lang='lat' dir='ltr'><strong>Actores,</strong></span> <span class='ocrx_word' id='word_1_384' title='bbox 2682 2272 2839 2326; x_wconf 88' lang='lat' dir='ltr'><strong>iidem</strong></span> <span class='ocrx_word' id='word_1_385' title='bbox 2864 2282 2918 2327; x_wconf 91' lang='lat' dir='ltr'><strong>et</strong></span> <span class='ocrx_word' id='word_1_386' title='bbox 2941 2282 3242 2339; x_wconf 74' lang='lat' dir='ltr'><strong>curatores,</strong></span> <span class='ocrx_word' id='word_1_387' title='bbox 3265 2274 3334 2328; x_wconf 91' lang='lat' dir='ltr'><strong>ab</strong></span> <span class='ocrx_word' id='word_1_388' title='bbox 3356 2276 3564 2347; x_wconf 78' lang='lat' dir='ltr'><strong>agendo</strong></span> 
     </span>
    </p>
   </div>
   <div class='ocr_carea' id='block_1_53' title="bbox 1979 2362 3566 2437">
    <p class='ocr_par' dir='ltr' id='par_1_53' title="bbox 1979 2362 3566 2437">
     <span class='ocr_line' id='line_1_53' title="bbox 1979 2362 3566 2437; baseline 0.001 -20"><span class='ocrx_word' id='word_1_389' title='bbox 1979 2372 2033 2417; x_wconf 89' lang='lat' dir='ltr'><strong>et</strong></span> <span class='ocrx_word' id='word_1_390' title='bbox 2062 2362 2303 2417; x_wconf 85' lang='lat' dir='ltr'><strong>curando</strong></span> <span class='ocrx_word' id='word_1_391' title='bbox 2326 2365 2525 2417; x_wconf 86' lang='lat' dir='ltr'><strong>vocati.</strong></span> <span class='ocrx_word' id='word_1_392' title='bbox 2558 2362 2944 2417; x_wconf 88' lang='lat' dir='ltr'><strong>Procuratores</strong></span> <span class='ocrx_word' id='word_1_393' title='bbox 2985 2378 3113 2419; x_wconf 89' lang='lat' dir='ltr'><strong>vero</strong></span> <span class='ocrx_word' id='word_1_394' title='bbox 3169 2379 3235 2419; x_wconf 93' lang='lat' dir='ltr'><strong>eo</strong></span> <span class='ocrx_word' id='word_1_395' title='bbox 3277 2365 3421 2437; x_wconf 82' lang='lat' dir='ltr'><strong>quod</strong></span> <span class='ocrx_word' id='word_1_396' title='bbox 3449 2365 3566 2418; x_wconf 82' lang='lat' dir='ltr'><strong>vice</strong></span> 
     </span>
    </p>
   </div>
   <div class='ocr_carea' id='block_1_54' title="bbox 1980 2456 3566 2526">
    <p class='ocr_par' dir='ltr' id='par_1_54' title="bbox 1980 2456 3566 2526">
     <span class='ocr_line' id='line_1_54' title="bbox 1980 2456 3566 2526; baseline -0.001 -15"><span class='ocrx_word' id='word_1_397' title='bbox 1980 2457 2248 2511; x_wconf 85' lang='lat' dir='ltr'><strong>curatoris</strong></span> <span class='ocrx_word' id='word_1_398' title='bbox 2296 2456 2591 2526; x_wconf 86' lang='lat' dir='ltr'><strong>funguntur</strong></span> <span class='ocrx_word' id='word_1_399' title='bbox 2635 2456 2787 2524; x_wconf 90' lang='lat' dir='ltr'><strong>quasi</strong></span> <span class='ocrx_word' id='word_1_400' title='bbox 2831 2470 2930 2526; x_wconf 89' lang='lat' dir='ltr'><strong>pro</strong></span> <span class='ocrx_word' id='word_1_401' title='bbox 2973 2463 3243 2520; x_wconf 89' lang='lat' dir='ltr'><strong>curatore,</strong></span> <span class='ocrx_word' id='word_1_402' title='bbox 3273 2456 3413 2510; x_wconf 88' lang='lat' dir='ltr'><strong>sicut</strong></span> <span class='ocrx_word' id='word_1_403' title='bbox 3442 2471 3566 2526; x_wconf 89' lang='lat' dir='ltr'><strong>pro-</strong></span> 
     </span>
    </p>
   </div>
   <div class='ocr_carea' id='block_1_55' title="bbox 1978 2547 3565 2620">
    <p class='ocr_par' dir='ltr' id='par_1_55' title="bbox 1978 2547 3565 2620">
     <span class='ocr_line' id='line_1_55' title="bbox 1978 2547 3565 2620; baseline -0.001 -17"><span class='ocrx_word' id='word_1_404' title='bbox 1978 2548 2169 2603; x_wconf 89' lang='lat' dir='ltr'><strong>consul</strong></span> <span class='ocrx_word' id='word_1_405' title='bbox 2199 2564 2296 2617; x_wconf 85' lang='lat' dir='ltr'><strong>pro</strong></span> <span class='ocrx_word' id='word_1_406' title='bbox 2321 2548 2563 2602; x_wconf 87' lang='lat' dir='ltr'><strong>consule.</strong></span> <span class='ocrx_word' id='word_1_407' title='bbox 2592 2547 2813 2620; x_wconf 81' lang='lat' dir='ltr'><strong>Mystice</strong></span> <span class='ocrx_word' id='word_1_408' title='bbox 2841 2554 3020 2601; x_wconf 85' lang='lat' dir='ltr'><strong>autem</strong></span> <span class='ocrx_word' id='word_1_409' title='bbox 3049 2556 3431 2618; x_wconf 86' lang='lat' dir='ltr'><strong>procuratores</strong></span> <span class='ocrx_word' id='word_1_410' title='bbox 3451 2548 3565 2602; x_wconf 87' lang='lat' dir='ltr'><strong>sive</strong></span> 
     </span>
    </p>
   </div>
   <div class='ocr_carea' id='block_1_56' title="bbox 1979 2642 3562 2711">
    <p class='ocr_par' dir='ltr' id='par_1_56' title="bbox 1979 2642 3562 2711">
     <span class='ocr_line' id='line_1_56' title="bbox 1979 2642 3562 2711; baseline 0.002 -20"><span class='ocrx_word' id='word_1_411' title='bbox 1979 2649 2185 2694; x_wconf 85' lang='lat' dir='ltr'><strong>tutores</strong></span> <span class='ocrx_word' id='word_1_412' title='bbox 2214 2650 2269 2695; x_wconf 91' lang='lat' dir='ltr'><strong>et</strong></span> <span class='ocrx_word' id='word_1_413' title='bbox 2306 2651 2518 2695; x_wconf 82' lang='lat' dir='ltr'><strong>actores</strong></span> <span class='ocrx_word' id='word_1_414' title='bbox 2545 2650 2769 2710; x_wconf 86' lang='lat' dir='ltr'><strong>possunt</strong></span> <span class='ocrx_word' id='word_1_415' title='bbox 2795 2642 3071 2710; x_wconf 65' lang='lat' dir='ltr'><strong>propheta:</strong></span> <span class='ocrx_word' id='word_1_416' title='bbox 3095 2642 3301 2711; x_wconf 89' lang='lat' dir='ltr'><strong>accipi,</strong></span> <span class='ocrx_word' id='word_1_417' title='bbox 3332 2657 3562 2711; x_wconf 88' lang='lat' dir='ltr'><strong>quorum</strong></span> 
     </span>
    </p>
   </div>
   <div class='ocr_carea' id='block_1_57' title="bbox 1976 2732 3560 2802">
    <p class='ocr_par' dir='ltr' id='par_1_57' title="bbox 1976 2732 3560 2802">
     <span class='ocr_line' id='line_1_57' title="bbox 1976 2732 3560 2802; baseline 0.001 -16"><span class='ocrx_word' id='word_1_418' title='bbox 1976 2734 2158 2787; x_wconf 83' lang='lat' dir='ltr'><strong>verbis</strong></span> <span class='ocrx_word' id='word_1_419' title='bbox 2200 2734 2443 2802; x_wconf 73' lang='lat' dir='ltr'><strong>quotidie</strong></span> <span class='ocrx_word' id='word_1_420' title='bbox 2470 2734 2522 2786; x_wconf 85' lang='lat' dir='ltr'><strong>in</strong></span> <span class='ocrx_word' id='word_1_421' title='bbox 2564 2734 2793 2786; x_wconf 69' lang='lat' dir='ltr'><strong>adventu</strong></span> <span class='ocrx_word' id='word_1_422' title='bbox 2827 2732 3123 2788; x_wconf 86' lang='lat' dir='ltr'><strong>Salvatoris</strong></span> <span class='ocrx_word' id='word_1_423' title='bbox 3159 2733 3560 2789; x_wconf 86' lang='lat' dir='ltr'><strong>erudiebamur.</strong></span> 
     </span>
    </p>
   </div>
   <div class='ocr_carea' id='block_1_58' title="bbox 1979 2806 3565 2892">
    <p class='ocr_par' dir='ltr' id='par_1_58' title="bbox 1979 2806 3565 2892">
     <span class='ocr_line' id='line_1_58' title="bbox 1979 2806 3565 2892; baseline 0 -16"><span class='ocrx_word' id='word_1_424' title='bbox 1979 2820 2131 2876; x_wconf 87' lang='lat' dir='ltr'><strong>Unde</strong></span> <span class='ocrx_word' id='word_1_425' title='bbox 2164 2806 2451 2891; x_wconf 71' lang='lat' dir='ltr'><strong>Apostolus</strong></span> <span class='ocrx_word' id='word_1_426' title='bbox 2488 2824 2588 2877; x_wconf 88' lang='lat' dir='ltr'><strong>sub</strong></span> <span class='ocrx_word' id='word_1_427' title='bbox 2624 2822 2870 2891; x_wconf 74' lang='lat' dir='ltr'><strong>exemplo</strong></span> <span class='ocrx_word' id='word_1_428' title='bbox 2899 2823 2975 2875; x_wconf 85' lang='lat' dir='ltr'><strong>ait</strong></span> <span class='ocrx_word' id='word_1_429' title='bbox 3024 2840 3037 2875; x_wconf 90' lang='lat'>:</span> <span class='ocrx_word' id='word_1_430' title='bbox 3091 2820 3302 2887; x_wconf 84' lang='lat' dir='ltr'><strong>Quanto</strong></span> <span class='ocrx_word' id='word_1_431' title='bbox 3337 2832 3565 2892; x_wconf 81' lang='lat' dir='ltr'><strong>tempore</strong></span> 
     </span>
    </p>
   </div>
   <div class='ocr_carea' id='block_1_59' title="bbox 1974 2911 3564 2982">
    <p class='ocr_par' dir='ltr' id='par_1_59' title="bbox 1974 2911 3564 2982">
     <span class='ocr_line' id='line_1_59' title="bbox 1974 2911 3564 2982; baseline -0.001 -16"><span class='ocrx_word' id='word_1_432' title='bbox 1974 2914 2139 2966; x_wconf 68' lang='lat' dir='ltr'><strong>lateres</strong></span> <span class='ocrx_word' id='word_1_433' title='bbox 2166 2914 2413 2982; x_wconf 81' lang='lat' dir='ltr'><strong>parvulus</strong></span> <span class='ocrx_word' id='word_1_434' title='bbox 2435 2922 2528 2976; x_wconf 85' lang='lat' dir='ltr'><strong>est,</strong></span> <span class='ocrx_word' id='word_1_435' title='bbox 2552 2912 2682 2967; x_wconf 83' lang='lat' dir='ltr'><strong>nihil</strong></span> <span class='ocrx_word' id='word_1_436' title='bbox 2706 2914 2884 2982; x_wconf 69' lang='lat' dir='ltr'><strong>differt</strong></span> <span class='ocrx_word' id='word_1_437' title='bbox 2909 2930 2940 2965; x_wconf 78' lang='grc' dir='ltr'><em>(ι</em></span> <span class='ocrx_word' id='word_1_438' title='bbox 2965 2928 3131 2978; x_wconf 84' lang='lat' dir='ltr'><strong>servo,</strong></span> <span class='ocrx_word' id='word_1_439' title='bbox 3165 2928 3282 2965; x_wconf 86' lang='lat' dir='ltr'><strong>cum</strong></span> <span class='ocrx_word' id='word_1_440' title='bbox 3311 2912 3379 2966; x_wconf 89' lang='lat' dir='ltr'><strong>sit</strong></span> <span class='ocrx_word' id='word_1_441' title='bbox 3402 2911 3564 2965; x_wconf 87' lang='lat' dir='ltr'><strong>domi-</strong></span> 
     </span>
    </p>
   </div>
   <div class='ocr_carea' id='block_1_60' title="bbox 1975 3002 3564 3071">
    <p class='ocr_par' dir='ltr' id='par_1_60' title="bbox 1975 3002 3564 3071">
     <span class='ocr_line' id='line_1_60' title="bbox 1975 3002 3564 3071; baseline -0.001 -15"><span class='ocrx_word' id='word_1_442' title='bbox 1975 3019 2072 3056; x_wconf 86' lang='lat' dir='ltr'><strong>mts</strong></span> <span class='ocrx_word' id='word_1_443' title='bbox 2101 3003 2331 3057; x_wconf 86' lang='lat' dir='ltr'><strong>omnium</strong></span> <span class='ocrx_word' id='word_1_444' title='bbox 2360 3017 2378 3055; x_wconf 90' lang='lat'><strong><em>:</em></strong></span> <span class='ocrx_word' id='word_1_445' title='bbox 2409 3003 2499 3058; x_wconf 83' lang='lat' dir='ltr'><strong>sed</strong></span> <span class='ocrx_word' id='word_1_446' title='bbox 2522 3003 2618 3057; x_wconf 85' lang='lat' dir='ltr'><strong>sub</strong></span> <span class='ocrx_word' id='word_1_447' title='bbox 2647 3002 2903 3057; x_wconf 83' lang='lat' dir='ltr'><strong>tutoribus</strong></span> <span class='ocrx_word' id='word_1_448' title='bbox 2928 3010 2976 3056; x_wconf 83' lang='lat' dir='ltr'><strong>et</strong></span> <span class='ocrx_word' id='word_1_449' title='bbox 3004 3002 3268 3056; x_wconf 85' lang='lat' dir='ltr'><strong>actoribus</strong></span> <span class='ocrx_word' id='word_1_450' title='bbox 3296 3011 3371 3056; x_wconf 85' lang='lat' dir='ltr'><strong>est</strong></span> <span class='ocrx_word' id='word_1_451' title='bbox 3398 3017 3564 3071; x_wconf 79' lang='lat' dir='ltr'><strong>usque</strong></span> 
     </span>
    </p>
   </div>
   <div class='ocr_carea' id='block_1_61' title="bbox 281 3090 3558 3204">
    <p class='ocr_par' dir='ltr' id='par_1_61' title="bbox 281 3090 3558 3204">
     <span class='ocr_line' id='line_1_61' title="bbox 281 3090 3558 3204; baseline -0.002 -54"><span class='ocrx_word' id='word_1_452' title='bbox 281 3110 407 3150; x_wconf 65' lang='lat' dir='ltr'><strong>mre</strong></span> <span class='ocrx_word' id='word_1_453' title='bbox 434 3109 541 3148; x_wconf 90' lang='lat' dir='ltr'><strong>non</strong></span> <span class='ocrx_word' id='word_1_454' title='bbox 595 3095 788 3164; x_wconf 89' lang='lat' dir='ltr'><strong>possit.</strong></span> <span class='ocrx_word' id='word_1_455' title='bbox 842 3094 1034 3151; x_wconf 89' lang='lat' dir='ltr'><strong>Patres</strong></span> <span class='ocrx_word' id='word_1_456' title='bbox 1079 3104 1257 3150; x_wconf 86' lang='lat' dir='ltr'><strong>autem</strong></span> <span class='ocrx_word' id='word_1_457' title='bbox 1287 3096 1369 3163; x_wconf 88' lang='lat' dir='ltr'><strong>(ut</strong></span> <span class='ocrx_word' id='word_1_458' title='bbox 1402 3093 1690 3149; x_wconf 83' lang='lat' dir='ltr'><strong>Sallustius</strong></span> <span class='ocrx_word' id='word_1_459' title='bbox 1713 3093 1866 3165; x_wconf 84' lang='lat' dir='ltr'><strong>dicit)</strong></span> <span class='ocrx_word' id='word_1_460' title='bbox 1895 3138 1944 3204; x_wconf 64' lang='grc' dir='ltr'><strong>Ο</strong></span> <span class='ocrx_word' id='word_1_461' title='bbox 1976 3093 2045 3145; x_wconf 84' lang='lat' dir='ltr'><strong>ad</strong></span> <span class='ocrx_word' id='word_1_462' title='bbox 2068 3094 2389 3162; x_wconf 77' lang='lat' dir='ltr'><strong>pra-ﬁnitum</strong></span> <span class='ocrx_word' id='word_1_463' title='bbox 2420 3101 2621 3164; x_wconf 82' lang='lat' dir='ltr'><strong>tempus</strong></span> <span class='ocrx_word' id='word_1_464' title='bbox 2649 3112 2681 3148; x_wconf 89' lang='lat' dir='ltr'><strong>a</strong></span> <span class='ocrx_word' id='word_1_465' title='bbox 2710 3103 2856 3164; x_wconf 85' lang='lat' dir='ltr'><strong>patre</strong></span> <span class='ocrx_word' id='word_1_466' title='bbox 2883 3090 3024 3165; x_wconf 82' lang='lat' dir='ltr'><strong>(Gal.</strong></span> <span class='ocrx_word' id='word_1_467' title='bbox 3055 3091 3152 3162; x_wconf 85' lang='lat' dir='ltr'><strong>tv).</strong></span> <span class='ocrx_word' id='word_1_468' title='bbox 3184 3091 3352 3147; x_wconf 81' lang='lat' dir='ltr'><strong>Recte</strong></span> <span class='ocrx_word' id='word_1_469' title='bbox 3376 3092 3429 3146; x_wconf 90' lang='lat' dir='ltr'><strong>bi</strong></span> <span class='ocrx_word' id='word_1_470' title='bbox 3457 3092 3558 3146; x_wconf 85' lang='lat' dir='ltr'><strong>sub</strong></span> 
     </span>
    </p>
   </div>
   <div class='ocr_carea' id='block_1_62' title="bbox 280 3185 1871 3253">
    <p class='ocr_par' dir='ltr' id='par_1_62' title="bbox 280 3185 1871 3253">
     <span class='ocr_line' id='line_1_62' title="bbox 280 3185 1871 3253; baseline 0.001 -15"><span class='ocrx_word' id='word_1_471' title='bbox 280 3201 479 3240; x_wconf 74' lang='lat' dir='ltr'><strong>acurze</strong></span> <span class='ocrx_word' id='word_1_472' title='bbox 507 3185 860 3241; x_wconf 86' lang='lat' dir='ltr'><strong>similitudine</strong></span> <span class='ocrx_word' id='word_1_473' title='bbox 911 3187 1084 3242; x_wconf 81' lang='lat' dir='ltr'><strong>vocati</strong></span> <span class='ocrx_word' id='word_1_474' title='bbox 1134 3195 1278 3241; x_wconf 80' lang='lat' dir='ltr'><strong>sunt.</strong></span> <span class='ocrx_word' id='word_1_475' title='bbox 1332 3185 1466 3238; x_wconf 86' lang='lat' dir='ltr'><strong>Nam</strong></span> <span class='ocrx_word' id='word_1_476' title='bbox 1520 3186 1658 3239; x_wconf 89' lang='lat' dir='ltr'><strong>sicut</strong></span> <span class='ocrx_word' id='word_1_477' title='bbox 1688 3192 1871 3253; x_wconf 86' lang='lat' dir='ltr'><strong>patres</strong></span> 
     </span>
    </p>
   </div>
   <div class='ocr_carea' id='block_1_63' title="bbox 281 3274 1875 3346">
    <p class='ocr_par' dir='ltr' id='par_1_63' title="bbox 281 3274 1875 3346">
     <span class='ocr_line' id='line_1_63' title="bbox 281 3274 1875 3346; baseline -0.002 -17"><span class='ocrx_word' id='word_1_478' title='bbox 281 3276 442 3342; x_wconf 90' lang='lat' dir='ltr'><strong>ﬁlios,</strong></span> <span class='ocrx_word' id='word_1_479' title='bbox 480 3276 554 3330; x_wconf 90' lang='lat' dir='ltr'><strong>ita</strong></span> <span class='ocrx_word' id='word_1_480' title='bbox 592 3275 669 3330; x_wconf 91' lang='lat' dir='ltr'><strong>illi</strong></span> <span class='ocrx_word' id='word_1_481' title='bbox 710 3277 1098 3346; x_wconf 80' lang='lat' dir='ltr'><strong>rempnllicam</strong></span> <span class='ocrx_word' id='word_1_482' title='bbox 1140 3277 1373 3331; x_wconf 87' lang='lat' dir='ltr'><strong>alebant.</strong></span> <span class='ocrx_word' id='word_1_483' title='bbox 1421 3274 1611 3329; x_wconf 85' lang='lat' dir='ltr'><strong>Patres</strong></span> <span class='ocrx_word' id='word_1_484' title='bbox 1638 3274 1875 3328; x_wconf 84' lang='lat' dir='ltr'><strong>conscri-</strong></span> 
     </span>
    </p>
   </div>
   <div class='ocr_carea' id='block_1_64' title="bbox 276 3366 1872 3437">
    <p class='ocr_par' dir='ltr' id='par_1_64' title="bbox 276 3366 1872 3437">
     <span class='ocr_line' id='line_1_64' title="bbox 276 3366 1872 3437; baseline -0.003 -15"><span class='ocrx_word' id='word_1_485' title='bbox 276 3369 395 3437; x_wconf 89' lang='lat' dir='ltr'><strong>pti:</strong></span> <span class='ocrx_word' id='word_1_486' title='bbox 453 3366 579 3436; x_wconf 88' lang='lat' dir='ltr'><strong>quia</strong></span> <span class='ocrx_word' id='word_1_487' title='bbox 631 3366 759 3420; x_wconf 90' lang='lat' dir='ltr'><strong>dum</strong></span> <span class='ocrx_word' id='word_1_488' title='bbox 799 3367 1059 3421; x_wconf 74' lang='lat' dir='ltr'><strong>Romulus</strong></span> <span class='ocrx_word' id='word_1_489' title='bbox 1105 3367 1290 3421; x_wconf 80' lang='lat' dir='ltr'><strong>decem</strong></span> <span class='ocrx_word' id='word_1_490' title='bbox 1334 3366 1514 3420; x_wconf 90' lang='lat' dir='ltr'><strong>curias</strong></span> <span class='ocrx_word' id='word_1_491' title='bbox 1560 3374 1872 3419; x_wconf 82' lang='lat' dir='ltr'><strong>senatorum</strong></span> 
     </span>
    </p>
   </div>
   <div class='ocr_carea' id='block_1_65' title="bbox 277 3455 1874 3529">
    <p class='ocr_par' dir='ltr' id='par_1_65' title="bbox 277 3455 1874 3529">
     <span class='ocr_line' id='line_1_65' title="bbox 277 3455 1874 3529; baseline -0.001 -17"><span class='ocrx_word' id='word_1_492' title='bbox 277 3456 553 3529; x_wconf 66' lang='lat' dir='ltr'><strong>elegisset,</strong></span> <span class='ocrx_word' id='word_1_493' title='bbox 584 3459 799 3512; x_wconf 87' lang='lat' dir='ltr'><strong>nomina</strong></span> <span class='ocrx_word' id='word_1_494' title='bbox 839 3473 1026 3513; x_wconf 91' lang='lat' dir='ltr'><strong>eorum</strong></span> <span class='ocrx_word' id='word_1_495' title='bbox 1058 3456 1306 3527; x_wconf 72' lang='lat' dir='ltr'><strong>prtesenti</strong></span> <span class='ocrx_word' id='word_1_496' title='bbox 1348 3456 1544 3527; x_wconf 88' lang='lat' dir='ltr'><strong>populo</strong></span> <span class='ocrx_word' id='word_1_497' title='bbox 1572 3456 1622 3509; x_wconf 90' lang='lat' dir='ltr'><strong>in</strong></span> <span class='ocrx_word' id='word_1_498' title='bbox 1666 3455 1874 3510; x_wconf 88' lang='lat' dir='ltr'><strong>tabulas</strong></span> 
     </span>
    </p>
   </div>
   <div class='ocr_carea' id='block_1_66' title="bbox 278 3544 1875 3618">
    <p class='ocr_par' dir='ltr' id='par_1_66' title="bbox 278 3544 1875 3618">
     <span class='ocr_line' id='line_1_66' title="bbox 278 3544 1875 3618; baseline 0.001 -18"><span class='ocrx_word' id='word_1_499' title='bbox 278 3563 471 3602; x_wconf 85' lang='lat' dir='ltr'><strong>aureas</strong></span> <span class='ocrx_word' id='word_1_500' title='bbox 497 3548 733 3603; x_wconf 88' lang='lat' dir='ltr'><strong>contulit</strong></span> <span class='ocrx_word' id='word_1_501' title='bbox 763 3589 778 3611; x_wconf 93' lang='lat'><strong>,</strong></span> <span class='ocrx_word' id='word_1_502' title='bbox 835 3557 997 3618; x_wconf 88' lang='lat' dir='ltr'><strong>atque</strong></span> <span class='ocrx_word' id='word_1_503' title='bbox 1044 3546 1168 3602; x_wconf 88' lang='lat' dir='ltr'><strong>inde</strong></span> <span class='ocrx_word' id='word_1_504' title='bbox 1216 3544 1403 3601; x_wconf 87' lang='lat' dir='ltr'><strong>Patres</strong></span> <span class='ocrx_word' id='word_1_505' title='bbox 1458 3547 1748 3617; x_wconf 87' lang='lat' dir='ltr'><strong>conscripti</strong></span> <span class='ocrx_word' id='word_1_506' title='bbox 1781 3562 1875 3601; x_wconf 87' lang='lat' dir='ltr'><strong>vo-</strong></span> 
     </span>
    </p>
   </div>
   <div class='ocr_carea' id='block_1_67' title="bbox 279 3638 1872 3710">
    <p class='ocr_par' dir='ltr' id='par_1_67' title="bbox 279 3638 1872 3710">
     <span class='ocr_line' id='line_1_67' title="bbox 279 3638 1872 3710; baseline 0 -16"><span class='ocrx_word' id='word_1_507' title='bbox 279 3640 405 3694; x_wconf 84' lang='lat' dir='ltr'><strong>cati.</strong></span> <span class='ocrx_word' id='word_1_508' title='bbox 436 3640 741 3710; x_wconf 78' lang='lat' dir='ltr'><strong>Municipes</strong></span> <span class='ocrx_word' id='word_1_509' title='bbox 792 3647 917 3694; x_wconf 89' lang='lat' dir='ltr'><strong>sunt</strong></span> <span class='ocrx_word' id='word_1_510' title='bbox 971 3640 1024 3693; x_wconf 90' lang='lat' dir='ltr'><strong>in</strong></span> <span class='ocrx_word' id='word_1_511' title='bbox 1067 3639 1259 3693; x_wconf 83' lang='lat' dir='ltr'><strong>eodem</strong></span> <span class='ocrx_word' id='word_1_512' title='bbox 1311 3638 1604 3707; x_wconf 86' lang='lat' dir='ltr'><strong>municipio</strong></span> <span class='ocrx_word' id='word_1_513' title='bbox 1633 3638 1766 3705; x_wconf 87' lang='lat' dir='ltr'><strong>nati,</strong></span> <span class='ocrx_word' id='word_1_514' title='bbox 1804 3640 1872 3694; x_wconf 88' lang='lat' dir='ltr'><strong>ab</strong></span> 
     </span>
    </p>
   </div>
   <div class='ocr_carea' id='block_1_68' title="bbox 277 3730 1869 3802">
    <p class='ocr_par' dir='ltr' id='par_1_68' title="bbox 277 3730 1869 3802">
     <span class='ocr_line' id='line_1_68' title="bbox 277 3730 1869 3802; baseline -0.003 -14"><span class='ocrx_word' id='word_1_515' title='bbox 277 3733 455 3789; x_wconf 80' lang='lat' dir='ltr'><strong>cilicio</strong></span> <span class='ocrx_word' id='word_1_516' title='bbox 517 3749 802 3788; x_wconf 90' lang='lat' dir='ltr'><strong>munerum</strong></span> <span class='ocrx_word' id='word_1_517' title='bbox 875 3731 1004 3786; x_wconf 87' lang='lat' dir='ltr'><strong>dicti</strong></span> <span class='ocrx_word' id='word_1_518' title='bbox 1074 3747 1138 3787; x_wconf 92' lang='lat' dir='ltr'><strong>co</strong></span> <span class='ocrx_word' id='word_1_519' title='bbox 1194 3731 1337 3802; x_wconf 90' lang='lat' dir='ltr'><strong>quod</strong></span> <span class='ocrx_word' id='word_1_520' title='bbox 1403 3730 1615 3799; x_wconf 85' lang='lat' dir='ltr'><strong>publica</strong></span> <span class='ocrx_word' id='word_1_521' title='bbox 1688 3730 1869 3784; x_wconf 88' lang='lat' dir='ltr'><strong>munia</strong></span> 
     </span>
    </p>
   </div>
   <div class='ocr_carea' id='block_1_69' title="bbox 277 3822 1874 3896">
    <p class='ocr_par' dir='ltr' id='par_1_69' title="bbox 277 3822 1874 3896">
     <span class='ocr_line' id='line_1_69' title="bbox 277 3822 1874 3896; baseline -0.001 -18"><span class='ocrx_word' id='word_1_522' title='bbox 277 3825 570 3895; x_wconf 88' lang='lat' dir='ltr'><strong>accipiunt.</strong></span> <span class='ocrx_word' id='word_1_523' title='bbox 642 3824 822 3878; x_wconf 78' lang='lat' dir='ltr'><strong>Munia</strong></span> <span class='ocrx_word' id='word_1_524' title='bbox 885 3824 1029 3896; x_wconf 78' lang='lat' dir='ltr'><strong>enim</strong></span> <span class='ocrx_word' id='word_1_525' title='bbox 1094 3823 1268 3878; x_wconf 80' lang='lat' dir='ltr'><strong>cilicia</strong></span> <span class='ocrx_word' id='word_1_526' title='bbox 1346 3830 1471 3878; x_wconf 90' lang='lat' dir='ltr'><strong>sunt</strong></span> <span class='ocrx_word' id='word_1_527' title='bbox 1523 3840 1534 3875; x_wconf 93' lang='lat'><strong>:</strong></span> <span class='ocrx_word' id='word_1_528' title='bbox 1614 3822 1755 3877; x_wconf 89' lang='lat' dir='ltr'><strong>unde</strong></span> <span class='ocrx_word' id='word_1_529' title='bbox 1816 3827 1874 3877; x_wconf 91' lang='lat' dir='ltr'><strong>et</strong></span> 
     </span>
    </p>
   </div>
   <div class='ocr_carea' id='block_1_70' title="bbox 276 3917 1865 3991">
    <p class='ocr_par' dir='ltr' id='par_1_70' title="bbox 276 3917 1865 3991">
     <span class='ocr_line' id='line_1_70' title="bbox 276 3917 1865 3991; baseline -0.004 -13"><span class='ocrx_word' id='word_1_530' title='bbox 276 3925 546 3978; x_wconf 76' lang='lat' dir='ltr'><strong>immunes</strong></span> <span class='ocrx_word' id='word_1_531' title='bbox 604 3923 898 3987; x_wconf 87' lang='lat' dir='ltr'><strong>dicuntur,</strong></span> <span class='ocrx_word' id='word_1_532' title='bbox 960 3920 1052 3991; x_wconf 91' lang='lat' dir='ltr'><strong>qui</strong></span> <span class='ocrx_word' id='word_1_533' title='bbox 1119 3920 1321 3974; x_wconf 90' lang='lat' dir='ltr'><strong>nullum</strong></span> <span class='ocrx_word' id='word_1_534' title='bbox 1361 3927 1555 3990; x_wconf 82' lang='lat' dir='ltr'><strong>gerant</strong></span> <span class='ocrx_word' id='word_1_535' title='bbox 1602 3917 1865 3985; x_wconf 74' lang='lat' dir='ltr'><strong>cilicium;</strong></span> 
     </span>
    </p>
   </div>
   <div class='ocr_carea' id='block_1_71' title="bbox 229 4008 1867 4085">
    <p class='ocr_par' dir='ltr' id='par_1_71' title="bbox 229 4008 1867 4085">
     <span class='ocr_line' id='line_1_71' title="bbox 229 4008 1867 4085; baseline -0.005 -14"><span class='ocrx_word' id='word_1_536' title='bbox 229 4016 654 4085; x_wconf 86' lang='lat' dir='ltr'><strong>‘munieipales,</strong></span> <span class='ocrx_word' id='word_1_537' title='bbox 698 4013 990 4084; x_wconf 88' lang='lat' dir='ltr'><strong>originales</strong></span> <span class='ocrx_word' id='word_1_538' title='bbox 1037 4013 1182 4068; x_wconf 90' lang='lat' dir='ltr'><strong>cives</strong></span> <span class='ocrx_word' id='word_1_539' title='bbox 1240 4022 1295 4067; x_wconf 91' lang='lat' dir='ltr'><strong>et</strong></span> <span class='ocrx_word' id='word_1_540' title='bbox 1359 4012 1409 4065; x_wconf 91' lang='lat' dir='ltr'><strong>in</strong></span> <span class='ocrx_word' id='word_1_541' title='bbox 1458 4010 1574 4065; x_wconf 91' lang='lat' dir='ltr'><strong>loco</strong></span> <span class='ocrx_word' id='word_1_542' title='bbox 1631 4008 1867 4064; x_wconf 76' lang='lat' dir='ltr'><strong>cilicium</strong></span> 
     </span>
    </p>
   </div>
   <div class='ocr_carea' id='block_1_72' title="bbox 275 4094 1868 4180">
    <p class='ocr_par' dir='ltr' id='par_1_72' title="bbox 275 4094 1868 4180">
     <span class='ocr_line' id='line_1_72' title="bbox 275 4094 1868 4180; baseline -0.008 -18"><span class='ocrx_word' id='word_1_543' title='bbox 275 4116 545 4180; x_wconf 78' lang='lat' dir='ltr'><strong>gerentes.</strong></span> <span class='ocrx_word' id='word_1_544' title='bbox 602 4105 823 4175; x_wconf 81' lang='lat' dir='ltr'><strong>Legitur</strong></span> <span class='ocrx_word' id='word_1_545' title='bbox 871 4104 1036 4158; x_wconf 87' lang='lat' dir='ltr'><strong>etiam</strong></span> <span class='ocrx_word' id='word_1_546' title='bbox 1088 4102 1139 4156; x_wconf 90' lang='lat' dir='ltr'><strong>in</strong></span> <span class='ocrx_word' id='word_1_547' title='bbox 1195 4099 1497 4171; x_wconf 87' lang='lat' dir='ltr'><strong>Scripturis</strong></span> <span class='ocrx_word' id='word_1_548' title='bbox 1550 4095 1727 4170; x_wconf 82' lang='lat' dir='ltr'><strong>(Phil.</strong></span> <span class='ocrx_word' id='word_1_549' title='bbox 1771 4094 1868 4168; x_wconf 89' lang='lat' dir='ltr'><strong>nt)</strong></span> 
     </span>
    </p>
   </div>
   <div class='ocr_carea' id='block_1_73' title="bbox 276 4189 1869 4267">
    <p class='ocr_par' dir='ltr' id='par_1_73' title="bbox 276 4189 1869 4267">
     <span class='ocr_line' id='line_1_73' title="bbox 276 4189 1869 4267; baseline -0.009 -14"><span class='ocrx_word' id='word_1_550' title='bbox 276 4198 642 4267; x_wconf 87' lang='lat' dir='ltr'><strong>municipatus</strong></span> <span class='ocrx_word' id='word_1_551' title='bbox 687 4202 997 4250; x_wconf 88' lang='lat' dir='ltr'><strong>sanctorum</strong></span> <span class='ocrx_word' id='word_1_552' title='bbox 1026 4208 1145 4247; x_wconf 89' lang='lat' dir='ltr'><strong>esse</strong></span> <span class='ocrx_word' id='word_1_553' title='bbox 1183 4194 1233 4246; x_wconf 91' lang='lat' dir='ltr'><strong>in</strong></span> <span class='ocrx_word' id='word_1_554' title='bbox 1275 4190 1446 4254; x_wconf 72' lang='lat' dir='ltr'><strong>caelis,</strong></span> <span class='ocrx_word' id='word_1_555' title='bbox 1489 4190 1613 4260; x_wconf 91' lang='lat' dir='ltr'><strong>quia</strong></span> <span class='ocrx_word' id='word_1_556' title='bbox 1646 4189 1718 4242; x_wconf 87' lang='lat' dir='ltr'><strong>ibi</strong></span> <span class='ocrx_word' id='word_1_557' title='bbox 1749 4202 1869 4240; x_wconf 86' lang='lat' dir='ltr'><strong>mu-</strong></span> 
     </span>
    </p>
   </div>
   <div class='ocr_carea' id='block_1_74' title="bbox 275 4276 1869 4359">
    <p class='ocr_par' dir='ltr' id='par_1_74' title="bbox 275 4276 1869 4359">
     <span class='ocr_line' id='line_1_74' title="bbox 275 4276 1869 4359; baseline -0.008 -15"><span class='ocrx_word' id='word_1_558' title='bbox 275 4305 407 4344; x_wconf 82' lang='lat' dir='ltr'><strong>nera</strong></span> <span class='ocrx_word' id='word_1_559' title='bbox 446 4289 668 4359; x_wconf 84' lang='lat' dir='ltr'><strong>capiunt</strong></span> <span class='ocrx_word' id='word_1_560' title='bbox 709 4286 1054 4356; x_wconf 87' lang='lat' dir='ltr'><strong>sempiterna.</strong></span> <span class='ocrx_word' id='word_1_561' title='bbox 1098 4283 1301 4337; x_wconf 84' lang='lat' dir='ltr'><strong>Privati</strong></span> <span class='ocrx_word' id='word_1_562' title='bbox 1342 4288 1470 4337; x_wconf 89' lang='lat' dir='ltr'><strong>sunt</strong></span> <span class='ocrx_word' id='word_1_563' title='bbox 1519 4277 1760 4335; x_wconf 81' lang='lat' dir='ltr'><strong>extranei</strong></span> <span class='ocrx_word' id='word_1_564' title='bbox 1801 4276 1869 4332; x_wconf 87' lang='lat' dir='ltr'><strong>ab</strong></span> 
     </span>
    </p>
   </div>
   <div class='ocr_carea' id='block_1_75' title="bbox 271 4368 1867 4451">
    <p class='ocr_par' dir='ltr' id='par_1_75' title="bbox 271 4368 1867 4451">
     <span class='ocr_line' id='line_1_75' title="bbox 271 4368 1867 4451; baseline -0.009 -15"><span class='ocrx_word' id='word_1_565' title='bbox 271 4380 467 4436; x_wconf 81' lang='lat' dir='ltr'><strong>ofﬁciis</strong></span> <span class='ocrx_word' id='word_1_566' title='bbox 515 4378 767 4451; x_wconf 83' lang='lat' dir='ltr'><strong>publicis,</strong></span> <span class='ocrx_word' id='word_1_567' title='bbox 805 4385 890 4432; x_wconf 90' lang='lat' dir='ltr'><strong>est</strong></span> <span class='ocrx_word' id='word_1_568' title='bbox 938 4376 1083 4431; x_wconf 91' lang='lat' dir='ltr'><strong>enim</strong></span> <span class='ocrx_word' id='word_1_569' title='bbox 1111 4390 1308 4430; x_wconf 90' lang='lat' dir='ltr'><strong>nomen</strong></span> <span class='ocrx_word' id='word_1_570' title='bbox 1355 4371 1727 4438; x_wconf 73' lang='lat' dir='ltr'><strong>magistratum</strong></span> <span class='ocrx_word' id='word_1_571' title='bbox 1771 4368 1867 4422; x_wconf 88' lang='lat' dir='ltr'><strong>ba-</strong></span> 
     </span>
    </p>
   </div>
   <div class='ocr_carea' id='block_1_76' title="bbox 273 4458 1866 4536">
    <p class='ocr_par' dir='ltr' id='par_1_76' title="bbox 273 4458 1866 4536">
     <span class='ocr_line' id='line_1_76' title="bbox 273 4458 1866 4536; baseline -0.009 -10"><span class='ocrx_word' id='word_1_572' title='bbox 273 4472 422 4526; x_wconf 83' lang='lat' dir='ltr'><strong>benti</strong></span> <span class='ocrx_word' id='word_1_573' title='bbox 454 4469 785 4526; x_wconf 86' lang='lat' dir='ltr'><strong>contrarium</strong></span> <span class='ocrx_word' id='word_1_574' title='bbox 816 4485 830 4521; x_wconf 88' lang='lat'><strong>:</strong></span> <span class='ocrx_word' id='word_1_575' title='bbox 870 4477 926 4522; x_wconf 90' lang='lat' dir='ltr'><strong>et</strong></span> <span class='ocrx_word' id='word_1_576' title='bbox 950 4465 1077 4522; x_wconf 89' lang='lat' dir='ltr'><strong>dicti</strong></span> <span class='ocrx_word' id='word_1_577' title='bbox 1108 4464 1323 4536; x_wconf 86' lang='lat' dir='ltr'><strong>privati,</strong></span> <span class='ocrx_word' id='word_1_578' title='bbox 1352 4461 1495 4534; x_wconf 90' lang='lat' dir='ltr'><strong>quod</strong></span> <span class='ocrx_word' id='word_1_579' title='bbox 1521 4462 1627 4517; x_wconf 89' lang='lat' dir='ltr'><strong>sint</strong></span> <span class='ocrx_word' id='word_1_580' title='bbox 1657 4462 1724 4528; x_wconf 88' lang='lat' dir='ltr'><strong>ab</strong></span> <span class='ocrx_word' id='word_1_581' title='bbox 1746 4458 1866 4513; x_wconf 84' lang='lat' dir='ltr'><strong>olli-</strong></span> 
     </span>
    </p>
   </div>
   <div class='ocr_carea' id='block_1_77' title="bbox 271 4551 1864 4624">
    <p class='ocr_par' dir='ltr' id='par_1_77' title="bbox 271 4551 1864 4624">
     <span class='ocr_line' id='line_1_77' title="bbox 271 4551 1864 4624; baseline -0.008 -7"><span class='ocrx_word' id='word_1_582' title='bbox 271 4563 376 4617; x_wconf 90' lang='lat' dir='ltr'><strong>ciis</strong></span> <span class='ocrx_word' id='word_1_583' title='bbox 422 4561 586 4615; x_wconf 79' lang='lat' dir='ltr'><strong>curiae</strong></span> <span class='ocrx_word' id='word_1_584' title='bbox 613 4558 866 4613; x_wconf 89' lang='lat' dir='ltr'><strong>absoluti.</strong></span> <span class='ocrx_word' id='word_1_585' title='bbox 925 4555 1242 4612; x_wconf 75' lang='lat' dir='ltr'><strong>blcrccnarii</strong></span> <span class='ocrx_word' id='word_1_586' title='bbox 1282 4562 1428 4618; x_wconf 89' lang='lat' dir='ltr'><strong>sunt,</strong></span> <span class='ocrx_word' id='word_1_587' title='bbox 1478 4553 1571 4624; x_wconf 90' lang='lat' dir='ltr'><strong>qui</strong></span> <span class='ocrx_word' id='word_1_588' title='bbox 1620 4551 1864 4607; x_wconf 86' lang='lat' dir='ltr'><strong>serviunt</strong></span> 
     </span>
    </p>
   </div>
   <div class='ocr_carea' id='block_1_78' title="bbox 269 4642 1859 4723">
    <p class='ocr_par' dir='ltr' id='par_1_78' title="bbox 269 4642 1859 4723">
     <span class='ocr_line' id='line_1_78' title="bbox 269 4642 1859 4723; baseline -0.008 -16"><span class='ocrx_word' id='word_1_589' title='bbox 269 4661 496 4723; x_wconf 89' lang='lat' dir='ltr'><strong>accepta</strong></span> <span class='ocrx_word' id='word_1_590' title='bbox 523 4651 774 4706; x_wconf 88' lang='lat' dir='ltr'><strong>mercede</strong></span> <span class='ocrx_word' id='word_1_591' title='bbox 812 4667 823 4703; x_wconf 89' lang='lat'><strong>:</strong></span> <span class='ocrx_word' id='word_1_592' title='bbox 869 4649 1028 4704; x_wconf 90' lang='lat' dir='ltr'><strong>iidem</strong></span> <span class='ocrx_word' id='word_1_593' title='bbox 1059 4656 1112 4701; x_wconf 91' lang='lat' dir='ltr'><strong>ct</strong></span> <span class='ocrx_word' id='word_1_594' title='bbox 1140 4648 1369 4702; x_wconf 88' lang='lat' dir='ltr'><strong>barones</strong></span> <span class='ocrx_word' id='word_1_595' title='bbox 1396 4642 1587 4700; x_wconf 66' lang='lat' dir='ltr'><strong>Graeco</strong></span> <span class='ocrx_word' id='word_1_596' title='bbox 1618 4642 1859 4707; x_wconf 90' lang='lat' dir='ltr'><strong>nomine,</strong></span> 
     </span>
    </p>
   </div>
   <div class='ocr_carea' id='block_1_79' title="bbox 270 4736 1862 4817">
    <p class='ocr_par' dir='ltr' id='par_1_79' title="bbox 270 4736 1862 4817">
     <span class='ocr_line' id='line_1_79' title="bbox 270 4736 1862 4817; baseline -0.006 -18"><span class='ocrx_word' id='word_1_597' title='bbox 270 4747 417 4817; x_wconf 90' lang='lat' dir='ltr'><strong>quod</strong></span> <span class='ocrx_word' id='word_1_598' title='bbox 467 4746 579 4800; x_wconf 86' lang='lat' dir='ltr'><strong>sint</strong></span> <span class='ocrx_word' id='word_1_599' title='bbox 621 4744 788 4799; x_wconf 84' lang='lat' dir='ltr'><strong>lortcs</strong></span> <span class='ocrx_word' id='word_1_600' title='bbox 832 4743 886 4797; x_wconf 92' lang='lat' dir='ltr'><strong>in</strong></span> <span class='ocrx_word' id='word_1_601' title='bbox 930 4741 1224 4796; x_wconf 88' lang='lat' dir='ltr'><strong>laboribus.</strong></span> <span class='ocrx_word' id='word_1_602' title='bbox 1278 4736 1593 4793; x_wconf 85' lang='lat' dir='ltr'><strong>Mercenarii</strong></span> <span class='ocrx_word' id='word_1_603' title='bbox 1636 4736 1862 4808; x_wconf 81' lang='lat' dir='ltr'><strong>mystice</strong></span> 
     </span>
    </p>
   </div>
   <div class='ocr_carea' id='block_1_80' title="bbox 271 4831 1863 4911">
    <p class='ocr_par' dir='ltr' id='par_1_80' title="bbox 271 4831 1863 4911">
     <span class='ocr_line' id='line_1_80' title="bbox 271 4831 1863 4911; baseline -0.009 -16"><span class='ocrx_word' id='word_1_604' title='bbox 271 4840 396 4896; x_wconf 87' lang='lat' dir='ltr'><strong>illos</strong></span> <span class='ocrx_word' id='word_1_605' title='bbox 424 4838 758 4911; x_wconf 83' lang='lat' dir='ltr'><strong>signiﬁcant,</strong></span> <span class='ocrx_word' id='word_1_606' title='bbox 786 4835 877 4905; x_wconf 89' lang='lat' dir='ltr'><strong>qui</strong></span> <span class='ocrx_word' id='word_1_607' title='bbox 906 4835 1147 4890; x_wconf 87' lang='lat' dir='ltr'><strong>serviunt</strong></span> <span class='ocrx_word' id='word_1_608' title='bbox 1172 4831 1401 4887; x_wconf 90' lang='lat' dir='ltr'><strong>Domino</strong></span> <span class='ocrx_word' id='word_1_609' title='bbox 1423 4845 1527 4884; x_wconf 89' lang='lat' dir='ltr'><strong>non</strong></span> <span class='ocrx_word' id='word_1_610' title='bbox 1557 4843 1655 4898; x_wconf 91' lang='lat' dir='ltr'><strong>pro</strong></span> <span class='ocrx_word' id='word_1_611' title='bbox 1678 4841 1863 4881; x_wconf 90' lang='lat' dir='ltr'><strong>amore</strong></span> 
     </span>
    </p>
   </div>
   <div class='ocr_carea' id='block_1_81' title="bbox 269 4920 1863 4997">
    <p class='ocr_par' dir='ltr' id='par_1_81' title="bbox 269 4920 1863 4997">
     <span class='ocr_line' id='line_1_81' title="bbox 269 4920 1863 4997; baseline -0.009 -11"><span class='ocrx_word' id='word_1_612' title='bbox 269 4932 458 4986; x_wconf 86' lang='lat' dir='ltr'><strong>divino</strong></span> <span class='ocrx_word' id='word_1_613' title='bbox 495 4940 736 4991; x_wconf 89' lang='lat' dir='ltr'><strong>tantum,</strong></span> <span class='ocrx_word' id='word_1_614' title='bbox 788 4928 880 4982; x_wconf 86' lang='lat' dir='ltr'><strong>sed</strong></span> <span class='ocrx_word' id='word_1_615' title='bbox 920 4941 1020 4997; x_wconf 87' lang='lat' dir='ltr'><strong>pro</strong></span> <span class='ocrx_word' id='word_1_616' title='bbox 1052 4923 1334 4994; x_wconf 88' lang='lat' dir='ltr'><strong>temporali</strong></span> <span class='ocrx_word' id='word_1_617' title='bbox 1378 4920 1767 4985; x_wconf 87' lang='lat' dir='ltr'><strong>retributione,</strong></span> <span class='ocrx_word' id='word_1_618' title='bbox 1796 4920 1863 4972; x_wconf 89' lang='lat' dir='ltr'><strong>de</strong></span> 
     </span>
    </p>
   </div>
   <div class='ocr_carea' id='block_1_82' title="bbox 273 5009 1863 5090">
    <p class='ocr_par' dir='ltr' id='par_1_82' title="bbox 273 5009 1863 5090">
     <span class='ocr_line' id='line_1_82' title="bbox 273 5009 1863 5090; baseline -0.006 -16"><span class='ocrx_word' id='word_1_619' title='bbox 273 5021 471 5090; x_wconf 83' lang='lat' dir='ltr'><strong>quibus</strong></span> <span class='ocrx_word' id='word_1_620' title='bbox 516 5020 777 5090; x_wconf 87' lang='lat' dir='ltr'><strong>scriptum</strong></span> <span class='ocrx_word' id='word_1_621' title='bbox 817 5024 902 5072; x_wconf 90' lang='lat' dir='ltr'><strong>est</strong></span> <span class='ocrx_word' id='word_1_622' title='bbox 940 5017 994 5071; x_wconf 89' lang='lat' dir='ltr'><strong>in</strong></span> <span class='ocrx_word' id='word_1_623' title='bbox 1039 5012 1371 5086; x_wconf 79' lang='lat' dir='ltr'><strong>Evangelia:</strong></span> <span class='ocrx_word' id='word_1_624' title='bbox 1412 5010 1564 5078; x_wconf 88' lang='lat' dir='ltr'><strong>Quod</strong></span> <span class='ocrx_word' id='word_1_625' title='bbox 1606 5009 1863 5081; x_wconf 84' lang='lat' dir='ltr'><strong>profugus</strong></span> 
     </span>
    </p>
   </div>
   <div class='ocr_carea' id='block_1_83' title="bbox 273 5100 1862 5182">
    <p class='ocr_par' dir='ltr' id='par_1_83' title="bbox 273 5100 1862 5182">
     <span class='ocr_line' id='line_1_83' title="bbox 273 5100 1862 5182; baseline -0.009 -15"><span class='ocrx_word' id='word_1_626' title='bbox 273 5112 418 5167; x_wconf 83' lang='lat' dir='ltr'><strong>ﬁlius</strong></span> <span class='ocrx_word' id='word_1_627' title='bbox 443 5108 758 5182; x_wconf 72' lang='lat' dir='ltr'><strong>ptenitendo</strong></span> <span class='ocrx_word' id='word_1_628' title='bbox 781 5106 979 5163; x_wconf 75' lang='lat' dir='ltr'><strong>dixerit</strong></span> <span class='ocrx_word' id='word_1_629' title='bbox 1011 5124 1023 5161; x_wconf 91' lang='lat'><strong>:</strong></span> <span class='ocrx_word' id='word_1_630' title='bbox 1061 5104 1259 5172; x_wconf 84' lang='lat' dir='ltr'><strong>Quanti</strong></span> <span class='ocrx_word' id='word_1_631' title='bbox 1286 5101 1590 5156; x_wconf 78' lang='lat' dir='ltr'><strong>mercenarii</strong></span> <span class='ocrx_word' id='word_1_632' title='bbox 1624 5101 1679 5154; x_wconf 88' lang='lat' dir='ltr'><strong>in</strong></span> <span class='ocrx_word' id='word_1_633' title='bbox 1706 5100 1862 5154; x_wconf 85' lang='lat' dir='ltr'><strong>domo</strong></span> 
     </span>
    </p>
   </div>
   <div class='ocr_carea' id='block_1_84' title="bbox 272 5190 1863 5268">
    <p class='ocr_par' dir='ltr' id='par_1_84' title="bbox 272 5190 1863 5268">
     <span class='ocr_line' id='line_1_84' title="bbox 272 5190 1863 5268; baseline -0.008 -14"><span class='ocrx_word' id='word_1_634' title='bbox 272 5198 458 5256; x_wconf 84' lang='lat' dir='ltr'><strong>Pam&#39;s</strong></span> <span class='ocrx_word' id='word_1_635' title='bbox 500 5201 604 5254; x_wconf 84' lang='lat' dir='ltr'><strong>mei</strong></span> <span class='ocrx_word' id='word_1_636' title='bbox 632 5198 901 5254; x_wconf 84' lang='lat' dir='ltr'><strong>abundant</strong></span> <span class='ocrx_word' id='word_1_637' title='bbox 946 5195 1212 5268; x_wconf 84' lang='lat' dir='ltr'><strong>panibus?</strong></span> <span class='ocrx_word' id='word_1_638' title='bbox 1252 5209 1345 5263; x_wconf 87' lang='lat' dir='ltr'><strong>ego</strong></span> <span class='ocrx_word' id='word_1_639' title='bbox 1390 5201 1565 5244; x_wconf 83' lang='lat' dir='ltr'><strong>autem</strong></span> <span class='ocrx_word' id='word_1_640' title='bbox 1609 5190 1693 5244; x_wconf 84' lang='lat' dir='ltr'><strong>hic</strong></span> <span class='ocrx_word' id='word_1_641' title='bbox 1724 5190 1863 5260; x_wconf 74' lang='lat' dir='ltr'><strong>[ante</strong></span> 
     </span>
    </p>
   </div>
   <div class='ocr_carea' id='block_1_85' title="bbox 272 5282 1855 5364">
    <p class='ocr_par' dir='ltr' id='par_1_85' title="bbox 272 5282 1855 5364">
     <span class='ocr_line' id='line_1_85' title="bbox 272 5282 1855 5364; baseline -0.007 -19"><span class='ocrx_word' id='word_1_642' title='bbox 272 5308 425 5363; x_wconf 78' lang='lat' dir='ltr'><strong>pereo</strong></span> <span class='ocrx_word' id='word_1_643' title='bbox 455 5289 610 5364; x_wconf 85' lang='lat' dir='ltr'><strong>(Luc.</strong></span> <span class='ocrx_word' id='word_1_644' title='bbox 640 5294 755 5360; x_wconf 81' lang='lat' dir='ltr'><strong>xv).</strong></span> <span class='ocrx_word' id='word_1_645' title='bbox 785 5288 851 5343; x_wconf 86' lang='lat' dir='ltr'><strong>Et</strong></span> <span class='ocrx_word' id='word_1_646' title='bbox 882 5287 1009 5343; x_wconf 89' lang='lat' dir='ltr'><strong>alibi</strong></span> <span class='ocrx_word' id='word_1_647' title='bbox 1045 5287 1159 5358; x_wconf 89' lang='lat' dir='ltr'><strong>ipsa</strong></span> <span class='ocrx_word' id='word_1_648' title='bbox 1192 5285 1405 5341; x_wconf 78' lang='lat' dir='ltr'><strong>Veritas</strong></span> <span class='ocrx_word' id='word_1_649' title='bbox 1442 5284 1518 5336; x_wconf 89' lang='lat' dir='ltr'><strong>ait</strong></span> <span class='ocrx_word' id='word_1_650' title='bbox 1544 5300 1555 5335; x_wconf 92' lang='lat'>:</span> <span class='ocrx_word' id='word_1_651' title='bbox 1589 5282 1855 5336; x_wconf 79' lang='lat' dir='ltr'><strong>Mercenn-</strong></span> 
     </span>
    </p>
   </div>
   <div class='ocr_carea' id='block_1_86' title="bbox 277 5378 1863 5456">
    <p class='ocr_par' dir='ltr' id='par_1_86' title="bbox 277 5378 1863 5456">
     <span class='ocr_line' id='line_1_86' title="bbox 277 5378 1863 5456; baseline -0.008 -17"><span class='ocrx_word' id='word_1_652' title='bbox 277 5388 389 5439; x_wconf 81' lang='lat' dir='ltr'><strong>rius</strong></span> <span class='ocrx_word' id='word_1_653' title='bbox 419 5394 467 5439; x_wconf 81' lang='lat' dir='ltr'><strong>et</strong></span> <span class='ocrx_word' id='word_1_654' title='bbox 511 5384 603 5456; x_wconf 85' lang='lat' dir='ltr'><strong>qui</strong></span> <span class='ocrx_word' id='word_1_655' title='bbox 632 5399 736 5437; x_wconf 85' lang='lat' dir='ltr'><strong>non</strong></span> <span class='ocrx_word' id='word_1_656' title='bbox 772 5391 848 5436; x_wconf 84' lang='lat' dir='ltr'><strong>est</strong></span> <span class='ocrx_word' id='word_1_657' title='bbox 889 5390 1090 5451; x_wconf 84' lang='lat' dir='ltr'><strong>pastor,</strong></span> <span class='ocrx_word' id='word_1_658' title='bbox 1120 5378 1275 5450; x_wconf 87' lang='lat' dir='ltr'><strong>cujus</strong></span> <span class='ocrx_word' id='word_1_659' title='bbox 1307 5394 1411 5431; x_wconf 83' lang='lat' dir='ltr'><strong>non</strong></span> <span class='ocrx_word' id='word_1_660' title='bbox 1444 5384 1564 5429; x_wconf 84' lang='lat' dir='ltr'><strong>sunt</strong></span> <span class='ocrx_word' id='word_1_661' title='bbox 1595 5391 1710 5429; x_wconf 82' lang='lat' dir='ltr'><strong>oves</strong></span> <span class='ocrx_word' id='word_1_662' title='bbox 1741 5390 1863 5444; x_wconf 83' lang='lat' dir='ltr'><strong>pro-</strong></span> 
     </span>
    </p>
   </div>
   <div class='ocr_carea' id='block_1_87' title="bbox 270 5464 1859 5545">
    <p class='ocr_par' dir='ltr' id='par_1_87' title="bbox 270 5464 1859 5545">
     <span class='ocr_line' id='line_1_87' title="bbox 270 5464 1859 5545; baseline -0.009 -16"><span class='ocrx_word' id='word_1_663' title='bbox 270 5477 426 5545; x_wconf 74' lang='lat' dir='ltr'><strong>priw,</strong></span> <span class='ocrx_word' id='word_1_664' title='bbox 467 5473 594 5528; x_wconf 83' lang='lat' dir='ltr'><strong>uidit</strong></span> <span class='ocrx_word' id='word_1_665' title='bbox 620 5473 802 5542; x_wconf 82' lang='lat' dir='ltr'><strong>lupum</strong></span> <span class='ocrx_word' id='word_1_666' title='bbox 824 5473 1132 5535; x_wconf 78' lang='lat' dir='ltr'><strong>venientem,</strong></span> <span class='ocrx_word' id='word_1_667' title='bbox 1166 5479 1213 5523; x_wconf 84' lang='lat' dir='ltr'><strong>et</strong></span> <span class='ocrx_word' id='word_1_668' title='bbox 1243 5467 1456 5521; x_wconf 84' lang='lat' dir='ltr'><strong>dimittit</strong></span> <span class='ocrx_word' id='word_1_669' title='bbox 1496 5481 1611 5519; x_wconf 77' lang='lat' dir='ltr'><strong>oves</strong></span> <span class='ocrx_word' id='word_1_670' title='bbox 1648 5474 1695 5518; x_wconf 87' lang='lat' dir='ltr'><strong>et</strong></span> <span class='ocrx_word' id='word_1_671' title='bbox 1727 5464 1859 5533; x_wconf 76' lang='lat' dir='ltr'><strong>fugit</strong></span> 
     </span>
    </p>
   </div>
   <div class='ocr_carea' id='block_1_88' title="bbox 272 5552 1863 5635">
    <p class='ocr_par' dir='ltr' id='par_1_88' title="bbox 272 5552 1863 5635">
     <span class='ocr_line' id='line_1_88' title="bbox 272 5552 1863 5635; baseline -0.009 -16"><span class='ocrx_word' id='word_1_672' title='bbox 272 5564 457 5635; x_wconf 82' lang='lat' dir='ltr'><strong>(Joan.</strong></span> <span class='ocrx_word' id='word_1_673' title='bbox 485 5565 565 5635; x_wconf 75' lang='grc' dir='ltr'><strong>ι).</strong></span> <span class='ocrx_word' id='word_1_674' title='bbox 616 5561 894 5618; x_wconf 85' lang='lat' dir='ltr'><strong>Publicani</strong></span> <span class='ocrx_word' id='word_1_675' title='bbox 933 5559 1273 5631; x_wconf 82' lang='lat' dir='ltr'><strong>appellantur</strong></span> <span class='ocrx_word' id='word_1_676' title='bbox 1306 5555 1664 5611; x_wconf 87' lang='lat' dir='ltr'><strong>conductores</strong></span> <span class='ocrx_word' id='word_1_677' title='bbox 1697 5552 1863 5608; x_wconf 90' lang='lat' dir='ltr'><strong>vecti-</strong></span> 
     </span>
    </p>
   </div>
   <div class='ocr_carea' id='block_1_89' title="bbox 270 5643 1862 5728">
    <p class='ocr_par' dir='ltr' id='par_1_89' title="bbox 270 5643 1862 5728">
     <span class='ocr_line' id='line_1_89' title="bbox 270 5643 1862 5728; baseline -0.006 -19"><span class='ocrx_word' id='word_1_678' title='bbox 270 5656 473 5728; x_wconf 77' lang='lat' dir='ltr'><strong>galium</strong></span> <span class='ocrx_word' id='word_1_679' title='bbox 515 5655 633 5712; x_wconf 88' lang='lat' dir='ltr'><strong>ﬁsci</strong></span> <span class='ocrx_word' id='word_1_680' title='bbox 679 5653 764 5708; x_wconf 88' lang='lat' dir='ltr'><strong>vel</strong></span> <span class='ocrx_word' id='word_1_681' title='bbox 799 5668 980 5708; x_wconf 88' lang='lat' dir='ltr'><strong>rerum</strong></span> <span class='ocrx_word' id='word_1_682' title='bbox 1020 5650 1377 5719; x_wconf 88' lang='lat' dir='ltr'><strong>publicarum,</strong></span> <span class='ocrx_word' id='word_1_683' title='bbox 1414 5646 1538 5718; x_wconf 87' lang='lat' dir='ltr'><strong>quia</strong></span> <span class='ocrx_word' id='word_1_684' title='bbox 1576 5643 1862 5715; x_wconf 85' lang='lat' dir='ltr'><strong>vectigalia</strong></span> 
     </span>
    </p>
   </div>
   <div class='ocr_carea' id='block_1_90' title="bbox 274 5735 1859 5815">
    <p class='ocr_par' dir='ltr' id='par_1_90' title="bbox 274 5735 1859 5815">
     <span class='ocr_line' id='line_1_90' title="bbox 274 5735 1859 5815; baseline -0.006 -15"><span class='ocrx_word' id='word_1_685' title='bbox 274 5748 491 5815; x_wconf 80' lang='lat' dir='ltr'><strong>publica</strong></span> <span class='ocrx_word' id='word_1_686' title='bbox 528 5748 768 5814; x_wconf 73' lang='lat' dir='ltr'><strong>exigunt,</strong></span> <span class='ocrx_word' id='word_1_687' title='bbox 802 5744 885 5800; x_wconf 86' lang='lat' dir='ltr'><strong>vel</strong></span> <span class='ocrx_word' id='word_1_688' title='bbox 913 5742 1035 5813; x_wconf 87' lang='lat' dir='ltr'><strong>quia</strong></span> <span class='ocrx_word' id='word_1_689' title='bbox 1082 5754 1180 5812; x_wconf 83' lang='lat' dir='ltr'><strong>per</strong></span> <span class='ocrx_word' id='word_1_690' title='bbox 1223 5739 1438 5810; x_wconf 80' lang='lat' dir='ltr'><strong>negotia</strong></span> <span class='ocrx_word' id='word_1_691' title='bbox 1484 5735 1662 5793; x_wconf 70' lang='lat' dir='ltr'><strong>smeuli</strong></span> <span class='ocrx_word' id='word_1_692' title='bbox 1711 5735 1859 5793; x_wconf 89' lang='lat' dir='ltr'><strong>lucra</strong></span> 
     </span>
    </p>
   </div>
   <div class='ocr_carea' id='block_1_91' title="bbox 1890 4495 1946 4559">
    <p class='ocr_par' dir='ltr' id='par_1_91' title="bbox 1890 4495 1946 4559">
     <span class='ocr_line' id='line_1_91' title="bbox 1890 4495 1946 4559; baseline 0 0"><span class='ocrx_word' id='word_1_693' title='bbox 1890 4495 1946 4559; x_wconf 89' lang='lat' dir='ltr'><strong>D</strong></span> 
     </span>
    </p>
   </div>
   <div class='ocr_carea' id='block_1_92' title="bbox 1980 3183 3560 3254">
    <p class='ocr_par' dir='ltr' id='par_1_92' title="bbox 1980 3183 3560 3254">
     <span class='ocr_line' id='line_1_92' title="bbox 1980 3183 3560 3254; baseline -0.001 -17"><span class='ocrx_word' id='word_1_694' title='bbox 1980 3183 2244 3237; x_wconf 86' lang='lat' dir='ltr'><strong>tutoribus</strong></span> <span class='ocrx_word' id='word_1_695' title='bbox 2268 3199 2389 3239; x_wconf 87' lang='lat' dir='ltr'><strong>esse</strong></span> <span class='ocrx_word' id='word_1_696' title='bbox 2421 3184 2695 3250; x_wconf 90' lang='lat' dir='ltr'><strong>dicuntur,</strong></span> <span class='ocrx_word' id='word_1_697' title='bbox 2720 3184 2811 3254; x_wconf 90' lang='lat' dir='ltr'><strong>qui</strong></span> <span class='ocrx_word' id='word_1_698' title='bbox 2836 3185 3096 3238; x_wconf 88' lang='lat' dir='ltr'><strong>habentes</strong></span> <span class='ocrx_word' id='word_1_699' title='bbox 3117 3184 3364 3254; x_wconf 85' lang='lat' dir='ltr'><strong>spiritum</strong></span> <span class='ocrx_word' id='word_1_700' title='bbox 3397 3184 3560 3237; x_wconf 83' lang='lat' dir='ltr'><strong>timo-</strong></span> 
     </span>
    </p>
   </div>
   <div class='ocr_carea' id='block_1_93' title="bbox 1976 3273 3557 3346">
    <p class='ocr_par' dir='ltr' id='par_1_93' title="bbox 1976 3273 3557 3346">
     <span class='ocr_line' id='line_1_93' title="bbox 1976 3273 3557 3346; baseline -0.001 -17"><span class='ocrx_word' id='word_1_701' title='bbox 1976 3275 2080 3338; x_wconf 92' lang='lat' dir='ltr'><strong>ris,</strong></span> <span class='ocrx_word' id='word_1_702' title='bbox 2114 3276 2343 3333; x_wconf 88' lang='lat' dir='ltr'><strong>necdum</strong></span> <span class='ocrx_word' id='word_1_703' title='bbox 2372 3285 2686 3330; x_wconf 90' lang='lat' dir='ltr'><strong>meruerunt</strong></span> <span class='ocrx_word' id='word_1_704' title='bbox 2714 3277 2962 3346; x_wconf 88' lang='lat' dir='ltr'><strong>spiritum</strong></span> <span class='ocrx_word' id='word_1_705' title='bbox 3006 3275 3270 3330; x_wconf 89' lang='lat' dir='ltr'><strong>libertatis</strong></span> <span class='ocrx_word' id='word_1_706' title='bbox 3296 3282 3352 3327; x_wconf 92' lang='lat' dir='ltr'><strong>et</strong></span> <span class='ocrx_word' id='word_1_707' title='bbox 3388 3273 3557 3343; x_wconf 83' lang='lat' dir='ltr'><strong>adop—</strong></span> 
     </span>
    </p>
   </div>
   <div class='ocr_carea' id='block_1_94' title="bbox 1976 3360 3563 3436">
    <p class='ocr_par' dir='ltr' id='par_1_94' title="bbox 1976 3360 3563 3436">
     <span class='ocr_line' id='line_1_94' title="bbox 1976 3360 3563 3436; baseline -0.003 -17"><span class='ocrx_word' id='word_1_708' title='bbox 1976 3364 2142 3420; x_wconf 89' lang='lat' dir='ltr'><strong>tionis</strong></span> <span class='ocrx_word' id='word_1_709' title='bbox 2171 3366 2434 3436; x_wconf 88' lang='lat' dir='ltr'><strong>aecipere.</strong></span> <span class='ocrx_word' id='word_1_710' title='bbox 2476 3364 2634 3419; x_wconf 61' lang='lat' dir='ltr'><strong>Aitas</strong></span> <span class='ocrx_word' id='word_1_711' title='bbox 2666 3366 2809 3420; x_wconf 89' lang='lat' dir='ltr'><strong>enim</strong></span> <span class='ocrx_word' id='word_1_712' title='bbox 2841 3363 3080 3418; x_wconf 69' lang='lat' dir='ltr'><strong>infantiae</strong></span> <span class='ocrx_word' id='word_1_713' title='bbox 3111 3372 3165 3418; x_wconf 85' lang='lat' dir='ltr'><strong>et</strong></span> <span class='ocrx_word' id='word_1_714' title='bbox 3193 3369 3418 3432; x_wconf 88' lang='lat' dir='ltr'><strong>peccata</strong></span> <span class='ocrx_word' id='word_1_715' title='bbox 3451 3360 3563 3416; x_wconf 85' lang='lat' dir='ltr'><strong>for-</strong></span> 
     </span>
    </p>
   </div>
   <div class='ocr_carea' id='block_1_95' title="bbox 1977 3452 3560 3527">
    <p class='ocr_par' dir='ltr' id='par_1_95' title="bbox 1977 3452 3560 3527">
     <span class='ocr_line' id='line_1_95' title="bbox 1977 3452 3560 3527; baseline -0.001 -18"><span class='ocrx_word' id='word_1_716' title='bbox 1977 3456 2163 3520; x_wconf 88' lang='lat' dir='ltr'><strong>midat,</strong></span> <span class='ocrx_word' id='word_1_717' title='bbox 2193 3464 2249 3509; x_wconf 90' lang='lat' dir='ltr'><strong>et</strong></span> <span class='ocrx_word' id='word_1_718' title='bbox 2268 3456 2617 3527; x_wconf 65' lang='lat' dir='ltr'><strong>paedagogum</strong></span> <span class='ocrx_word' id='word_1_719' title='bbox 2640 3455 2831 3511; x_wconf 89' lang='lat' dir='ltr'><strong>metuit</strong></span> <span class='ocrx_word' id='word_1_720' title='bbox 2861 3472 2875 3508; x_wconf 91' lang='lat'><strong>:</strong></span> <span class='ocrx_word' id='word_1_721' title='bbox 2906 3469 3005 3509; x_wconf 92' lang='lat' dir='ltr'><strong>nec</strong></span> <span class='ocrx_word' id='word_1_722' title='bbox 3032 3452 3390 3509; x_wconf 86' lang='lat' dir='ltr'><strong>conﬁditesse</strong></span> <span class='ocrx_word' id='word_1_723' title='bbox 3419 3452 3560 3508; x_wconf 87' lang='lat' dir='ltr'><strong>libe-</strong></span> 
     </span>
    </p>
   </div>
   <div class='ocr_carea' id='block_1_96' title="bbox 1972 3543 3559 3616">
    <p class='ocr_par' dir='ltr' id='par_1_96' title="bbox 1972 3543 3559 3616">
     <span class='ocr_line' id='line_1_96' title="bbox 1972 3543 3559 3616; baseline -0.004 -15"><span class='ocrx_word' id='word_1_724' title='bbox 1972 3561 2110 3608; x_wconf 85' lang='lat' dir='ltr'><strong>ram.</strong></span> <span class='ocrx_word' id='word_1_725' title='bbox 2159 3545 2285 3600; x_wconf 86' lang='lat' dir='ltr'><strong>licet</strong></span> <span class='ocrx_word' id='word_1_726' title='bbox 2330 3560 2427 3616; x_wconf 89' lang='lat' dir='ltr'><strong>per</strong></span> <span class='ocrx_word' id='word_1_727' title='bbox 2469 3553 2714 3600; x_wconf 87' lang='lat' dir='ltr'><strong>naturam</strong></span> <span class='ocrx_word' id='word_1_728' title='bbox 2765 3546 2980 3600; x_wconf 89' lang='lat' dir='ltr'><strong>domina</strong></span> <span class='ocrx_word' id='word_1_729' title='bbox 3021 3544 3121 3610; x_wconf 90' lang='lat' dir='ltr'><strong>sit;</strong></span> <span class='ocrx_word' id='word_1_730' title='bbox 3165 3552 3219 3597; x_wconf 90' lang='lat' dir='ltr'><strong>et</strong></span> <span class='ocrx_word' id='word_1_731' title='bbox 3263 3543 3559 3598; x_wconf 88' lang='lat' dir='ltr'><strong>secundum</strong></span> 
     </span>
    </p>
   </div>
   <div class='ocr_carea' id='block_1_97' title="bbox 1971 3634 3560 3706">
    <p class='ocr_par' dir='ltr' id='par_1_97' title="bbox 1971 3634 3560 3706">
     <span class='ocr_line' id='line_1_97' title="bbox 1971 3634 3560 3706; baseline -0.001 -18"><span class='ocrx_word' id='word_1_732' title='bbox 1971 3645 2259 3705; x_wconf 86' lang='lat' dir='ltr'><strong>utramque</strong></span> <span class='ocrx_word' id='word_1_733' title='bbox 2303 3635 2732 3706; x_wconf 81' lang='lat' dir='ltr'><strong>intelligentiam,</strong></span> <span class='ocrx_word' id='word_1_734' title='bbox 2777 3649 2883 3705; x_wconf 89' lang='lat' dir='ltr'><strong>qua</strong></span> <span class='ocrx_word' id='word_1_735' title='bbox 2917 3642 3123 3689; x_wconf 86' lang='lat' dir='ltr'><strong>tutores</strong></span> <span class='ocrx_word' id='word_1_736' title='bbox 3149 3641 3206 3687; x_wconf 90' lang='lat' dir='ltr'><strong>et</strong></span> <span class='ocrx_word' id='word_1_737' title='bbox 3252 3634 3467 3688; x_wconf 83' lang='lat' dir='ltr'><strong>actores</strong></span> <span class='ocrx_word' id='word_1_738' title='bbox 3493 3645 3560 3686; x_wconf 85' lang='lat' dir='ltr'><strong>ac</strong></span> 
     </span>
    </p>
   </div>
   <div class='ocr_carea' id='block_1_98' title="bbox 1968 3721 3556 3797">
    <p class='ocr_par' dir='ltr' id='par_1_98' title="bbox 1968 3721 3556 3797">
     <span class='ocr_line' id='line_1_98' title="bbox 1968 3721 3556 3797; baseline -0.003 -19"><span class='ocrx_word' id='word_1_739' title='bbox 1968 3726 2265 3795; x_wconf 83' lang='lat' dir='ltr'><strong>prophetas</strong></span> <span class='ocrx_word' id='word_1_740' title='bbox 2294 3726 2376 3780; x_wconf 86' lang='lat' dir='ltr'><strong>vel</strong></span> <span class='ocrx_word' id='word_1_741' title='bbox 2398 3724 2613 3797; x_wconf 82' lang='lat' dir='ltr'><strong>angelos</strong></span> <span class='ocrx_word' id='word_1_742' title='bbox 2640 3725 2897 3787; x_wconf 77' lang='lat' dir='ltr'><strong>diximus,</strong></span> <span class='ocrx_word' id='word_1_743' title='bbox 2935 3723 3196 3793; x_wconf 88' lang='lat' dir='ltr'><strong>parvulus</strong></span> <span class='ocrx_word' id='word_1_744' title='bbox 3222 3723 3323 3777; x_wconf 92' lang='lat' dir='ltr'><strong>iste</strong></span> <span class='ocrx_word' id='word_1_745' title='bbox 3368 3721 3556 3776; x_wconf 89' lang='lat' dir='ltr'><strong>tandiu</strong></span> 
     </span>
    </p>
   </div>
   <div class='ocr_carea' id='block_1_99' title="bbox 1970 3811 3552 3885">
    <p class='ocr_par' dir='ltr' id='par_1_99' title="bbox 1970 3811 3552 3885">
     <span class='ocr_line' id='line_1_99' title="bbox 1970 3811 3552 3885; baseline -0.005 -13"><span class='ocrx_word' id='word_1_746' title='bbox 1970 3818 2072 3872; x_wconf 90' lang='lat' dir='ltr'><strong>sub</strong></span> <span class='ocrx_word' id='word_1_747' title='bbox 2100 3817 2376 3872; x_wconf 86' lang='lat' dir='ltr'><strong>actoribus</strong></span> <span class='ocrx_word' id='word_1_748' title='bbox 2404 3825 2485 3871; x_wconf 88' lang='lat' dir='ltr'><strong>est</strong></span> <span class='ocrx_word' id='word_1_749' title='bbox 2515 3825 2675 3885; x_wconf 88' lang='lat' dir='ltr'><strong>atque</strong></span> <span class='ocrx_word' id='word_1_750' title='bbox 2715 3816 2983 3870; x_wconf 86' lang='lat' dir='ltr'><strong>tutoribus</strong></span> <span class='ocrx_word' id='word_1_751' title='bbox 3007 3854 3020 3879; x_wconf 96' lang='lat'><strong>,</strong></span> <span class='ocrx_word' id='word_1_752' title='bbox 3052 3815 3223 3868; x_wconf 89' lang='lat' dir='ltr'><strong>donec</strong></span> <span class='ocrx_word' id='word_1_753' title='bbox 3253 3811 3552 3882; x_wconf 82' lang='lat' dir='ltr'><strong>legitimum</strong></span> 
     </span>
    </p>
   </div>
   <div class='ocr_carea' id='block_1_100' title="bbox 1970 3890 3559 3977">
    <p class='ocr_par' dir='ltr' id='par_1_100' title="bbox 1970 3890 3559 3977">
     <span class='ocr_line' id='line_1_100' title="bbox 1970 3890 3559 3977; baseline -0.005 -15"><span class='ocrx_word' id='word_1_754' title='bbox 1970 3890 2137 3977; x_wconf 58' lang='lat' dir='ltr'><strong>perfer</strong></span> <span class='ocrx_word' id='word_1_755' title='bbox 2157 3909 2195 3961; x_wconf 91' lang='lat' dir='ltr'><strong>ti</strong></span> <span class='ocrx_word' id='word_1_756' title='bbox 2244 3908 2344 3961; x_wconf 90' lang='lat' dir='ltr'><strong>viri</strong></span> <span class='ocrx_word' id='word_1_757' title='bbox 2386 3916 2596 3976; x_wconf 89' lang='lat' dir='ltr'><strong>tempus</strong></span> <span class='ocrx_word' id='word_1_758' title='bbox 2640 3905 2963 3975; x_wconf 88' lang='lat' dir='ltr'><strong>impleverit.</strong></span> <span class='ocrx_word' id='word_1_759' title='bbox 3013 3903 3336 3973; x_wconf 79' lang='lat' dir='ltr'><strong>Legitimutn</strong></span> <span class='ocrx_word' id='word_1_760' title='bbox 3375 3909 3559 3955; x_wconf 89' lang='lat' dir='ltr'><strong>autem</strong></span> 
     </span>
    </p>
   </div>
   <div class='ocr_carea' id='block_1_101' title="bbox 1971 3994 3556 4068">
    <p class='ocr_par' dir='ltr' id='par_1_101' title="bbox 1971 3994 3556 4068">
     <span class='ocr_line' id='line_1_101' title="bbox 1971 3994 3556 4068; baseline -0.003 -15"><span class='ocrx_word' id='word_1_761' title='bbox 1971 4009 2183 4068; x_wconf 85' lang='lat' dir='ltr'><strong>tempus</strong></span> <span class='ocrx_word' id='word_1_762' title='bbox 2212 4000 2353 4054; x_wconf 90' lang='lat' dir='ltr'><strong>sicut</strong></span> <span class='ocrx_word' id='word_1_763' title='bbox 2401 3999 2658 4053; x_wconf 77' lang='lat' dir='ltr'><strong>Romanis</strong></span> <span class='ocrx_word' id='word_1_764' title='bbox 2708 3998 2914 4067; x_wconf 88' lang='lat' dir='ltr'><strong>legibus</strong></span> <span class='ocrx_word' id='word_1_765' title='bbox 2960 3996 3034 4050; x_wconf 76' lang='lat'><strong>23</strong></span> <span class='ocrx_word' id='word_1_766' title='bbox 3074 4010 3340 4050; x_wconf 88' lang='lat' dir='ltr'><strong>annorum</strong></span> <span class='ocrx_word' id='word_1_767' title='bbox 3380 3994 3556 4064; x_wconf 89' lang='lat' dir='ltr'><strong>spatio</strong></span> 
     </span>
    </p>
   </div>
   <div class='ocr_carea' id='block_1_102' title="bbox 1970 4082 3551 4158">
    <p class='ocr_par' dir='ltr' id='par_1_102' title="bbox 1970 4082 3551 4158">
     <span class='ocr_line' id='line_1_102' title="bbox 1970 4082 3551 4158; baseline -0.005 -12"><span class='ocrx_word' id='word_1_768' title='bbox 1970 4091 2295 4146; x_wconf 90' lang='lat' dir='ltr'><strong>terminatur</strong></span> <span class='ocrx_word' id='word_1_769' title='bbox 2328 4131 2342 4155; x_wconf 94' lang='lat'><strong>,</strong></span> <span class='ocrx_word' id='word_1_770' title='bbox 2393 4091 2465 4142; x_wconf 88' lang='lat' dir='ltr'><strong>ita</strong></span> <span class='ocrx_word' id='word_1_771' title='bbox 2513 4089 2581 4143; x_wconf 87' lang='lat' dir='ltr'><strong>ad</strong></span> <span class='ocrx_word' id='word_1_772' title='bbox 2635 4088 2853 4151; x_wconf 80' lang='lat' dir='ltr'><strong>humani</strong></span> <span class='ocrx_word' id='word_1_773' title='bbox 2903 4086 3117 4158; x_wconf 82' lang='lat' dir='ltr'><strong>generis</strong></span> <span class='ocrx_word' id='word_1_774' title='bbox 3164 4082 3551 4155; x_wconf 86' lang='lat' dir='ltr'><strong>perfectionem</strong></span> 
     </span>
    </p>
   </div>
   <div class='ocr_carea' id='block_1_103' title="bbox 1969 4173 3553 4251">
    <p class='ocr_par' dir='ltr' id='par_1_103' title="bbox 1969 4173 3553 4251">
     <span class='ocr_line' id='line_1_103' title="bbox 1969 4173 3553 4251; baseline -0.007 -13"><span class='ocrx_word' id='word_1_775' title='bbox 1969 4181 2170 4238; x_wconf 86' lang='lat' dir='ltr'><strong>Christi</strong></span> <span class='ocrx_word' id='word_1_776' title='bbox 2210 4189 2489 4251; x_wconf 82' lang='lat' dir='ltr'><strong>reputatur</strong></span> <span class='ocrx_word' id='word_1_777' title='bbox 2518 4180 2780 4233; x_wconf 90' lang='lat' dir='ltr'><strong>adventus</strong></span> <span class='ocrx_word' id='word_1_778' title='bbox 2814 4194 2828 4231; x_wconf 75' lang='grc' dir='ltr'>ε</span> <span class='ocrx_word' id='word_1_779' title='bbox 2862 4177 3045 4231; x_wconf 89' lang='lat' dir='ltr'><strong>statim</strong></span> <span class='ocrx_word' id='word_1_780' title='bbox 3084 4184 3144 4228; x_wconf 93' lang='lat' dir='ltr'><strong>ut</strong></span> <span class='ocrx_word' id='word_1_781' title='bbox 3184 4173 3276 4228; x_wconf 90' lang='lat' dir='ltr'><strong>ille</strong></span> <span class='ocrx_word' id='word_1_782' title='bbox 3318 4174 3553 4239; x_wconf 85' lang='lat' dir='ltr'><strong>venerit,</strong></span> 
     </span>
    </p>
   </div>
   <div class='ocr_carea' id='block_1_104' title="bbox 1968 4263 3555 4338">
    <p class='ocr_par' dir='ltr' id='par_1_104' title="bbox 1968 4263 3555 4338">
     <span class='ocr_line' id='line_1_104' title="bbox 1968 4263 3555 4338; baseline -0.006 -10"><span class='ocrx_word' id='word_1_783' title='bbox 1968 4282 2023 4329; x_wconf 84' lang='lat' dir='ltr'><strong>et</strong></span> <span class='ocrx_word' id='word_1_784' title='bbox 2057 4287 2247 4326; x_wconf 91' lang='lat' dir='ltr'><strong>omnes</strong></span> <span class='ocrx_word' id='word_1_785' title='bbox 2275 4272 2327 4324; x_wconf 93' lang='lat' dir='ltr'><strong>in</strong></span> <span class='ocrx_word' id='word_1_786' title='bbox 2360 4270 2532 4324; x_wconf 85' lang='lat' dir='ltr'><strong>virum</strong></span> <span class='ocrx_word' id='word_1_787' title='bbox 2564 4267 2861 4338; x_wconf 85' lang='lat' dir='ltr'><strong>perfectum</strong></span> <span class='ocrx_word' id='word_1_788' title='bbox 2889 4265 3223 4322; x_wconf 87' lang='lat' dir='ltr'><strong>creverimus</strong></span> <span class='ocrx_word' id='word_1_789' title='bbox 3260 4281 3274 4317; x_wconf 89' lang='lat'><strong>:</strong></span> <span class='ocrx_word' id='word_1_790' title='bbox 3306 4263 3555 4334; x_wconf 68' lang='lat' dir='ltr'><strong>pmdago—</strong></span> 
     </span>
    </p>
   </div>
   <div class='ocr_carea' id='block_1_105' title="bbox 1968 4355 3557 4434">
    <p class='ocr_par' dir='ltr' id='par_1_105' title="bbox 1968 4355 3557 4434">
     <span class='ocr_line' id='line_1_105' title="bbox 1968 4355 3557 4434; baseline -0.003 -19"><span class='ocrx_word' id='word_1_791' title='bbox 1968 4379 2066 4434; x_wconf 82' lang='lat' dir='ltr'><strong>gus</strong></span> <span class='ocrx_word' id='word_1_792' title='bbox 2094 4378 2122 4415; x_wconf 89' lang='lat' dir='ltr'><strong>a</strong></span> <span class='ocrx_word' id='word_1_793' title='bbox 2151 4362 2304 4428; x_wconf 76' lang='lat' dir='ltr'><strong>nobis</strong></span> <span class='ocrx_word' id='word_1_794' title='bbox 2335 4368 2584 4430; x_wconf 89' lang='lat' dir='ltr'><strong>tutorque</strong></span> <span class='ocrx_word' id='word_1_795' title='bbox 2607 4360 2890 4414; x_wconf 83' lang='lat' dir='ltr'><strong>discedunt</strong></span> <span class='ocrx_word' id='word_1_796' title='bbox 2915 4376 2928 4411; x_wconf 89' lang='lat'>:</span> <span class='ocrx_word' id='word_1_797' title='bbox 2958 4367 3085 4412; x_wconf 91' lang='lat' dir='ltr'><strong>tunc</strong></span> <span class='ocrx_word' id='word_1_798' title='bbox 3110 4356 3432 4411; x_wconf 87' lang='lat' dir='ltr'><strong>auctoritate</strong></span> <span class='ocrx_word' id='word_1_799' title='bbox 3460 4355 3557 4411; x_wconf 88' lang='lat' dir='ltr'><strong>do-</strong></span> 
     </span>
    </p>
   </div>
   <div class='ocr_carea' id='block_1_106' title="bbox 1972 4443 3554 4518">
    <p class='ocr_par' dir='ltr' id='par_1_106' title="bbox 1972 4443 3554 4518">
     <span class='ocr_line' id='line_1_106' title="bbox 1972 4443 3554 4518; baseline -0.006 -11"><span class='ocrx_word' id='word_1_800' title='bbox 1972 4452 2102 4507; x_wconf 87' lang='lat' dir='ltr'><strong>mini</strong></span> <span class='ocrx_word' id='word_1_801' title='bbox 2141 4458 2195 4505; x_wconf 90' lang='lat' dir='ltr'><strong>et</strong></span> <span class='ocrx_word' id='word_1_802' title='bbox 2231 4450 2561 4505; x_wconf 71' lang='lat' dir='ltr'><strong>bmreditatis</strong></span> <span class='ocrx_word' id='word_1_803' title='bbox 2590 4449 2926 4518; x_wconf 88' lang='lat' dir='ltr'><strong>possessione</strong></span> <span class='ocrx_word' id='word_1_804' title='bbox 2964 4443 3317 4516; x_wconf 89' lang='lat' dir='ltr'><strong>perfruimur,</strong></span> <span class='ocrx_word' id='word_1_805' title='bbox 3358 4444 3411 4499; x_wconf 88' lang='lat' dir='ltr'><strong>in</strong></span> <span class='ocrx_word' id='word_1_806' title='bbox 3446 4459 3554 4516; x_wconf 88' lang='lat' dir='ltr'><strong>qua</strong></span> 
     </span>
    </p>
   </div>
   <div class='ocr_carea' id='block_1_107' title="bbox 1968 4535 3551 4614">
    <p class='ocr_par' dir='ltr' id='par_1_107' title="bbox 1968 4535 3551 4614">
     <span class='ocr_line' id='line_1_107' title="bbox 1968 4535 3551 4614; baseline -0.002 -19"><span class='ocrx_word' id='word_1_807' title='bbox 1968 4543 2120 4614; x_wconf 89' lang='lat' dir='ltr'><strong>prius</strong></span> <span class='ocrx_word' id='word_1_808' title='bbox 2171 4542 2307 4605; x_wconf 89' lang='lat' dir='ltr'><strong>nati,</strong></span> <span class='ocrx_word' id='word_1_809' title='bbox 2359 4539 2755 4610; x_wconf 83' lang='lat' dir='ltr'><strong>quodammodo</strong></span> <span class='ocrx_word' id='word_1_810' title='bbox 2793 4538 3116 4608; x_wconf 86' lang='lat' dir='ltr'><strong>putabamur</strong></span> <span class='ocrx_word' id='word_1_811' title='bbox 3146 4536 3328 4591; x_wconf 90' lang='lat' dir='ltr'><strong>alieni.</strong></span> <span class='ocrx_word' id='word_1_812' title='bbox 3360 4535 3551 4593; x_wconf 87' lang='lat' dir='ltr'><strong>Coloni</strong></span> 
     </span>
    </p>
   </div>
   <div class='ocr_carea' id='block_1_108' title="bbox 1968 4627 3553 4698">
    <p class='ocr_par' dir='ltr' id='par_1_108' title="bbox 1968 4627 3553 4698">
     <span class='ocr_line' id='line_1_108' title="bbox 1968 4627 3553 4698; baseline -0.006 -8"><span class='ocrx_word' id='word_1_813' title='bbox 1968 4643 2094 4691; x_wconf 90' lang='lat' dir='ltr'><strong>sunt</strong></span> <span class='ocrx_word' id='word_1_814' title='bbox 2142 4631 2379 4687; x_wconf 87' lang='lat' dir='ltr'><strong>cultores</strong></span> <span class='ocrx_word' id='word_1_815' title='bbox 2419 4630 2658 4694; x_wconf 65' lang='lat' dir='ltr'><strong>adventu,</strong></span> <span class='ocrx_word' id='word_1_816' title='bbox 2707 4628 2836 4685; x_wconf 90' lang='lat' dir='ltr'><strong>dicti</strong></span> <span class='ocrx_word' id='word_1_817' title='bbox 2884 4644 2913 4682; x_wconf 87' lang='lat' dir='ltr'><strong>a</strong></span> <span class='ocrx_word' id='word_1_818' title='bbox 2957 4627 3167 4682; x_wconf 89' lang='lat' dir='ltr'><strong>cultura</strong></span> <span class='ocrx_word' id='word_1_819' title='bbox 3211 4627 3326 4698; x_wconf 86' lang='lat' dir='ltr'><strong>agri</strong></span> <span class='ocrx_word' id='word_1_820' title='bbox 3371 4644 3385 4680; x_wconf 91' lang='lat'><strong>:</strong></span> <span class='ocrx_word' id='word_1_821' title='bbox 3420 4633 3553 4681; x_wconf 87' lang='lat' dir='ltr'><strong>sunt</strong></span> 
     </span>
    </p>
   </div>
   <div class='ocr_carea' id='block_1_109' title="bbox 1969 4716 3554 4789">
    <p class='ocr_par' dir='ltr' id='par_1_109' title="bbox 1969 4716 3554 4789">
     <span class='ocr_line' id='line_1_109' title="bbox 1969 4716 3554 4789; baseline -0.006 -10"><span class='ocrx_word' id='word_1_822' title='bbox 1969 4724 2113 4779; x_wconf 90' lang='lat' dir='ltr'><strong>enim</strong></span> <span class='ocrx_word' id='word_1_823' title='bbox 2147 4722 2364 4777; x_wconf 89' lang='lat' dir='ltr'><strong>aliunde</strong></span> <span class='ocrx_word' id='word_1_824' title='bbox 2395 4721 2696 4783; x_wconf 88' lang='lat' dir='ltr'><strong>venientes,</strong></span> <span class='ocrx_word' id='word_1_825' title='bbox 2727 4728 2889 4789; x_wconf 89' lang='lat' dir='ltr'><strong>atque</strong></span> <span class='ocrx_word' id='word_1_826' title='bbox 2919 4717 3155 4773; x_wconf 90' lang='lat' dir='ltr'><strong>alienum</strong></span> <span class='ocrx_word' id='word_1_827' title='bbox 3179 4732 3369 4789; x_wconf 85' lang='lat' dir='ltr'><strong>agrum</strong></span> <span class='ocrx_word' id='word_1_828' title='bbox 3402 4716 3554 4772; x_wconf 81' lang='lat' dir='ltr'><strong>loca-</strong></span> 
     </span>
    </p>
   </div>
   <div class='ocr_carea' id='block_1_110' title="bbox 1971 4806 3553 4880">
    <p class='ocr_par' dir='ltr' id='par_1_110' title="bbox 1971 4806 3553 4880">
     <span class='ocr_line' id='line_1_110' title="bbox 1971 4806 3553 4880; baseline -0.006 -9"><span class='ocrx_word' id='word_1_829' title='bbox 1971 4825 2083 4871; x_wconf 90' lang='lat' dir='ltr'><strong>tum</strong></span> <span class='ocrx_word' id='word_1_830' title='bbox 2121 4814 2382 4878; x_wconf 86' lang='lat' dir='ltr'><strong>colentes,</strong></span> <span class='ocrx_word' id='word_1_831' title='bbox 2411 4828 2475 4868; x_wconf 87' lang='lat' dir='ltr'><strong>ac</strong></span> <span class='ocrx_word' id='word_1_832' title='bbox 2502 4811 2761 4867; x_wconf 83' lang='lat' dir='ltr'><strong>debentes</strong></span> <span class='ocrx_word' id='word_1_833' title='bbox 2787 4810 3151 4865; x_wconf 88' lang='lat' dir='ltr'><strong>conditionem</strong></span> <span class='ocrx_word' id='word_1_834' title='bbox 3182 4807 3403 4880; x_wconf 78' lang='lat' dir='ltr'><strong>genitali</strong></span> <span class='ocrx_word' id='word_1_835' title='bbox 3438 4806 3553 4861; x_wconf 86' lang='lat' dir='ltr'><strong>solo</strong></span> 
     </span>
    </p>
   </div>
   <div class='ocr_carea' id='block_1_111' title="bbox 1971 4900 3553 4976">
    <p class='ocr_par' dir='ltr' id='par_1_111' title="bbox 1971 4900 3553 4976">
     <span class='ocr_line' id='line_1_111' title="bbox 1971 4900 3553 4976; baseline -0.006 -16"><span class='ocrx_word' id='word_1_836' title='bbox 1971 4916 2190 4976; x_wconf 89' lang='lat' dir='ltr'><strong>propter</strong></span> <span class='ocrx_word' id='word_1_837' title='bbox 2228 4905 2611 4975; x_wconf 86' lang='lat' dir='ltr'><strong>agriculturam</strong></span> <span class='ocrx_word' id='word_1_838' title='bbox 2642 4902 2741 4958; x_wconf 86' lang='lat' dir='ltr'><strong>sub</strong></span> <span class='ocrx_word' id='word_1_839' title='bbox 2769 4902 3009 4958; x_wconf 88' lang='lat' dir='ltr'><strong>dominio</strong></span> <span class='ocrx_word' id='word_1_840' title='bbox 3044 4900 3407 4973; x_wconf 88' lang='lat' dir='ltr'><strong>possessoris,</strong></span> <span class='ocrx_word' id='word_1_841' title='bbox 3453 4912 3553 4968; x_wconf 91' lang='lat' dir='ltr'><strong>pro</strong></span> 
     </span>
    </p>
   </div>
   <div class='ocr_carea' id='block_1_112' title="bbox 1968 4993 3554 5069">
    <p class='ocr_par' dir='ltr' id='par_1_112' title="bbox 1968 4993 3554 5069">
     <span class='ocr_line' id='line_1_112' title="bbox 1968 4993 3554 5069; baseline -0.008 -15"><span class='ocrx_word' id='word_1_842' title='bbox 1968 5014 2034 5054; x_wconf 93' lang='lat' dir='ltr'><strong>eo</strong></span> <span class='ocrx_word' id='word_1_843' title='bbox 2059 5000 2201 5069; x_wconf 86' lang='lat' dir='ltr'><strong>quod</strong></span> <span class='ocrx_word' id='word_1_844' title='bbox 2232 4998 2440 5052; x_wconf 87' lang='lat' dir='ltr'><strong>locatus</strong></span> <span class='ocrx_word' id='word_1_845' title='bbox 2478 5004 2562 5052; x_wconf 88' lang='lat' dir='ltr'><strong>est</strong></span> <span class='ocrx_word' id='word_1_846' title='bbox 2607 4994 2822 5050; x_wconf 88' lang='lat' dir='ltr'><strong>fundus.</strong></span> <span class='ocrx_word' id='word_1_847' title='bbox 2863 4993 3047 5048; x_wconf 90' lang='lat' dir='ltr'><strong>Coloni</strong></span> <span class='ocrx_word' id='word_1_848' title='bbox 3101 5001 3280 5048; x_wconf 89' lang='lat' dir='ltr'><strong>autem</strong></span> <span class='ocrx_word' id='word_1_849' title='bbox 3319 4998 3554 5061; x_wconf 85' lang='lat' dir='ltr'><strong>quatuor</strong></span> 
     </span>
    </p>
   </div>
   <div class='ocr_carea' id='block_1_113' title="bbox 1969 5085 3554 5147">
    <p class='ocr_par' dir='ltr' id='par_1_113' title="bbox 1969 5085 3554 5147">
     <span class='ocr_line' id='line_1_113' title="bbox 1969 5085 3554 5147; baseline -0.006 -1"><span class='ocrx_word' id='word_1_850' title='bbox 1969 5091 2142 5147; x_wconf 88' lang='lat' dir='ltr'><strong>modis</strong></span> <span class='ocrx_word' id='word_1_851' title='bbox 2177 5091 2449 5145; x_wconf 89' lang='lat' dir='ltr'><strong>dicuntur.</strong></span> <span class='ocrx_word' id='word_1_852' title='bbox 2497 5087 2630 5143; x_wconf 89' lang='lat' dir='ltr'><strong>Nam</strong></span> <span class='ocrx_word' id='word_1_853' title='bbox 2665 5086 2841 5141; x_wconf 90' lang='lat' dir='ltr'><strong>coloni</strong></span> <span class='ocrx_word' id='word_1_854' title='bbox 2884 5094 2977 5139; x_wconf 90' lang='lat' dir='ltr'><strong>aut</strong></span> <span class='ocrx_word' id='word_1_855' title='bbox 3005 5085 3234 5139; x_wconf 78' lang='lat' dir='ltr'><strong>Romani</strong></span> <span class='ocrx_word' id='word_1_856' title='bbox 3273 5090 3419 5146; x_wconf 87' lang='lat' dir='ltr'><strong>sunt,</strong></span> <span class='ocrx_word' id='word_1_857' title='bbox 3460 5089 3554 5136; x_wconf 91' lang='lat' dir='ltr'><strong>aut</strong></span> 
     </span>
    </p>
   </div>
   <div class='ocr_carea' id='block_1_114' title="bbox 1966 5172 3551 5245">
    <p class='ocr_par' dir='ltr' id='par_1_114' title="bbox 1966 5172 3551 5245">
     <span class='ocr_line' id='line_1_114' title="bbox 1966 5172 3551 5245; baseline -0.008 -4"><span class='ocrx_word' id='word_1_858' title='bbox 1966 5183 2139 5242; x_wconf 91' lang='lat' dir='ltr'><strong>coloni</strong></span> <span class='ocrx_word' id='word_1_859' title='bbox 2176 5182 2376 5245; x_wconf 83' lang='lat' dir='ltr'><strong>Latini,</strong></span> <span class='ocrx_word' id='word_1_860' title='bbox 2408 5189 2501 5233; x_wconf 90' lang='lat' dir='ltr'><strong>aut</strong></span> <span class='ocrx_word' id='word_1_861' title='bbox 2539 5178 2830 5232; x_wconf 73' lang='lat' dir='ltr'><strong>auxiliares</strong></span> <span class='ocrx_word' id='word_1_862' title='bbox 2858 5175 3053 5237; x_wconf 91' lang='lat' dir='ltr'><strong>coloni,</strong></span> <span class='ocrx_word' id='word_1_863' title='bbox 3079 5182 3172 5227; x_wconf 89' lang='lat' dir='ltr'><strong>aut</strong></span> <span class='ocrx_word' id='word_1_864' title='bbox 3203 5172 3375 5227; x_wconf 89' lang='lat' dir='ltr'><strong>coloni</strong></span> <span class='ocrx_word' id='word_1_865' title='bbox 3408 5175 3551 5228; x_wconf 90' lang='lat' dir='ltr'><strong>ruris</strong></span> 
     </span>
    </p>
   </div>
   <div class='ocr_carea' id='block_1_115' title="bbox 1963 5262 3549 5346">
    <p class='ocr_par' dir='ltr' id='par_1_115' title="bbox 1963 5262 3549 5346">
     <span class='ocr_line' id='line_1_115' title="bbox 1963 5262 3549 5346; baseline -0.006 -17"><span class='ocrx_word' id='word_1_866' title='bbox 1963 5274 2178 5346; x_wconf 85' lang='lat' dir='ltr'><strong>privati.</strong></span> <span class='ocrx_word' id='word_1_867' title='bbox 2203 5270 2453 5340; x_wconf 84' lang='lat' dir='ltr'><strong>lnquilini</strong></span> <span class='ocrx_word' id='word_1_868' title='bbox 2475 5269 2674 5332; x_wconf 85' lang='lat' dir='ltr'><strong>vocati,</strong></span> <span class='ocrx_word' id='word_1_869' title='bbox 2697 5266 2852 5335; x_wconf 86' lang='lat' dir='ltr'><strong>quasi</strong></span> <span class='ocrx_word' id='word_1_870' title='bbox 2876 5263 3171 5319; x_wconf 90' lang='lat' dir='ltr'><strong>incolentes</strong></span> <span class='ocrx_word' id='word_1_871' title='bbox 3194 5262 3367 5318; x_wconf 89' lang='lat' dir='ltr'><strong>aliena</strong></span> <span class='ocrx_word' id='word_1_872' title='bbox 3396 5277 3412 5317; x_wconf 91' lang='lat'><strong>:</strong></span> <span class='ocrx_word' id='word_1_873' title='bbox 3443 5280 3549 5319; x_wconf 90' lang='lat' dir='ltr'><strong>non</strong></span> 
     </span>
    </p>
   </div>
   <div class='ocr_carea' id='block_1_116' title="bbox 1963 5352 3553 5433">
    <p class='ocr_par' dir='ltr' id='par_1_116' title="bbox 1963 5352 3553 5433">
     <span class='ocr_line' id='line_1_116' title="bbox 1963 5352 3553 5433; baseline -0.009 -11"><span class='ocrx_word' id='word_1_874' title='bbox 1963 5368 2106 5423; x_wconf 88' lang='lat' dir='ltr'><strong>enim</strong></span> <span class='ocrx_word' id='word_1_875' title='bbox 2132 5365 2334 5419; x_wconf 86' lang='lat' dir='ltr'><strong>habent</strong></span> <span class='ocrx_word' id='word_1_876' title='bbox 2358 5361 2628 5433; x_wconf 85' lang='lat' dir='ltr'><strong>propriam</strong></span> <span class='ocrx_word' id='word_1_877' title='bbox 2650 5358 2867 5421; x_wconf 86' lang='lat' dir='ltr'><strong>sedem,</strong></span> <span class='ocrx_word' id='word_1_878' title='bbox 2895 5356 2988 5411; x_wconf 88' lang='lat' dir='ltr'><strong>sed</strong></span> <span class='ocrx_word' id='word_1_879' title='bbox 3013 5355 3065 5409; x_wconf 93' lang='lat' dir='ltr'><strong>in</strong></span> <span class='ocrx_word' id='word_1_880' title='bbox 3099 5362 3241 5409; x_wconf 90' lang='lat' dir='ltr'><strong>terra</strong></span> <span class='ocrx_word' id='word_1_881' title='bbox 3263 5352 3437 5408; x_wconf 89' lang='lat' dir='ltr'><strong>aliena</strong></span> <span class='ocrx_word' id='word_1_882' title='bbox 3468 5353 3553 5407; x_wconf 84' lang='lat' dir='ltr'><strong>in-</strong></span> 
     </span>
    </p>
   </div>
   <div class='ocr_carea' id='block_1_117' title="bbox 1965 5446 3547 5519">
    <p class='ocr_par' dir='ltr' id='par_1_117' title="bbox 1965 5446 3547 5519">
     <span class='ocr_line' id='line_1_117' title="bbox 1965 5446 3547 5519; baseline -0.009 -2"><span class='ocrx_word' id='word_1_883' title='bbox 1965 5460 2230 5517; x_wconf 88' lang='lat' dir='ltr'><strong>habitant.</strong></span> <span class='ocrx_word' id='word_1_884' title='bbox 2256 5455 2638 5510; x_wconf 86' lang='lat' dir='ltr'><strong>Dill‘ertautem</strong></span> <span class='ocrx_word' id='word_1_885' title='bbox 2668 5452 2808 5505; x_wconf 89' lang='lat' dir='ltr'><strong>inter</strong></span> <span class='ocrx_word' id='word_1_886' title='bbox 2833 5450 3153 5519; x_wconf 90' lang='lat' dir='ltr'><strong>inquilinum</strong></span> <span class='ocrx_word' id='word_1_887' title='bbox 3179 5456 3232 5501; x_wconf 88' lang='lat' dir='ltr'><strong>et</strong></span> <span class='ocrx_word' id='word_1_888' title='bbox 3261 5446 3547 5502; x_wconf 88' lang='lat' dir='ltr'><strong>advenam.</strong></span> 
     </span>
    </p>
   </div>
   <div class='ocr_carea' id='block_1_118' title="bbox 1965 5544 3552 5622">
    <p class='ocr_par' dir='ltr' id='par_1_118' title="bbox 1965 5544 3552 5622">
     <span class='ocr_line' id='line_1_118' title="bbox 1965 5544 3552 5622; baseline -0.01 -14"><span class='ocrx_word' id='word_1_889' title='bbox 1965 5550 2215 5622; x_wconf 88' lang='lat' dir='ltr'><strong>luquilini</strong></span> <span class='ocrx_word' id='word_1_890' title='bbox 2247 5547 2390 5603; x_wconf 81' lang='lat' dir='ltr'><strong>tnim</strong></span> <span class='ocrx_word' id='word_1_891' title='bbox 2421 5556 2568 5609; x_wconf 90' lang='lat' dir='ltr'><strong>sunt,</strong></span> <span class='ocrx_word' id='word_1_892' title='bbox 2605 5545 2694 5614; x_wconf 81' lang='lat' dir='ltr'><strong>qui</strong></span> <span class='ocrx_word' id='word_1_893' title='bbox 2736 5544 3005 5615; x_wconf 83' lang='lat' dir='ltr'><strong>emigrant</strong></span> <span class='ocrx_word' id='word_1_894' title='bbox 3044 5549 3096 5596; x_wconf 89' lang='lat' dir='ltr'><strong>et</strong></span> <span class='ocrx_word' id='word_1_895' title='bbox 3145 5555 3252 5596; x_wconf 92' lang='lat' dir='ltr'><strong>non</strong></span> <span class='ocrx_word' id='word_1_896' title='bbox 3291 5550 3552 5610; x_wconf 85' lang='lat' dir='ltr'><strong>perpetuo</strong></span> 
     </span>
    </p>
   </div>
   <div class='ocr_carea' id='block_1_119' title="bbox 1966 5627 3548 5716">
    <p class='ocr_par' dir='ltr' id='par_1_119' title="bbox 1966 5627 3548 5716">
     <span class='ocr_line' id='line_1_119' title="bbox 1966 5627 3548 5716; baseline -0.01 -17"><span class='ocrx_word' id='word_1_897' title='bbox 1966 5648 2305 5716; x_wconf 90' lang='lat' dir='ltr'><strong>permanent.</strong></span> <span class='ocrx_word' id='word_1_898' title='bbox 2351 5637 2586 5693; x_wconf 77' lang='lat' dir='ltr'><strong>Advetue</strong></span> <span class='ocrx_word' id='word_1_899' title='bbox 2627 5641 2806 5690; x_wconf 89' lang='lat' dir='ltr'><strong>autem</strong></span> <span class='ocrx_word' id='word_1_900' title='bbox 2850 5633 2933 5689; x_wconf 87' lang='lat' dir='ltr'><strong>vel</strong></span> <span class='ocrx_word' id='word_1_901' title='bbox 2992 5632 3221 5697; x_wconf 82' lang='lat' dir='ltr'><strong>incohe,</strong></span> <span class='ocrx_word' id='word_1_902' title='bbox 3271 5627 3548 5685; x_wconf 78' lang='lat' dir='ltr'><strong>adventrtii</strong></span> 
     </span>
    </p>
   </div>
   <div class='ocr_carea' id='block_1_120' title="bbox 1967 5722 3549 5807">
    <p class='ocr_par' dir='ltr' id='par_1_120' title="bbox 1967 5722 3549 5807">
     <span class='ocr_line' id='line_1_120' title="bbox 1967 5722 3549 5807; baseline -0.011 -16"><span class='ocrx_word' id='word_1_903' title='bbox 1967 5734 2342 5807; x_wconf 89' lang='lat' dir='ltr'><strong>perhibentur,</strong></span> <span class='ocrx_word' id='word_1_904' title='bbox 2368 5729 2462 5785; x_wconf 88' lang='lat' dir='ltr'><strong>sed</strong></span> <span class='ocrx_word' id='word_1_905' title='bbox 2488 5735 2903 5805; x_wconf 78' lang='lat' dir='ltr'><strong>permanentes;</strong></span> <span class='ocrx_word' id='word_1_906' title='bbox 2934 5733 2988 5779; x_wconf 88' lang='lat' dir='ltr'><strong>et</strong></span> <span class='ocrx_word' id='word_1_907' title='bbox 3020 5724 3144 5780; x_wconf 90' lang='lat' dir='ltr'><strong>inde</strong></span> <span class='ocrx_word' id='word_1_908' title='bbox 3174 5725 3362 5779; x_wconf 71' lang='lat' dir='ltr'><strong>incola:</strong></span> <span class='ocrx_word' id='word_1_909' title='bbox 3382 5765 3395 5789; x_wconf 88' lang='lat'><strong>,</strong></span> <span class='ocrx_word' id='word_1_910' title='bbox 3425 5722 3549 5794; x_wconf 82' lang='lat' dir='ltr'><strong>quia</strong></span> 
     </span>
    </p>
   </div>
  </div>
