3974 6188
435 316 559 384 '43s
1128 324 1190 378 Β.
1231 321 1481 379 RABANI
1523 320 1739 378 ιιΑιιιιι
1775 317 2092 375 Αιιειιιιιιδ.
2134 316 2442 377 uocum.
2482 316 2766 374 OPERUM
2808 315 2985 373 PARS
3022 317 3085 372 Il.
3295 285 3319 307 “
3558 319 3654 382 tua

440 437 552 508 jam
593 433 931 492 habitatores
956 440 1116 498 sunt,
1149 433 1218 488 ab
1268 431 1568 488 ineolendo.
1604 431 1841 486 Advena:
1875 430 2019 485 enim
2049 435 2097 493 Α
2124 429 2256 485 Item
2306 427 2516 483 ancilla:
2542 468 2556 492 ,
2621 428 2863 497 Apostoli
2916 439 3136 499 pr0pter
3182 433 3356 486 carnis
3401 432 3658 493 inﬁmita-

444 535 570 582 sunt
592 523 786 587 sancti,
813 522 904 591 qui
934 522 1000 576 de
1023 535 1212 577 errore
1233 521 1506 576 mundano
1533 519 1776 576 translati
1802 519 1871 575 ad
1892 534 2020 574 san-
2126 528 2266 582 tem,
2302 517 2442 574 sicut
2486 532 2585 586 pro
2623 516 2837 572 diabolo
2888 518 3084 573 dicitur
3125 533 3141 573 :
3189 518 3258 573 Et
3293 520 3519 591 alligabit
3556 541 3661 581 eum

446 628 589 675 ctam
629 614 924 673 Ecclesiam
972 613 1375 683 transmigrant,
1419 611 1489 666 de
1526 611 1724 682 quibus
1756 610 2024 680 Propheta
2125 606 2333 661 ancillis
2389 607 2493 661 tuis
2539 606 2695 677 (Job.
2736 622 2802 662 XI.
2825 608 2867 677 ).
2913 607 3146 662 Rursum
3197 609 3397 665 ancillae
3426 650 3442 675 ,
3493 613 3666 670 anima

442 709 525 762 'ait
573 725 585 760 :
645 705 901 760 Dominus
936 703 1159 758 custodit
1200 702 1457 756 advenam
1481 710 1529 755 et
1557 699 1814 771 pupillum
1848 698 2020 771 (Psal.
2127 706 2466 768 peccatorum
2510 705 2656 762 sunt,
2692 706 2752 751 ut
2785 697 2851 751 'in
2874 696 3097 768 ⁸Νιιιιιιιιι
3125 715 3138 753 :
3170 698 3316 754 Miles
3338 703 3552 773 captivus
3583 704 3668 759 ad-

447 796 628 864 cuv),
657 795 711 850 id
741 801 845 858 est,
887 793 979 862 qui
1016 793 1083 848 de
1122 790 1413 863 Babylonia
1458 790 1676 846 civitate
1715 789 1913 845 diaboli
1959 789 2027 843 ad
2126 790 2313 844 ductus
2354 798 2432 843 est
2472 805 2494 845 :
2544 798 2592 844 et
2635 790 2846 844 ancitlce
2892 790 3007 859 ejus
3052 793 3385 847 minabantur
3417 805 3663 864 gementes.

448 888 741 947 Jerusalem
789 886 1062 940 civitatem
1117 883 1329 939 Domini
1386 881 1681 937 Salvatoris
1728 881 2027 936 advenerit.
2129 878 2299 948 (Nati.
2335 879 2419 941 ιι).
2467 878 2679 949 Pauper
2705 880 2952 937 Christus
2978 894 3083 944 est,
3115 884 3225 940 sive
3254 885 3470 955 pepulus
3496 886 3667 954 ﬁdelis,

451 980 607 1035 Ilunc
653 976 906 1040 custodit,
944 976 990 1030 si
1036 983 1215 1028 tamen
1262 974 1315 1028 in
1356 973 1650 1028 electorum
1700 972 2031 1027 habitatione
2129 977 2188 1023 ut
2231 968 2287 1022 in
2329 967 2588 1037 Apostolo
2636 986 2651 1024 :
2715 968 2935 1040 Pmpter
2992 987 3084 1026 nos
3133 990 3328 1043 pauper
3382 974 3539 1042 factus
3587 989 3666 1043 est,

452 1064 832 1137 permanserit.
871 1062 1138 1133 Indigenas
1162 1069 1289 1115 sunt
1313 1061 1435 1115 inde
1461 1061 1649 1133 geniti,
1679 1061 1811 1115 etin
1841 1060 2030 1114 eodem
2131 1074 2249 1111 cum
2291 1068 2421 1112 esset
2457 1060 2597 1114 dives
2625 1059 2714 1128 (II
2739 1058 2862 1115 Cor.
2905 1060 3045 1132 vni).
3092 1061 3159 1117 Et
3200 1063 3254 1116 in
3294 1064 3532 1133 psalmo:
3580 1064 3673 1121 Iste

452 1157 571 1212 loco
598 1155 731 1220 nati,
774 1153 864 1210 ubi
909 1152 1231 1208 inhabitant.
1266 1151 1446 1207 Incola
1482 1161 1663 1207 autem
1689 1167 1797 1206 non
1825 1150 2034 1220 indige-
2130 1165 2330 1218 pauper
2355 1148 2620 1213 clamavit,
2670 1158 2718 1203 et
2771 1149 3027 1205 Dominus
3079 1153 3341 1207 exaudivit
3368 1171 3476 1208 eum
3521 1155 3671 1225 (l’sal.

454 1262 600 1311 nam,
634 1245 731 1300 sed
753 1244 1017 1299 advenam
1061 1242 1281 1297 indicat.
1315 1240 1586 1311 Peregrini
1618 1256 1684 1296 eo
1710 1243 1852 1311 quod
1878 1240 2033 1311 igno-
2135 1237 2350 1307 XXXIII).
2383 1238 2675 1307 Pauperes,
2705 1239 2903 1303 sancti,
2931 1240 3024 1309 qui
3067 1240 3294 1295 humiles
3328 1243 3509 1311 spiritu
3545 1252 3674 1308 sunt,

455 1346 644 1392 rantur
664 1350 850 1391 eorum
881 1341 1154 1403 parentes,
1183 1348 1214 1387 a
1237 1334 1432 1403 quibus
1458 1333 1566 1387 orti
1597 1334 1879 1388 existunt:
1911 1340 2036 1387 sunt
2133 1338 2193 1383 ut
2247 1329 2302 1383 in
2338 1328 2629 1396 Evangelio
2660 1346 2673 1382 :
2703 1328 2856 1383 Beati
2888 1346 3143 1399 pauperes
3177 1332 3361 1400 spiritu
3389 1331 3584 1403 (Matth.
3608 1333 3674 1404 v).

454 1426 599 1482 enim
643 1425 710 1479 de
757 1424 1051 1492 longinqua
1098 1423 1339 1493 regione.
1393 1422 1616 1492 Legitur
1662 1423 1805 1476 enim
1862 1422 1935 1476 ita
1979 1422 2036 1477 in
2134 1418 2202 1473 Et
2228 1416 2282 1472 in
2315 1416 2623 1472 Psalterio:
2661 1416 2785 1472 Non
2825 1420 3016 1489 sprevit
3062 1436 3224 1490 neque
3266 1421 3486 1490 despexit
3526 1439 3677 1492 preces

456 1514 738 1571 Psalmista
763 1532 777 1567 :
805 1512 888 1567 Ne
913 1513 1067 1568 sileas
1099 1530 1132 1566 a
1160 1528 1263 1577 me,
1305 1514 1554 1583 quoniam
1598 1511 1770 1567 incola
1796 1528 1889 1580 ego
1918 1529 2037 1565 sum
2133 1524 2421 1580 pauperum
2448 1506 2622 1580 (Psal.
2646 1508 2783 1580 xm).
2810 1509 2983 1564 Aliter
3008 1525 3292 1580 pauperes,
3316 1511 3501 1568 divites
3523 1514 3678 1570 szcculi

457 1605 597 1676 apud
624 1614 692 1668 te,
723 1613 772 1657 et
797 1605 1131 1675 peregrinus,
1162 1604 1295 1657 sicut
1329 1619 1506 1657 omnes
1531 1613 1703 1674 patres
1729 1604 1830 1657 mei
1860 1600 2033 1673 (Psal.
2136 1598 2293 1668 hujus
2324 1600 2611 1655 virtutibus
2654 1600 2839 1666 vacui,
2871 1612 2929 1655 ut
2964 1610 3050 1657 est
3080 1601 3211 1656 illud
3252 1603 3304 1657 in
3347 1602 3639 1675 Apocalypsi
3666 1622 3678 1658 :

459 1696 709 1768 xxxviii).
752 1695 927 1751 lncola
978 1710 1105 1751 vero
1153 1695 1369 1758 dicitur,
1414 1695 1506 1764 qui
1554 1702 1753 1749 terram
1796 1694 1925 1753 colit
1970 1693 2039 1749 ad
2136 1691 2302 1758 Dicis,
2332 1693 2457 1762 quia
2482 1692 2621 1747 dives
2647 1709 2763 1746 sum
2789 1702 2838 1746 et
2863 1693 3065 1748 ditatus
3089 1710 3109 1749 :
3130 1705 3181 1749 et
3210 1696 3391 1761 nescis,
3420 1697 3535 1767 quia
3561 1707 3609 1750 tu
3636 1714 3684 1752 es

462 1797 675 1857 tempus
719 1786 1102 1855 superveniens
1147 1794 1457 1849 extraneos,
1508 1799 1614 1839 non
1641 1784 1732 1853 qui
1765 1784 1819 1838 in
1849 1783 2037 1854 patria:
2064 1772 2112 1832 Β
2138 1799 2335 1853 pauper
2361 1792 2409 1836 et
2435 1782 2702 1838 mendicus
2731 1783 2915 1854 (Apoc.
2940 1783 3003 1857 ι).
3034 1785 3211 1855 Inops,
3238 1785 3456 1856 populus
3475 1787 3683 1855 gentium

461 1900 572 1940 sua:
603 1884 815 1953 regione
842 1880 1125 1938 consistit:
1155 1880 1298 1948 quod
1318 1878 1464 1933 omni
1493 1885 1682 1933 sancto
1717 1876 1917 1942 evenit,
1949 1876 2040 1945 qui
2144 1873 2386 1938 humilis,
2429 1883 2488 1927 ut
2535 1874 2591 1928 in
2631 1872 2894 1929 Psalterio
2923 1892 2936 1928 :
2976 1875 3255 1930 Suscitans
3288 1893 3320 1937 a
3348 1885 3478 1931 terra
3509 1877 3686 1946 inopem

463 1974 515 2028 in
548 1973 724 2027 divina
751 1971 967 2026 civitate
999 1969 1275 2039 recipitur.
1307 1968 1508 2022 Omnes
1533 1968 1680 2021 enim
1723 1982 1820 2021 nos
1848 1982 2043 2036 pecca-
2144 1960 2317 2032 (Psal.
2351 1961 2506 2034 exn).
2556 1962 2623 2017 Et
2646 1961 2773 2017 alibi
2803 1978 2819 2020 :
2853 1962 3098 2034 Eripiens
3129 1965 3330 2035 inopem
3349 1964 3412 2018 de
3435 1982 3577 2019 manu
3596 1964 3689 2034 for-

466 2074 576 2118 tum
628 2064 756 2118 fecit
807 2070 1115 2125 extraneos,
1163 2068 1219 2117 et
1264 2060 1318 2114 in
1362 2057 1566 2113 nefaria
1607 2058 1778 2112 tenuit
1827 2057 2045 2127 regione
2142 2058 2291 2112 tiaris
2322 2057 2492 2129 (Psal.
2536 2057 2745 2130 χχχιιι),
2786 2059 2888 2113 hoc
2934 2068 3040 2124 est,
3087 2060 3154 2115 de
3204 2068 3460 2129 potestate
3497 2059 3685 2115 diaboli.

464 2155 735 2224 captivos;
766 2153 858 2208 sed
884 2152 1098 2222 quando
1121 2166 1219 2206 nos
1247 2148 1616 2205 misericordia
1643 2147 1758 2217 ejus
1785 2148 2041 2217 suscepit,
2145 2149 2468 2219 Mancipium
2494 2159 2593 2213 est,
2618 2150 2877 2221 quidquid
2900 2166 3064 2205 manu
3090 2153 3208 2224 capi
3236 2162 3327 2208 aut
3353 2152 3496 2208 subdi
3519 2160 3688 2221 potest,

466 2245 652 2298 incolae
681 2258 895 2307 sumus;
926 2241 1180 2311 quoniam
1220 2239 1347 2295 illuc
1378 2240 1726 2303 advenimus,
1760 2239 1814 2293 id
1845 2246 1950 2303 est,
1977 2237 2046 2293 de
2145 2248 2204 2294 ut
2231 2240 2410 2303 homo,
2434 2255 2625 2310 equus,
2654 2242 2790 2297 ovis.
2832 2241 2958 2297 Ilzec
2989 2243 3144 2297 enim
3185 2242 3430 2298 animalia
3455 2243 3623 2300 statim
3643 2249 3696 2295 ιιι

471 2333 762 2405 Babylonia
803 2332 870 2387 ad
919 2330 1240 2395 Jerusalem,
1281 2330 1397 2400 ipso
1446 2329 1769 2393 attrahente,
1800 2337 2048 2398 transpo-
2146 2329 2258 2384 nati
2285 2340 2430 2394 sunt,
2453 2331 2779 2400 mancipium
2807 2346 2927 2387 esse
2953 2340 3240 2401 putantur.
3268 2333 3398 2388 Nam
3423 2342 3476 2389 et
3496 2349 3573 2397 ea,
3592 2347 3694 2403 qua:

469 2425 666 2478 nimur.
724 2423 848 2477 Ideo
891 2424 1067 2486 enim,
1092 2422 1233 2491 apud
1263 2432 1341 2485 te,
1371 2429 1430 2474 ut
1460 2434 1566 2475 non
1593 2420 1645 2475 in
1679 2419 1909 2483 diaboli,
1947 2417 2046 2473 sed
2147 2418 2201 2474 in
2228 2419 2521 2475 bestiarum
2551 2438 2774 2477 numero
2806 2431 2951 2489 sunt,
2981 2432 3112 2478 tunc
3136 2426 3380 2480 videntur
3407 2424 3694 2494 mancipium

470 2516 523 2569 in
554 2514 762 2570 Domini
790 2514 1009 2569 civitate
1032 2513 1260 2569 incolam
1281 2529 1405 2567 eum
1432 2512 1598 2569 fuisse
1624 2513 1888 2567 sentires:
1919 2509 2047 2567 sub-
2148 2522 2291 2574 esse,
2343 2510 2557 2579 quando
2599 2513 2721 2580 capi
2762 2513 2876 2568 sive
2916 2513 3129 2569 domari
3172 2516 3447 2586 cmperint.
3502 2512 3695 2583 Ingenui

467 2605 666 2676 jnnxit,
700 2615 746 2657 et
773 2605 1099 2675 peregrinus,
1129 2604 1254 2672 quia
1286 2603 1476 2672 incipit
1499 2618 1621 2658 esse
1660 2604 1748 2657 ubi
1778 2617 1885 2656 non
1906 2608 2047 2657 erat.
2149 2598 2298 2663 dicti,
2331 2600 2456 2669 quia
2486 2601 2539 2654 in
2566 2617 2763 2672 genere
2790 2603 2988 2658 habent
3022 2603 3350 2669 libertatem,
3377 2619 3476 2659 non
3496 2605 3548 2659 in
3574 2602 3695 2658 iacto

471 2694 794 2766 Peregrinus
823 2694 965 2749 enim
1000 2695 1215 2759 dicitur,
1246 2694 1399 2762 quasi
1445 2708 1677 2764 pergens
1714 2692 1942 2760 longius.
1980 2690 2051 2746 Et
2149 2689 2289 2744 sicut
2339 2689 2517 2745 libcrti
2570 2710 2581 2745 :
2634 2694 2775 2748 unde
2815 2702 2872 2748 et
2904 2709 2998 2749 eos
3040 2694 3218 2751 Graeci
3242 2710 3470 2764 eugenos
3506 2701 3694 2757 vocant,

472 2795 532 2841 ut
574 2786 880 2859 generalem
931 2786 1070 2840 hanc
1098 2800 1453 2858 cognosceres
1493 2785 1658 2841 fuisse
1704 2784 2046 2846 sententiam,
2149 2781 2292 2849 quod
2314 2781 2422 2835 sint
2442 2782 2566 2837 boni
2591 2785 2823 2853 generis.
2843 2784 3095 2840 Libertus
3118 2794 3297 2841 autem
3321 2795 3547 2849 vocatus,
3566 2782 3695 2854 quasi

472 2876 600 2932 dicit
628 2898 640 2930 :
670 2874 815 2937 Sicut
845 2892 1023 2930 omnes
1044 2885 1216 2947 patres
1248 2877 1368 2930 mei.
1401 2875 1603 2932 Urbani
1643 2881 1926 2937 vocantur,
1956 2872 2047 2940 qui
2150 2870 2448 2927 liberatus:
2481 2883 2599 2928 erat
2633 2875 2777 2929 enim
2806 2875 2954 2945 prius
2988 2876 3122 2947 jugo
3164 2876 3438 2932 servitutis
3463 2876 3692 2935 addictus.

473 2968 657 3024 Roma:
679 2969 959 3024 habitant:
995 2968 1086 3038 qui
1116 2982 1245 3024 vero
1273 2968 1327 3023 in
1354 2966 1589 3032 caeteris,
1613 2964 1888 3037 oppidani.
1912 2962 2049 3018 Nam
2150 2967 2492 3023 Libertorum
2522 2968 2612 3022 lilii
2644 2968 2782 3038 apud
2812 2969 3064 3038 antiquos
3106 2970 3344 3025 libertini
3389 2968 3697 3040 appellaban-

472 3059 587 3113 sola
615 3059 742 3113 urbs
770 3058 1418 3130 Roma,ca:tera,oppida.
1447 3058 1654 3113 Famuli
1680 3064 1898 3114 suntex
1919 3069 2045 3126 pro-
2152 3065 2260 3119 tur,
2290 3057 2443 3127 quasi
2469 3056 2537 3112 de.
2580 3055 2785 3112 libertis
2806 3058 2937 3113 nati.
2991 3057 3150 3114 Nunc
3178 3075 3306 3115 vero
3334 3059 3599 3115 libertinus
3622 3062 3701 3109 aut

472 3151 591 3221 pria
640 3150 844 3205 familia
890 3165 1169 3206 servorum
1193 3149 1390 3206 exorti.
1422 3148 1574 3204 Servi
1613 3156 1794 3204 autem
1820 3144 2052 3201 vocabu—
2082 3132 2127 3193 C
2158 3165 2187 3202 a
2218 3148 2412 3204 liberto
2439 3149 2611 3205 factus
2639 3158 2733 3204 aut
2757 3150 3280 3219 possessus.Liberti
3304 3150 3444 3205 enim
3474 3145 3700 3219 spiritali-

475 3240 586 3294 lum
621 3240 746 3297 inde
773 3249 1087 3306 traxerunt;
1114 3240 1241 3309 quia
1283 3240 1339 3294 hi
1388 3239 1480 3308 qui
1505 3238 1627 3307 jure
1666 3236 1791 3292 belli
1832 3245 2055 3307 possent
2158 3250 2239 3295 ter
2260 3240 2336 3295 illi
2363 3240 2638 3305 dicuntur,
2665 3241 2757 3310 qui
2785 3238 3093 3295 Christiana
3128 3240 3378 3296 libertate
3410 3241 3539 3295 bene
3565 3245 3701 3292 utun-

474 3331 648 3386 occidi
674 3346 703 3384 a
726 3330 1024 3386 victoribus
1049 3329 1511 3386 conservabantur
1544 3346 1557 3381 :
1598 3327 1741 3382 servi
1771 3325 1994 3390 ﬁebant,
2023 3339 2054 3378 a
2158 3339 2266 3384 tur.
2298 3329 2451 3386 Unde
2470 3329 2760 3399 Apostolus
2789 3329 2865 3385 ait
2897 3349 2909 3384 :
2947 3330 3052 3396 Qui
3079 3334 3221 3385 enim
3246 3333 3299 3385 in
3340 3331 3549 3385 Domino
3571 3342 3702 3382 vocor

478 3422 747 3477 servando
796 3421 1007 3477 scilicet
1035 3421 1176 3477 servi
1200 3420 1395 3476 vocati.
1422 3418 1624 3475 Servus
1642 3419 1867 3490 mystice
1893 3417 2053 3473 Cbri-
2155 3432 2239 3475 tus
2260 3431 2335 3476 est
2363 3437 2563 3486 servus,
2589 3420 2803 3475 libertus
2838 3430 2914 3475 est
2944 3420 3179 3476 Domini.
3223 3421 3473 3479 Similiter
3492 3419 3573 3491 qui
3594 3417 3700 3472 liber

476 3523 592 3569 stus
620 3513 677 3568 in
718 3514 1020 3585 abjectione
1058 3515 1259 3582 carnis,
1303 3515 1446 3570 sicut
1477 3513 1530 3567 in
1566 3512 1704 3567 Isaia
1734 3512 1801 3566 de
1834 3525 1899 3565 eo
1923 3509 2058 3564 dici-
2155 3521 2368 3567 vocatus
2393 3521 2497 3575 est,
2534 3528 2713 3566 servus
2739 3521 2812 3565 est
2838 3508 3034 3565 Christi
3061 3511 3113 3583 (Ι
3144 3511 3268 3567 Cor.
3308 3511 3426 3583 vn).
3468 3510 3560 3565 Hic
3583 3506 3702 3563 enim

478 3612 566 3658 tur
606 3619 621 3658 :
673 3603 809 3658 Ecce
839 3619 1018 3659 servus
1059 3603 1526 3674 meus,suscipiam
1567 3619 1685 3657 eum
1717 3601 1853 3673 (lsa.
1894 3598 2053 3670 xui).
2157 3602 2376 3659 omnino
2400 3617 2591 3658 servus
2631 3611 2733 3669 est,
2767 3603 2857 3673 qui
2895 3603 3271 3674 imprudenter
3294 3603 3403 3675 agit
3441 3619 3454 3657 :
3505 3601 3629 3657 sicut
3659 3605 3706 3652 et

477 3694 608 3749 Item
640 3709 829 3750 servus
849 3694 1041 3749 doctor
1076 3694 1249 3749 tidelis
1290 3694 1345 3749 in
1376 3693 1638 3759 Ecclesia,
1680 3700 1739 3747 ut
1778 3692 1833 3746 in
1874 3690 2055 3745 Evan-
2156 3694 2431 3749 veteribus
2453 3692 2673 3764 placuit,
2705 3693 2796 3762 qui
2823 3708 3014 3749 omnes
3042 3695 3321 3765 sapientes
3347 3694 3534 3748 liberos
3552 3686 3706 3761 appelr

478 3786 615 3857 gelio
644 3785 873 3857 legitur:
904 3785 1033 3851 Quis
1056 3794 1206 3855 putas
1232 3792 1307 3838 est
1330 3783 1500 3853 ﬁdelis
1525 3799 1703 3837 servus
1723 3791 1771 3836 et
1792 3780 2016 3851 prudens
2032 3779 2058 3832 ?
2159 3784 2422 3848 laverunt,
2442 3784 2807 3853 imprudentes
2834 3792 3014 3839 autem
3038 3800 3230 3840 omnes
3254 3800 3454 3840 servos.
3472 3782 3610 3840 Unde
3631 3778 3706 3834 Sa-

479 3876 698 3949 (Hattlt.
731 3875 879 3947 ιιιν)
906 3883 961 3930 et
1003 3875 1056 3929 in
1084 3874 1245 3929 aliam
1270 3881 1478 3943 partem
1509 3874 1575 3927 de
1600 3886 1768 3942 pravo
1810 3870 2053 3931 doctore,
2159 3874 2338 3929 lomon
2358 3893 2370 3928 :
2389 3873 2768 3945 Servo,inquit,
2788 3877 3009 3946 sapienti
3028 3872 3180 3931 liberi
3200 3878 3415 3933 servient
3441 3873 3614 3937 (Eccli.
3638 3870 3704 3940 ι).

479 3967 567 4023 ubi
590 3977 647 4022 et
669 3966 1024 4037 supra;quod
1043 3966 1090 4020 si
1115 3965 1304 4020 dixerit
1328 3962 1417 4018 ille
1440 3978 1616 4017 servus
1640 3960 1809 4015 malus
1831 3960 1887 4013 in
1903 3960 2058 4013 corde
2162 3964 2261 4019 llic
2302 3980 2430 4033 ergo
2458 3964 2549 4033 qui
2593 3965 2804 4030 credit,
2849 3980 2915 4020 ac
2958 3966 3003 4021 si
3060 3982 3254 4022 servus
3291 3966 3360 4022 sit
3399 3967 3463 4021 ad
3505 3974 3706 4033 tempus,

479 4075 576 4114 suo
601 4056 815 4129 (Ibid)
857 4055 1059 4112 Servus
1107 4063 1193 4112 est
1229 4055 1391 4109 homo
1412 4062 1686 4124 peccator,
1718 4059 1779 4106 nt
1811 4052 1866 4106 in
1907 4050 2058 4106 Salo—
2161 4056 2285 4125 quia
2332 4071 2444 4110 rem
2504 4053 2633 4109 facit
2677 4056 2996 4125 prudenter,
3031 4065 3090 4111 ut
3139 4059 3327 4114 credat
3357 4059 3409 4112 in
3445 4056 3706 4115 Christum,

482 4162 641 4202 mone
671 4164 684 4200 :
718 4144 906 4201 Servus
934 4144 1095 4200 verbis
1124 4161 1227 4200 non
1250 4144 1532 4213 corrigitur
1559 4155 1578 4193 :
1605 4142 1730 4212 quia
1755 4142 1894 4211 quod
1924 4141 2059 4195 dicis
2162 4147 2387 4200 libertus
2428 4144 2489 4199 tit
2528 4146 2757 4200 Domini.
2786 4146 2843 4201 Si
2879 4162 3009 4218 ergo
3032 4158 3254 4217 peccata
3296 4164 3475 4205 servos
3513 4136 3705 4205 faciunt,

478 4236 721 4307 intelligit
744 4247 791 4290 et
821 4236 1129 4305 respondere
1164 4234 1481 4306 dedignatur
1508 4230 1692 4305 (Prov.
1718 4232 1894 4303 XXIX).
1925 4232 2058 4287 Item
2163 4239 2303 4293 sicut
2342 4236 2511 4293 Cham
2542 4238 2683 4293 filius
2725 4238 2838 4294 Noe
2862 4240 3067 4309 peccati
3096 4247 3152 4293 et
3179 4241 3543 4312 imprudentiae
3570 4249 3707 4290 causa

481 4325 649 4389 servi,
679 4325 851 4380 sancti
882 4332 1030 4389 sunt,
1054 4333 1115 4379 ut
1140 4324 1192 4378 in
1220 4323 1337 4380 Joel
1360 4342 1372 4378 :
1415 4322 1522 4378 Sed
1548 4333 1597 4377 et
1624 4339 1781 4394 super
1804 4339 1975 4376 servos
2009 4332 2056 4376 et
2164 4327 2338 4382 factus
2365 4336 2447 4383 est
2465 4342 2673 4391 servus,
2705 4343 2827 4382 cum
2863 4329 3132 4399 acceperit
3160 4330 3525 4385 remissionem
3552 4340 3709 4397 perca-

481 4413 702 4468 ancillus
720 4432 865 4469 nicas
891 4416 1158 4484 effundam
1184 4416 1249 4469 de
1275 4416 1463 4486 spiritu
1492 4431 1604 4468 meo
1638 4412 1799 4483 (Joel.
1830 4413 1914 4485 ιι).
1956 4412 2057 4466 Fa-
2165 4428 2364 4484 torum,
2407 4419 2632 4473 libertus
2660 4416 2905 4474 efﬁcitur.
2942 4419 3218 4484 Similiter,
3257 4420 3445 4490 inquit,
3478 4418 3560 4489 qui
3601 4416 3702 4469 libet

484 4504 613 4557 muli
641 4512 821 4559 autem
848 4505 960 4559 sive
986 4506 1126 4560 servi
1151 4514 1205 4560 et
1234 4506 1288 4561 in
1327 4506 1520 4560 bonam
1549 4514 1603 4559 et
1632 4505 1686 4558 in
1710 4503 1906 4558 malam
1932 4519 2057 4574 par—
2090 4498 2137 4553 1)
2164 4518 2371 4561 vocatus
2397 4519 2499 4570 est,
2537 4524 2712 4563 servus
2736 4519 2811 4563 est
2848 4508 3044 4563 Christi
3079 4508 3129 4579 (1
3156 4507 3280 4564 Cor.
3310 4509 3430 4579 vn),
3471 4505 3709 4577 prolectus

486 4601 595 4648 tem
624 4591 705 4663 (ut
741 4591 993 4663 diximus)
1025 4594 1196 4663 accipi
1230 4603 1448 4664 possunt
1498 4612 1511 4646 :
1545 4582 1671 4663 quia
1697 4593 1837 4648 servi
1876 4592 2064 4646 dicun-
2164 4607 2248 4651 est
2287 4611 2353 4651 ex
2381 4598 2548 4652 libero
2582 4599 2633 4652 in
2672 4613 2887 4653 servum
2917 4597 3032 4654 ﬁeri
3062 4598 3260 4654 Christi
3312 4618 3324 4652 :
3373 4599 3505 4654 liber
3530 4596 3657 4651 enim
3682 4607 3706 4643 ιι

486 4691 573 4737 tur
597 4680 851 4751 iustitiae,
888 4684 1029 4737 servi
1056 4685 1282 4753 peccati,
1313 4684 1596 4753 Scriptura
1626 4691 1780 4745 teste,
1806 4698 1927 4752 quae
1946 4680 2022 4736 ait
2048 4698 2062 4735 :
2168 4687 2296 4752 Deo,
2322 4688 2464 4758 quod
2490 4688 2785 4742 maximum
2817 4688 3023 4744 crimen
3055 4696 3159 4751 est,
3190 4688 3312 4745 ideo
3334 4689 3523 4742 amissa
3552 4693 3707 4737 amara

484 4771 583 4830 Cui
610 4774 725 4845 quis
745 4774 920 4836 servit,
947 4775 1060 4843 ejus
1089 4784 1139 4827 et
1164 4790 1342 4828 servus
1360 4774 1573 4828 additus
1593 4784 1666 4829 est
1690 4772 1861 4845 (Rom.
1884 4775 1977 4842 vi).
2003 4774 2070 4828 Et
2168 4784 2224 4832 et
2267 4777 2537 4831 contraria
2566 4777 2812 4832 libertate
2853 4777 3100 4833 servilem
3129 4778 3489 4833 conditionem
3517 4772 3709 4828 sortitus

482 4864 773 4936 Apostolus
812 4881 825 4918 :
868 4863 1116 4930 Liberali,
1152 4864 1344 4933 inquit,
1371 4881 1405 4917 a
1435 4867 1680 4919 servitute
1712 4867 1908 4934 peccati
1930 4865 2062 4918 servi
2166 4880 2266 4934 est,
2297 4882 2417 4939 qua:
2440 4867 2737 4937 prodesset,
2773 4869 2912 4924 sicut
2940 4868 3069 4924 dicit
3102 4869 3400 4925 Dominus;
3444 4865 3614 4920 Tollite
3635 4861 3710 4929 ju-

484 4956 613 5027 [αειί
643 4956 765 5011 estis
779 4955 1006 5026 justitia:
1029 4954 1570 5029 (Ibid.);similiteret
1588 4954 1817 5008 ancillae.
1843 4955 2063 5010 Ancilla:
2163 4975 2286 5029 gum
2359 4973 2530 5013 meum
2576 4974 2734 5027 super
2776 4974 2904 5021 vos,
2953 4959 3079 5028 quia
3126 4975 3282 5013 suave
3339 4966 3450 5021 est;
3506 4964 3550 5009 et
3599 4962 3711 5005 οηιιε

484 5063 513 5102 n
546 5048 911 5103 sustentaculo
939 5057 1141 5104 vocata:
1179 5066 1192 5101 :
1241 5062 1415 5102 ancon
1451 5046 1594 5101 enim
1632 5044 1821 5101 Graece
1851 5046 2065 5101 cubitus
2166 5067 2335 5105 meum
2363 5049 2469 5104 leve
2488 5059 2561 5105 est
2588 5049 2802 5119 (Matth.
2832 5049 2933 5119 XI).
2960 5049 3320 5104 Manumissus
3348 5047 3556 5111 dicitur,
3580 5036 3710 5113 quasi

485 5139 704 5205 dicitur,
725 5139 863 5195 unde
887 5152 944 5195 et
966 5154 1225 5195 anconem
1254 5138 1501 5193 dicimus.
1530 5136 1753 5191 Ancillae
1774 5135 1917 5191 enim
1944 5137 2059 5198 Dei,
2168 5155 2328 5193 manu
2374 5138 2620 5194 emissus.
2666 5139 2819 5208 Apud
2866 5147 3079 5193 veteres
3122 5138 3267 5193 enim
3315 5137 3523 5207 quoties
3573 5140 3708 5186 manu

481 5230 628 5299 juxta
658 5233 985 5304 allegoriam,
1014 5232 1206 5288 anima:
1236 5238 1458 5294 sanctis,
1489 5245 1607 5299 quae
1634 5238 1878 5299 prompta
1903 5227 2058 5283 devo-
2170 5229 2450 5283 mittebant
2478 5269 2494 5293 ,
2522 5228 2673 5297 alapa
2703 5244 2991 5299 percussos
3021 5229 3486 5299 circumagebant,
3516 5222 3643 5279 unde
3666 5222 3711 5270 ei

488 5322 634 5377 ti0ne
661 5320 777 5390 ejus
802 5325 1114 5380 deserviunt
1138 5321 1418 5378 voluntati.
1451 5320 1603 5376 Unde
1631 5319 1915 5374 Psalmista
1947 5320 2056 5373 ait:
2169 5319 2482 5373 manumissi
2519 5319 2646 5373 dicti
2684 5335 2750 5374 eo
2787 5321 2929 5389 quod
2985 5336 3146 5375 manu
3196 5321 3549 5375 mitterentur.
3578 5312 3711 5368 Cives

488 5410 624 5465 Ecce
670 5417 800 5467 sicut
841 5415 979 5469 oculi
1029 5431 1297 5470 servorum
1343 5414 1398 5468 in
1442 5412 1682 5466 matribus
1728 5410 2063 5464 dominorum
2170 5407 2394 5463 Romani
2440 5418 2622 5477 postea
2661 5407 2791 5464 dicti
2829 5410 3273 5465 sub’consulibus
3301 5424 3399 5479 per
3427 5407 3709 5463 testamenta

490 5515 722 5555 suorum.
788 5502 856 5557 Et
917 5506 1049 5560 sicut
1106 5506 1243 5562 οεαιί
1304 5503 1511 5559 ancilla
1572 5506 1626 5557 in
1682 5504 1923 5558 manibus
1971 5505 2068 5559 do-
2171 5497 2224 5551 in
2264 5498 2398 5552 urbe
2423 5498 2663 5553 Romana
2690 5507 2815 5552 sunt
2840 5499 3013 5553 etI'ecti
3051 5518 3063 5552 :
3103 5498 3228 5553 dicti
3259 5508 3437 5554 autem
3465 5496 3600 5550 cives
3622 5489 3714 5541 R0-

493 5590 647 5642 tnirtte
690 5606 799 5645 sua:
846 5609 864 5645 :
912 5596 983 5647 ita
1035 5596 1172 5650 oculi
1225 5596 1387 5650 nostri
1441 5594 1510 5648 ad
1568 5592 1851 5648 Dominum
1898 5594 2062 5649 Deum

2171 5590 2314 5643 mani
2338 5630 2352 5653 ,
2385 5591 2509 5660 quia
2540 5597 2863 5646 testamento
2901 5590 3055 5646 liberi
3089 5590 3263 5647 ell'ecti
3294 5592 3344 5645 in
3376 5600 3591 5644 numero
3617 5579 3712 5634 Ro-

470 5690 750 5743 ,nostrum,
788 5681 948 5736 donec
983 5684 1287 5737 misereatur
1334 5684 1479 5738 nobis
1525 5679 1696 5750 (Psal.
1757 5686 2065 5754 cum"):
2170 5695 2454 5741 manorum
2504 5680 2703 5757 civium
2759 5681 3092 5752 rediguntur.
3144 5680 3236 5737 llis
3284 5679 3509 5748 primum
3559 5669 3714 5726 almus
