3974 6188
524 325 628 389 463
1824 316 2111 380 JOANNI:

2215 317 2310 376 ιιΝ
2321 315 2513 376 ΝΑΜΙ
3629 317 3722 383 ιιι

522 435 688 488 fratre
739 447 926 503 nepos,
971 432 1060 502 qui
1098 431 1330 502 primus,
1384 439 1441 482 ut
1507 427 1678 492 aiunt,
1734 425 2107 481 Andronicum

2215 423 2606 494 περιεστῶτες,
2661 424 2719 474 έν
2771 411 2854 486 οἷς
2909 421 3004 476 καὶ
3046 422 3296 495 Ἰωάννης
3336 415 3399 496 ἣν
3441 424 3468 477 ὁ
3495 426 3724 496 βασιλέως

519 525 881 595 adverterat),
916 533 974 576 ut
999 522 1168 592 igitur
1195 521 1246 574 id
1276 518 1408 573 vidit
1453 518 1821 581 Andronicus,
1846 517 2109 572 continuo

2215 515 2554 584 ἀδελφιδοῦς,
2584 516 2824 587 πρῶτος.
2870 517 3025 584 φασὶ,
3058 515 3146 569 τὸν
3191 517 3512 588 Ἀνδρόνικον
3535 519 3728 574 ὲπιόντα

527 621 584 673 in
640 632 814 688 genua
861 615 1034 671 ﬂexus
1087 627 1388 668 exonerare
1438 626 1498 667 se
1558 610 1735 664 alvum
1799 610 2106 674 simulavit,

529 709 764 778 indeque
800 708 1000 762 sensim
1048 716 1192 760 retro
1217 706 1419 759 cedens
1457 703 1610 758 ali-iit.
1644 702 1719 755 ita
1769 712 2000 756 conatus
2034 701 2108 754 illi

523 800 858 867 consiliaque
873 797 1167 850 Andronici
1188 804 1479 859 evanuere.
1502 794 1653 848 Brevi
1673 783 1960 864 in‘terjecto
1980 803 2111 847 tem-

520 905 651 961 pore
670 907 790 944 cum
822 892 1029 959 majore
1070 889 1380 943 Isaurorum
1423 903 1583 942 manu
1623 888 1688 941 ad
1719 887 2107 955 imperatorem

522 983 910 1052 proliciscitur.
957 980 1110 1044 Quod
1167 980 1259 1034 ubi
1309 979 1614 1033 nuntiatum
1646 987 1731 1033 est
1758 979 2014 1045 Augustae
2045 977 2110 1030 ab

539 1075 728 1128 Alexio
759 1071 1092 1140 imperatorii
1129 1070 1322 1124 stabuli
1356 1071 1612 1138 praefecto
1638 1072 2108 1139 (protestratorem

524 1162 574 1216 id
609 1163 854 1217 uulneris
903 1171 1101 1216 vocant
1133 1161 1422 1224 Romani),
1461 1161 1677 1229 quidam
1728 1162 2000 1228 extemplo
2049 1158 2107 1212 in

524 1255 716 1322 primis
752 1253 1038 1320 expeditus
1080 1266 1174 1305 eas
1215 1251 1442 1305 insidias
1492 1249 1724 1320 principi
1776 1237 2110 1304 indicaturus

523 1346 801 1400 mittitur:
851 1357 1084 1412 moxque
1138 1343 1314 1406 lsach,
1361 1341 1455 1410 qui
1493 1358 1518 1394 a
1572 1341 1829 1396 barbaris
1875 1341 2108 1394 ducebat

532 1452 721 1507 genus,
758 1436 1087 1505 cmtcroquin
1137 1436 1275 1488 [idus
1314 1448 1438 1486 cum
1485 1435 1722 1488 maxime
1765 1433 2106 1502 imperatori,

520 1545 645 1583 cum
678 1528 955 1596 {trecentis
1000 1529 1228 1581 armatis
1286 1525 1354 1580 ad
1387 1540 1508 1580 eum
1552 1525 1760 1594 pariter
1803 1524 2107 1592 prnﬁrisci-

523 1631 632 1676 tur.
667 1621 772 1675 Sed
809 1622 1126 1688 priusquam
1156 1619 1222 1673 ad
1256 1618 1431 1672 incum
1471 1617 1626 1671 Isach
1680 1619 2012 1685 pem-.niret,
2051 1635 2107 1671 te

2212 606 2414 675 εἰδὼς),
2449 608 2522 672 ὡς
2554 604 2647 661 οὖν
2678 608 2820 677 ἔγνω
2848 599 3020 661 ταῦτᾶ
3053 609 3080 658 ό
3124 609 3470 679 Ἀνδρόνικος,
3508 611 3591 664 ἐπὶ
3617 613 3728 679 γόνυ

2211 699 2418 762 κλιθεὶς
2461 699 2553 753 τὸν
2615 699 2713 768 τῆς
2759 701 2997 771 γαστρδς
3041 699 3202 772 δῆθεν
3245 701 3545 773 ἀποκρίνειν
3588 721 3732 774 προσ-

2213 796 2453 847 εποιεῖτο
2488 793 2886 863 σκυϐαλισμὺν,
2913 793 3055 847 οὕτω
3085 812 3144 848 τε
3184 795 3322 848 κατὰ
3353 795 3514 866 βραχὺ
3555 797 3732 852 ὑποπο-

2209 882 2366 948 δίσας
2421 884 2594 955 ᾤχετο
2643 883 2842 939 ἀπιών.
2895 885 3006 937 Καὶ
3055 886 3124 939 τὰ
3182 885 3282 956 μὲν
3324 886 3420 956 τῆς
3473 888 3732 958 ὲπιδουλῆς

2211 976 2431 1044 ἐκείνης
2485 976 2725 1031 ἐνταῦθα
2766 977 2973 1030 ἐλύετο.
3043 977 3240 1049 Ὀλίγῳ
3291 976 3346 1031 δὲ
3397 977 3606 1050 ὕστερον
3652 981 3734 1034 σὺν

2211 1069 2465 1122 πλείοσιν
2504 1068 2772 1138 Ἰσαύρων
2804 1068 2950 1140 ἐξῄει
2976 1069 3195 1142 νύκτωρ
3225 1069 3313 1122 ἐπὶ
3357 1068 3565 1139 βασιλέα
3604 1071 3735 1124 στιλ-

2209 1162 2436 1232 λόμενος
2481 1176 2496 1191 ·
2551 1156 2726 1232 οὗπερ
2786 1161 3149 1230 ἀγγελθέντος
3227 1159 3293 1233 τῇ
3357 1160 3575 1233 βασιλίδι
3621 1163 3734 1233 πρὸς

2223 1252 2492 1318 ’Δλεξίου,
2559 1252 2619 1316 ὃς
2675 1246 2790 1317 τοῖς
2849 1253 3156 1324 βασιλικοῖς
3195 1255 3390 1324 τηνίκα
3444 1256 3736 1324 ίπποκομίαν

2209 1345 2456 1414 ἐφεστὼς
2508 1340 2576 1416 ἦν
2637 1347 3140 1418 (πρωτοστράτορα
3189 1346 3298 1420 (66)
3345 1345 3496 1401 τοῦτο
3545 1346 3738 1400 καλοῦσι

2221 1439 2484 1508 Ῥωμαῖοι
2529 1441 2589 1492 τὸ
2632 1439 3055 1511 λειτούργημα),
3091 1444 3149 1494 ὲν
3187 1440 3286 1511 μὲν
3333 1440 3409 1512 τῷ
3461 1440 3739 1512 παραυτίκα

2207 1533 2320 1584 τῶν
2369 1547 2454 1594 τις
2513 1529 2904 1600 εὐζωνοτέρων
2950 1531 3238 1583 ἐστέλλετο
3291 1530 3534 1600 μηνύσων
3564 1529 3740 1598 βασιλεῖ

2207 1620 2645 1694 τὴνέπιὸουλήν.
2675 1618 2805 1675 Εἶτα
2857 1624 3116 1690 καὶἸσὰχ
3166 1623 3302 1692 ἀνὴρ
3350 1621 3736 1693 βαρϐαρογενὴς,

521 1723 769 1781 percepta
798 1711 1114 1780 imperator,
1139 1709 1298 1781 130
1351 1711 1712 1766 trementibus
1739 1710 1861 1764 aliis
1881 1721 1933 1765 et
1963 1721 2103 1764 metu

2215 1713 2401 1776 εὖνους
2435 1714 2492 1766 δὲ
2525 1713 2742 1785 βασιλεῖ
2771 1714 3007 1782 μάλιστα
3039 1715 3142 1767 σὺν
3173 1715 3528 1784 όπλοφοροῦσι
3551 1730 3740 1781 τριακο-

520 1805 890 1861 consternatis
914 1805 1078 1875 (forte
1113 1807 1260 1860 enim
1299 1805 1377 1859 sic
1427 1819 1591 1859 casus
1624 1804 1824 1859 tulerat
1857 1813 1914 1857 ut
1946 1803 2106 1857 mulis

2215 1810 2346 1870 σίοις
2377 1807 2685 1877 ἐπέμπετο.
2732 1806 2876 1858 ’ΔλΓ
2904 1806 3059 1859 ούπω
3087 1805 3183 1858 τοῦ
3220 1805 3361 1876 Ίσὰχ
3391 1808 3480 1858 ἐπὶ
3501 1806 3585 1858 τὸν
3607 1806 3741 1857 τόπον

523 1899 766 1968 plerique
791 1897 1166 1966 veherentur),
1199 1896 1312 1965 ipse
1341 1911 1368 1949 a
1400 1899 1483 1949 via
1514 1907 1660 1950 recta
1689 1909 1809 1964 qum
1833 1894 1898 1949 ad
1927 1905 2105 1954 castra

2215 1901 2479 1964 ἐλθόντος,
2519 1901 2827 1970 πυθόμενος
2859 1901 2958 1972 ἤδη
2991 1902 3055 1953 τδ
3084 1903 3324 1970 πρᾶγμα
3357 1899 3617 1970 βασιλεὺς,
3652 1898 3742 1951 τῶν

521 2000 578 2045 et
609 1987 1022 2058 imperatorium
1057 1988 1465 2043 tabernaculum
1505 1987 1782 2054 tendebat,
1810 1984 2106 2041 deﬂecten-

519 2085 647 2141 dum
701 2085 952 2152 censuit;
1005 2084 1219 2140 Insolita
1273 2095 1456 2139 autem
1503 2094 1560 2138 et
1609 2083 1789 2137 minus
1823 2083 1964 2140 ,trita
1993 2081 2104 2146 illa,

525 2191 690 2247 quam
726 2177 1052 2232 ostendebat
1101 2191 1290 2242 utariu,
1345 2192 1522 2246 neque
1571 2175 1682 2230 lato
1724 2176 1960 2245 agmine,
2013 2176 2106 2230 sed

513 2251 836 2340 singulatim
902 2268 1081 2338 spatio
1117 2269 1431 2325 intermisso
1489 2269 1879 2323 incedendum.
1957 2285 1977 2318 ι
2030 2264 2105 2320 Ita

525 2362 670 2415 enim
725 2361 1094 2429 pabulatores,
1146 2361 1342 2430 inquit.
1399 2359 1728 2426 videbimur,
1782 2359 1872 2427 qui
1924 2360 1990 2412 ad
2042 2373 2104 2411 ea

528 2454 758 2508 tendunt
787 2469 909 2522 qua
947 2455 1363 2521 conspiciuntur
1386 2455 1642 2508 tentoria.
1669 2471 1687 2504 ι
1723 2451 1816 2507 Sic
1845 2452 2108 2520 intrepide

529 2547 594 2601 ad
651 2546 1063 2614 tabernaculum
1116 2546 1358 2615 perrexit
1419 2545 1690 2614 princeps.
1717 2543 1782 2597 Et
1822 2541 2107 2607 Joannem,

528 2636 692 2705 cujus
720 2645 880 2706 supra
907 2637 1239 2690 mentionem
1271 2637 1394 2700 feci,
1418 2650 1538 2689 cum
1565 2635 1756 2689 obvius
1785 2649 1916 2703 aper
1939 2637 2112 2690 denti-

536 2728 636 2782 bus
674 2732 960 2798 laceraret,
988 2742 1047 2783 ut
1091 2728 1139 2782 id
1167 2729 1408 2792 rescivit,
1435 2729 1692 2782 continuo
1729 2728 1794 2782 ad
1831 2743 1952 2781 eum
1983 2744 2111 2782 con-

529 2835 723 2876 versus
759 2821 1085 2886 revertitur,
1143 2820 1488 2890 peractisque
1533 2820 1602 2874 iis
1642 2834 1762 2888 qua:
1798 2819 2108 2874 necessaria

528 2923 686 2969 erant
715 2915 931 2970 tandem
957 2915 1190 2968 exc-edit.
1217 2912 1387 2968 Tanta
1421 2921 1604 2966 autem
1641 2911 1807 2966 animi
1845 2915 2110 2980 magnitu—

526 2986 664 3060 dine
697 3022 809 3059 rem
846 3009 1003 3060 istam
1033 3005 1267 3074 a«.ccpit,
1305 3014 1362 3058 ut
1393 3019 1459 3059 ne
1505 3003 1659 3057 vultu
1693 3003 1910 3072 quidem
1949 3002 2106 3071 quid-

533 3113 698 3166 quarn
734 3098 1044 3152 Andronico
1078 3097 1237 3150 fuerit
1273 3106 1528 3152 te5tatus.
1565 3095 1634 3150 At
1666 3083 1942 3165 ille‘quasi
1970 3094 2108 3149 nihil

533 3206 722 3246 eorum
758 3205 878 3260 qua:
925 3189 1256 3255 acciderant,
1298 3189 1404 3242 sibi
1452 3187 1744 3253 conscius,
1789 3201 2009 3258 equum,
2039 3186 2109 3242 de

528 3296 638 3352 quo
667 3281 778 3351 jam
807 3282 1040 3350 eghnus,
1081 3279 1268 3334 sedulo
1298 3289 1478 3347 curat,
1510 3278 1681 3334 multa
1715 3280 1933 3334 interim
1977 3293 2109 3347 pro-

531 3364 706 3444 palam
746 3375 1007 3428 adversus
1043 3372 1310 3427 Joannem
1351 3369 1636 3442 proferens
1671 3387 1736 3428 ac
1779 3378 1963 3428 mente
1996 3371 2112 3426 vol-

534 3474 687 3516 vens.
725 3459 876 3514 Unde
926 3473 1155 3530 rogante
1195 3461 1487 3528 aliquando
1522 3462 1790 3533 principe,
1824 3462 1953 3532 quid
1997 3465 2112 3516 hac

532 3548 636 3604 sibi
670 3549 833 3604 vellet
866 3551 990 3618 equi
1043 3549 1298 3604 aﬂ’ectata
1344 3551 1522 3604 cura?
1574 3569 1591 3602 ι
1629 3550 1719 3618 Ut,
1772 3553 1947 3622 inquit
1998 3554 2108 3621 ine,

531 3639 773 3692 omnium
828 3637 957 3690 mihi
1009 3637 1365 3692 inlensissimi
1416 3639 1592 3696 hostis
1638 3649 1891 3697 truncato
1932 3645 2110 3712 capite

531 3730 717 3781 statim
764 3728 1059 3795 aufugiam,
1096 3748 1114 3780 ι
1173 3734 1239 3786 iis
1270 3730 1525 3789 videlicet
1559 3733 1740 3789 verbis
1781 3738 2101 3804 protoseba-

535 3829 679 3872 stum
741 3819 991 3875 inuuens.
1048 3822 1147 3878 Ubi
1208 3822 1372 3892 igitur
1414 3839 1630 3894 agrum
1688 3827 1924 3881 amentia
1982 3828 2112 3882 vidit

537 3907 855 3976 hominem,
911 3927 939 3962 a
987 3913 1263 3968 consortio
1304 3927 1405 3968 suo
1457 3924 1762 3984 remotum,
1805 3916 1860 3971 in
1911 3917 2113 3989 palatio

540 4000 922 4055 int-ludendum
956 4005 1188 4059 curavit.

2212 1991 2390 2045 ἄλλων
2436 1990 2804 2058 ἀγωνιώντων
2833 1993 2929 2044 καὶ
2965 1993 3484 2062 συνταραττομένων
3521 1991 3597 2060 ἐφ’
3636 1988 3742 2042 ἑαυ-

2209 2085 2338 2146 τοὺς
2377 2083 2702 2156 (ἐτύγχανον
2727 2084 2837 2154 γὰρ
2863 2084 2916 2137 oi
2962 2083 3188 2148 πλείους
3216 2084 3482 2154 ήμιονίοις
3513 2080 3640 2134 οὕτω
3663 2097 3743 2132 τυ-

2209 2177 2305 2245 χὸν
2334 2173 2706 2247 ἐφεζόμενοι),
2769 2177 2936 2239 αὐτὸς
2981 2176 3193 2247 χρῆναι
3227 2176 3380 2242 ἔλεγε
3431 2175 3526 2244 τῆς
3559 2172 3742 2234 εὐθείας

2208 2265 2646 2334 ἀποσχομένους,
2682 2267 2715 2338 ἢ
2749 2265 2841 2319 ὲπί
2891 2283 2952 2319 τε
3003 2267 3068 2320 τὸ
3133 2267 3492 2337 στρατόπεδον
3541 2263 3627 2318 καὶ
3663 2262 3743 2332 τὴν

2211 2355 2487 2420 βασίλειον
2521 2358 2729 2429 σκηνὴν
2760 2359 2906 2427 ἄγει,
2941 2359 3039 2430 τὴν
3071 2359 3319 2431 ἀσυνήθη
3375 2359 3594 2428 ἐκείνην,
3636 2358 3745 2412 ὑπο·

2208 2449 2390 2513 δείξας
2440 2453 2504 2520 τῇ
2561 2452 2730 2522 χειρὶ,
2786 2452 2884 2504 καὶ
2917 2453 3220 2508 ἄστειπτον
3257 2453 3413 2517 ἰέναι,
3477 2452 3548 2524 μὴ
3594 2451 3742 2520 μέντοι

2211 2536 2357 2589 κατὰ
2390 2538 2620 2602 πλάτος,
2676 2539 2794 2592 ἀλλ’
2827 2540 2924 2593 ἕνα
2971 2541 3096 2594 καθ’
3125 2542 3224 2594 ἕνα
3262 2543 3320 2594 ἐν
3364 2542 3628 2594 διαστάσει
3668 2537 3746 2609 τὴν

2222 2629 2458 2698 πορείαν
2505 2630 2856 2700 τιθεμένους.
2890 2650 2906 2682 ι
2949 2631 3107 2685 Οὕτω
3151 2631 3285 2704 γὰρ,
3318 2631 3443 2702 ἔφη,
3470 2631 3570 2684 τῶν
3594 2631 3650 2684 ἑκ
3667 2631 3745 2699 τῆς

2213 2719 2602 2788 χορταγωγίας
2637 2721 2974 2775 ἐπανιόντων
3027 2717 3294 2792 δόξαιμεν
3343 2719 3482 2775 εἷναί
3514 2737 3646 2782 τινες
3673 2719 3746 2770 ἐπὶ

2215 2812 2424 2882 σκηνάς
2460 2828 2519 2864 τε
2566 2812 2665 2876 τὰς
2699 2813 2828 2882 τῇδε
2871 2813 3215 2882 φαινομένας
3247 2813 3494 2885 χωρεῖν.ι
3524 2810 3747 2872 Βασιλεὺς

2215 2905 2312 2975 μὲν
2339 2903 2432 2957 οὖν
2467 2903 2640 2968 οὓτως
2665 2906 2949 2976 ἀτρέστως
2971 2907 3065 2959 ἐπὶ
3097 2906 3204 2979 τὴν
3241 2907 3444 2978 σκηνὴν
3468 2905 3745 2975 ἐπορεύετο.

2223 2996 2482 3066 Ἰωάννην
2511 2997 2570 3051 δὲ
2618 2985 2792 3067 οὗπερ
2838 2999 2966 3068 ἄρτι
3016 2999 3303 3071 ἐμνήσθην
3332 2999 3427 3064 οὓς
3456 3000 3748 3058 ὑπαντιάσας

2213 3091 2328 3152 τοῖς
2389 3090 2575 3143 ὀδοῦσι
2633 3079 3024 3160 διεσπάραξεν.
3085 3091 3152 3145 Ὃ
3206 3093 3440 3163 τάχιστα
3484 3091 3747 3160 πυθόμενος

2219 3170 2476 3252 βασιλεὺς
2503 3180 2914 3250 όπισθόρμητος
2955 3179 3046 3234 ἐπ’
3088 3179 3304 3235 ἐκεῖνον
3334 3177 3494 3254 ἦλθεν
3525 3176 3747 3250 ἐπιμελη-

2219 3272 2454 3343 σάμενός
2486 3287 2546 3324 τε
2571 3270 2640 3324 τὰ
2677 3271 2868 3324 εἰκότα
2901 3270 3225 3343 ἀπηλλάγη.
3261 3270 3416 3326 Οὕτω
3457 3272 3626 3343 μέντοι
3665 3285 3745 3338 με·

2219 3363 2547 3434 γαλοψύχως
2599 3363 2677 3434 τῷ
2731 3364 3021 3434 πράγματι
3073 3365 3468 3435 προσηνέχθη,
3524 3363 3592 3426 ῶς
3642 3358 3749 3432 μηδὲ

2216 3458 2345 3529 ἄχρι
2381 3458 2476 3509 καὶ
2513 3457 2825 3526 βλέμματος
2857 3455 3192 3528 Ἀνδρονίκῳ
3235 3455 3647 3528 προσενεχθῆναι
3669 3471 3751 3506 κα·

2215 3548 2350 3611 κῶς.
2393 3548 2454 3601 ’0
2479 3548 2532 3601 δὲ
2562 3547 2753 3618 ὥσπερ
2800 3549 2909 3602 τῶν
2953 3551 3371 3622 πεπραγμένων
3418 3551 3561 3602 οὐδὲν
3603 3544 3750 3613 ἑαυτῷ

2217 3638 2472 3706 ξυνειδὼς
2515 3640 2610 3693 τοῦ
2665 3657 2724 3692 τε
2784 3643 2952 3694 ἵππου
2996 3642 3056 3695 ὃν
3098 3642 3201 3714 ἤδη
3236 3641 3375 3712 ἔφην
3419 3643 3475 3706 ὲς
3502 3644 3627 3710 ἄγαν
3651 3641 3751 3691 ἐπι·

2214 3735 2526 3805 μεμέληται
2553 3735 2648 3789 καὶ
2678 3733 2849 3798 πολὺς
2884 3731 2952 3806 ἦν
2979 3735 3054 3805 τῷ
3085 3737 3407 3807 φαινομένῳ
3441 3735 3575 3788 κατὰ
3607 3729 3752 3784 ἰωάνο

2210 3845 2302 3882 νου
2339 3829 2434 3881 καὶ
2469 3826 2644 3897 λέγων
2672 3830 2759 3883 ἀεὶ
2785 3827 2878 3881 καὶ
2916 3830 3153 3899 φρονῶν.
3191 3828 3362 3883 Ὅθεν
3404 3829 3495 3882 καὶ
3525 3823 3754 3878 πυνθανο-

2213 3920 2381 3992 μένου
2415 3922 2546 3974 ποτὲ
2575 3921 2670 3974 τοῦ
2707 3920 2974 3991 βασιλέως
3005 3923 3057 3976 τί
3091 3921 3178 3993 [Ρ.
3213 3921 3304 3995 75]
3344 3922 3584 3994 βούλεται
3614 3913 3754 3982 τούτῳ

2212 4013 2281 4068 τὰ
2305 4013 2408 4083 τῆς
2455 4012 2551 4066 τοῦ
2601 4013 2772 4064 ἵππου
2818 4011 2975 4064 τοῦδε
3022 4013 3446 4084 ὲπιμελήσεωςς
3498 4031 3515 4064 ι
3560 4011 3640 4073 Ὧς
3683 4007 3753 4064 ἂν,

535 4093 638 4164 ἔφη
689 4095 919 4158 ἐκεῖνος.
968 4096 1059 4149 τὸν
1111 4099 1332 4152 πάντων
1366 4098 1491 4168 ἐμοὶ
1534 4097 1973 4169 δυσμενέστατον
2013 4104 2113 4173 τῆς
2154 4107 2402 4175 κεφαλῆς
2463 4106 2801 4176 ἀφελόμενος
2840 4106 3138 4177 οἰχήσομαι
3179 4108 3385 4172 ἀπιὼν,
3425 4127 3442 4160 ι
3473 4105 3555 4178 διὰ
3583 4105 3754 4157 τούτων

531 4186 697 4258 δῆθεν
749 4186 838 4240 τὸν
896 4189 1360 4259 πρωτοσέὸαστον
1407 4193 1806 4264 αἰνιττόμενος.
1874 4195 1964 4260 Ὠς
2023 4196 2118 4251 οὖν
2156 4199 2298 4268 ἔγνω
2365 4187 2628 4254 ἀπόνοιαν
2699 4199 2963 4254 νοσοῦντα
3007 4200 3103 4252 τὸν
3145 4199 3460 4271 ἄνθρωπον,
3509 4195 3756 4252 κοινωνίας

537 4283 788 4353 ἐκτεμὼν
819 4285 916 4354 τῆς
953 4285 1119 4339 αὑτοῦ
1153 4285 1470 4357 ἔμφρουρον
1497 4288 1613 4358 (67)
1641 4291 1700 4344 ἐν
1735 4291 1984 4362 παλατίῳ
2008 4293 2355 4364 καθίστησιν.

612 4377 699 4434 i9.
765 4377 858 4432 Sic
899 4377 988 4432 ille
1037 4379 1090 4434 iu
1129 4379 1379 4435 ordinem
1437 4390 1594 4438 actus
1627 4393 1731 4438 est.
1775 4381 1890 4438 Rex
1933 4393 2112 4440 autem
2150 4392 2198 4451 D

538 4467 831 4540 Iiungariae
869 4469 1130 4524 nihildum
1163 4470 1391 4526 edoctus
1424 4487 1612 4528 eorum
1659 4473 2116 4544 quaAndronico

537 4569 851 4628 evenerant,
893 4572 1178 4617 contracto
1219 4578 1286 4619 ex
1330 4564 1567 4620 Tzechis
1599 4575 1655 4620 et
1699 4562 2013 4622 Samnibus
2059 4577 2114 4622 et

543 4652 696 4723 131
747 4652 866 4707 aliis
903 4656 1158 4725 gentibus
1220 4658 1595 4727 compluribus
1642 4660 1925 4723 exercitu,
1982 4659 2116 4713 Bra-

541 4747 790 4801 nizobam
839 4749 1024 4801 urbem
1079 4764 1394 4820 oppugnare
1427 4751 1724 4816 contendit,
1771 4753 1942 4821 pactis
1980 4752 2117 4807 forte

539 4839 839 4906 conlidens,
867 4855 986 4911 qua:
1027 4857 1150 4896 cum
1187 4841 1500 4897 Andronico
1541 4843 1838 4911 pepigerat.
1871 4842 2002 4911 Ejus
2037 4844 2113 4896 rei

541 4933 731 4984 nuntio
754 4929 1161 5003 obstupefactus
1185 4934 1438 5002 princeps
1465 4932 1696 4985 miratus
1718 4941 1802 4986 est
1831 4931 2110 5002 perﬁdiam

543 5023 945 5092 llungarornm,
980 5025 1124 5094 quod
1156 5040 1276 5094 quae
1322 5024 1684 5080 sacramentis
1731 5025 1874 5080 baud
1907 5025 2113 5095 pridem

543 5119 888 5171 sanciverant
922 5118 1071 5172 nulla
1102 5120 1169 5172 de
1191 5134 1357 5176 causa
1388 5118 1796 5189 posthaberent.
1826 5118 2120 5175 Celeritate

544 5209 707 5276 igitur
733 5223 894 5277 egere
936 5224 1048 5262 rem
1091 5211 1368 5279 opinatus,
1402 5225 1587 5265 versus
1628 5209 1822 5266 lstrum
1857 5211 2118 5265 continuo

546 5298 650 5351 iter
676 5297 934 5353 intendit.
964 5301 1030 5352 At
1061 5317 1182 5354 cum
1229 5302 1395 5357 sciret
1448 5318 1576 5358 suos
1619 5319 1959 5374 nequaquam
1998 5319 2119 5358 esse

548 5389 818 5460 lluugaris
845 5409 1000 5462 pares
1031 5395 1252 5466 (quippe
1285 5395 1652 5449 Romanorum
1685 5398 1850 5463 vires,
1902 5395 2119 5450 nemine

2295 4386 2378 4442 ιϐ’.
2433 4386 2490 4440 '0
2527 4387 2630 4458 μὲν
2657 4383 2752 4442 οὖν
2775 4389 2840 4442 ὲκ
2877 4387 3058 4442 ποδὼν
3090 4389 3413 4456 ἑγένετο.’0
3443 4387 3498 4443 δὲ
3529 4380 3756 4443 Παιονίας

2377 4481 2548 4550 μήπω
2583 4496 2637 4532 τι
2689 4481 3046 4549 πεπυσμένος
3104 4482 3214 4535 τῶν
3279 4480 3599 4552 Ἀνδρονίκῳ
3646 4491 3760 4543 συμο

2223 4571 2597 4624 πεπτωκότων
2637 4570 2896 4643 δυνάμεις
2929 4572 2995 4626 ἐκ
3039 4589 3101 4625 τε
3150 4573 3374 4644 Τζέχων
3421 4575 3515 4628 καὶ
3547 4570 3758 4638 Σαξόνων

2223 4659 2400 4713 ἄλλων
2433 4675 2492 4711 τε
2526 4661 2799 4713 πλείστων
2830 4662 3012 4732 ἑαυτῷ
3043 4666 3464 4734 συστησάμενος
3499 4663 3657 4717 ἐθνῶν
3694 4658 3760 4718 εἰς

2223 4748 2321 4820 τὴν
2367 4749 2739 4822 Βρανιτζόὸης
2795 4755 3118 4825 πολιορκίαν
3165 4758 3481 4821 καθίστατο,
3513 4752 3759 4825 ἐπαρθεὶς,

2221 4835 2397 4910 οἶμαι,
2420 4835 2500 4904 οἷς
2527 4841 2870 4912 Ἀνδρόνικος
2902 4846 3050 4916 αὐτῷ
3070 4846 3592 4919 διομολογησάμενος
3611 4847 3757 4912 ἔτυχε.

2223 4935 2441 4987 Τούτων
2479 4935 2732 5004 βασιλεὺς
2769 4939 3010 5002 ἀκούσας
3046 4941 3475 5012 καταπέπληκτο
3512 4942 3605 5010 μὲν
3635 4935 3761 5003 πρὸς

2224 5026 2322 5096 τὴν
2355 5027 2526 5095 ἀκοὴν
2552 5027 2648 5079 καὶ
2685 5027 2783 5098 τὴν
2819 5027 3039 5081 Οῦννων
3067 5029 3384 5099 ἐθαύμαζεν
3430 5030 3698 5092 ἀπιστίαν,
3723 5023 3762 5076 εἰ

2220 5120 2329 5169 τιῑιν
2359 5119 2585 5188 ἔναγχος
2621 5119 2802 5189 σφίσιν
2844 5122 3109 5190 ὀμωμοσέ
3123 5123 3256 5174 ἐνων
3285 5121 3343 5185 ἐξ
3376 5123 3625 5189 οὐδεμιᾶς
3660 5115 3764 5170 ἀλο·

2223 5211 2454 5278 γήσειάν
2533 5211 2761 5272 αἰτίας³
2827 5210 3083 5281 ὀξύτητος
3140 5211 3187 5264 δ’
3249 5215 3399 5282 ὅμως
3457 5211 3652 5265 δεῖσθαι
3712 5203 3762 5254 τδ

2225 5303 2456 5372 πρᾶγμα
2485 5301 2939 5374 βουλευσάμενος,
2980 5305 3182 5358 αύτίκα
3218 5306 3316 5376 τὴν
3344 5305 3436 5359 ἐπὶ
3472 5305 3558 5358 τὸν
3584 5304 3764 5368 Ἵστρον

2225 5396 2474 5464 ἐφέρετο.
2523 5394 2691 5460 Εἰδὼς
2740 5397 2797 5450 δὲ
2833 5400 2959 5462 τοὺς
2991 5400 3092 5452 σὺν
3133 5399 3284 5469 αύτῷ
3321 5399 3423 5453 οὐκ
3466 5397 3765 5465 ἀξιομάχους

1880 5557 1973 5616 Du
2001 5553 2222 5634 Cangii
2273 5565 2461 5616 notas.

766 5679 1283 5757 Ιζρέυτοστράτορξι.
1311 5681 1385 5757 Ue
1415 5683 1811 5757 haedignitate
1843 5685 1965 5740 vide
1995 5695 2111 5740 nota

2219 5688 2284 5741 ad
2316 5704 2371 5757 p.
2406 5685 2524 5742 127.

619 5745 728 5816 (67)
792 5745 1198 5822 Ἓμρρούρονξ
1226 5751 1288 5805 ν.
1318 5752 1490 5807 Nicct.
1524 5753 1561 5808 l.
1597 5745 1679 5818 ιῖι,
1715 5772 1763 5807 c.
1797 5758 1849 5809 2.
