3974 6188
405 305 517 372 4⁸75

1703 300 2026 364 JOANNIS
2066 299 2400 359 ClNNAMI

3539 303 3641 368 4⁸16

406 426 631 482 aedilicia
661 439 758 479 sua
784 425 906 493 igne
930 424 1174 479 consumi
1206 432 1515 493 vastarique
1545 431 1601 478 et
1635 423 1836 477 auferri
1869 439 1991 478 om-

2113 416 2322 484 ςειχέων
2382 415 2679 470 συνέπεσον
2705 414 3024 484 φεύγουσιν,
3051 417 3098 470 oi
3124 416 3183 470 δὲ
3205 415 3418 488 πρῶτον
3441 418 3537 488 μὲν
3563 421 3648 474 ἐπὶ

407 516 498 570 nia
528 530 556 567 a
592 513 851 567 Romanis
895 512 1258 585 conspiciunt,
1307 522 1417 567 tum
1452 527 1580 568 vero
1616 512 1984 579 «descendunt,

408 605 794 674 dominumque
839 620 995 660 suum
1049 620 1300 674 maguum
1349 606 1726 675 imperatorem
1775 606 1989 676 procla-

410 712 561 755 mant
589 718 603 754 :
632 708 794 767 atque
842 698 942 752 hoc
985 698 1141 751 modo
1180 705 1365 751 castro
1412 697 1485 752 illi
1522 698 1821 767 potiuntur.
1853 696 1986 754 Cum

410 794 535 847 inde
573 792 638 847 ad
686 792 986 854 civitatem,
1018 790 1103 844 cui
1137 805 1164 843 a
1200 790 1325 845 divo
1371 790 1625 858 quodam,
1680 791 1773 859 qui
1821 790 1885 844 in~
1925 804 1987 847 ea

411 884 627 948 colitur,
682 882 952 939 Flavianas
999 897 1193 936 nomen
1242 880 1470 937 inditum
1521 890 1626 943 est,
1677 892 1986 950 pergerent,

410 975 700 1044 pepulares
730 988 917 1028 omnes
949 972 1161 1027 obviam
1196 972 1352 1029 eﬂ'usi
1385 989 1482 1044 pro
1528 973 1673 1043 agris
1707 975 1820 1028 suis
1869 974 1990 1028 illos

414 1075 627 1136 rogant,
661 1081 723 1120 ac
760 1080 825 1119 ne
855 1066 981 1136 quid
1035 1066 1088 1119 in
1125 1082 1182 1120 se
1229 1067 1445 1134 gravius
1490 1054 1789 1123 insolescat
1839 1067 2074 1166 miles”,

415 1161 777 1225 obtestantur,
805 1172 992 1212 servos
1019 1172 1075 1213 se
1103 1158 1317 1213 futuros
1342 1158 1595 1228 deinceps
1623 1158 1999 1228 imperatoris,‘

416 1256 471 1300 et
500 1263 831 1318 qumcunque
880 1247 1078 1301 Vellent
1124 1245 1352 1302 Romani
1387 1263 1447 1302 se
1479 1247 1718 1304 facturos
1747 1249 1989 1317 polliciti.

422 1343 533 1397 Dux
564 1341 826 1411 ejusmodi
859 1342 1246 1397 benevolentia:
1278 1340 1490 1396 illorum
1529 1343 1756 1411 gratiam
1802 1358 1994 1410 repen—

418 1436 570 1497 dens,
603 1449 698 1503 per
728 1448 911 1488 eorum
962 1449 1117 1503 agros
1161 1432 1333 1486 antire
1387 1448 1451 1487 ac
1492 1443 1679 1502 pacate
1712 1433 1815 1489 iter
1845 1434 1991 1490 fecit.

2086 507 2186 576 τὴν
2215 508 2511 579 ἀκρόπολιν
2549 507 2880 579 ἀνεχώρουν,
2911 509 2990 570 ὡς
3027 508 3084 561 δὲ
3120 510 3385 577 Ῥωμαῖοι
3409 511 3517 581 πῦρ
3536 514 3649 576 ταῖς

2088 596 2399 666 οἰκοδομαῖς
2433 597 2532 668 ἥδη
2563 598 2765 667 ἐνῆκαν
2796 600 2864 651 τά
2901 616 2962 652 τε
2988 598 3128 652 οἴκοι
3167 598 3486 669 διήρπαζον,
3538 603 3652 654 ἐπι-

2093 690 2441 744 καταόαίνειν
2467 707 2526 746 τε
2572 692 2807 763 ἤρξαντο
2848 692 2945 745 καὶ
3001 692 3191 763 κύριον
3249 693 3401 761 σφίσι
3444 694 3651 764 βασιλέα

2095 782 2269 852 μέγαν
2349 784 2588 854 ἀναόοᾷν
2617 827 2630 838 .
2718 784 2921 837 Τούτου
3018 784 3115 853 μὲν
3190 785 3255 853 δὴ
3329 785 3499 849 οὕτως
3571 789 3653 855 ἐγ-

2090 874 2311 942 κρατεῖς
2331 875 2593 941 ἐγένοντο.
2615 874 2734 928 Ἐπὶ
2750 875 2807 929 δέ
2831 892 2954 928 τινα
2974 876 3126 928 πόλιν
3139 874 3448 947 ἐλθδντωνῆ
3466 876 3658 931 ἐπώνυο

2096 983 2190 1033 μος
2250 966 2328 1034 τῷ
2397 966 2632 1020 ἐνταῦθα
2692 968 2986 1036 τιμωμένῳ
3045 968 3189 1037 ἁγίῳ
3242 967 3512 1037 Φλασιανὴ
3550 970 3653 1039 (7η

2093 1058 2381 1127 κέκληται,
2413 1059 2653 1128 ἐξεχεῖτο
2711 1058 2859 1122 ἄπας
2886 1061 2914 1112 ὁ
2940 1061 3115 1130 δῆμος
3142 1060 3290 1129 ὑπὲρ
3319 1061 3426 1113 τῶν
3487 1064 3659 1132 ἀγρῶν

2073 1132 2334 1220 ’δεόμενοι
2356 1155 2449 1205 καὶ
2475 1153 2569 1205 τοῦ
2616 1152 2784 1223 μηδὲν
2812 1152 2997 1213 αὐτοῖς
3026 1153 3365 1223 ᾶχαριπρδς
3392 1154 3498 1205 τῶν
3534 1156 3659 1207 Ῥω-

2097 1243 2274 1313 μαίων
2337 1243 2624 1307 πείσεσθαι
2682 1244 3054 1313 στρατιωτῶν,
3108 1244 3293 1298 δοῦλοί
3348 1256 3408 1297 τε
3449 1245 3664 1313 εβασιλεί

2094 1335 2406 1423 ὡμολόγουν
2437 1337 2530 1390 καὶ
2559 1336 2727 1390 τᾶλλα
2747 1338 3037 1406 ἔπραττον,
3071 1337 3173 1390 ὅσα
3206 1335 3502 1404 Ῥωμαίοις
3548 1338 3660 1406 βου-

2092 1427 2342 1498 λομένοις
2370 1425 2461 1499 ἦν.
2493 1428 2600 1490 Οὓς
2622 1430 2722 1498 τῆς
2768 1428 2982 1493 εὐνοίας
3029 1429 3397 1500 ἁμειόόμενος
3432 1433 3459 1483 ό
3484 1449 3667 1502 στρατ-

422 1526 583 1596 138
611 1524 747 1581 Cum
801 1525 925 1579 inde
969 1526 1276 1585 excederet,
1332 1523 1635 1580 Gulielmus
1684 1526 1995 1582 Bassavillae

2113 1522 2228 1593 376:;
2254 1521 2329 1584 ὡς
2379 1522 2467 1576 διὰ
2516 1521 2702 1590 φιλίας
2736 1522 3032 1592 ἐπορεύετο
3049 1522 3150 1592 τῆς
3190 1522 3399 1591 χώρας.
3434 1525 3584 1593 Ἀρτι
3614 1523 3666 1576 δὲ

416 1615 605 1681 frater,
638 1618 729 1687 qui
764 1627 819 1671 et
868 1617 982 1682 ipse
1029 1618 1078 1669 iu
1120 1616 1484 1671 Ronranorum
1538 1618 1831 1675 amicitiam
1861 1634 1996 1675 con-

2113 1616 2307 1671 :xsZOsv
2330 1615 2624 1687 ἁπαίροντι
2654 1616 2939 1685 Γιλιέλμος
2961 1618 2989 1669 ό
3008 1615 3286 1670 Βασασίλα
3311 1614 3408 1684 μὲν
3430 1616 3661 1683 ἀδελφὸς,

418 1721 680 1774 cesserat,
716 1726 837 1763 eum
874 1708 1060 1765 fratris
1101 1710 1295 1764 litteris
1320 1711 1489 1775 venit,
1522 1712 1717 1778 quibus
1747 1720 1804 1764 ut
1829 1712 1998 1765 couti-

2113 1707 2290 1771 εὖνους
2319 1709 2376 1761 δέ
2404 1708 2502 1762 καὶ
2540 1708 2704 1771 αὐτὸς
2764 1708 3055 1777 Ῥωμαίοις
3089 1707 3192 1779 ἤδη
3224 1706 3464 1776 γεγονὼς
3498 1709 3667 1777 γράμο

417 1803 612 1856 denter
640 1804 743 1856 dux
790 1801 1075 1856 accederet
1114 1802 1454 1867 hortabatur,
1488 1811 1674 1871 utpote
1706 1803 2003 1870 circumia-

2113 1817 2252 1870 ματα
2282 1800 2434 1870 παρὰ
2466 1800 2563 1853 τοῦ
2606 1798 2838 1869 ἀδελφοῦ
2869 1777 3122 1869 κομίζων
3149 1793 3317 1870 ἦλθεν
3364 1799 3511 1869 αὐτῷ
3542 1800 3666 1871 οσρο

419 1905 575 1949 ceute
610 1896 829 1965 regione
859 1894 967 1964 jam
998 1893 1540 1963 Romanisparente.

490 2073 543 2128 5.
580 2070 909 2141 Palaeologus
952 2081 1131 2128 autem
1179 2073 1394 2140 Vescia,
1429 2083 1488 2129 ut
1530 2074 1733 2131 dictum
1773 2086 1877 2144 est,
1907 2094 2005 2148 per

420 2161 760 2218 conditiones
791 2163 1019 2232 potitus,
1052 2164 1117 2217 ad
1151 2162 1372 2219 Tranim
1399 2165 1548 2221 venit
1582 2183 1597 2221 :
1628 2169 1784 2238 cujus
1813 2170 2004 2226 incolae

420 2252 583 2306 simul
613 2268 674 2305 ac
705 2251 1009 2309 Romanum
1042 2255 1341 2309 exercitum
1372 2270 1726 2327 conspexere,
1754 2278 1876 2316 eum
1909 2277 2004 2318 ue-

421 2360 690 2413 quaquam
727 2346 914 2420 urbem
956 2347 1152 2403 dedere
1200 2348 1421 2414 vellent,
1472 2350 1659 2407 missis
1702 2353 1767 2407 ad
1812 2354 2003 2410 ducem

423 2437 641 2507 legatis.
680 2446 737 2491 ut
770 2438 967 2493 llnibus
995 2439 1107 2494 suis
1143 2440 1458 2496 abscederet
1492 2446 1751 2513 rogavero
1782 2464 1797 2501 :
1831 2462 2006 2515 neque

425 2530 570 2584 enim
604 2530 753 2599 prius
779 2543 940 2598 quam
982 2529 1162 2584 Barim
1194 2532 1445 2600 cepisset,
1479 2533 1702 2590 Tranim
1738 2553 1899 2606 posse
1939 2539 2007 2594 ab

426 2621 519 2674 illo
548 2622 864 2689 expugnari.
912 2621 1091 2687 Quare
1120 2621 1361 2679 collectis
1407 2624 1591 2679 decem
1634 2640 1737 2680 non
1778 2628 2007 2697 amplius

428 2710 680 2774 navibus,
713 2710 959 2767 discessit
991 2711 1114 2766 inde
1160 2721 1209 2766 et
1247 2714 1312 2766 ad
1359 2714 1544 2773 urbem
1597 2715 1776 2771 Barim
1825 2721 2005 2787 venit,

431 2817 534 2856 non
575 2812 682 2856 tam
717 2802 946 2857 militum
996 2812 1214 2858 secutus
1256 2805 1537 2859 consilium
1588 2807 1807 2878 (quippe
1836 2810 2011 2868 solers

429 2900 546 2946 erat
592 2894 879 2948 admodum
921 2900 975 2948 et.
1004 2894 1082 2948 rei
1120 2894 1369 2950 militaris
1416 2897 1750 2964 experientia
1797 2902 2010 2957 nemine

434 2983 701 3055 inferior),
749 2984 841 3038 sed
873 2985 1012 3054 quod
1064 2983 1283 3039 Tranim
1336 2986 1634 3055 erpugnari
1673 3003 1855 3043 revera
1902 3006 2009 3045 non

2106 1893 2221 1961 ῥεῖν
2251 1890 2346 1944 τοῦ
2383 1891 2570 1944 λοιποῦ
2596 1891 3039 1961 προτρεπόμενα,
3095 1891 3176 1955 ὡς
3226 1891 3289 1946 τὸ
3319 1890 3448 1961 ἑξῆς
3496 1888 3668 1961 χώρας

2105 1984 2374 2053 κατηκόου
2411 1985 2780 2054 προκειμένης
2804 1984 2975 2054 αὐτῷ.

2178 2072 2251 2141 γ’.
2308 2074 2369 2128 '0
2395 2074 2453 2128 δὲ
2508 2074 2878 2143 Παλαιολὸγος
2922 2075 3110 2145 ἐπειδὴ
3162 2074 3672 2146 Βεστίαν,’καοἀπερ

2104 2165 2343 2234 εἴρηται,
2373 2164 2636 2237 ὁμολογίᾳ
2686 2166 3092 2235 παρεστήσατο,
3120 2167 3220 2222 ἐπὶ
3278 2167 3480 2237 Τρᾶνιν
3531 2162 3670 2236 ἦλθε.

2104 2259 2367 2328 Τρανῖται
2403 2258 2584 2311 τοίνυν
2635 2258 2710 2322 ὡς
2741 2258 2833 2311 τὸν
2894 2258 3195 2327 Ῥωμαίων
3245 2252 3385 2312 εῖδον
3437 2257 3670 2327 στρατὸν,

2106 2348 2294 2420 ἐπειδὴ
2325 2347 2680 2420 παραδιδόναι
2713 2348 2867 2418 σφίσι
2899 2348 3000 2418 τὴν
3032 2350 3194 2403 πόλιν
3228 2349 3440 2420 οὐδαμῆ
3470 2349 3670 2420 ήυελον,

2107 2439 2367 2511 πρέσϐεις
2395 2438 2545 2509 παρὰ
2574 2438 2666 2492 τὸν
2693 2441 3000 2510 στρατηγὸν
3038 2440 3358 2510 πέμψαντες
3384 2439 3565 2510 ἠξίουν
3593 2441 3675 2491 ἐν-

2108 2532 2260 2585 θένδε
2292 2534 2482 2586 τοῦτον
2530 2532 2808 2600 ἀπαίρειν.
2860 2532 2951 2602 Μὴ
3013 2531 3120 2604 γὰρ
3203 2533 3470 2604 πρότερον
3522 2534 3673 2601 Βᾶριν

2109 2624 2591 2696 παραστησαμένῳ
2613 2624 2851 2678 ἀδύνατα
2880 2626 3029 2695 αὐτῷ
3053 2625 3277 2679 ἔσεσθαι
3300 2626 3501 2696 Τρᾶνιν
3526 2626 3672 2677 ἑλεῖν.

2119 2716 2181 2770 Ὃ
2211 2717 2267 2769 δὲ
2311 2716 2443 2779 ναῦς
2499 2715 2701 2769 αὐτίκα
2748 2717 2809 2769 οὐ
2864 2716 3033 2769 πλέον
3089 2716 3290 2787 ἢδέκα
3357 2716 3676 2786 ἐπαγόμενος

2110 2807 2319 2861 ἐκεῖθέν
2353 2825 2412 2859 τε
2472 2806 2676 2877 μετέϐη
2708 2808 2805 2861 καὶ
2834 2809 2930 2863 ἐπὶ
2969 2809 3138 2879 Βᾶριν
3191 2806 3381 2881 ἦλθεν,
3435 2808 3529 2877 οὐχ
3565 2808 3673 2860 ὅσον

2110 2902 2223 2964 τοῖς
2258 2899 2610 2972 στρατιωτῶν
2648 2899 2830 2967 λόγοις
2858 2900 3218 2964 ἀναπεισθεὶς
3270 2902 3545 2970 (ἀγχίνους
3576 2898 3676 2968 γὰρ

2110 2987 2178 3051 ἦν
2199 2991 2294 3045 καὶ
2307 2993 2372 3061 τῇ
2397 2991 2527 3060 περὶ
2542 2990 2610 3044 τὰ
2633 2991 2907 3061 πολεμικὰ
2929 2992 3197 3063 ἐμπειρία
3221 2993 3435 3056 οὐδενὸς
3457 2992 3673 3063 ἥσσων),

432 3091 587 3145 posse
626 3076 811 3143 sciret,
863 3074 1200 3144 proindeque.
1229 3086 1442 3145 tempus
1494 3077 1565 3132 ibi
1598 3087 1772 3135 terere
1820 3096 2008 3148 parum

2114 3083 2251 3137 ἀλλὰ
2278 3083 2479 3151 Τρᾶνιν
2520 3082 2621 3136 οὐκ
2654 3082 2928 3153 ἐπίμαχον
2957 3082 3114 3146 εἰδὼς
3144 3084 3362 3152 τρίϐειν
3422 3082 3539 3150 εἰκῆ
3594 3081 3675 3133 τὸν

431 3167 735 3222 consultum
769 3165 1144 3223 arbitraretur.
1181 3165 1286 3222 Sed
1315 3180 1370 3223 et
1400 3170 1467 3221 ad
1503 3169 1671 3234 ipsam
1707 3169 1882 3224 Barim
1915 3188 2009 3228 co-

2114 3174 2304 3245 καιρδν
2341 3172 2658 3244 ἀσύμφορον
2680 3172 2840 3245 ᾣετο.
2904 3173 3111 3228 Ἐδόκει
3146 3176 3251 3243 μὲν
3308 3169 3401 3228 οὖν
3445 3176 3479 3243 ἡ
3528 3171 3676 3240 eam;

432 3264 548 3329 pias
572 3264 859 3317 admovere
888 3263 1028 3317 haud
1057 3272 1162 3315 tam
1196 3262 1354 3318 facile
1379 3263 1661 3318 videbatur
1688 3281 1703 3321 :
1730 3282 1850 3321 cum
1876 3282 2013 3335 prae-

437 3367 680 3424 terquam
707 3357 848 3424 quod
883 3356 1070 3411 validis
1093 3358 1401 3425 cingeretur
1427 3359 1620 3423 muris,
1654 3361 1846 3417 idoneo
1878 3362 2009 3417 bar-

435 3450 688 3503 barorum
742 3449 992 3517 praesidio
1042 3459 1185 3504 esset
1224 3450 1428 3504 munita
1478 3468 1492 3505 :
1543 3467 1771 3521 quorum
1819 3454 1905 3507 alii
1957 3455 2011 3510 in

438 3539 679 3594 turribus
731 3541 925 3595 armati
978 3541 1215 3607 stabant,
1265 3542 1353 3597 alii
1402 3552 1527 3598 ante
1573 3554 1756 3614 portas
1805 3545 2015 3601 inliuito

437 3646 604 3698 νιοβε
624 3646 855 3689 numero
877 3630 1028 3688 ell‘usi
1055 3632 1263 3700 pedites
1292 3633 1607 3703 equitesque
1637 3635 1859 3705 perinde
1887 3652 2010 3691 cum

438 3723 607 3778 armis
643 3723 1031 3778 consistebant.
1062 3724 1142 3777 Ad
1175 3724 1288 3779 hac
1316 3735 1449 3779 aestu
1482 3724 1698 3780 insolito
1729 3727 1936 3782 fervens
1961 3738 2017 3783 et

439 3815 809 3871 intumescens
840 3829 988 3868 mare
1028 3814 1247 3885 jamjam
1280 3816 1508 3871 navibus
1548 3816 1819 3871 intc‘ritum
1853 3819 2016 3874 mini-

441 3906 675 3961 tabatur.
710 3904 844 3960 Cum
878 3906 1043 3976 igitur
1074 3906 1242 3960 ardua
1276 3907 1455 3961 omnia
1506 3908 1745 3978 undique
1781 3923 1845 3964 ac
1874 3910 2015 3966 dim-

439 4001 564 4055 cilia
597 4016 818 4070 prorsus
849 4000 1181 4064 viderentur,
1220 4016 1327 4054 non
1362 4001 1483 4057 ideo
1514 4011 1695 4058 tamen
1731 4017 1878 4073 spem
1926 4004 2019 4060 ille

440 4107 654 4148 omnem
679 4092 968 4162 abjecerat.
994 4091 1185 4146 Sedata
1208 4092 1373 4161 igitur
1392 4094 1647 4163 postridie
1677 4104 2017 4163 tempestate,

444 4200 556 4240 rem
590 4186 803 4255 aggredi
840 4184 1138 4240 constituit.
1168 4185 1237 4239 At
1268 4201 1390 4241 cum
1423 4186 1556 4241 nihil
1605 4188 1717 4241 fere
1766 4187 1924 4259 139
1954 4205 2016 4245 ex

443 4276 608 4331 animi
640 4277 909 4330 sententia
945 4277 1261 4332 succederet
1293 4277 1551 4345 (hostium
1586 4279 1727 4333 enim
1758 4279 1847 4333 alii
1889 4280 2022 4347 lapi-

443 4369 539 4423 des
574 4377 628 4423 et
658 4368 801 4438 ligna
853 4378 907 4424 et
936 4369 1294 4437 quodcunque
1337 4372 1656 4425 occurrebat
1686 4372 1750 4425 ad
1800 4386 2018 4424 manum

2114 3266 2415 3335 ἀπρόσοδος
2453 3266 2603 3334 αὑτῷ
2636 3267 2836 3335 πάντη·
2865 3265 3020 3335 τείχη
3052 3282 3112 3318 τε
3150 3266 3265 3336 γὰρ
3311 3267 3481 3335 αὐτὴν
3538 3280 3678 3331 περι-

2113 3356 2314 3421 εζώννυ
2355 3357 2621 3427 καρτερὰ,
2648 3359 2742 3411 καὶ
2787 3354 3080 3427 βαρϐάρων
3110 3357 3344 3427 στρατιὰ
3382 3359 3431 3411 οί
3477 3356 3569 3426 μὲν
3596 3354 3679 3408 ἐπὶ

2113 3447 2222 3499 τῶν
2250 3446 2525 3511 ἐπάλξεων
2562 3447 3019 3512 όπλενδυτοῦντες
3048 3449 3369 3517 ἐνέστησαν.
3398 3451 3445 3503 oi
3485 3449 3539 3500 δὲ
3597 3448 3679 3499 ἁνο

2116 3538 2350 3609 ἀριθμός
2382 3555 2468 3601 τις
2503 3537 2690 3607 ὅμιλος
2720 3538 2904 3591 πυλῶν
2935 3539 3311 3608 προχυθέντες
3338 3538 3490 3602 πεζοί
3514 3555 3571 3590 τε
3596 3537 3679 3589 καὶ

2117 3632 2303 3695 ἱππεῖς
2334 3632 2428 3697 ξὺν
2453 3634 2565 3695 τοῖς
2601 3631 2790 3694 ὅπλοις
2827 3630 3157 3701 ἐπεφέροντο
3178 3631 3352 3700 αὐτῷ.
3378 3630 3465 3703 [Ρ.
3498 3628 3584 3701 81]
3621 3627 3678 3679 Ἣ

2118 3727 2361 3781 θάλασσα
2404 3724 2462 3778 δὲ
2494 3724 2742 3794 σφοδρῶς
2781 3723 3181 3793 ὲπεγειρομένη
3226 3723 3515 3777 καταδύειν
3541 3720 3683 3791 ἠπεί-

2116 3820 2198 3872 λει
2223 3817 2323 3880 τὰς
2366 3816 2523 3880 ναῦς.
2579 3816 2640 3868 ’0
2700 3815 2757 3869 δέ
2806 3814 2984 3869 καίτοι
3034 3816 3378 3886 πανταχόθεν
3416 3814 3556 3881 αὐτῷ
3584 3813 3680 3864 τῶν

2119 3906 2466 3977 πραγμάτων
2526 3903 2744 3976 ἀπόρων
2770 3903 2963 3967 ὄντων,
2992 3904 3091 3957 οὑκ
3116 3904 3223 3971 ἔξω
3255 3907 3433 3976 πάντη
3468 3903 3681 3956 ἐλπίδων

2119 3999 2356 4065 ἐγένετο.
2385 3996 2462 4064 Τῇ
2500 3994 2726 4065 ἐπιούσῃ
2752 3994 2884 4062 γοῦν
2935 3995 3043 4048 τῶν
3076 3996 3335 4065 κυμάτων
3366 3997 3499 4058 τέως
3527 3994 3656 4061 tit-nr)

2120 4078 2389 4157 λαγμένος
2425 4084 2588 4155 ἔργου
2626 4082 2850 4155 ἔχεσθαι
2881 4084 3096 4154 ἤθελεν.
3137 4084 3226 4149 Ὠς
3271 4086 3328 4139 δὲ
3366 4087 3527 4157 μηδὲν
3549 4084 3681 4153 αὐτῷ

2122 4182 2431 4255 προύχώρει
2452 4181 2579 4251 (τῶν
2596 4181 2704 4251 γὰρ
2729 4179 3002 4250 πολεμίων
3027 4183 3075 4233 oi
3098 4181 3194 4251 μὲν
3211 4182 3396 4238 λίθους
3439 4184 3530 4235 καὶ
3567 4181 3684 4245 ξύλα

2122 4277 2216 4330 καὶ
2233 4277 2340 4328 πᾶν
2361 4274 2419 4329 τὺ
2449 4273 2763 4343 παρατυχὸν
2780 4272 3016 4341 νιφάδων
3030 4273 3186 4345 δίκην
3204 4277 3268 4327 ἐκ
3300 4274 3408 4327 τῶν
3426 4275 3686 4339 ἐπάλξεων

2124 4368 2194 4420 ἐπ
2211 4367 2224 4387 ‘
2245 4365 2410 4426 αὑτὸν
2428 4365 2693 4432 ἔπεμπον,
2708 4363 2760 4417 οἱ
2787 4362 2844 4415 δὲ
2875 4364 2969 4417 καὶ
2991 4364 3100 4416 ἀπὸ
3124 4365 3227 4433 γῆς
3248 4365 3431 4434 βέλεσι
3456 4367 3543 4419 τὸν
3564 4366 3685 4433 ἀέρα

447 4460 652 4516 nivium
686 4461 859 4517 instar
885 4477 916 4517 e
947 4464 1186 4517 turribus
1217 4463 1535 4518 emittebant
1572 4479 1585 4516 :
1620 4462 1730 4526 alii,
1764 4464 1852 4532 qui
1886 4461 2010 4516 infr:

2130 4459 2427 4525 ἐσκίαζον),
2460 4458 2731 4528 ἐντροπὴν
2775 4474 2898 4508 τινα
2924 4459 2982 4508 ἐν
3011 4456 3087 4526 τῷ
3113 4459 3431 4528 παραυτίκα
3472 4474 3686 4525 πεποιη-

443 4553 681 4619 stabant,
705 4551 1079 4623 frequentibus
1098 4555 1216 4610 telis
1239 4552 1842 4622 obscurabantﬁaerem),
1868 4555 2027 4608 inter-

446 4642 764 4698 mittendam
797 4644 851 4697 in
886 4644 1133 4712 praesenti
1168 4644 1624 4714 oppugnationem
1678 4652 1827 4697 ratus
1873 4652 2025 4698 extra

444 4735 541 4793 teli
579 4733 781 4804 iactum
817 4735 1043 4790 recessit
1082 4744 1134 4790 et
1173 4735 1373 4805 pacisci
1415 4748 1534 4787 cum
1568 4733 1810 4789 hostibus
1832 4720 2025 4805 ‘cuapit,

450 4829 619 4885 multa
656 4829 722 4884 iis
752 4831 890 4886 bona
924 4828 1218 4898 pollicitus,
1251 4842 1370 4895 quae
1407 4839 1528 4883 sese
1554 4830 1750 4897 partim
1777 4828 2024 4883 daturum

452 4917 738 4975 confestim
763 4919 1080 4989 spondebat,
1112 4918 1155 4972 si
1191 4916 1376 4971 urbem
1405 4916 1539 4972 citra
1568 4916 1806 4987 pradium
1834 4934 2027 4988 magno

454 5012 711 5067 dederent
733 5009 1068 5082 imperatori,
1091 5010 1283 5080 partim
1315 5008 1543 5064 subinde
1574 5009 1837 5079 speranda
1874 5010 2026 5079 inge-

452 5104 627 5161 rebat.
648 5104 914 5174 Oppidani
943 5104 1104 5161 simul
1127 5113 1289 5174 atque
1311 5103 1364 5159 id
1387 5117 1664 5172 accepere,
1697 5101 1788 5156 alii
1819 5102 2030 5172 equites

450 5200 740 5265 excedunt,
780 5199 869 5253 alii
915 5200 1144 5269 scaphas
1179 5199 1572 5267 ingrediuntur,
1612 5211 1845 5266 eumque
1890 5196 2029 5249 iuvi-

454 5297 571 5345 tant
594 5301 655 5347 ut
684 5292 739 5347 in
766 5291 975 5357 urbem,
1000 5274 1152 5360 cujus
1176 5291 1415 5347 reclusas
1438 5288 1792 5345 ostendebant
1823 5296 2026 5356 portas,

454 5382 685 5461 veniret,
736 5383 803 5438 At
851 5385 939 5439 ille
989 5402 1057 5440 ne
1103 5384 1258 5439 dolus
1293 5383 1536 5439 subesset
1584 5381 1810 5441 veritus,
1856 5378 2031 5447 primo

454 5473 666 5531 animos
693 5476 906 5533 illorum
943 5486 1155 5533 tentare
1186 5477 1394 5534 statuit.
1425 5473 1596 5530 Jussit
1628 5472 1811 5541 itaque
1841 5484 2032 5525 navem

2129 4552 2288 4620 μένος
2322 4549 2426 4615 ἔξω
2452 4547 2622 4618 βελῶν
2651 4546 2884 4616 ἐγίνετο,
2911 4547 3091 4615 λόγοις
3112 4564 3170 4599 τε
3202 4549 3260 4611 ἐς
3290 4550 3491 4612 αὐτοὺς
3504 4548 3687 4618 ἐχρῆτο

2127 4643 2307 4709 ἀγαθὰ
2338 4642 2373 4695 ἃ
2403 4641 2501 4710 μὲν
2519 4640 2720 4693 αὐτίκα
2749 4644 2995 4707 ποιήσειν
3026 4640 3501 4710 ἐπαγγελλόμενος
3523 4643 3568 4692 εἰ
3601 4641 3688 4709 βα-

2128 4735 2269 4788 σιλεῖ
2311 4732 2533 4803 μεγάλῳ
2559 4729 2658 4802 τὴν
2697 4730 2853 4784 πόλιν
2879 4731 3126 4799 ἀμαχητὶ
3177 4724 3688 4802 παραθήσουσιν,ὦν

2127 4823 2182 4876 δὲ
2216 4826 2309 4876 καὶ
2338 4820 2531 4874 ἐλπίδα
2565 4820 2866 4874 ὑποτείνων
2895 4820 3045 4888 ἑξῆς·
3082 4819 3289 4875 τούτων
3320 4823 3618 4893 ἐπειδήπερ
3643 4819 3689 4871 oi

2132 4914 2225 4969 ἐπὶ
2253 4914 2350 4985 τῆς
2372 4912 2580 4976 πόλεως
2612 4913 2872 4981 ἡκουσαν.
2911 4913 3120 4965 ἱππέων
3146 4913 3513 4985 ἐκδραμόντες
3535 4912 3686 4974 τινὲς.

2132 5011 2179 5062 oi
2200 5007 2255 5061 δὲ
2280 5007 2370 5058 καὶ
2383 5004 2439 5057 λε
2450 5004 2695 5073 μϐαδίοις
2732 5004 3017 5072 ἐμϐάντες,
3060 5006 3404 5076 παρεκάλουν
3424 5007 3579 5071 αὐτὸν
3606 5004 3690 5057 ἐπὶ⁸

2130 5100 2231 5169 τὴν
2256 5098 2410 5151 πόλιν
2434 5095 2570 5149 ἱέναι
2593 5097 2851 5149 ἀνακεκλι
2860 5096 3026 5164 μένας
3049 5097 3147 5158 τὰς
3166 5094 3338 5158 πύλας
3356 5094 3689 5149 ὑποδεικνύν-

2132 5207 2246 5251 τες.
2265 5190 2319 5243 Ὀ
2334 5190 2391 5241 δὲ
2403 5189 2583 5251 δείσας
2599 5188 2736 5258 ὅπερ
2750 5181 2817 5256 ἦν
2834 5187 2908 5254 μὴ
2923 5183 3165 5255 tamen;
3185 5203 3268 5248 τις
3281 5187 3362 5256 είη
3376 5186 3439 5240 τὸ
3452 5186 3689 5255 πρᾶγμα,

2136 5285 2193 5346 ἐς
2218 5286 2412 5355 πεῖραν
2441 5280 2639 5352 ἐχώρει
2667 5279 2950 5350 πρότερον.
2983 5277 3237 5331 Ἐκέλευε
3262 5268 3442 5331 τοίνυν
3477 5279 3581 5332 τῶν
3605 5276 3690 5329 σὺν

2134 5376 2281 5447 αὐτῷ
2302 5377 2434 5447 μίαν
2454 5375 2589 5428 νεῶν
2614 5374 2711 5426 ἐπὶ
2732 5370 3013 5441 τὴνάκτὴν
3047 5371 3371 5444 ίέναιδῆθεν
3405 5368 3691 5442 ὁρμισομέσ

2135 5483 2266 5537 νιίν⁹
2286 5467 2401 5520 ἀλλ’
2434 5466 2550 5536 ἅμα
2580 5481 2640 5517 τε
2668 5460 3001 5535 προσιοῦσαν
3023 5456 3166 5516 εἶδον
3192 5460 3359 5534 αὐτὴν
3378 5462 3430 5514 oi
3452 5459 3688 5530 πολέμιοι

1775 5610 1874 5670 Du
1909 5604 2133 5686 Cangii
2169 5611 2357 5666 notes.

541 5738 656 5811 (77)
714 5734 1040 5805 Φλαόιανή.
1112 5733 1423 5790 Flavianum
1481 5730 1619 5789 torte
1677 5727 1929 5803 oppidum
1977 5728 2031 5785 iu
2071 5724 2408 5782 Samnitibus
2444 5722 2585 5781 circa
2614 5723 2765 5779 littus
2791 5719 2934 5779 haud
2960 5721 3149 5793 procul
3178 5720 3442 5780 Turdino.
