3974 6188
327 303 433 369 477

1476 394 1479 395 γ
1543 312 2083 375 HISTORIARUM
2121 316 2269 378 LIB.
2314 318 2413 382 IV.

3474 325 3580 391 1.78
3616 286 3627 293 ’

321 420 413 473 καὶ
428 419 572 489 ἀμφὶ
596 416 724 482 τοὺς
741 418 1131 485 πεντακοσίους
1145 422 1203 485 ὲς
1219 421 1316 487 τὰς
1334 423 1584 488 ἐπάλξεις
1602 425 1902 480 ἀνέϐαινον.

2015 442 2072 482 ex
2108 430 2219 485 suis
2252 445 2413 484 unam
2450 431 2516 484 ad
2565 431 2713 487 littus
2745 434 2851 502 agi,
2893 432 3047 503 quasi
3076 446 3143 489 eo
3187 430 3580 504 appulsuram:

298 510 390 563 ~‘0
419 508 656 563 κατιδὼν
679 509 1036 581 Ἀλέξανδρος
1058 515 1229 582 μήπω
1256 516 1391 584 πρὸς
1422 517 1532 577 τοῖς
1552 515 1738 579 ὅπλοις
1760 517 1907 570 ὲκεί-

324 600 838 672 νω“ίγεγενημένων
872 604 1096 673 χρυσίον
1129 606 1430 676 κεχυμένον
1454 607 1545 660 ἐπὶ
1571 607 1664 660 τοῦ
1690 608 1903 663 κόλπου

330 693 505 747 λαϐὼν
531 695 801 749 ἀπέϐαινε
859 713 916 749 τε
955 700 1073 762 τοῖς
1103 697 1242 760 νεῶς
1293 697 1498 751 θᾶσσον
1530 700 1623 751 καὶ
1657 702 1775 763 τοῖς
1802 702 1895 754 ἐπὶ

324 790 419 851 sit;
451 787 663 851 πόλεως
692 788 925 851 δεικνὺς.
954 808 971 840 t
1007 790 1103 851 Ὃς
1127 788 1193 841 ἂν
1220 789 1452 843 πλούτου
1476 790 1569 842 καὶ
1586 791 1900 859 ἐλευθερίας

326 878 556 949 ἐραστὴς
588 880 672 946 εἴη
716 877 873 947 δεῦρο
898 879 1135 947 παρίτω,
1189 880 1513 950 ἀνέκραγεν,
1562 880 1638 941 ὡς
1696 883 1897 936 αὐτίκα

325 970 530 1023 τούτων
552 971 1015 1038 ἀπολαυσόμενος.
1045 989 1064 1022 ι
1102 971 1158 1024 'O
1186 972 1284 1040 μὲν
1312 972 1493 1024 ταῦτα
1543 969 1685 1037 εἶπε,
1722 975 1832 1026 τῶν
1857 973 1902 1027 δ’

326 1065 386 1115 ἐκ
412 1065 511 1131 τῆς
544 1064 753 1125 πόλεως
784 1064 990 1131 πλῆθος
1014 1064 1385 1134 ἐκδραμόντες
1446 1067 1581 1118 πολὺ
1645 1070 1904 1138 παραυτὰ

326 1154 533 1220 βασιλεῖ
560 1152 968 1225 προσεχώρουν,
990 1152 1083 1215 οὓς
1110 1155 1294 1223 ὅρκοις
1313 1154 1636 1208 καταλαϐὼν
1661 1158 1688 1209 ὁ
1708 1172 1901 1227 στρατ-

324 1245 454 1310 ηγὸς
497 1243 741 1306 σπεύσας
784 1244 875 1295 ἐπὶ
905 1244 1007 1313 τὴν
1060 1244 1218 1295 πόλιν
1259 1245 1447 1312 είσῆγε
1473 1245 1534 1297 τὸ
1560 1245 1901 1315 στράτευμα.

326 1332 480 1387 Οὕτω
508 1333 772 1403 χρυσίνου
808 1332 1058 1396 δελέατος
1078 1333 1233 1388 οὐδὲν
1268 1334 1580 1406 ἀνθρώποις
1631 1337 1906 1407 ἀπατηλό-

323 1443 477 1494 τερον
498 1426 732 1492 γὶνεται.
767 1423 955 1477 Ταῦτα
1000 1425 1226 1493 γνόντες
1272 1429 1484 1480 πολῖται
1522 1429 1572 1480 ot
1596 1428 1771 1491 ἄλλοι,
1812 1430 1906 1494 οὓς

323 1516 419 1569 οὐκ
462 1515 664 1586 ἤρεσκε
703 1514 945 1583 δηλονότι
982 1516 1049 1568 τὰ
1076 1517 1448 1587 πραττόμενα,
1470 1518 1658 1588 δρόμῳ
1687 1519 1779 1571 ἐπὶ
1806 1520 1905 1590 τὴν

323 1605 616 1675 ἀκρόπολιν
646 1607 908 1677 ὲχῶρουν,
938 1606 1093 1670 ἐντός
1110 1624 1171 1660 τε
1203 1608 1306 1679 ἤδη
1341 1610 1568 1678 τειχέων
1616 1611 1905 1678 γεγονότες

323 1698 580 1769 περὶτῶν
602 1697 744 1753 ὅλων
771 1697 1062 1769 ἐμάχοντο.
1097 1694 1206 1752 Ἦν
1236 1718 1297 1753 τε
1334 1702 1569 1771 πρᾶγμα
1601 1701 1798 1755 πολλοῦ
1839 1720 1904 1772 γε

2006 536 2167 590 quam
2217 521 2308 575 ubi
2358 525 2537 577 hostes
2574 523 2755 579 vident
2786 525 3061 590 accedere,
3095 540 3321 580 numero
3365 527 3584 585 circiter

2006 612 2279 681 quingenti
2302 621 2480 668 turres
2501 615 2893 671 conscendunt.
2912 614 2968 669 ld
2990 612 3337 685 conspicatus
3356 616 3585 674 Alexan-

2006 704 2121 765 der,
2150 719 2271 759 cum
2318 707 2542 759 necdum
2576 706 2613 760 ii
2659 720 2808 761 arma
2847 708 3165 774 induissent,
3198 723 3411 774 aurum,
3441 712 3582 781 quod

2006 809 2115 859 pra:
2164 794 2281 846 sinu
2329 793 2557 849 eli'usnm
2593 798 2856 862 gestabat.
2901 798 3173 868 accipiens
3219 800 3400 854 statim
3450 815 3585 855 nave

2006 886 2279 954 egreditur
2305 902 2319 939 :
2347 896 2670 956 ostensoqtte
2692 902 2755 941 eo
2780 887 3063 956 oppidanis
3094 888 3183 957 qtti
3208 904 3372 957 supra
3399 905 3585 945 muros

2007 974 2239 1039 stabant,
2276 975 2388 1029 haec
2419 976 2577 1030 verba
2615 975 2883 1030 exclamat
2920 995 2933 1031 :
2967 995 2985 1027 t
3035 976 3135 1044 Qtti
3174 976 3485 1032 divitiarum
3530 990 3586 1034 et

2005 1064 2270 1118 libertatis
2318 1067 2585 1121 desiderio
2641 1068 2899 1135 tangitur,
2943 1068 3045 1123 huc
3092 1068 3333 1133 accedat,
3373 1070 3439 1124 iis
3486 1085 3585 1125 ex-

2009 1157 2204 1224 templo
2236 1156 2513 1211 fruiturus.
2558 1176 2578 1210 ι
2616 1156 2707 1211 His
2738 1159 2896 1213 dictis
2927 1160 3113 1225 ingens
3153 1174 3183 1213 e
3221 1159 3444 1215 civitate
3483 1160 3583 1219 adh

2010 1248 2149 1299 volat
2183 1248 2469 1300 multitudo
2500 1257 2553 1300 et
2600 1248 2910 1315 imperatori
2946 1251 3205 1304 continuo
3230 1251 3582 1321 adiungitur:

2008 1350 2238 1404 moxque
2271 1337 2375 1388 dux
2414 1337 2515 1390 lide
2549 1336 2617 1392 ah
2658 1338 2720 1390 iis
2767 1349 3005 1408 accepta,
3038 1355 3157 1395 cum
3193 1342 3355 1395 multa
3391 1343 3586 1397 celeri-

2006 1436 2114 1479 tate
2159 1425 2451 1479 exercitttm
2488 1425 2542 1479 in
2589 1426 2859 1480 civitatem
2908 1428 3221 1483 introducit.
3263 1429 3411 1483 Adeo
3453 1429 3585 1483 nihil

2007 1526 2089 1572 est
2122 1516 2189 1570 ad
2233 1516 2553 1571 inescandos
2596 1517 2999 1586 illicientlosque
3030 1517 3334 1572 mortalium
3377 1518 3586 1574 animos

2008 1621 2142 1661 auro
2177 1606 2425 1662 validius.
2466 1606 2590 1662 Haec
2635 1618 2915 1678 postquam
2958 1624 3261 1680 cognovere
3294 1610 3441 1665 cives
3472 1609 3583 1676 alii,

2007 1699 2200 1771 quibus
2232 1698 2480 1754 videlicet
2517 1697 2676 1770 140
2704 1715 2822 1767 quae
2853 1700 2996 1753 facta
3044 1701 3259 1754 fuerant
3292 1700 3433 1755 haud
3466 1700 3584 1771 pla-

324 1791 488 1855 ὅπως
514 1791 798 1860 θαύματος
827 1791 980 1858 ἄξιον
1004 1792 1161 1864 όρᾷν,
1196 1795 1322 1858 τοὺς
1354 1795 1585 1866 ἔναγχος
1616 1797 1711 1849 καὶ
1740 1796 1903 1864 φύσει

2015 1791 2220 1856 eebaut,
2248 1790 2300 1844 in
2333 1806 2510 1845 arcem
2548 1792 2830 1845 confestim
2878 1806 3001 1847 sese
3043 1792 3347 1861 proripiunt
3378 1809 3392 1846 :
3425 1800 3588 1862 atque

329 1885 414 1937 καὶ
450 1883 703 1953 γνώμαις
746 1883 1156 1953 συμϐαίνοντας
1223 1886 1468 1957 σήμερον
1531 1887 1724 1959 ὥσπερ
1781 1890 1903 1941 ἐπι-

326 1974 639 2045 τειχίσματι
664 1972 743 2044 τῷ
773 1974 963 2045 χρυσῷ
995 1975 1409 2046 διειργμένους,
1435 1975 1609 2045 ἐχθρὰ
1640 1976 1905 2046 φρονοῦν-
1938 2028 1958 2043 ,,

327 2080 422 2127 τας
444 2062 700 2135 ἀλλήλοις
727 2063 824 2116 καὶ
848 2062 1205 2133 διεστηκότας
1231 2066 1331 2137 ἢδη
1352 2068 1466 2130 τοῖς
1488 2065 1693 2136 ἔργοις.
1719 2068 1907 2121 Ταῦτα

330 2153 430 2223 μὲν
458 2149 699 2223 οὗντῇδε
728 2155 974 2223 ἐφέρετο.
1008 2151 1116 2208 Ἦν
1141 2157 1197 2209 δέ
1241 2174 1296 2210 τι
1343 2158 1609 2229 φρούριον
1665 2159 1770 2213 ἀνὰ
1806 2158 1905 2229 τὴν

332 2245 487 2299 πόλιν
507 2246 722 2317 ἕτερον,
752 2248 840 2314 ἐφ’
867 2240 929 2299 οὒ
966 2246 1239 2300 Νικολάου
1270 2249 1364 2301 τοῦ
1395 2251 1452 2302 ὲν
1479 2249 1660 2317 ἁγίοις
1723 2252 1907 2320 ἵδρυτο

331 2336 485 2399 νεὼς,
512 2337 542 2391 δ
573 2338 668 2390 καὶ
719 2337 861 2392 αὐτὸ⁴
898 2338 1109 2402 ἐξελεῖν
1146 2341 1175 2391 ὁ
1236 2342 1548 2411 στρατηγὸς
1598 2342 1911 2411 διανοηθεὶς

332 2428 504 2483 τοιάδε
538 2430 660 2482 τινὰ
690 2431 889 2485 ἐποίει.
925 2429 1171 2502 Ἀνδρας
1212 2431 1746 2502 τεθωρακισμένους
1809 2437 1907 2503 μέ-

334 2520 837 2591 λασι’περιστεξλ.α;
876 2522 1108 2594 ἀμφίοις
1139 2523 1394 2579 ἐκέλευεν
1419 2524 1784 2596 ὀρθρίσαντας
1815 2526 1908 2579 ἐπὶ

334 2617 419 2668 τὶν
441 2615 579 2669 νεὼν
615 2615 815 2678 ἐλθεῖν,
849 2616 1072 2669 ἐπειδὰν
1099 2617 1155 2670 δὲ
1194 2617 1291 2670 καὶ
1312 2617 1529 2673 ἔνδοθεν
1559 2620 1805 2688 γένοιντο
1840 2618 1907 2675 τὰ

338 2705 460 2775 ξίφη
483 2708 868 2778 σπασαμένους
893 2708 1056 2780 ἔργου
1089 2708 1336 2779 ἔχεσθαι.
1384 2710 1469 2782 [Ρ.
1533 2708 1648 2781 83.]
1703 2711 1766 2763 Οἱ
1805 2710 1908 2780 μὲν

337 2796 613 2852 οὒνέωθεν
646 2797 724 2868 τῷ
750 2799 999 2870 φρουρίῳ
1033 2800 1358 2869 προσιόντες
1413 2799 1511 2870 τὴν
1544 2800 1719 2869 πύλην
1781 2801 1907 2855 ἔκο-

338 2903 465 2942 πτον
497 2906 514 2920 ο
568 2889 618 2941 οἱ
644 2888 692 2943 δ’
743 2889 899 2944 ἔνδον
946 2890 1207 2960 μονήρεις
1275 2892 1432 2953 τινὰς
1480 2889 1624 2946 εἶναι
1682 2893 1908 2958 τούτους

334 2982 714 3053 ὑπειληφότες,
751 2984 848 3047 τὰς
879 2983 1057 3048 πύλας
1100 2984 1286 3048 αὐτοῖς
1331 2985 1776 3055 διαζυγώσαντες
1796 2989 1907 3040 εἰσ-

331 3074 593 3143 εδέχοντο.
619 3075 732 3130 Καὶ
761 3076 822 3128 τὸ
867 3074 1057 3129 λοιπὸν
1077 3076 1224 3130 οὕτω
1275 3076 1341 3147 δὴ
1407 3078 1503 3132 καὶ
1553 3076 1711 3131 τοῦτο
1769 3079 1906 3133 Ῥω-

334 3168 509 3239 pater:
532 3169 728 3240 ᾑρέθη.
768 3169 931 3224 Ἀλλὰ
972 3170 1070 3223 καὶ
1098 3171 1295 3224 τούτου
1331 3171 1654 3236 ἑαλωκότος
1721 3174 1771 3225 οἱ
1814 3172 1909 3225 ἐπὶ

328 3260 425 3331 τῆς
462 3262 823 3332 ἀκροπόλεως
868 3261 1340 3333 ἰσχυρογνώμονες
1374 3264 1456 3317 ἔτι
1506 3259 1671 3334 ἦσαν.
1727 3264 1909 3334 Μέχρι

334 3352 430 3421 μὲν
451 3348 547 3409 οὖν
568 3354 663 3408 καὶ
723 3356 780 3418 ἐς
836 3355 1073 3424 ἑὸδόμην
1128 3354 1344 3427 ἡμέραν
1399 3354 1548 3408 οὕτω
1603 3355 1909 3410 διετέλεσαν

332 3444 767 3517 ἀντικαθήμενοι
828 3446 1110 3516 ἀλλήλοις,
1161 3448 1285 3500 ἐπεὶ
1314 3446 1373 3500 δὲ
1454 3448 1548 3500 καὶ
1597 3446 1910 3512 Βασαϐἱλας

333 3534 564 3588 ἐνταῦθα
608 3530 743 3606 ἦλθε
798 3535 1029 3607 δύναμιν
1079 3535 1156 3599 ὡς
1211 3535 1473 3606 πλείστην
1542 3536 1904 3606 ἐπαγόμενος,

334 3625 449 3677 τότε
475 3626 542 3696 δὴ
579 3627 676 3679 καὶ
710 3626 918 3697 ταύτην
1000 3627 1304 3697 Ῥωμαίοις
1354 3627 1683 3696 παρέδοσαν.
1752 3630 1911 3684 Κατὰ

339 3717 493 3789 ἔχθος
546 3737 611 3787 γε
653 3719 757 3793 μὴν
794 3721 855 3774 τὸ
916 3721 1058 3792 πρὸς
1136 3720 1420 3792 Ῥογέριον
1480 3720 1577 3774 ἆτε
1612 3720 1912 3794 ἀπανθρώ-

338 3826 450 3875 πως
496 3812 689 3875 αὐτοῖς
764 3814 926 3867 ὁποῖα
1017 3815 1133 3875 τοῖς
1218 3811 1584 3884 τυραννοῦσιν
1678 3812 1937 3870 εἴθισται.

340 3905 804 3975 προσφερόμενον,
882 3906 940 3967 ἐς
997 3904 1202 3973 ἔδαφος
1277 3904 1390 3975 (78)
1450 3906 1624 3977 αὐτὴν
1657 3907 1914 3961 καθελόν⁸

338 4011 426 4057 τες
477 3997 723 4066 ἀφῆκαν,
775 3997 955 4051 καίτοι
998 3996 1185 4050 κπολλὰ
1232 3996 1330 4050 τοῦ
1376 3999 1688 4068 στρατηγοῦ
1775 4001 1913 4069 πρὸς

340 4086 496 4140 τοῦτο
532 4088 947 4160 διενισταμένου
975 4089 1069 4143 καὶ
1097 4090 1400 4160 χρημάτων
1424 4089 1684 4145 ὠνεῖσθαι
1707 4093 1914 4163 ταύτην

347 4179 593 4247 μεγάλων
627 4178 925 4246 ἀξιοῦντος.
1810 4168 1823 4183 ”
1942 4180 1946 4184 Α

408 4268 468 4323 δ’.
508 4271 591 4325 Τὰ
627 4273 725 4341 μὲν
750 4271 843 4327 οὖν
891 4271 1031 4327 κατὰ
1054 4273 1222 4344 Βίριν
1259 4273 1386 4346 τῇδε
1413 4274 1713 4347 ἐχώρησεν.
1767 4275 1828 4329 '0
1849 4276 1908 4330 δὲ

343 4361 698 4433 Παλαιολόγος
740 4364 927 4436 ἐπειδὴ
959 4364 1164 4435 ταύτην
1189 4365 1367 4436 ἔσχεν,
1413 4368 1507 4419 ἐπὶ
1555 4368 1761 4439 Τρᾶνιν
1789 4368 1910 4441 (79)

1934 3121 1976 3177 C

2009 1886 2149 1937 intra
2181 1902 2209 1933 ll
2234 1884 2374 1936 (enin
2394 1883 2501 1950 jam
2527 1882 2723 1951 recepti
2748 1885 2812 1936 de
2834 1897 3043 1936 summa
3073 1898 3251 1937 rerum
3278 1887 3583 1939 decertant.

2008 1972 2107 2027 llic
2139 1989 2298 2042 porro
2330 1988 2440 2028 rem
2472 1972 2828 2027 admiratione
2851 1973 3065 2043 dignam
3096 1982 3213 2028 erat
3242 1973 3466 2038 intueri,
3493 1987 3586 2029 eos

2010 2081 2215 2138 nempe
2231 2067 2318 2134 qui
2354 2074 2404 2121 et
2436 2075 2624 2120 natura
2651 2073 2705 2122 et
2732 2065 3007 2120 voluntate
3036 2066 3264 2121 invicem
3297 2079 3471 2135 nuper
3497 2079 3588 2120 eo-

2009 2158 2304 2225 haerebant,
2339 2173 2480 2213 nunc
2512 2172 2646 2212 auro
2680 2156 2824 2211 velut
2868 2172 3020 2212 muro
3046 2157 3346 2226 disjnnctos
3371 2156 3584 2212 hostili-

2011 2263 2094 2302 ter
2138 2250 2279 2303 inter
2327 2263 2387 2303 se
2432 2262 2613 2319 agere,
2667 2248 2991 2317 diversaque
3038 2261 3261 2317 prorsus
3308 2246 3485 2301 moliri
3531 2257 3586 2301 et

2009 2340 2232 2395 sentite.
2279 2343 2455 2409 Atque
2508 2338 2552 2393 is
2592 2338 2698 2393 fuit
2744 2339 2794 2392 in
2829 2338 2960 2393 urbe
3001 2352 3181 2392 rerum
3230 2346 3424 2393 status.
3457 2336 3586 2391 Erat

2008 2440 2265 2502 przrterea
2304 2430 2354 2484 in
2389 2430 2652 2499 superiori
2704 2428 2939 2483 civitatis
2989 2437 3141 2496 parte
3175 2443 3271 2482 arx
3308 2427 3497 2492 altera,
3531 2426 3583 2481 in

2010 2538 2112 2591 qua
2141 2530 2476 2577 exstructum
2508 2530 2621 2576 erat
2644 2520 2768 2574 divo
2788 2519 3009 2574 Nicolao
3034 2519 3271 2574 dicatum
3301 2518 3585 2587 templum,

2008 2631 2171 2686 quam
2234 2628 2354 2667 cum
2405 2626 2673 2680 occupare
2723 2618 2986 2665 statueret
3042 2608 3405 2680 Palarolugus,
3457 2608 3584 2664 talia

2011 2705 2459 2762 comminiscitur.
2483 2703 2735 2758 Armatus
2758 2701 2983 2770 aliquot,
3010 2700 3174 2770 nigris
3201 2699 3585 2768 superindutos
3684 2688 3693 2697 ’

2012 2799 2205 2869 palliis,
2237 2810 2449 2852 summo
2480 2810 2635 2849 mane
2670 2794 2737 2847 ad
2775 2792 3028 2861 templum
3064 2792 3149 2847 ire
3182 2790 3355 2858 jubet,
3387 2790 3585 2860 datque

2010 2892 2078 2947 iis
2110 2890 2162 2945 in
2189 2888 2479 2951 mandatis,
2511 2897 2567 2940 ttt
2596 2887 2758 2942 simul
2780 2895 2941 2956 atque
2964 2885 3190 2955 ingressi
3221 2882 3351 2939 illud
3377 2891 3583 2943 essent.

2011 2992 2124 3038 tum
2152 2982 2367 3038 demum
2402 2979 2605 3035 strictis
2639 2979 2829 3049 gladiis
2863 2994 2973 3033 rem
3026 2978 3466 3050 aggrederentur.
3504 2971 3583 3043 illi

2012 3090 2139 3143 ergo
2189 3073 2291 3128 sub
2320 3082 2586 3127 ‘auroratn
2622 3070 2941 3126 accedentes
2990 3068 3059 3124 ad
3105 3082 3321 3129 arcent,
3372 3070 3581 3137 portam

2011 3165 2245 3236 pulsant.
2277 3162 2380 3229 Qui
2428 3160 2574 3215 intus
2616 3168 2796 3225 erant,
2830 3159 3122 3215 monachos
3171 3157 3435 3228 quosdam
3464 3168 3586 3211 esse

2012 3257 2276 3319 arbitrati,
2311 3254 2512 3324 apertis
2540 3253 2717 3321 jattttis
2748 3253 2866 3307 illos
2892 3250 3239 3306 intromisere
3270 3263 3283 3302 :
3317 3259 3478 3317 atque
3510 3246 3583 3301 ita

2013 3349 2268 3416 deinceps
2301 3361 2329 3399 a
2371 3344 2629 3399 Romanis
2662 3354 2876 3414 captum
2922 3351 3005 3399 est
3038 3340 3335 3397 castellum.
3383 3338 3584 3394 Verum

2013 3442 2065 3497 id
2101 3441 2201 3495 etsi
2235 3436 2626 3507 expugnatum,
2660 3436 3014 3491 nihilominus
3048 3434 3136 3504 qui
3171 3429 3464 3501 acropolim
3501 3436 3584 3484 te-

2016 3533 2213 3587 nebant
2246 3530 2587 3585 ohstinatiori
2628 3542 2748 3582 sese
2784 3528 3073 3582 tuebantur
3102 3525 3303 3591 animo,
3347 3521 3483 3577 adeo
3526 3529 3586 3575 ut

2014 3638 2107 3693 per
2132 3631 2336 3692 septem
2373 3621 2659 3675 continuus
2699 3618 2816 3674 dies
2844 3628 3119 3672 certamen
3151 3616 3484 3687 perduraret.
3518 3611 3586 3665 At

2013 3726 2299 3787 postquam
2333 3729 2397 3770 eo
2436 3712 2667 3768 accessit
2699 3726 2819 3765 cum
2852 3709 3156 3781 ingentibus
3188 3707 3357 3776 copiis
3389 3703 3583 3759 Bassa~

2013 3807 2159 3873 villa,
2189 3818 2301 3862 tum
2335 3814 2389 3860 et
2423 3804 2565 3859 illam
2599 3801 2857 3859 Romanis
2882 3801 3201 3856 dediderunt
3228 3815 3241 3851 :
3270 3806 3429 3866 atque
3460 3792 3589 3849 odio

2014 3911 2122 3968 quo
2162 3896 2217 3951 in
2249 3894 2535 3962 Rogeriutn
2586 3891 2910 3963 ﬂagrabant,
2947 3886 3089 3958 quod
3124 3886 3377 3940 nimirum
3429 3882 3588 3938 inbu-

2016 4004 2174 4045 mane
2197 3985 2595 4053 crudeliterque
2622 3984 2705 4051 (ut
2735 3981 2909 4036 solent
2933 3975 3172 4049 tyranni)
3202 3977 3255 4031 in
3279 3990 3374 4031 eos
3402 3972 3587 4028 suavis-

2016 4088 2119 4144 set,
2157 4090 2280 4132 arce
2314 4076 2489 4130 diruta
2537 4073 2760 4143 soloque
2809 4079 3040 4140 atquata,
3091 4068 3415 4130 discessere,
3461 4060 3584 4116 licet

2015 4170 2123 4226 dux
2149 4168 2436 4223 obsisteret
2467 4179 2692 4232 eamque
2720 4176 2918 4233 magno
2948 4160 3108 4214 vellet
3132 4172 3332 4213 emere.

2092 4283 2245 4354 14],
2274 4280 2328 4335 4.
2363 4277 2484 4332 Haec
2524 4287 2634 4330 tum
2663 4277 2728 4329 ad
2776 4274 2955 4329 Baritn
2980 4273 3278 4343 contigere,
3300 4283 3404 4341 qua
3429 4277 3583 4338 capt-t

2019 4369 2349 4437 Palaeulogtts
2407 4379 2593 4419 versus
2648 4361 2865 4417 Trattitn
2944 4361 3178 4430 navigat.
3246 4359 3319 4413 Ea
3373 4359 3588 4414 civitat-

345 4454 592 4509 ἀπέπλει·
617 4456 876 4530 ὁμολογίᾳ
910 4475 972 4512 τε
1005 4458 1099 4512 καὶ
1156 4457 1363 4529 ταύτην
1388 4460 1906 4531 παραστησάμενος,

2015 4460 2267 4515 similiter
2283 4458 2446 4512 certis
2472 4454 2877 4511 conditionibus
2909 4454 2959 4507 in
2985 4453 3314 4508 deditiOttem
3342 4459 3585 4522 accepta.

346 4543 461 4602 εἶτα
516 4552 613 4604 καὶ
677 4551 1025 4617 Γιὸενάτζιον
1080 4550 1459 4623 (8U),‘1t6>.w
1511 4552 1672 4620 λόγου
1724 4553 1906 4620 ἀξίαν,

349 4637 676 4696 ὑπόσπονδον
728 4643 1045 4715 ἐποιήσατο.
1071 4637 1180 4696 Ἦν
1214 4640 1269 4696 δέ
1315 4659 1401 4707 τις
1439 4641 1750 4715 Ῥιτζάρδος
1796 4642 1908 4715 (8|)

2017 4550 2357 4608 Juvenatium
2399 4562 2501 4603 non
2530 4548 2982 4600 contemnendam
3008 4548 3193 4602 urbem
3245 4544 3451 4601 foedere
3484 4543 3586 4599 sibi

2022 4643 2285 4715 adjungil.
2329 4641 2457 4695 Erat
2493 4639 2558 4694 iis
2589 4639 2641 4694 in
2672 4639 2802 4696 locis
2844 4639 3150 4695 Ricltardus
3177 4642 3395 4712 quidam
3429 4641 3591 4697 homo

1674 4785 1771 4845 Du
1804 4784 2029 4864 Cangii
2062 4792 2247 4846 notat.

418 4909 529 4980 (78)
560 4907 952 4980 ἘΚ-ἔδαφος.
1006 4909 1291 4980 Atque_id
1343 4910 1682 4979 postmodum
1736 4925 1915 4966 causa:

350 4976 468 5039 fuit,
493 4976 590 5033 cur
621 4976 926 5051 Willelmus
956 4976 1173 5051 recepta
1207 4976 1358 5045 Bari,
1384 4979 1592 5051 castelli
1635 4981 1742 5046 sui,
1772 4981 1916 5051 quod

350 5067 377 5103 a
429 5049 757 5105 Barcnsihus
828 5048 1093 5104 dirutum'
1134 5048 1345 5112 fuerat,
1411 5048 1597 5103 ruinas
1655 5048 1915 5113 intuitus,

350 5119 430 5191 [P.
460 5117 585 5190 456]
620 5119 884 5174 Barenses
907 5120 1008 5191 psic
1053 5120 1317 5191 allocutus
1360 5118 1430 5191 sit
1463 5138 1477 5174 :
1506 5116 1682 5191 Juno,
1719 5121 1914 5190 inquit,

350 5189 605 5244 uobiscum
629 5205 783 5259 agam
810 5189 1057 5258 judicio:
1094 5200 1141 5243 el
1174 5190 1308 5256 quia
1335 5190 1515 5243 domui
1553 5206 1682 5243 mea:
1707 5189 1920 5259 parcere

352 5260 611 5324 noluistis,
646 5269 787 5313 certe
811 5270 904 5313 nec
924 5275 1017 5326 ego
1045 5260 1247 5329 vestris
1271 5276 1389 5314 sum
1426 5259 1666 5313 domibus
1690 5263 1922 5329 parcitu-

352 5346 458 5401 ηις.
487 5331 639 5396 Quod
667 5338 723 5401 et
750 5330 949 5401 factum
976 5337 1090 5383 est:
1118 5327 1283 5383 muris
1308 5330 1449 5383 enim
1476 5327 1707 5401 primum
1738 5345 1921 5401 aequa-

351 5400 417 5452 tis
448 5402 587 5461 solo,
631 5400 799 5453 totius
851 5399 1150 5452 insecutum
1205 5408 1289 5451 est
1339 5398 1613 5453 excidium
1662 5398 1918 5456 civitatis.

2018 4911 2104 4965 tim
2134 4925 2226 4963 ora
2260 4907 2554 4969 maritima,
2585 4905 2652 4959 l2
2681 4920 2749 4957 vn.
2782 4921 2810 4959 a
2838 4904 2983 4965 Bari,
3023 4904 3182 4958 hodie
3230 4902 3583 4959 Giovenazzo.

2091 4976 2599 5052 (SllAfPtrItipdoe.
2644 4974 2904 5052 Fttit__ltic
2945 4973 3209 5052 Ricartltts
3227 4972 3476 5052 _An‘tlriae
3501 4989 3591 5052 co-

2018 5042 2155 5114 mes,
2187 5042 2449 5103 Willeltni
2483 5049 2624 5113 regis
2648 5044 2892 5111 partibus
2921 5045 3186 5096 addictus.
3227 5042 3460 5114 Proinde
3502 5044 3582 5098 vix
3690 5062 3697 5069 ~

2019 5110 2201 5175 simile
2231 5119 2477 5173 videatur
2526 5110 2657 5169 vero
2707 5115 2852 5167 illttttt
2902 5128 3021 5167 esse
3067 5114 3158 5180 qui
3192 5126 3219 5163 ι
3256 5110 3490 5166 Rolterto
3525 5115 3589 5167 de

2021 5191 2219 5252 Monte,
2253 5206 2342 5242 an.
2375 5187 2532 5250 “55,
2560 5184 2855 5238 Ricltardus‘
2883 5185 2947 5235 de
2974 5181 3162 5252 Linges
3186 5197 3354 5252 comes
3375 5182 3586 5241 Andriat

2023 5250 2406 5326 nuncupatur,
2425 5272 2544 5310 cum
2577 5254 2870 5326 Robcrtum
2910 5250 3339 5326 Bassavillatnis‘
3370 5263 3589 5308 secutus

2022 5331 2114 5383 sit.
2151 5320 2348 5381 Deinde
2380 5325 2686 5379 Richartlus
2714 5322 2868 5390 cujus
2899 5322 3142 5375 meminit
3173 5320 3585 5387 liohertttsmon

2021 5398 2262 5459 Andria,
2292 5397 2385 5451 sed
2417 5395 2583 5449 Andri
2622 5393 2813 5447 insulte
2845 5406 3026 5444 comes
3077 5390 3200 5459 fuit,
3238 5391 3281 5442 si
3320 5407 3421 5458 qua
3462 5394 3591 5446 (Ides

350 5469 524 5524 Barim
552 5458 718 5539 porro
734 5468 951 5539 Graecis
974 5470 1251 5529 ademerat
1278 5465 1388 5534 jam
1414 5469 1540 5539 olim
1567 5467 1920 5535 Guiscardus,
1979 5458 2453 5539 "tgidemrrltwc-au.
2483 5464 2619 5539 ηιξ
2646 5461 2902 5539 scribenti
2939 5478 2960 5539 :_
2979 5460 3087 5539 {lex
3121 5458 3372 5527 Rogerius
3394 5459 3591 5517 Sicilia-

351 5549 511 5593 tttest
534 5536 587 5591 in
614 5538 888 5595 Chronico
925 5538 1112 5593 Casin.
1146 5539 1180 5592 I.
1220 5554 1302 5600 ttt,
1334 5553 1385 5594 c.
1413 5536 1506 5593 44.

349 5609 530 5734 ίησὲλ)
563 5607 794 5678 Τρᾶνιν.
830 5607 968 5665 Urbs
994 5618 1122 5665 nota
1154 5610 1205 5663 itt
1231 5623 1295 5664 ea
1323 5623 1417 5664 ora
1442 5608 1606 5664 Tram’
1635 5609 1794 5668 hodie
1810 5609 1925 5665 l‘cre

410 5696 466 5732 ru
495 5695 546 5733 3.

410 5695 546 5733 ru1a.

419 5750 535 5823 (80)
564 5745 964 5810 Γιόενάτζὶον.
993 5747 1338 5807 Juvenatium
1386 5749 1440 5807 in
1489 5751 1696 5824 Apuliae
1718 5751 1924 5807 Peuce-

2027 5536 2412 5601 Trt’polilanam
2461 5530 2881 5601 prorinciam_in
2927 5530 3115 5601 Africa,
3155 5546 3310 5594 super
3358 5546 3590 5600 pnganm

2024 5599 2177 5674 cepit.
2204 5605 2270 5659 In
2295 5605 2393 5658 hac
2416 5599 2743 5674 expeditione
2784 5599 2886 5674 [uit
2924 5609 2971 5653 et
3008 5600 3227 5674 multum
3271 5600 3470 5674 profuit
3502 5601 3563 5654 lii

2025 5671 2254 5732 citardus
2302 5676 2365 5727 de
2409 5671 2689 5742 Lingltenc,
2723 5671 2871 5724 miles
2915 5673 3161 5739 optimus,
3191 5672 3280 5740 qui
3328 5686 3490 5742 nuper
3532 5675 3597 5724 de

2018 5748 2065 5807 Β
2079 5747 2314 5819 ajoceusi
2342 5741 2591 5801 comitatu
2619 5742 2744 5798 illuc
2770 5747 3090 5812 perrexerat;
3116 5752 3164 5796 et
3191 5758 3224 5797 α
3247 5757 3360 5817 rene
3376 5741 3594 5813 Πυθίη-ἑο
