3974 6188
214 282 280 339 ἂ89
1105 278 1191 333 DE
1229 275 1577 335 UNWERSO
1614 275 1793 333 LIBRI
1829 275 1996 332 XXII.
2032 306 2101 316 —
2141 275 2267 332 LIB.
2309 279 2493 335 XVIII.

3320 282 3439 346 ιω

211 402 422 462 ridmtur,
444 403 505 453 et
536 408 677 450 onus
712 390 905 449 cameli
926 388 1248 446 cﬂlciuntur.
1274 390 1351 445 De
1384 391 1644 462 amphora
1675 390 1728 445 in
1760 391 1808 450 A
1834 388 1908 443 cit
1937 405 1949 441 :
1984 388 2239 460 Nunquid
2271 390 2614 445 ambulabunt
2639 391 2757 445 duo'
2769 392 2987 463 pariter,
3012 396 3115 448 nisi
3134 401 3431 457 convenerit

213 488 421 550 lacuaria
449 485 714 556 propheta
764 484 840 538 ita
874 482 1138 552 scriptum
1167 489 1252 536 est
1276 499 1289 534 :
1319 479 1389 535 Et
1417 496 1532 535 ecce
1560 481 1750 536 mulier

213 601 285 638 una
313 580 491 635 sedens
526 578 585 631 in
614 575 789 630 medio
827 573 1119 644 amphorae,
1165 580 1219 627 et
1247 571 1445 627 dicitur
1473 589 1487 625 :
1519 572 1630 627 hare
1675 581 1752 627 est

213 675 399 743 impietas
426 684 444 721 :
471 676 522 723 et
547 668 768 738 proiecit
796 682 913 720 eam
948 665 1004 718 in
1027 664 1200 718 medio
1222 663 1510 734 amphortc,
1531 673 1580 717 et
1610 665 1751 718 misit

212 762 455 834 plumbeum
482 772 711 813 massam
726 758 781 811 in
808 772 867 810 os
892 755 1030 825 ejus,
1063 762 1168 809 etc.
1191 750 1380 824 (Zach.
1412 751 1489 824 v).
1515 753 1751 823 Ampho-

213 871 252 909 ra
273 863 434 906 autem
472 850 570 906 ’bic
602 847 876 919 signiﬁcat
908 861 1220 901 mensuram
1260 846 1521 916 grandem
1554 845 1752 916 iniqui-

212 948 296 1002 tatis
334 945 646 1001 Judaeorum
678 960 691 996 :
724 942 791 996 de
838 955 943 1010 qua
998 938 1250 995 Salvator
1305 940 1374 993 ad
1426 938 1575 1008 ipsos
1628 938 1748 993 ait:

210 1033 382 1105 inplete
406 1046 708 1087 mensuram
736 1040 949 1100 patrum
987 1038 1283 1083 uestrorum
1313 1025 1533 1099 (Matth.
1564 1026 1746 1098 mn).

210 1123 339 1194 Super
392 1124 536 1179 hanc
584 1134 894 1175 mensuram
922 1119 1165 1173 omnium
1205 1117 1524 1173 delictorum
1574 1118 1750 1172 media

211 1216 384 1271 sedebat
435 1214 711 1284 intpietas.
765 1226 930 1282 quam
981 1210 1087 1265 alio
1138 1210 1358 1265 nomine
1392 1209 1750 1265 idololatriam

210 1322 452 1377 possumus
495 1304 788 1375 appellare,
837 1310 893 1360 et
939 1303 1282 1375 negationem
1333 1303 1449 1358 Dei.
1482 1302 1645 1379 Missa
1668 1312 1752 1359 est

209 1413 501 1470 ergo-massa
534 1397 786 1468 plumbea
812 1396 867 1451 in
916 1410 980 1451 os
1002 1409 1289 1466 synagoga;
1327 1393 1659 1461 Judarorum,
1691 1403 1753 1450 ut

210 1489 473 1560 arrogantia
500 1488 632 1559 ejus
651 1486 1024 1556 conquiescat.
1049 1485 1178 1541 Haec
1193 1501 1323 1557 ergo
1351 1486 1600 1555 impietas
1625 1502 1753 1557 syn-

210 1595 368 1651 ηυδε,
394 1593 516 1648 quae
550 1576 774 1634 sedebat
806 1591 970 1646 super
1012 1583 1234 1645 peccata
1260 1574 1446 1641 lsrael,
1477 1583 1534 1631 et
1572 1575 1624 1630 in
1652 1590 1752 1630 suo

208 1671 367 1727 scelere
403 1671 756 1742 gloriabatur,
792 1676 981 1739 postea
1028 1668 1264 1723 mittitur
1299 1668 1356 1721 in
1392 1668 1625 1723 medium
1649 1668 1752 1723 Ba-

1854 480 1973 533 cis?
1995 479 2176 552 (Amos
2215 480 2321 554 ιιι.)
2350 481 2482 536 item
2514 482 2620 537 duo
2650 483 2943 539 electorum
2976 493 3138 555 atque
3174 491 3432 563 reprobo-

1851 584 1969 622 rum
1990 568 2477 640 prmﬁgurationem
2507 581 2719 642 gerunt.
2752 572 2901 629 Unde
2927 575 3185 631 Dominus
3216 580 3346 635 dicit
3376 582 3431 637 in

1851 656 2141 726 Evangelio
2170 677 2183 713 :
2214 658 2358 713 Tunc
2380 660 2483 715 duo
2502 663 2729 717 eruntin
2757 680 2883 734 agro
2907 679 2926 717 :
2953 683 3087 721 unus
3110 681 3428 739 assumetur,

1852 758 1897 799 et
1926 747 2063 801 alius
2107 748 2425 820 relinquetur
2470 750 2686 822 (Matth.
2721 754 2892 827 xxrv).
2952 756 3248 816 Ternarius
3299 776 3432 833 ergo

1852 854 2108 893 numerus
2163 840 2230 893 ad
2288 840 2570 897 Trinitatis
2612 846 2926 915 mysterium
2983 851 3242 918 pertinet,
3289 854 3433 909 utin

1854 929 2088 998 Epistula
2112 928 2335 985 Joannis
2365 949 2378 984 :
2407 931 2531 987 Tres
2568 945 2712 1000 sunt,
2744 937 2937 1008 inquit,
2965 942 3053 1011 qui
3079 943 3432 999 testimonium

1851 1021 1977 1074 dant
2011 1021 2062 1094 (1
2091 1022 2252 1076 Joan.
2284 1024 2360 1093 ν).
2394 1025 2523 1080 item
2550 1036 2661 1084 tres
2701 1030 2768 1084 ad
2804 1033 3072 1100 passionis
3112 1035 3324 1091 Domini
3349 1054 3434 1093 se-

1850 1112 2121 1181 pulturam
2147 1123 2202 1169 et
2231 1119 2640 1175 resurrectionis
2672 1132 3074 1181 sacramentum
3098 1127 3432 1198 reSpiciunt;

1853 1205 1992 1258 unde
2031 1205 2082 1258 in
2115 1205 2252 1261 Osee
2298 1209 2561 1279 scriptum
2617 1220 2701 1267 est
2751 1230 2764 1267 :
2833 1213 3129 1286 Viviﬁcabit
3170 1235 3264 1273 nos
3316 1234 3435 1291 post

1851 1292 1982 1348 duos
2018 1296 2129 1349 dies
2155 1311 2173 1348 :
2206 1297 2258 1351 in
2302 1298 2386 1353 die
2432 1300 2585 1356 tertia
2629 1304 2899 1359 suscitabit
2946 1323 3060 1373 nos,
3109 1317 3158 1362 et
3210 1311 3435 1368 vivemus

1852 1384 1999 1457 (Ose.
2033 1388 2129 1459 vr).
2170 1388 2406 1445 Rursum
2441 1399 2550 1448 tres
2572 1395 2640 1448 ad
2687 1394 2871 1464 ﬁdem,
2902 1414 3075 1468 spem,
3109 1403 3433 1461 charitatem

1851 1476 2255 1546 exprimendam
2317 1481 2528 1548 valent;
2597 1500 2827 1556 quarum
2891 1491 3150 1549 virtutum
3206 1494 3435 1568 ﬁguram

1856 1573 1966 1621 tres
1993 1566 2094 1621 illae
2121 1569 2369 1627 civitates
2398 1572 2451 1626 in
2483 1574 2921 1646 Deutcronomio,
2952 1583 3020 1637 ad
3047 1600 3183 1654 quas
3207 1566 3437 1645 homici-

1855 1653 1943 1719 da,
1982 1657 2071 1725 qui
2101 1658 2289 1714 nolens
2325 1663 2629 1731 proximum
2661 1668 2939 1735 occiderit,
2972 1653 3263 1745 confugere
3290 1694 3433 1749 prm-

206 1760 396 1832 bylonis,
433 1770 491 1817 et
530 1760 862 1831 “ptumus
907 1759 1050 1814 malo
1095 1758 1437 1829 deprimitur,
1482 1758 1565 1814 vel
1597 1745 1821 1814 certe];
1851 1743 2069 1833 cipitur,
2107 1747 2309 1804 habere
2348 1750 2621 1810 dicuntur.
2651 1755 2781 1812 item
2810 1765 2920 1815 tres
2953 1762 3052 1817 tria
3086 1743 3328 1836 tempora
3358 1769 3436 1824 si-

207 1858 253 1910 ab
273 1857 494 1928 angelo:
525 1866 583 1915 ut
610 1872 733 1927 qua:
774 1858 926 1928 prius
953 1856 1159 1912 latebat
1186 1856 1240 1911 in
1270 1857 1493 1919 scelere,
1538 1866 1744 1914 artemo

206 1947 381 2003 silentio
432 1948 786 2004 conticescet.
832 1947 1088 2018 Legimus
1122 1947 1192 2000 in
1251 1946 1542 2016 Evangelio
1590 1946 1743 2019 (Luc.

207 2039 309 2109 xu),
351 2039 490 2108 quod
540 2038 752 2096 villicus
805 2039 1109 2109 iniquitatis
1155 2039 1492 2095 debitoribus
1541 2039 1747 2095 domini

206 2128 277 2193 sui,
300 2128 388 2198 qui
422 2129 690 2185 debebant
734 2129 954 2185 domino
988 2145 1085 2185 suo
1113 2131 1316 2201 grande
1350 2130 1589 2185 debitum
1627 2131 1749 2186 red-

205 2216 319 2278 dere.
352 2219 447 2273 hoc
482 2226 587 2285 est,
623 2234 765 2274 unus
787 2230 1002 2275 centum
1023 2221 1187 2275 cados
1207 2220 1334 2285 olei,
1374 2219 1511 2275 alter
1531 2228 1748 2276 centum

205 2307 367 2362 choros
404 2308 614 2365 tritici:
641 2309 757 2379 ipse
805 2323 1028 2379 peusam
1074 2310 1408 2380 temperarit,
1442 2319 1499 2367 et
1526 2309 1752 2380 jusserit

204 2397 342 2464 priori
365 2414 460 2468 pro
488 2407 707 2455 centum
737 2401 890 2457 cadis
914 2400 1020 2456 olei
1043 2401 1285 2459 scribere
1311 2382 1699 2476 ﬁinquaginta
1734 2423 1747 2458 :

203 2489 412 2558 sequenti
462 2504 596 2545 vero
634 2505 735 2560 pro
796 2499 1013 2547 centum
1066 2492 1251 2549 choris
1298 2494 1464 2550 tritici
1511 2495 1753 2552 scribere

204 2581 480 2652 octoginta:
513 2582 711 2652 quibus
755 2583 920 2640 rebus
949 2583 1291 2653 instruimur,
1336 2595 1398 2642 ιιι
1441 2587 1752 2645 misericor-

204 2668 320 2726 diam
338 2672 502 2727 debiti
542 2673 863 2729 remissione
896 2674 1177 2742 facientes,
1208 2677 1309 2746 ipsi
1339 2692 1371 2733 a
1399 2678 1753 2736 miscricorde

204 2755 397 2819 Domino
439 2763 819 2821 remissionem
849 2763 1157 2821 debitorum
1199 2775 1512 2845 nostrorum
1562 2785 1754 2826 conse-

202 2862 417 2925 mur,

725 2944 1026 3003 CAPUT
1064 2946 1207 3002 lll.

784 3038 862 3092 De
889 3055 1126 3093 numero.

1847 1829 2268 1906 gniﬁcant,ihoc
2295 1852 2395 1911 est,
2442 1847 2677 1914 primum
2716 1858 2842 1905 ante
2892 1851 3084 1923 legem,
3135 1829 3430 1931 secundum

1848 1929 1947 1981 sub
1972 1928 2108 1998 lege,
2138 1933 2359 1987 tertium
2379 1936 2478 1989 sub
2504 1938 2695 2008 gratia.
2731 1939 2883 1996 Unde
2905 1941 2958 1996 in
2984 1928 3304 2014 Evangelica
3334 1964 3433 2019 pa-

1849 2018 2033 2074 rabola
2057 2020 2252 2091 legitur
2276 2041 2288 2076 :
2319 2024 2449 2078 Ecce
2471 2030 2593 2080 anni
2620 2036 2722 2083 tres
2743 2040 2885 2096 sunt,
2912 2048 2976 2086 ex
3003 2050 3105 2105 quo
3128 2036 3270 2090 venio
3291 2056 3434 2109 qucu-

1850 2123 1967 2161 rens
2016 2108 2248 2178 fructum
2281 2113 2336 2166 in
2364 2113 2614 2183 ﬁculnea,
2653 2128 2701 2172 et
2733 2137 2837 2173 non
2864 2122 3068 2176 invenio
3103 2122 3254 2195 (Luc.
3289 2108 3431 2202 rut).

1850 2196 2049 2252 lterum
2069 2205 2180 2254 tres
2208 2199 2491 2257 trimodam
2520 2205 2797 2263 hominum
2825 2212 3194 2279 operationem
3216 2215 3268 2269 in
3294 2196 3435 2273 bono

1852 2288 1936 2343 vel
1965 2289 2022 2344 in
2068 2288 2212 2345 malo
2250 2294 2620 2367 praeﬁgurant,
2677 2301 2727 2355 id
2770 2313 2874 2369 est,
2921 2306 3269 2376 cogitatione,
3322 2325 3438 2367 ser-

1852 2396 2032 2450 mone,
2060 2392 2117 2440 et
2137 2398 2320 2456 opere,
2348 2398 2407 2441 ut
2435 2389 2487 2444 in
2510 2393 2767 2461 Apostolo
2799 2413 2811 2448 ε
2840 2395 2898 2451 Si
2922 2401 3058 2469 quis,
3083 2401 3283 2473 inquit,
3309 2406 3439 2461 a‘di-

1849 2474 2088 2543 ﬁcarerit
2129 2493 2286 2549 super
2313 2477 2713 2547 fundamentum
2742 2485 2861 2552 hoc,
2892 2505 3101 2554 aurum,
3135 2505 3436 2564 argeufum,

1852 2562 2053 2634 lapides
2080 2567 2357 2637 pretiosos,
2381 2567 2547 2641 ligna,
2575 2572 2774 2643 fenum,
2804 2577 3052 2647 stipulam
3081 2580 3132 2653 (I
3162 2562 3283 2638 cor.
3328 2584 3439 2659 ιιι).

1856 2652 2091 2710 Rursum
2131 2665 2242 2714 tres
2297 2659 2579 2716 trimodam
2637 2663 2871 2721 fidelium
2901 2668 3298 2738 professionem
3339 2652 3441 2735 de-

1855 2760 2181 2815 monstrant,
2215 2753 2267 2807 id
2294 2762 2399 2821 est,
2435 2756 2777 2827 clericorum,
2810 2766 3195 2822 monachorum
3226 2780 3276 2824 et
3309 2788 3439 2827 cono

1850 2840 2058 2909 jugum.
2082 2842 2159 2897 De
2182 2832 2289 2899 hac
2321 2847 2587 2916 tripertita
2618 2849 2671 2904 in
2706 2850 2948 2908 Ecclesia
2979 2858 3313 2926 professione
3342 2878 3441 2933 per

1856 2930 2194 2987 Ezechieiem
2230 2933 2468 3005 loquitur
2508 2937 2785 3006 Dominus,
2818 2942 3005 3000 dicens
3037 2965 3050 3000 :
3091 2948 3153 3002 Si
3187 2959 3292 3004 tres
3340 2930 3441 3005 uiri

1858 3021 1965 3085 isti,
1988 3021 2040 3075 Ν
2044 3039 2124 3089 oe,
2150 3023 2341 3079 Daniel
2366 3035 2413 3080 et
2434 3027 2556 3094 Job,
2573 3028 2768 3098 fuerint
2791 3033 2843 3086 in
2863 3036 3032 3090 medio
3048 3054 3250 3106 eorum,
3270 3042 3441 3110 ﬁlium

251 3122 596 3182 Numerorum
628 3127 773 3182 enim
806 3129 946 3183 ratio
976 3128 1030 3183 in
1057 3129 1242 3184 multis
1258 3127 1415 3198 juxta
1439 3131 1752 3202 auegoriam
1780 3099 1824 3161 C
1857 3121 1907 3202 et
1943 3112 2113 3181 ﬁliam
2160 3132 2265 3170 non
2290 3116 2583 3173 liberabant
2613 3133 2631 3173 :
2660 3121 2752 3176 sed
2791 3124 2892 3195 ipsi
2933 3127 3034 3181 soli
3079 3099 3444 3190 liberabuntur

202 3216 350 3286 typica
381 3218 779 3290 signiﬁcatione
824 3219 1143 3290 mysterium
1191 3221 1348 3276 nobis
1385 3224 1754 3279 venerandum

199 3309 425 3363 ostendit.
469 3307 625 3364 Unde
653 3309 864 3380 primus
898 3326 1174 3376 numerus,
1221 3311 1325 3367 hoc
1360 3320 1465 3379 est,
1509 3330 1650 3370 unus
1686 3314 1753 3369 ad

199 3398 431 3454 unitatem
454 3400 672 3456 deitatis
692 3400 944 3456 refertur.
968 3403 1173 3471 Deque
1204 3402 1259 3457 in
1286 3403 1474 3459 Exodo
1497 3406 1757 3476 scriptum

199 3497 268 3542 est
293 3507 307 3542 :
334 3489 492 3557 Audi,
544 3491 742 3557 Israel,
770 3491 1025 3548 Dominus
1056 3493 1199 3548 Deus
1245 3504 1391 3560 tuus,
1428 3494 1572 3550 Deus
1619 3515 1755 3552 unus

198 3588 261 3633 est
281 3579 450 3651 (Deut.
484 3582 582 3654 vr).
628 3581 763 3637 Item
790 3598 928 3638 unus
969 3586 1039 3639 ad
1064 3584 1328 3639 unitatem
1357 3585 1615 3641 Ecclesiae
1640 3588 1758 3643 sive

199 3667 306 3725 ﬁdei
337 3672 591 3742 pertinet.
622 3671 773 3728 Unde
795 3672 848 3726 in
872 3672 1099 3729 Actibus
1139 3674 1515 3744 apostolorum
1544 3678 1612 3733 de
1636 3693 1757 3734 cre-

198 3760 425 3818 dentibus
467 3763 770 3819 scribitur:
799 3764 934 3819 Erat
980 3764 1088 3819 illis
1125 3782 1218 3819 cor
1262 3783 1427 3822 unum
1476 3777 1527 3822 et
1579 3770 1759 3825 anima

197 3868 288 3906 una
311 3854 444 3926 (Act.
474 3854 573 3927 tv).
609 3854 844 3911 Rursum
873 3872 1014 3912 unus
1059 3857 1128 3911 ad
1163 3858 1427 3914 unitatem
1470 3860 1595 3915 fidei
1644 3862 1759 3917 sive

196 3947 361 4015 operis
383 3949 774 4020 perfectionem
801 3951 1044 4021 respicit.
1075 3952 1214 4008 Hinc
1230 3954 1294 4008 in
1318 3953 1515 4011 Genesi
1541 3956 1609 4011 de
1631 3971 1758 4014 arca

195 4039 437 4109 scriptum
457 4051 544 4096 est
573 4062 587 4095 :
621 4040 689 4095 Et
713 4042 769 4095 in
793 4041 966 4096 cubito
995 4044 1379 4101 consummabis
1403 4047 1759 4102 summitatem

194 4128 296 4197 ejus
324 4130 471 4203 (Gen.
520 4132 621 4205 vr).
670 4132 866 4188 iterum
913 4148 1052 4188 unus
1081 4133 1343 4190 malorum
1374 4136 1635 4192 unitatem
1665 4153 1761 4193 ex-

194 4221 380 4287 primit,
404 4231 463 4277 ut
490 4231 576 4277 est
606 4222 737 4277 illud
766 4223 820 4277 in
850 4223 1144 4295 Evangelio
1175 4243 1189 4279 :
1217 4224 1287 4278 Et
1315 4225 1439 4280 vidit
1466 4226 1539 4281 ibi
1584 4227 1759 4282 homi-

194 4324 298 4364 nem
325 4329 425 4367 non
468 4313 709 4368 vestitum
747 4323 881 4369 ueste
915 4316 1137 4385 nuptiali
1166 4315 1384 4387 (Matth.
1423 4316 1583 4389 XXII).
1619 4318 1757 4373 Nam

193 4397 420 4458 binarius
467 4420 727 4460 tmmcrus
763 4405 833 4461 ad
859 4406 966 4461 duo
991 4413 1312 4463 testamenta
1340 4409 1582 4479 respicit,
1613 4411 1761 4497 unde
1781 4444 1835 4505 Β

194 4491 241 4547 in
266 4493 463 4567 Regum
494 4498 635 4553 libro
658 4499 920 4569 scriptum
947 4509 1032 4555 est
1055 4517 1068 4552 :
1097 4499 1165 4553 Et
1192 4500 1441 4567 fecitduo
1468 4491 1753 4569 cherubim,

192 4583 354 4639 decem
374 4590 668 4667 cubitorum
687 4590 1049 4660 magnitudine
1072 4590 1191 4664 (ΙΙΙ
1215 4592 1337 4664 Reg.
1360 4593 1456 4667 vr).
1494 4595 1627 4651 Item
1652 4597 1759 4652 duo

195 4676 253 4729 ad
280 4664 671 4750 duo‘prmcepta
710 4681 993 4737 charitatis
1035 4683 1313 4753 pertinent
1340 4702 1354 4738 :
1383 4664 1526 4741 unde
1546 4686 1676 4742 dicit
1703 4687 1757 4743 in

195 4765 467 4842 Evangeiio
502 4792 515 4826 :
548 4772 618 4827 In
663 4774 743 4828 his
771 4774 975 4829 duobus
999 4777 1272 4847 pra'ceptis
1309 4785 1419 4831 tota
1445 4776 1531 4831 lea:
1573 4779 1761 4849 pendet

193 4868 235 4911 et
276 4864 536 4933 propheta:
582 4863 800 4935 (Matth.
830 4867 988 4937 χιιι).
1034 4866 1271 4922 Rursum
1298 4869 1405 4923 duo
1427 4870 1562 4923 duas
1584 4870 1761 4941 digni-

196 4955 323 5007 tates
351 4956 680 5024 exprimunt,
729 4959 936 5028 regiam
965 4959 1174 5014 scilicet
1226 4969 1284 5014 et
1317 4962 1714 5019 sacerdotalem
1746 4983 1757 5018 :

194 5053 408 5109 quarum
437 5046 664 5117 ﬁguram
709 5048 816 5104 duo
840 5050 916 5105 illi
943 5052 1120 5120 pisces
1147 5053 1387 5123 quinque
1412 5056 1643 5124 panibus
1677 5059 1764 5112 ad-

194 5128 353 5201 iuncti
382 5138 435 5191 in
457 5139 750 5210 Evangelia
769 5141 1051 5212 gerebant.
1084 5143 1282 5199 iterum
1316 5141 1423 5200 duo
1445 5148 1764 5217 mysterium

195 5222 487 5294 signiﬁcant
521 5231 750 5285 duorum
779 5232 1123 5302 populorum,
1155 5234 1207 5289 id
1237 5243 1344 5300 est,
1365 5235 1675 5293 Judaeorum
1711 5249 1767 5293 et

194 5319 441 5384 gentium.
494 5322 648 5379 Unde
692 5324 749 5379 in
796 5324 1059 5379 Zacharia
1107 5327 1368 5395 scriptum
1404 5337 1485 5381 est
1515 5344 1532 5384 :
1563 5328 1630 5382 Et
1660 5346 1766 5399 paa:

196 5407 285 5460 erit
310 5410 444 5464 inter
465 5412 598 5467 duos
626 5412 745 5467 illos
766 5412 953 5487 (Zach.
977 5414 1076 5485 γι).
1101 5415 1209 5471 Νεε
1232 5420 1337 5471 nm
1360 5424 1416 5472 et
1442 5418 1548 5472 duo
1571 5419 1766 5476 anima:

203 5507 249 5551 tt
266 5504 505 5572 corporis
526 5507 938 5562 eorrventionem
961 5508 1267 5578 significant
1296 5527 1309 5562 :
1340 5511 1482 5565 unde
1506 5512 1767 5570 Dominus

201 5586 316 5642 dicit
346 5593 400 5646 in
426 5594 712 5667 Evangeiio
741 5611 756 5650 :
793 5596 863 5652 Si
891 5598 995 5653 duo
1016 5615 1081 5653 ea:
1105 5599 1246 5654 vobis
1272 5613 1645 5658 consenserunt
1671 5622 1765 5659 su-

199 5691 280 5739 rcr
307 5690 515 5745 terram,
545 5694 652 5740 etc.
699 5686 915 5759 (Matth.
945 5689 1124 5762 xvm).
1157 5691 1232 5744 De
1268 5706 1375 5761 quo
1403 5699 1453 5746 et
1483 5691 1650 5752 Amos
1689 5695 1766 5750 di-

506 5781 775 5840 ΡΑτιιοι.
822 5781 989 5840 CXI.

1858 3200 2078 3277 (Ezech.
2108 3205 2169 3278 1).
2204 3207 2596 3276 Quaternarius
2646 3228 2777 3285 ergo
2805 3233 3063 3276 numerus
3092 3221 3158 3276 ad
3209 3235 3443 3295 quatuor

1857 3295 2094 3364 pertinet
2142 3298 2453 3372 Evangelia,
2507 3311 2569 3357 ut
2611 3304 2667 3360 in
2697 3305 2949 3363 Ezechiel
2985 3328 2997 3363 :
3039 3309 3107 3365 Et
3152 3313 3208 3368 in
3248 3317 3438 3384 medio,

1858 3384 2051 3454 inquit,
2101 3402 2283 3442 eorum
2335 3400 2447 3445 erat
2509 3393 2798 3450 similitudo
2852 3407 3083 3470 quatuor
3132 3405 3443 3463 animalium

1860 3474 2079 3547 (Ezech.
2119 3478 2181 3551 ι).
2215 3479 2348 3535 item
2375 3490 2612 3553 quatuor
2637 3485 2704 3540 ad
2725 3496 2958 3558 quatuor
2986 3501 3297 3550 sanctorum
3335 3499 3445 3553 vir-

1861 3573 2005 3620 tutes
2026 3569 2310 3638 mysticam
2337 3570 2787 3642 signiﬁcationem
2809 3578 3030 3648 ducunt,
3055 3583 3159 3638 hoc
3181 3592 3284 3650 est,
3314 3601 3445 3656 pru-

1858 3654 2119 3739 dentiam,
2146 3658 2434 3728 justitiam,
2486 3662 2854 3723 fortitudinem
2891 3679 2946 3725 et
2990 3654 3439 3744 temperantiam;

1859 3748 2058 3816 quibus
2111 3751 2306 3807 animm
2357 3763 2690 3825 sanctorum,
2738 3759 2966 3818 Domino
2999 3764 3281 3837 largiente,
3318 3769 3444 3824 reii-

1860 3840 2111 3910 ciuntur;
2136 3845 2279 3900 unde
2306 3848 2567 3917 scriptum
2602 3861 2687 3906 est
2717 3871 2730 3906 :
2763 3853 2932 3931 Erga
2956 3868 3151 3927 autem,
3182 3863 3273 3931 qui
3294 3879 3444 3918 man-

1860 3866 2111 3910 uumur;
2136 3866 2279 3900 unue
2306 3866 2567 3917 scriptum
2602 3866 2687 3906 est
2717 3871 2730 3906 :
2763 3866 2865 3908 Er.
2956 3868 3151 3927 autem,
3182 3866 3273 3931 qui
3294 3879 3444 3918 man-

1860 3929 2202 3999 ducaverunt,
2230 3937 2384 4005 quasi
2421 3951 2649 4009 quatuor
2674 3866 3142 4018 milliagblminum,
3171 3963 3219 4007 et
3246 3953 3447 4010 dimisit

1862 4037 1949 4075 eos
1980 4021 2174 4093 (Marc.
2206 4027 2348 4099 vni).
2377 4028 2610 4085 Rursum
2652 4043 2887 4104 quatuor
2912 4040 2979 4093 ad
3000 4050 3232 4110 quatuor
3256 4045 3446 4101 mundi

1862 4125 2044 4185 partes
2068 4118 2360 4187 pertinent,
2403 4135 2472 4176 ex
2501 4124 2697 4193 quibus
2726 4137 2911 4184 sancta
2941 4131 3182 4189 Ecclesia
3212 4150 3445 4208 congre-

1862 4219 2037 4281 gatur.
2075 4210 2229 4267 Unde
2255 4212 2456 4269 dicitur
2480 4231 2579 4287 per
2595 4221 2914 4290 prophetam
2951 4242 2964 4278 :
2996 4225 3073 4279 Ab
3105 4224 3318 4284 Oriente
3343 4231 3445 4285 ad-

1861 4303 2053 4358 ducam
2092 4321 2267 4360 semen
2315 4316 2485 4375 tuum,
2513 4318 2563 4364 et
2608 4311 2672 4366 ab
2706 4310 2985 4369 Occidente
3004 4319 3323 4388 congregabo
3354 4331 3445 4387 te;

1860 4397 2034 4451 dicam
2059 4397 2307 4469 Aquiloni
2333 4416 2353 4454 :
2379 4399 2463 4455 Da
2486 4420 2506 4468 ;
2531 4412 2579 4457 et
2600 4404 2792 4459 Austro
2817 4419 2836 4457 :
2854 4405 2984 4462 Noli
3011 4407 3282 4481 prohibere
3306 4413 3445 4486 (Isa.

1836 4534 1839 4535 ν
1861 4489 2036 4561 run).
2066 4489 2327 4547 Similiter
2346 4503 2578 4563 quatuor
2597 4496 2666 4552 ad
2685 4503 2916 4566 quatuor
2940 4498 3206 4557 elementa
3232 4506 3446 4572 mundi,

1864 4582 2060 4651 quibus
2112 4582 2408 4639 humanum
2446 4600 2643 4657 corpus
2671 4596 3011 4656 compactum
3064 4599 3169 4657 est,
3220 4606 3450 4664 possunt

1866 4674 2088 4741 referri;
2117 4676 2396 4746 quiainde
2421 4681 2669 4750 corporis
2691 4680 2927 4735 conditio
2961 4684 3196 4740 maxime
3226 4689 3451 4742 robora-

1866 4774 1955 4821 tur
1976 4775 2032 4822 et
2052 4768 2317 4824 subsistit.
2342 4769 2478 4826 Nam
2502 4772 2556 4825 in
2579 4771 2869 4843 Evangelio
2893 4774 3151 4853 scriptum
3174 4787 3276 4841 est,
3303 4781 3450 4850 quod

1865 4859 2193 4932 paralyticus
2217 4861 2271 4915 in
2303 4862 2443 4917 lecto
2471 4871 2779 4933 portaretur
2809 4880 2841 4918 a
2872 4877 3125 4936 quatuor.
3155 4867 3450 4935 Quiuarius

1865 4967 1996 5024 ergo
2016 4969 2275 5010 numerus
2298 4955 2365 5009 ad
2393 4956 2632 5026 quinque
2660 4955 2795 5027 legis
2833 4957 3001 5013 libros
3045 4957 3211 5029 Moysi
3242 4959 3450 5031 signiﬁ-

1867 5047 2141 5103 cationem
2168 5039 2457 5116 aliquando
2495 5048 2682 5114 trahit,
2713 5049 2779 5103 de
2805 5049 3000 5118 quibus
3025 5048 3314 5117 Apostolus
3336 5051 3445 5104 ait:

1880 5138 2007 5194 Volo
2056 5141 2112 5195 in
2161 5141 2403 5196 Ecclesia
2443 5144 2671 5214 quinque
2718 5143 2874 5198 verba
2927 5160 3084 5198 sensu
3134 5161 3246 5199 meo
3306 5145 3449 5216 loqui

1871 5231 1921 5304 (1
1943 5232 2066 5287 Cor.
2096 5232 2229 5303 xw),
2260 5232 2344 5287 vel
2375 5233 2442 5287 ad
2482 5235 2720 5304 quinque
2746 5249 2937 5290 sensus
2966 5235 3232 5305 corporis,
3264 5236 3314 5291 id
3338 5245 3447 5305 est,

1865 5326 2062 5388 visum,
2094 5322 2356 5387 auditum,
2381 5333 2621 5393 gustum,
2646 5324 2931 5382 odoratum
2954 5334 3009 5380 et
3048 5336 3271 5382 tactum.
3299 5328 3453 5388 Unde

1869 5416 1923 5471 in
1954 5414 2243 5485 Evangelio
2273 5415 2532 5484 scriptum
2560 5423 2641 5470 est
2672 5433 2685 5469 :
2721 5415 2906 5471 Simile
2932 5426 3007 5471 est
3048 5433 3262 5487 regnum
3296 5420 3452 5475 cmlo-
3551 5428 3557 5432 '

1867 5524 1984 5561 rum
2013 5506 2188 5560 decem
2211 5505 2494 5574 uirginibus
2519 5504 2734 5577 (Matth.
2767 5506 2896 5580 xxv)
2918 5524 2933 5573 ;
2954 5507 3192 5578 quinque
3212 5511 3355 5566 enim
3381 5527 3449 5569 ex

1869 5600 1949 5654 eis
1971 5605 2131 5653 erant
2156 5595 2337 5661 fatuae,
2366 5606 2422 5651 et
2456 5597 2693 5667 quinque
2730 5599 3042 5669 prudentes.
3069 5599 3201 5656 item
3231 5601 3304 5656 ibi
3334 5621 3348 5659 :
3383 5602 3448 5657 Et

1872 5693 1962 5746 uni
1984 5689 2125 5745 dedit
2145 5688 2371 5761 quinque
2400 5687 2594 5743 talenta
2623 5688 2675 5762 (1
2681 5690 2831 5764 bid.).
2860 5690 2995 5746 llittc
3016 5698 3070 5747 et
3097 5692 3358 5749 Dominus
3378 5690 3447 5749 ad

3001 5784 3074 5845 16
