3974 6188
577 317 672 372 l9!

1215 313 1272 367 Β.
1317 309 1568 368 [MBAN]
1607 313 1823 370 MAURI
1862 307 2126 367 ARCllll-Zl

2228 311 2528 367 MOGUNT.
2573 307 2856 368 OPERUM
2895 312 3072 368 PARS
3112 312 3174 368 Il.

3664 325 3753 382 492

575 426 970 481 Samaritanam
1005 421 1282 475 mulierem
1313 422 1388 475 ait
1419 440 1429 474 :
1461 420 1700 493 Quinque
1728 423 1864 476 enim
1891 422 2026 476 viros
2053 423 2145 476 ha-
2176 429 2220 485 Α
2249 419 2424 473 decem
2469 420 2783 474 chordarum
2833 420 3059 492 psallam
3094 421 3185 475 tibi
3225 421 3388 495 (Psal.
3434 431 3608 501 ut").
3644 433 3752 496 Item

573 520 728 573 butsti
757 516 936 588 (Joan.
964 514 1058 587 tv).
1089 513 1348 568 Scnarins
1371 529 1499 585 ergo
1529 529 1784 568 numerus
1805 514 1873 568 ad
1894 515 2008 569 dies
2028 529 2141 578 sex,

575 611 624 662 in
657 608 851 678 quibus
891 607 1031 660 Deus
1061 618 1276 659 onmem
1317 605 1556 658 condidit
1583 611 1906 668 creaturam,
1935 603 2143 675 signiﬁ-

571 701 838 752 cationem
881 697 1046 752 refert
1079 737 1093 760 ,
1123 705 1180 750 ut
1224 706 1306 750 est
1339 696 1466 750 illud
1507 697 1558 750 in
1601 697 1824 752 Exodo:
1866 695 1970 752 Sex.
2005 697 2142 751 enim

569 795 748 847 dwbus
795 791 1024 847 condidit
1059 791 1194 844 Deus
1243 789 1425 842 uelum
1459 799 1506 842 et
1553 799 1748 842 terram
1784 788 1979 860 (Exod.
2015 788 2142 859 xx);

571 883 650 936 vel
682 881 744 934 ad
772 897 932 935 omne
964 889 1170 949 tempus
1197 880 1478 948 pratsentis
1505 879 1708 945 smculi,
1735 879 1874 949 quod
1901 895 1992 934 sex
2018 891 2144 932 a-ta-

571 974 711 1026 tibus
747 972 1010 1025 volvitur:
1031 972 1170 1025 unde
1196 970 1452 1024 Dominus
1485 970 1753 1039 perfector
1781 971 1944 1026 totius
1965 971 2143 1040 operis
2174 957 2200 973 “

568 1063 674 1126 sui,
698 1070 846 1115 sexta
870 1070 1027 1114 actate
1052 1061 1102 1114 in
1131 1059 1384 1114 mundum
1409 1067 1649 1125 veniens,
1675 1067 1825 1115 sexta
1859 1059 1992 1115 feria
2021 1077 2142 1131 pas-

566 1169 656 1206 sus
696 1160 800 1215 est,
865 1151 918 1204 in
973 1151 1197 1204 sabbato
1253 1150 1510 1218 requievit
1571 1149 1622 1203 in
1663 1150 1930 1219 sepulcro,
1986 1160 2040 1205 et
2086 1151 2138 1204 in

564 1243 649 1296 die
674 1242 946 1296 Dominica
991 1241 1285 1295 resurrexit
1317 1256 1346 1293 a
1393 1240 1638 1293 mortuis.
1667 1239 2018 1311 Septenarius
2045 1241 2142 1312 igi-

567 1340 653 1384 tur
711 1345 966 1383 ntnncrus
1021 1327 1368 1398 multiplicem
1419 1326 1870 1398 signiﬁcationem
1925 1329 2134 1384 habet:

563 1421 687 1490 quia
736 1420 1022 1488 aliquando
1049 1420 1116 1474 ad
1145 1419 1288 1472 diem
1326 1419 1611 1488 septimum
1642 1420 1894 1486 refertur,
1924 1421 1978 1476 in
2005 1437 2136 1492 quo,

561 1510 816 1580 perfectis
843 1511 1117 1576 omnibus,
1150 1509 1408 1565 Dominus
1431 1511 1711 1580 requievit.
1747 1510 1900 1566 Unde
1926 1521 1982 1566 et
2014 1529 2137 1568 san-

561 1611 768 1658 ctorum
800 1603 994 1658 animae
1038 1611 1159 1672 post
1193 1602 1428 1658 laborem
1476 1604 1739 1658 bonorum
1789 1619 2009 1674 Operam
2052 1622 2138 1661 rc-

561 1695 842 1762 qniescnnt
867 1695 934 1749 ab
977 1694 1122 1748 omni
1151 1709 1314 1764 opere
1336 1711 1434 1750 suo
1463 1694 1518 1748 in
1547 1703 1748 1749 aeterna
1777 1695 2128 1754 beatitudine.

2251 511 2438 564 eodem
2483 525 2707 564 numero
2733 511 2994 580 perfectio
3017 527 3258 582 operum,
3283 515 3362 570 vel
3389 518 3634 586 plenitudo
3653 538 3756 581 sau-

2249 608 2460 654 ctornm
2491 600 2824 670 designatur,
2853 616 3082 671 quarum
3106 602 3324 674 ﬁguram
3347 605 3444 662 illa:
3466 608 3630 666 decem
3654 629 3758 670 cor-

2249 692 2393 755 titur,
2431 707 2550 762 qnzc
2581 693 2632 746 in
2668 693 3015 749 tabernaculo
3051 697 3354 764 testimonii,
3382 698 3589 768 jubente
3609 705 3757 763 Domi.

2249 799 2333 844 no,
2382 782 2537 837 facta:
2583 793 2730 850 sunt,
2775 784 3143 841 obtinuerunt.
3191 787 3512 847 Undenarius
3545 809 3762 852 numerus

2250 875 2732 944 transgressionem
2768 874 2922 945 legis,
2969 876 3052 930 vel
3080 888 3414 948 peccatorum
3442 882 3631 940 obtinet
3655 886 3760 958 ligu-

2249 978 2394 1027 ram;
2421 963 2562 1018 sicut
2589 972 2644 1018 et
2681 965 2998 1021 undecimus
3021 967 3279 1036 psalmus,
3306 971 3394 1040 qui
3419 971 3470 1026 in
3493 975 3662 1028 eodem
3681 991 3763 1030 uu-

2249 1055 2378 1108 meri
2415 1054 2770 1112 Sacramento
2795 1057 3154 1129 prtesignatus
3177 1069 3281 1125 est,
3307 1063 3549 1127 ostendit,
3573 1064 3764 1120 dicens:

2247 1143 2461 1199 Salvum
2497 1161 2576 1199 me
2607 1145 2716 1216 fac,
2761 1145 2999 1213 Domine,
3059 1149 3306 1218 quoniam
3372 1150 3548 1220 defecit
3589 1162 3770 1208 sanctus

2246 1231 2418 1304 (l'sal.
2457 1232 2555 1306 XI),
2587 1235 2727 1288 unde
2751 1243 2808 1289 et
2831 1235 2885 1290 in
2917 1237 3266 1292 tabernaculo
3303 1237 3512 1295 foederis
3538 1240 3586 1295 in
3612 1241 3770 1296 simili-

2246 1323 2430 1377 tudine
2477 1325 2818 1392 peccantium
2873 1325 3113 1395 ejusdem
3165 1330 3376 1383 nnmeri
3420 1345 3540 1400 saga
3593 1331 3771 1386 cilicina

2245 1412 2361 1468 ﬁeri
2415 1415 2822 1484 prmcipiuntur.
2872 1417 3164 1473 Duodecim
3223 1418 3291 1472 ad
3341 1420 3598 1490 apostolos
3635 1423 3772 1490 peni-

2241 1515 2392 1573 nent,
2446 1507 2588 1563 sicut
2645 1509 2699 1562 in
2767 1509 3060 1582 Evangelio
3125 1513 3540 1580 demonstratur,
3587 1513 3672 1569 ubi
3716 1517 3776 1569 ita

2240 1598 2437 1669 legitur
2494 1617 2506 1652 :
2557 1599 2845 1654 Duodecim
2894 1601 3252 1672 apostolorum
3307 1604 3514 1658 nomina
3543 1604 3644 1659 lucc
3675 1617 3773 1659 sunt

2241 1688 2454 1760 (Matth.
2490 1689 2567 1762 ι).
2600 1690 2738 1746 Hinc
2768 1690 2884 1760 ipse
2932 1692 3196 1749 Dominus
3223 1693 3292 1749 ad
3341 1695 3619 1768 discipulos
3669 1712 3777 1752 suos

559 1785 856 1853 Aliquando
899 1794 1078 1839 autem
1109 1786 1176 1841 ad
1223 1785 1594 1854 septiformem
1631 1785 1862 1856 gratiam
1899 1785 2136 1857 Spiritus
2165 1777 2210 1835 Β
2237 1780 2315 1835 ait
2338 1795 2352 1834 ε
2379 1781 2570 1835 Nonne
2591 1798 2685 1853 ego
2720 1799 2810 1838 vos
2833 1784 2965 1856 elegi
2994 1785 3276 1843 duodecim
3297 1790 3323 1842 Ρ
3341 1789 3520 1862 (Joan.
3555 1790 3776 1862 v1.)ltem

560 1877 730 1932 sancti
761 1878 1014 1947 pertinet,
1046 1877 1111 1932 de
1140 1893 1249 1948 quo
1281 1879 1332 1932 in
1362 1878 1686 1950 Apocalypsi
1718 1879 1978 1950 scriptum
2009 1889 2129 1936 est:

563 1967 767 2038 Septem
788 1985 1004 2034 cornua,
1027 1980 1074 2022 et
1109 1979 1301 2040 septem
1337 1969 1500 2035 oculi,
1531 1979 1722 2042 septem
1757 1980 1877 2025 sunt
1917 1971 2133 2042 spiritus

561 2057 656 2111 Dei
681 2059 825 2112 missi
870 2075 964 2128 per
1000 2075 1203 2113 omnem
1229 2070 1422 2114 terram
1451 2059 1633 2131 (Apoc.
1660 2061 1734 2132 v).
1767 2061 1898 2116 Item
1929 2071 2131 2132 septem

555 2149 806 2220 leguntur
846 2151 1096 2207 Ecclesia:
1136 2152 1188 2206 in
1227 2153 1569 2224 Apocalypsi,
1619 2170 1738 2224 qua:
1786 2170 1884 2225 per
1925 2165 2130 2226 septem

553 2240 875 2297 candelabra
927 2250 980 2298 et
1013 2257 1108 2313 per
1135 2251 1338 2313 septem
1371 2245 1554 2300 stellas
1592 2245 1893 2316 ﬁgurantur
1947 2245 2128 2320 (Apoc.

553 2331 616 2406 I).
651 2333 706 2387 lu
749 2333 944 2402 quibus
992 2333 1267 2404 plenitudo
1315 2345 1623 2390 sanctorum
1669 2346 1940 2403 versatur,
1991 2337 2132 2392 sicut

555 2423 697 2479 idem
730 2432 958 2480 testatur
983 2443 996 2479 :
1028 2426 1152 2494 quia
1176 2436 1380 2496 septem
1411 2428 1760 2494 candelabra,
1781 2438 1992 2500 septem
2022 2429 2126 2486 Ec-

553 2513 730 2569 clesim
777 2524 903 2568 sunt
939 2533 950 2567 :
981 2515 1231 2570 similiter
1278 2524 1333 2570 et
1377 2527 1584 2588 septem
1630 2518 1818 2574 stellze.
1869 2518 2002 2576 ltem
2034 2536 2131 2592 per

552 2615 756 2678 septem
789 2622 947 2662 omne
971 2593 1211 2678 prmsens
1241 2617 1452 2678 tempus
1479 2609 1638 2678 hujus
1680 2610 1860 2664 surculi
1881 2613 2130 2684 designa-

554 2707 664 2761 tur,
707 2696 850 2766 quod
902 2711 1000 2766 per
1048 2705 1252 2766 septem
1303 2697 1510 2752 dierum
1569 2697 1831 2754 circulum
1875 2700 2126 2756 volvitur.

553 2786 618 2839 Et
676 2785 728 2838 in
780 2786 1108 2840 contrariam
1176 2797 1384 2856 partem
1435 2801 1534 2858 per
1602 2791 1968 2860 septenarium
2031 2808 2129 2847 nu-

551 2891 754 2931 merum
781 2876 1058 2946 plenitudo
1075 2878 1304 2948 peccati,
1336 2879 1386 2933 id
1415 2889 1520 2944 est,
1544 2881 1872 2938 universitas
1921 2891 2128 2953 septem

551 2969 926 3040 principalium
963 2969 1212 3024 vitiorum
1261 2969 1522 3042 ﬁguratur
1559 2991 1571 3026 :
1607 2974 1748 3028 unde
1780 2974 2036 3031 Dominus
2063 2975 2130 3032 de

550 3062 826 3116 innnundo
850 3062 1040 3132 Spiritu
1063 3061 1116 3117 in
1143 3062 1432 3136 Evangelio
1454 3065 1561 3120 ait.
1580 3064 1722 3119 Tunc
1742 3066 1884 3121 vadit
1905 3078 1952 3120 et
1977 3084 2128 3121 assu-

2237 1871 2520 1928 duodecim
2541 1874 2615 1928 ad
2629 1873 2869 1928 omnium
2883 1886 3197 1932 sanctorum
3210 1879 3483 1948 pertinent
3496 1879 3778 1936 Sacramen-

2227 1973 2374 2030 -tum,
2401 1964 2495 2034 qui
2521 1978 2589 2018 ex
2613 1973 2849 2034 quatuor
2891 1967 3076 2022 mundi
3106 1969 3358 2040 partibus
3381 1985 3479 2040 per
3511 1970 3658 2026 ﬁdem
3683 1970 3781 2024 Tri-

2235 2053 2423 2109 nitatis
2437 2053 2596 2109 electi
2611 2070 2772 2110 unam
2785 2070 2854 2110 ex
2868 2070 2928 2110 se
2947 2055 3156 2112 faciunt
3167 2058 3477 2126 ecclesiam;
3501 2059 3676 2114 horum
3695 2059 3780 2114 elc-

2235 2153 2446 2198 ctorum
2475 2144 2758 2201 duodecim
2799 2146 2878 2201 illi
2923 2147 3130 2218 lapides
3169 2152 3424 2222 pretiosi,
3454 2166 3520 2206 ex
3540 2151 3782 2223 quibusin

2233 2233 2554 2305 Apocalypsi
2581 2235 2775 2291 civitas
2803 2237 2944 2308 regis
2979 2241 3159 2310 magni
3188 2243 3548 2309 construitur,
3591 2242 3785 2314 ﬁguram

2233 2325 2453 2380 habent.
2471 2325 2536 2380 Hi
2558 2335 2685 2382 sunt
2708 2329 2989 2385 duodecim
3011 2332 3182 2388 tribus
3212 2333 3451 2389 ﬁliorum
3465 2335 3786 2402 lsrael,sensu

2232 2415 2476 2472 videntes
2517 2418 2823 2474 Dominum.
2875 2420 3158 2478 Tredecim
3197 2439 3339 2481 vero
3381 2426 3452 2481 ad
3488 2425 3616 2497 legis
3641 2424 3786 2495 pleni-

2232 2508 2472 2564 tudinem
2493 2518 2548 2564 et
2569 2510 2726 2566 ﬁdem
2743 2511 3025 2570 Trinitatis
3042 2516 3350 2585 pertinent,
3364 2519 3494 2574 utin
3509 2517 3788 2574 Ezechiele:

2232 2600 2302 2654 Et
2335 2617 2545 2655 mensus
2587 2614 2682 2669 est,
2717 2604 2916 2674 inquit,
2970 2606 3314 2665 altitudinem
3361 2620 3530 2682 parte
3578 2609 3789 2664 tredecim

2231 2695 2418 2749 cubitis
2441 2695 2659 2768 (Ezech.
2687 2697 3241 2770 xe).Quatnordecim
3268 2718 3406 2758 vero
3427 2703 3495 2758 ad
3517 2718 3794 2759 sacramen-

2233 2793 2345 2840 tum
2383 2784 2674 2844 Dominicae
2695 2791 3060 2858 generationis
3094 2795 3442 2864 respiciunt,
3461 2796 3599 2850 utin
3623 2792 3794 2865 princi-

2230 2874 2320 2944 pio
2341 2875 2615 2947 Evangelii
2647 2878 2885 2934 Matthaei
2909 2881 3042 2936 satis
3067 2881 3530 2940 demonstratur:
3559 2884 3631 2939 Ab
3655 2883 3798 2938 Abra-

2229 2963 2352 3016 ham
2409 2980 2572 3036 usque
2640 2967 2710 3020 ad
2775 2967 2946 3024 Dauid
2991 2975 3366 3041 generationes
3435 2973 3796 3046 quatuordecim
3857 2982 3871 2994 ‘

2233 3054 2446 3127 (Matth.
2493 3059 2556 3128 ι).
2590 3057 2724 3114 Item
2755 3063 3164 3130 quatuordecim
3214 3067 3288 3122 ad
3331 3081 3577 3138 praesens
3619 3075 3802 3136 tempus

548 3157 639 3211 mit
668 3155 801 3212 alios
839 3157 1053 3228 spiritus
1074 3167 1266 3228 septem
1292 3159 1562 3230 nequiores
1582 3176 1656 3225 se,
1685 3171 1732 3214 et
1755 3161 2008 3215 intrantes
2037 3162 2126 3216 Ita-

2228 3139 2313 3202 vel
2336 3146 2574 3204 futurum
2600 3152 2902 3221 pertinent,
2931 3155 3070 3210 sicut
3107 3156 3162 3210 in
3205 3133 3467 3214 Levitico
3499 3133 3800 3215 demonstra-

547 3247 712 3302 bitant
750 3248 843 3312 ibi,
895 3257 944 3302 et
989 3247 1122 3316 fiunt
1155 3248 1432 3303 nouissima
1483 3249 1708 3305 hominis
1754 3250 1897 3304 illius
1941 3251 2125 3321 pejora

543 3338 806 3409 prioribus
833 3336 984 3409 (Luc.
1037 3337 1136 3409 χι).
1191 3337 1329 3395 Hine
1377 3345 1434 3394 et
1483 3339 1538 3394 in
1569 3339 1857 3396 Salomone
1882 3341 2120 3412 legitur:

550 3425 633 3483 Ne
662 3429 946 3483 credideris
987 3429 1056 3494 ei,
1108 3430 1355 3501 quoniam
1390 3441 1582 3501 septem
1613 3433 1855 3502 nequitiae
1907 3443 2026 3487 sunt
2069 3435 2123 3488 in

545 3523 723 3576 anima
764 3521 906 3576 illius
935 3519 1116 3592 (Prov.
1150 3522 1322 3591 xxvr),
1369 3521 1473 3579 hoc
1501 3532 1604 3588 est,
1634 3521 1853 3578 diaboli.
1887 3522 2121 3579 Rursum

545 3623 750 3682 septem
779 3611 1164 3680 perfectionem
1191 3611 1520 3683 ﬂagellorum
1545 3613 1641 3668 Dei
1663 3615 1998 3670 demonstrat
2023 3633 2035 3668 :
2065 3625 2124 3669 ut

550 3702 602 3756 in
637 3701 874 3757 Levitico
906 3720 920 3756 :
951 3701 1260 3774 Castigabit,
1303 3703 1496 3774 inquit,
1541 3721 1628 3759 vos
1656 3705 1914 3761 Dominus
1935 3707 2122 3778 septies

541 3809 636 3862 pro
657 3795 882 3864 peccatis
905 3796 1086 3849 vestris
1115 3794 1301 3867 (Leuit.
1326 3795 1496 3868 xm).
1529 3796 1795 3852 Praeterea
1825 3807 2030 3870 septem
2064 3805 2122 3855 et

542 3895 665 3940 octo
695 3884 827 3956 legis
852 3895 906 3941 et
927 3885 1203 3957 Evangelii
1231 3886 1606 3958 ﬁgurationem
1637 3895 1822 3943 tenent
1849 3905 1864 3942 :
1896 3889 2039 3945 unde
2065 3890 2119 3945 in

544 3977 868 4033 Ecclesiaste
890 3978 1149 4048 scriptum
1175 3987 1258 4033 cst
1290 3997 1302 4032 :
1337 3977 1416 4032 Da
1443 3987 1616 4049 partes
1639 3989 1849 4046 septem,
1897 3995 1989 4034 nec
2016 3995 2118 4033 non

540 4079 588 4122 et
611 4078 726 4122 octo
751 4065 950 4139 (Eccle.
979 4067 1076 4138 x1).
1110 4067 1371 4122 Similiter
1394 4075 1599 4138 septem
1621 4079 1675 4122 et
1695 4077 1819 4123 octo
1845 4068 2040 4140 quietis
2065 4079 2120 4123 et

543 4161 957 4216 resurrectionis
979 4160 1225 4214 obtinent
1246 4167 1666 4215 sacramentum.
1700 4159 1836 4214 Octo
1871 4161 2015 4214 enim
2049 4160 2118 4216 ad

540 4253 678 4307 dicm
706 4251 998 4308 Dominicae
1029 4251 1465 4307 Resurrectionis
1485 4251 1599 4306 sive
1626 4251 1866 4306 omnium
1897 4259 2114 4306 sancto-

541 4357 661 4396 rum
705 4340 938 4396 futuram
979 4342 1432 4398 resurrectionem
1478 4343 1768 4412 pertinent.
1803 4341 1878 4398 De
1915 4358 2020 4414 qua
2057 4343 2114 4398 in

540 4433 697 4488 titulo
738 4433 928 4504 psalmi
984 4435 1122 4490 sexti
1151 4434 1410 4491 scribitur
1440 4452 1454 4489 :
1501 4435 1570 4490 In
1593 4435 1750 4506 ﬁnem
1775 4453 1869 4508 pro
1909 4421 2145 4493 octava...

539 4522 742 4578 Novem
778 4539 1010 4592 namque
1055 4525 1122 4580 ad
1167 4524 1575 4581 Sacramentnm
1605 4527 1874 4596 passionis
1899 4528 2110 4582 Domini

540 4613 1016 4668 demonstrandum
1039 4615 1172 4670 satis
1192 4615 1336 4670 valet
1363 4635 1376 4671 :
1405 4615 1531 4686 quia
1559 4617 1672 4688 ipse
1696 4617 1957 4674 Dominus
1978 4619 2110 4674 hora

540 4719 682 4760 nona
709 4703 950 4759 clamans
971 4720 1098 4760 voce
1127 4722 1322 4776 magna
1349 4708 1532 4762 emisit
1562 4708 1830 4777 spiritum.
1859 4709 1988 4764 Item
2017 4724 2114 4764 no-

525 4813 660 4852 vem
691 4795 942 4868 leguntur
966 4811 1084 4852 esse
1114 4798 1335 4852 ordines
1363 4799 1693 4869 angelorum,
1736 4801 1791 4856 id
1811 4810 1913 4867 est,
1941 4817 2109 4873 ange-

539 4887 596 4951 li,
623 4887 952 4956 archan’geli,
987 4887 1190 4954 throni,
1223 4888 1638 4954 dominationes,
1675 4891 1918 4955 virtutes,
1961 4907 2112 4962 prm-

541 4980 768 5050 cipstus,
802 4987 1118 5050 potestates,
1165 4979 1469 5046 cherubim,
1522 4989 1578 5036 et
1629 4982 1919 5052 seraphim.
1961 4983 2114 5052 Quod

542 5071 846 5138 signiﬁcant
870 5069 1160 5140 nonaginta
1186 5085 1377 5126 novem
1399 5085 1527 5126 oves
1548 5071 1600 5125 in
1621 5070 1940 5142 Evangelica
1959 5089 2116 5144 para-

540 5162 678 5227 bola,
713 5161 912 5216 relicta:
960 5160 1014 5215 in
1045 5160 1260 5215 deserto
1287 5160 1400 5215 sive
1445 5161 1500 5215 in
1529 5161 1821 5216 montibus.
1855 5161 1985 5216 ltem
2017 5179 2114 5219 no-

541 5267 660 5306 vem
690 5251 1155 5322 imperfectionem
1182 5251 1560 5306 mandatorum
1585 5251 1702 5316 Dei,
1728 5252 1842 5308 sive
1869 5253 2114 5322 impleui-

541 5345 778 5398 tudinem
805 5344 1045 5399 omnium
1074 5345 1337 5400 bonorum
1360 5341 1646 5414 designant
1677 5353 1698 5398 ε’
1720 5345 1858 5400 sicut
1886 5347 1936 5398 in
1967 5345 2106 5399 Deu-

537 5436 871 5516 teronomiom
893 5436 959 5490 de
1022 5434 1159 5490 lecto
1186 5435 1266 5504 0g
1285 5434 1445 5512 ,regis
1475 5435 1669 5500 Basan,
1720 5436 1812 5505 qui
1847 5445 2001 5506 typus
2029 5445 2110 5490 est

536 5527 765 5582 diaboli.
789 5529 1044 5598 scriptum
1069 5537 1170 5594 est,
1199 5528 1341 5598 quod
1373 5543 1566 5584 novem
1602 5529 1800 5584 cubitis
1829 5530 1899 5584 sit
1942 5529 2110 5598 longi-

539 5619 667 5672 tudo
685 5617 820 5684 ejns.
843 5619 1102 5674 Denarius
1122 5635 1251 5690 ergo
1273 5635 1529 5674 numerus
1549 5620 1616 5674 ad
1641 5619 1953 5690 decalognm
1980 5621 2110 5690 legis

539 5707 822 5778 aliquando
863 5707 1114 5762 refertur.
1152 5709 1306 5764 Unde
1335 5708 1619 5764 Psalmista
1658 5711 1733 5764 ait
1767 5729 1779 5764 :
1813 5709 1878 5764 In
1907 5711 2108 5781 psalmo

2207 3244 2334 3302 .tur,
2369 3238 2461 3293 ubi
2488 3240 2749 3310 scriptum
2775 3253 2857 3298 est
2881 3244 2950 3300 de
2976 3245 3214 3304 muliere
3233 3289 3249 3314 ,
3278 3264 3408 3320 quae
3448 3250 3689 3322 genuerit
3734 3245 3802 3302 le-

2224 3327 2457 3394 minam,
2493 3333 2636 3399 quod
2663 3332 2872 3390 duabus
2897 3336 3375 3408 hebdomadibus,
3421 3341 3526 3398 hoc
3553 3351 3653 3405 est,
3684 3352 3804 3410 prat-

2223 3419 2366 3474 senti
2393 3428 2447 3474 et
2477 3419 2658 3478 futuro
2705 3423 2778 3479 sit
2806 3424 3102 3483 immunda.
3135 3429 3478 3498 Quindecim
3526 3439 3698 3488 autem
3720 3443 3807 3483 nu-

2223 3523 2427 3575 merus,
2465 3509 2624 3582 Legis
2657 3521 2714 3567 et
2738 3513 3040 3587 Evangelii,
3071 3518 3283 3588 quietis
3311 3530 3372 3576 et
3421 3517 3808 3578 resurrectionis

2221 3602 2430 3656 obtinet
2457 3605 2774 3675 mysterium
2809 3625 2824 3661 :
2867 3616 2926 3663 ut
2950 3609 3002 3663 in
3031 3607 3269 3668 Actibus
3293 3614 3670 3684 apostolorum
3691 3611 3808 3666 Pau-

2202 3691 2308 3746 ‘lus
2335 3694 2609 3763 apostolus
2635 3697 2944 3766 quindecim
2983 3699 3182 3758 diebus
3213 3718 3351 3758 cum
3396 3706 3565 3761 Petro
3593 3701 3811 3775 apostolo

2221 3797 2586 3842 eommorasse
2629 3789 2848 3845 dicitur.
2896 3789 3142 3849 Sedecim
3199 3798 3276 3852 ad
3341 3813 3639 3854 numerum
3679 3795 3808 3852 sedc-

2220 3880 2326 3933 cim
2342 3881 2753 3950 prophetarum.
2771 3884 2969 3940 Decem
2992 3895 3046 3941 ct
3073 3897 3296 3958 septem
3334 3893 3408 3946 ad
3431 3899 3814 3948 sacramentum

2219 3969 2460 4023 omnimn
2491 3972 2912 4042 prophetarum:
2945 3977 3070 4046 quia
3120 3978 3328 4036 decem
3379 3993 3656 4054 praecepta
3702 3977 3816 4050 legis

2219 4074 2316 4129 per
2345 4061 2716 4131 septiformem
2741 4067 2970 4137 gratiam
3012 4066 3257 4139 Spiritus
3301 4075 3492 4130 sancti
3523 4081 3816 4146 operantur.

2221 4151 2420 4222 Viginti
2475 4155 2543 4210 ad
2576 4154 2965 4225 perfectionem
3007 4174 3266 4231 operum,
3314 4181 3448 4236 qum
3472 4182 3577 4238 per
3605 4163 3818 4222 Charita-

2220 4251 2326 4298 tetn
2378 4255 2690 4316 operantur.
2735 4248 3032 4324 Decalogns
3075 4254 3228 4310 enim
3279 4255 3431 4330 legis
3477 4275 3580 4330 per
3622 4259 3724 4315 duo
3757 4255 3825 4310 di-

2217 4333 2466 4391 lectionis
2491 4347 2758 4409 praacepta
2798 4341 3101 4412 duplicatus
3131 4343 3343 4416 viginti
3367 4348 3564 4404 edicit.
3610 4346 3753 4404 Unde
3776 4352 3821 4397 et

2216 4425 2324 4482 duo
2347 4427 2628 4496 cherubin,
2651 4431 2794 4502 quod
2820 4442 2904 4488 est
2926 4435 3206 4505 plenitudo
3236 4440 3530 4509 scientias,
3558 4442 3612 4496 in
3642 4439 3828 4509 templo

2217 4517 2457 4588 ejusdem
2511 4522 2720 4577 numeri
2765 4524 2978 4580 cubitos
3034 4526 3310 4586 habuisse
3368 4544 3697 4588 narrantur.
3747 4528 3824 4582 Vi-

2217 4611 2348 4680 ginti
2402 4611 2508 4666 duo
2535 4613 2804 4683 pertinent
2831 4617 2898 4670 ad
2928 4628 3353 4676 sacramentum
3408 4623 3727 4680 divinorum
3749 4633 3833 4672 vo-

2217 4701 2476 4758 luminum
2547 4707 2839 4762 secundum
2897 4709 3253 4766 Hebrazorum
3335 4716 3593 4772 litteras.
3646 4711 3828 4786 Viginti

2217 4801 2452 4860 quatuor
2476 4810 2734 4852 numerus
2761 4797 2830 4851 ad
2876 4798 3063 4870 viginti
3107 4811 3370 4870 quatuor
3425 4805 3610 4864 libros
3636 4801 3834 4861 Veteris

2218 4884 2571 4951 Testamenti,
2619 4885 2775 4957 juxta
2809 4888 3156 4947 Hebraeorum
3193 4897 3630 4967 traditionem,
3659 4911 3687 4950 a
3729 4893 3834 4962 qui-

2215 4979 2442 5035 husdam
2495 4981 2720 5053 ﬁguram
2764 4985 2966 5042 habere
3017 4986 3244 5042 dicitur.
3287 4989 3413 5046 Alii
3465 5007 3610 5048 vero
3661 4990 3836 5047 Patres

2218 5070 2428 5127 Veteris
2452 5087 2517 5128 ac
2558 5073 2693 5130 Novi
2727 5075 3059 5132 Testamenti
3085 5079 3184 5134 sub
3220 5085 3446 5140 eodem
3489 5101 3724 5140 numero
3763 5082 3838 5134 in-

2216 5161 2554 5218 tellexerunt.
2583 5163 2640 5219 In
2683 5167 3002 5238 Apocalypsi
3047 5187 3060 5222 :
3093 5168 3160 5222 Et
3189 5187 3379 5242 super
3417 5177 3652 5230 thronos
3671 5171 3839 5244 uiginti

2212 5266 2443 5326 quatuor
2480 5259 2706 5312 seniores
2750 5261 2984 5315 sedentes
3021 5259 3222 5333 (Apoc.
3287 5265 3404 5340 nr).
3467 5268 3616 5324 Nam
3663 5263 3840 5337 viginti

2216 5348 2456 5418 quinque
2499 5349 2742 5418 corporis
2798 5351 3035 5421 quinque
3081 5351 3358 5411 sensibus
3420 5357 3484 5412 in
3541 5351 3844 5424 semetipsis

2215 5439 2582 5508 multiplicatis
2619 5443 2938 5509 perveniunt
2976 5442 3046 5498 ad
3093 5457 3575 5515 sacramentum,
3620 5449 3760 5504 sicut
3799 5445 3845 5498 in

2216 5529 2500 5584 Ezechiele
2549 5531 2946 5586 maiiifestatur.
2999 5532 3202 5604 Viginti
3264 5547 3417 5593 octo
3475 5551 3751 5596 numerus
3784 5533 3848 5590 ad

2213 5618 2347 5688 legis
2367 5629 2423 5675 et
2443 5621 2718 5690 Evangelii
2743 5623 2979 5693 pertinet
3007 5627 3352 5696 mysterium
3375 5669 3394 5694 ,
3426 5633 3544 5686 sub
3569 5632 3729 5702 cujus
3753 5642 3852 5681 nu-

2215 5713 2351 5769 meri
2381 5722 2722 5771 sacramento
2765 5717 2990 5772 cortina:
3028 5717 3394 5774 tabernaculi
3447 5721 3709 5791 ejusdem
3757 5732 3852 5775 nuc
