3974 6188
280 261 387 316 495

1236 257 1324 313 DE
1366 255 1712 315 UNIVEBSO
1745 253 1924 311 LIBRI
1962 252 2126 308 XXII.
2166 282 2237 293 —
2274 253 2398 307 LIB.
2439 252 2622 310 XVIII.

3441 259 3547 319 494

279 373 413 430 meri
444 368 656 426 cubitus
679 368 732 422 in
754 366 1084 439 longitudine
1109 370 1361 427 habuisse
1387 370 1635 427 feruntur
1657 371 1707 423 in
1730 368 1864 422 Exa-
1894 366 1937 426 Α
1970 373 2155 419 rantur
2188 365 2241 419 in
2292 364 2515 420 Actibus
2567 366 2952 435 apostolorum.
2988 368 3270 443 Octoginta
3319 375 3383 430 ad
3415 391 3549 445 qua-

278 463 618 535 da.Triginta
633 478 763 517 vero
785 464 852 517 ad
875 461 1081 516 fructus
1097 460 1332 517 ﬁdelium
1361 463 1791 533 coniugatorum,
1804 468 1864 514 ut

236 596 239 599 .
278 555 333 608 in
375 553 667 623 Evangelia
706 571 719 606 :
766 552 836 605 Et
859 552 1001 607 dabit
1044 551 1296 621 fructum,
1329 551 1479 606 aliud
1504 551 1864 616 centesimum,

277 642 428 695 aliud
453 641 869 711 sexagesimum,
923 640 1071 694 aliud
1116 657 1234 694 vero
1279 641 1599 694 tricesimum
1647 638 1862 711 (Matth.

278 733 424 803 xm).
442 732 686 803 Triginta
709 731 815 786 dua
831 732 899 787 ad
927 733 1242 804 mysterium
1266 733 1456 794 atatis,
1484 748 1590 802 qua
1608 733 1867 788 Dominus

277 833 468 877 noster
492 823 547 875 in
596 837 761 876 carne
792 831 1143 878 conversatus
1170 830 1294 878 est:
1339 825 1478 878 unde
1509 825 1590 894 (ut
1641 823 1866 893 quibus—

277 915 405 969 dam
439 913 674 984 videtur)
707 914 783 967 ait
824 914 1115 983 Apostolus
1146 932 1159 968 :
1193 914 1367 969 Donec
1415 933 1752 969 occurramus
1798 916 1867 968 ad

276 1009 536 1062 unitatem
573 1006 699 1076 ﬁdei
732 1016 777 1059 et
823 1006 1105 1076 agnitionis
1138 1004 1269 1059 Filii
1303 1006 1401 1060 Dei
1450 1009 1505 1060 in
1552 1007 1717 1060 virum
1753 1024 1867 1075 per-

277 1100 475 1168 fectum
547 1098 601 1152 in
657 1114 957 1152 mensuram
1026 1099 1197 1152 artatis
1263 1098 1602 1169 plenitudinis
1673 1096 1869 1154 Christi

279 1190 500 1260 (Ep/tes.
519 1186 617 1260 tv).
635 1187 1003 1257 Quadraginta
1017 1204 1145 1244 vero
1171 1204 1430 1244 numerus
1455 1189 1590 1260 legis
1613 1198 1668 1244 et
1695 1190 1871 1244 Evan-

278 1282 403 1353 gelii
448 1281 660 1335 obtinet
733 1287 1150 1334 sacramentum.
1202 1279 1334 1334 Item
1402 1281 1759 1351 quadraginta
1802 1280 1870 1334 ad

279 1374 709 1445 quadragesima:
736 1380 1133 1427 sacramentum
1158 1372 1411 1442 pertinet.
1440 1370 1589 1426 Unde
1621 1370 1675 1424 in
1702 1370 1870 1423 Evan-

282 1464 423 1535 gelia
464 1466 531 1519 de
568 1463 795 1518 Domina
831 1463 1091 1532 scriptum
1120 1469 1204 1517 est
1245 1479 1257 1515 :
1304 1460 1370 1514 Et
1405 1460 1656 1531 agebatur
1684 1459 1739 1513 in
1766 1458 1871 1528 spi-

282 1558 390 1609 ritu
430 1556 487 1609 in
536 1556 741 1609 deserto
782 1554 1134 1627 quadraginta
1174 1552 1353 1606 diebus
1389 1551 1604 1623 (Matth.
1639 1550 1735 1622 tv).
1762 1552 1870 1607 Ite-

284 1665 405 1704 rum
454 1648 816 1719 quadraginta
864 1644 1277 1703 resurrectionis
1347 1644 1641 1700 Dominica:
1692 1658 1873 1698 sacra-

284 1748 524 1796 mentum
566 1740 848 1795 continent

284 1831 357 1884 ita
386 1830 651 1900 scriptum
680 1838 763 1884 est
799 1845 812 1882 :
845 1828 912 1882 Et
937 1836 1270 1882 conversatus
1313 1842 1430 1880 cum
1460 1826 1535 1881 eis
1578 1826 1687 1880 dies
1738 1840 1868 1895 qua-

285 1923 533 1993 draginta
589 1920 729 1991 (Act.
784 1919 847 1991 ι).
889 1918 1162 1973 Praeterea
1202 1918 1557 1989 quadraginta
1607 1929 1867 1971 numerus

282 2031 448 2071 omne
470 2029 712 2085 presens
744 2011 903 2080 hujus
922 2010 1102 2067 saeculi
1132 2018 1348 2080 tempus
1375 2009 1607 2079 ﬁgurare
1628 2007 1825 2062 dicitur
1849 2024 1863 2059 :

287 2116 518 2175 quatuor
550 2103 697 2159 enim
718 2112 845 2159 sunt
873 2102 1059 2157 mundi
1091 2108 1289 2171 partes,
1325 2108 1380 2153 et
1405 2098 1583 2153 omnis
1619 2105 1868 2152 creatura

287 2194 518 2250 visibilis
538 2207 606 2249 ex
634 2201 870 2262 quatuor
890 2198 1106 2247 constat
1126 2189 1425 2245 elementis.
1459 2187 1721 2241 Denarius
1742 2200 1870 2241 vero

288 2296 547 2340 numerus
579 2283 632 2336 in
660 2282 854 2336 bonam
885 2278 967 2334 vel
993 2278 1191 2333 malam
1218 2285 1427 2347 partem
1456 2275 1727 2346 perfectus
1745 2283 1829 2329 est
1854 2292 1867 2327 :

290 2375 379 2445 qui
406 2372 665 2429 denarius
704 2386 800 2441 per
828 2368 1236 2441 quaternarium
1273 2368 1468 2422 ductus
1495 2365 1870 2437 quadragena-

293 2466 429 2519 rium
460 2463 672 2532 implet.
694 2461 833 2516 Hinc
853 2470 956 2527 est,
976 2458 1116 2529 quod
1147 2473 1244 2528 per
1266 2458 1605 2527 Psalmistam
1636 2458 1832 2512 dicitur
1855 2475 1867 2511 :

292 2552 661 2623 Quadraginta
717 2550 867 2604 annis
921 2550 1191 2620 proximus
1254 2547 1334 2617 fui
1382 2548 1703 2618 generationi
1749 2546 1872 2601 huic

293 2641 462 2714 (Psal.
496 2640 678 2710 xcrv);
731 2650 786 2695 et
829 2639 883 2692 in
934 2638 1134 2692 diluvia
1173 2636 1328 2707 juxta
1368 2635 1609 2706 ejusdem
1662 2634 1872 2690 numeri

293 2734 406 2788 dies
439 2743 494 2786 et
517 2732 738 2786 totidem
764 2738 955 2785 noctes
982 2743 1144 2799 super
1176 2738 1376 2782 terram
1406 2727 1664 2782 Dominus
1692 2726 1826 2796 pluit
1854 2743 1867 2780 :

293 2837 348 2881 et
380 2826 437 2880 in
464 2823 603 2880 Jona
632 2824 893 2894 propheta
918 2822 1177 2892 scriptum
1200 2831 1283 2876 est
1318 2838 1331 2874 :
1372 2817 1495 2874 Post
1519 2819 1871 2890 quadraginta

292 2917 400 2972 dies
423 2915 618 2970 Ninive
657 2914 978 2968 subvertetur
1005 2912 1149 2980 (Jon.
1174 2911 1287 2982 tu);
1320 2911 1461 2980 quod
1493 2917 1546 2965 et
1578 2910 1750 2980 ipsum
1781 2923 1870 2964 se—

292 3006 522 3062 cundum
548 3004 829 3059 historiam
856 3004 910 3057 in
932 3004 1119 3059 eadem
1148 3002 1367 3056 civitate
1394 2999 1592 3055 factum
1616 3015 1723 3055 non
1744 3006 1828 3054 est
1851 3015 1864 3050 :

292 3099 345 3153 in
373 3096 577 3153 munda
606 3110 755 3159 vero,
782 3093 933 3163 cujus
962 3095 1185 3165 ﬁguram
1211 3092 1405 3148 civitas
1432 3091 1521 3146 illa
1547 3091 1755 3156 habuit,
1774 3091 1872 3144 im-
1897 3068 1944 3132 ο

289 3186 490 3259 pletum
535 3186 660 3239 erit.
705 3184 1071 3257 Quadraginta
1126 3198 1255 3239 vero
1293 3182 1360 3237 ad
1396 3197 1682 3238 numerum
1721 3181 1774 3236 in
1813 3196 1872 3237 e-

290 3291 440 3332 remo
480 3274 847 3339 mansionum,
878 3274 963 3329 vel
1006 3275 1073 3330 ad
1120 3289 1404 3329 numerum
1443 3273 1873 3345 generatianum,

290 3383 407 3437 qua:
442 3368 514 3423 ab
562 3365 839 3422 Abraham
870 3377 996 3422 sunt
1040 3380 1211 3436 usque
1243 3366 1311 3421 ad
1354 3364 1640 3420 Dominum
1687 3363 1872 3419 Jesum

292 3460 586 3524 Christum,
614 3459 868 3529 pertinet.
899 3458 1297 3529 Quinquaginta
1331 3465 1512 3521 autem
1562 3456 1630 3511 ad
1681 3454 1875 3510 Pente-

292 3562 471 3609 costen
497 3552 584 3605 vel
614 3553 904 3605 adventum
935 3549 1167 3618 Spiritus
1193 3550 1364 3604 sancti
1397 3566 1409 3601 :
1434 3548 1574 3603 unde
1600 3546 1799 3602 dicitur
1819 3546 1871 3600 in

292 3644 513 3699 Actibus
536 3640 902 3711 apostolorum
927 3657 941 3692 :
972 3639 1112 3713 Dum
1141 3638 1522 3710 complerentur
1542 3636 1652 3692 dies
1682 3636 1870 3690 Pente-

292 3747 451 3790 costes
485 3734 629 3804 (Act.
667 3733 752 3801 ιι).
784 3731 916 3786 Item
955 3731 1342 3804 quinquaginta
1390 3732 1457 3786 ad
1485 3730 1869 3800 indulgentiam

291 3828 525 3895 pertinet
573 3834 957 3894 peccatorum,
1005 3824 1059 3878 in
1107 3823 1262 3893 cujus
1300 3823 1506 3878 numeri
1534 3830 1872 3878 sacramento

293 3921 769 3992 quinquagesimus
797 3918 1046 3974 Psalmns
1065 3917 1274 3986 positus
1300 3924 1401 3969 est.
1424 3913 1715 3984 Sexaginta
1742 3928 1871 3968 vero

294 4026 550 4068 numerus
573 4011 640 4066 ad
657 4010 897 4064 omnium
919 4007 1278 4077 perlecturum
1305 4004 1538 4075 pertinet
1561 4016 1868 4058 sacramen-

297 4109 400 4155 tum
435 4120 448 4157 :
479 4102 626 4156 unde
653 4099 785 4154 dicit
810 4099 882 4175 in.
908 4096 1132 4153 Cantica
1180 4094 1553 4149 canticorum:
1598 4091 1682 4145 En
1708 4089 1871 4145 lectu-

295 4194 397 4249 lum
425 4194 757 4256 Salomonis,
789 4193 843 4248 id
868 4200 973 4253 est,
1004 4188 1204 4246 Christi
1241 4187 1535 4242 Ecclesiam
1555 4225 1570 4251 ,
1597 4184 1868 4254 sexaginta

294 4284 450 4352 {artes
478 4283 720 4337 ambiunt
752 4298 817 4335 ex
846 4280 1145 4351 fortissimis
1184 4276 1351 4331 Israel
1377 4274 1551 4349 (Cant.
1596 4273 1701 4345 ιιι).
1734 4273 1866 4328 Item

294 4376 569 4447 sexaginta
590 4375 657 4428 ad
680 4373 916 4428 {metum
941 4369 1119 4427 viduis
1138 4371 1252 4426 sive
1278 4368 1674 4425 continentibus
1701 4367 1865 4435 depu-

298 4477 453 4522 tatur.
487 4467 641 4524 Unde
677 4464 731 4518 in
763 4462 1057 4533 Evangelia
1087 4462 1317 4532 legitur:
1353 4460 1415 4512 Et
1440 4457 1583 4512 dabit
1613 4458 1865 4527 fructum,

294 4559 437 4612 aliud
462 4558 847 4628 sexagesimum
899 4553 1115 4624 (Matth.
1164 4550 1308 4622 xm).
1361 4549 1705 4620 Septuaginta
1739 4566 1868 4604 vero

295 4652 360 4707 ad
392 4660 639 4706 veterum
678 4657 892 4719 patrum
930 4647 1201 4717 pertinere
1227 4645 1421 4700 dicitur
1448 4632 1863 4700 sacramentum.

291 4742 346 4797 In
383 4757 617 4812 quorum
665 4740 888 4811 ﬁguram
936 4738 1190 4793 Salomon
1238 4736 1304 4789 ad
1348 4733 1634 4789 :ediﬁcium
1685 4732 1866 4800 templi

291 4833 629 4901 septuaginta
674 4830 837 4883 millia
864 4829 1233 4899 aperariorum
1265 4824 1487 4895 elegisse
1525 4823 1740 4887 dicitur,
1762 4822 1867 4890 ,qui

294 4925 347 4978 in
373 4923 615 4978 humeris
642 4923 949 4992 portabant.
984 4920 1117 4989 Nam
1153 4919 1486 4989 septuaginta
1520 4925 1573 4971 ct
1593 4915 1866 4985 octoginta

292 5012 357 5066 ad
381 5014 615 5083 ﬁguram
650 5011 809 5079 Legis
838 5020 894 5064 et
922 5009 1194 5080 Evangelii
1220 5007 1378 5063 simul
1398 5007 1689 5076 pertinent,
1723 5012 1781 5058 ut
1812 5005 1865 5059 in

291 5102 494 5172 psalmo
520 5101 782 5170 scriptum
810 5108 892 5154 est
921 5116 935 5152 :
972 5099 1095 5152 Dies
1129 5112 1384 5151 annorum
1418 5096 1470 5147 in
1501 5096 1624 5164 ipsis
1661 5105 1869 5163 septua-

288 5193 431 5262 ginta
459 5191 607 5246 anni.
638 5191 699 5246 Si
740 5200 915 5244 autem
954 5189 1007 5244 in
1044 5186 1414 5259 potentutibus,
1445 5186 1703 5255 octoginta
1744 5185 1868 5237 anni

287 5280 459 5352 (Psal.
500 5280 753 5354 LXXXIX).
800 5280 1152 5351 Septuaginta
1178 5294 1306 5331 vero
1344 5277 1450 5332 duo
1475 5277 1541 5330 ad
1582 5292 1863 5330 numerum

287 5375 730 5446 presbyterorum
782 5374 1017 5445 pertinet
1074 5371 1271 5441 Maysis
1299 5368 1383 5425 vel
1440 5368 1863 5439 discipulorum,

284 5482 424 5537 quas
477 5466 743 5521 Dominus
770 5465 825 5519 in
870 5464 1309 5535 praedicationem
1358 5459 1631 5529 Evangelii
1681 5458 1859 5529 elegit.

284 5557 643 5630 Septuaginta
692 5557 932 5626 quinque
961 5554 1029 5610 ad
1054 5567 1337 5608 numerum
1368 5551 1670 5606 animarum
1698 5550 1865 5620 perti-

286 5661 432 5718 nent,
466 5668 587 5722 qua:
611 5665 737 5706 cum
764 5647 933 5706 lae/)b
962 5647 1014 5700 in
1046 5644 1339 5716 Egyptum
1369 5644 1711 5699 descendisse
1741 5659 1864 5697 nar-

1967 456 2213 509 rumdam
2253 454 2683 510 Christianarum
2717 459 2945 522 animus,
2994 476 3116 530 qua:
3156 463 3386 521 Domino
3445 468 3549 522 ﬁde

1968 552 2198 610 tantum,
2230 560 2334 601 nan
2363 548 2618 617 operibus
2642 549 2916 606 cabrerent
2947 569 2960 605 :
2997 553 3063 608 de
3102 554 3300 624 quibus
3330 557 3385 612 in
3415 558 3545 614 Can-

1969 639 2091 694 ticis
2121 639 2456 695 canticorum
2486 642 2749 712 scriptum
2775 651 2861 699 est
2883 658 2899 698 :
2924 642 3269 717 Septuaginta
3300 659 3423 704 sunt
3464 668 3549 705 re-

1965 732 2129 801 gime,
2166 731 2218 786 id
2239 742 2344 794 εει,
2377 733 2568 786 ιιιιίιιιτε
2602 733 3003 802 perfectarum,
3057 745 3106 790 et
3127 739 3389 809 octoginta
3419 756 3546 795 con-

1967 821 2170 875 cubina:
2194 819 2368 893 (Cant.
2388 823 2486 894 vt).
2506 821 2734 879 Centum
2758 826 2825 879 ad
2852 833 3150 898 martyrum
3176 827 3410 884 fructum
3437 832 3553 887 sive

1968 913 2235 983 virginum
2262 915 2550 983 pertinent,
2568 923 2626 969 ut
2644 915 2699 969 in
2715 915 3044 988 Evangelia:
3073 916 3139 970 Et
3165 919 3330 985 dabit,
3353 920 3551 992 inquit,

1969 1006 2217 1076 fructum,
2256 1005 2403 1059 aliud
2444 1008 2799 1072 centesimum,
2849 1018 2954 1063 etc.
2995 1008 3211 1079 (Matth.
3240 1011 3383 1084 xut).
3415 1013 3553 1070 Cen-

1971 1105 2082 1150 tum
2129 1096 2316 1167 viginti
2368 1112 2624 1153 numcrus
2669 1097 3055 1169 perfectionem
3104 1101 3240 1174 legis
3269 1108 3333 1159 'ct
3379 1105 3552 1161 Evan-

1970 1188 2092 1258 gelii
2125 1202 2220 1256 per
2250 1188 2473 1258 ﬁguram
2510 1189 2763 1244 ostendit.
2814 1189 2968 1245 Unde
3015 1190 3291 1263 legislator
3338 1195 3553 1266 Moyses

1971 1286 2190 1332 centum
2213 1278 2398 1349 viginti
2425 1294 2690 1335 annorum
2717 1296 2837 1337 esse
2861 1283 3218 1340 describitur:
3236 1295 3292 1341 et
3320 1286 3555 1357 Spiritus

1971 1375 2192 1421 sanctus
2218 1367 2272 1421 in
2299 1368 2387 1422 die
2431 1367 2780 1426 Pentecostes
2817 1372 3096 1429 descendit
3137 1391 3300 1445 super
3335 1387 3553 1435 centum

1971 1457 2158 1527 viginti
2194 1458 2401 1513 animas
2441 1460 2794 1526 credentium,
2826 1463 2916 1532 qui
2947 1461 3162 1521 fuerunt
3190 1466 3244 1521 in
3276 1468 3555 1524 cmnaculo

1974 1545 2102 1602 Sion
2119 1548 2449 1618 congregati.
2478 1549 2611 1604 Nam
2636 1551 2887 1622 leguntur
2914 1563 3039 1610 ante
3059 1555 3316 1612 diluvium
3337 1567 3552 1616 centum

1973 1637 2164 1709 viginti
2194 1640 2319 1692 anni
2344 1641 2409 1693 ad
2435 1642 2809 1709 paenitentiam
2848 1645 3156 1702 hominibus
3186 1648 3387 1704 decreti
3417 1669 3432 1705 :
3457 1649 3556 1707 Sa-
3616 1628 3627 1637 α

898 1757 910 1792 :
955 1738 1097 1792 unde
1129 1737 1183 1791 in
1224 1735 1452 1791 Actibus
1500 1734 1865 1805 apostolorum
1894 1724 1937 1781 Β
1967 1725 2219 1780 lomonici
2262 1727 2445 1797 templi
2489 1730 2718 1786 altitudo
2764 1740 2979 1789 centum
3008 1736 3197 1810 viginti
3247 1740 3552 1796 cubitorum

1968 1827 2105 1871 erat.
2139 1817 2252 1872 Hoc
2277 1828 2477 1886 autem,
2497 1823 2639 1891 quod
2660 1825 2836 1880 omnis
2868 1828 3049 1898 templi
3079 1829 3307 1887 altitudo
3335 1843 3551 1891 centum

1971 1910 2156 1980 viginti
2187 1911 2493 1966 cubitorum
2522 1912 2640 1980 fuit,
2684 1916 2754 1970 ad
2782 1916 2922 1971 idem
2950 1928 3350 1977 sacramentum
3384 1926 3555 1994 respi-

1970 2000 2067 2067 cit,
2097 2001 2237 2071 quad
2267 2001 2543 2071 primitiva
2583 2003 2638 2058 in
2668 2002 3019 2078 Jerasolymis
3047 2009 3290 2067 Ecclesia
3329 2023 3553 2084 propter

1969 2093 2300 2161 passionem,
2334 2093 2786 2149 resurrectionem
2831 2105 2884 2150 et
2934 2099 3308 2157 ascensionem
3339 2102 3549 2159 Domini

1970 2179 2026 2234 in
2053 2179 2218 2235 cmlas
2253 2180 2306 2235 in
2351 2182 2453 2237 hac
2494 2196 2720 2237 numera
2762 2183 2999 2239 virorum
3043 2187 3274 2258 gratiam
3322 2188 3556 2261 Spiritus

1973 2269 2146 2325 sancti
2174 2271 2401 2341 accepit.
2432 2271 2616 2342 Itaque
2655 2274 2979 2342 procedente
3031 2277 3295 2334 naturalis
3338 2285 3549 2338 numeri

1972 2361 2348 2431 progressione
2374 2363 2441 2417 ab
2466 2378 2573 2418 uno
2616 2378 2785 2434 usque
2808 2365 2876 2420 ad
2905 2365 3189 2423 duodecim
3230 2378 3285 2426 et
3311 2371 3551 2431 collectis

1975 2451 2029 2506 in
2086 2469 2250 2507 unum
2289 2454 2531 2509 omnium
2584 2453 2826 2510 locorum
2886 2458 3292 2517 summitatibus
3336 2472 3552 2518 centum

1973 2543 2162 2614 viginti
2210 2543 2377 2611 ﬁunt;
2423 2545 2730 2615 quindecim
2761 2560 3026 2616 namque,
3064 2564 3184 2619 qua:
3232 2566 3301 2607 ex
3345 2563 3550 2623 septem

1973 2646 2030 2692 et
2048 2645 2171 2693 acto
2197 2644 2463 2703 constant,
2488 2638 2663 2693 solent
2683 2653 3067 2710 nonnunquam
3100 2642 3167 2696 ad
3197 2642 3552 2715 signiﬁcatio-

1974 2743 2097 2784 nem
2144 2728 2333 2785 referri
2376 2730 2501 2784 vitae
2534 2728 2746 2791 futurae.
2780 2745 2900 2801 quae
2948 2747 3092 2787 nunc
3138 2732 3190 2787 in
3222 2734 3552 2791 sabbatismo

1974 2819 2180 2891 geritur
2227 2819 2531 2875 animarum
2582 2819 2822 2876 ﬁdelium
2870 2822 3230 2892 :perﬁcietur
3276 2834 3456 2880 autem
3496 2826 3551 2882 in

1974 2906 2081 2964 ﬁne
2136 2907 2316 2964 muli
2357 2910 2752 2966 resurrectione
2808 2925 3095 2981 corporum
3142 2912 3547 2970 immortalium.

1973 2998 2201 3056 Centum
2222 2999 2608 3072 quinquaginta
2631 3009 2862 3073 quatuor
2885 3018 3139 3057 numerus
3164 3004 3231 3059 ad
3255 3005 3547 3063 electorum

1974 3089 2207 3159 pertinet
2237 3098 2666 3157 sacramentum,
2696 3090 2749 3145 in
2800 3106 3026 3160 quorum
3057 3092 3282 3165 ﬁguram
3309 3095 3549 3165 ejusdem

1976 3181 2187 3237 numeri
2214 3181 2393 3250 pisces
2418 3188 2541 3251 post
2579 3183 3031 3239 resurrectionem
3062 3184 3271 3240 Domini
3302 3188 3370 3242 ab
3399 3187 3548 3260 Apo-

1975 3272 2131 3329 stolis
2156 3273 2211 3328 in
2239 3272 2531 3342 Evangelia
2556 3273 2697 3343 capti
2723 3272 3048 3330 referuntur.
3078 3276 3327 3334 Trecenti
3358 3280 3425 3336 ad
3448 3296 3553 3335 nu-

1975 3379 2183 3420 merum
2205 3364 2592 3434 perfectorum,
2614 3365 2706 3435 qui
2741 3380 2839 3436 per
2874 3381 3091 3422 crucem
3108 3366 3235 3425 lesu
3259 3369 3326 3426 de
3351 3372 3553 3428 munda

1976 3455 2369 3526 triumphantes
2396 3455 2678 3512 victoriam
2723 3465 3032 3529 reportant,
3063 3459 3117 3515 in
3146 3476 3377 3531 quorum
3423 3472 3551 3536 typo

1974 3545 2191 3602 Gedeon
2221 3545 2277 3600 in
2305 3544 2554 3601 Judicum
2599 3546 2740 3602 libra
2763 3546 2915 3620 (Iud.
2940 3549 3039 3620 vn)
3067 3547 3309 3618 ejusdem
3339 3553 3551 3608 numeri

1975 3647 2303 3709 pugnatores
2331 3639 2558 3711 elegisse
2587 3640 2863 3697 scribitur.
2892 3641 3181 3715 Quingenti
3223 3647 3290 3701 ad
3314 3648 3551 3718 quinque

1972 3741 2162 3788 aetates
2184 3733 2369 3787 mundi
2404 3732 2485 3803 (ut
2513 3749 2543 3788 a
2567 3735 2888 3803 quibusdam
2929 3738 3171 3811 putatur)
3196 3741 3432 3809 pertinet
3458 3757 3552 3798 sa-

1974 3833 2334 3889 cramentum,
2359 3825 2554 3894 quibus
2580 3827 2868 3882 transactis
2901 3825 3153 3883 Salvator
3174 3832 3430 3886 mundum
3465 3834 3549 3888 vi-

1973 3916 2140 3971 sitare
2181 3915 2433 3986 dignatus
2463 3924 2545 3970 est
2577 3935 2587 3969 :
2619 3917 2673 3970 in
2723 3916 2875 3986 cujus
2911 3925 3038 3990 typo
3084 3918 3197 3975 Noe
3226 3937 3347 3976 cum
3391 3923 3551 3991 quin—

1971 4011 2257 4074 gentarum
2284 4011 2429 4058 esset
2467 4019 2747 4064 annorum.
2772 4006 3027 4063 divinitus
3050 4008 3358 4078 inspiratus,
3388 4019 3546 4081 apta-

1971 4097 2049 4152 vit
2076 4112 2258 4151 arcam
2285 4098 2338 4150 in
2365 4095 2593 4151 salutem
2622 4096 2814 4151 domus
2845 4113 2973 4152 suae.
3004 4098 3332 4156 Millenarius
3354 4117 3545 4157 nume-

1973 4199 2066 4240 rus
2114 4185 2501 4255 perfectionem
2550 4186 2899 4242 beatitudinis
2950 4188 3239 4260 signiﬁcat.
3286 4190 3439 4248 Unde
3491 4194 3545 4247 in

1972 4275 2196 4331 Cantica
2219 4276 2553 4331 canticorum
2595 4276 2835 4349 legitur:
2873 4275 3032 4332 Vinea
3070 4279 3171 4348 fuit
3204 4281 3448 4350 paciﬁca,
3489 4284 3546 4338 in

1971 4385 2131 4439 eaque
2163 4367 2314 4421 habet
2358 4367 2575 4437 papulas
2601 4384 2620 4422 :
2652 4368 2868 4422 tradidit
2918 4385 3033 4423 eam
3080 4371 3378 4425 custodibus
3408 4388 3427 4427 :
3469 4374 3550 4426 vir

1972 4460 2124 4528 affert
2153 4474 2246 4528 pro
2275 4457 2449 4528 [ructu
2473 4457 2586 4527 ejus
2614 4455 2754 4511 mille
2781 4467 3049 4529 argenteos
3073 4456 3249 4531 (Cant.
3287 4459 3429 4531 vni).
3457 4457 3551 4515 Vi-

1973 4565 2097 4613 nea,
2123 4549 2174 4603 id
2205 4557 2307 4612 est,
2335 4547 2575 4602 Ecclesia
2605 4545 2784 4601 fructu
2828 4547 3109 4603 abundans
3150 4547 3295 4616 ﬁdei,
3329 4547 3430 4604 fuit
3452 4564 3550 4620 pa-

1971 4639 2150 4703 ciﬁco,
2184 4639 2235 4692 id
2263 4647 2365 4703 cst,
2406 4638 2633 4693 Domino
2660 4635 2899 4703 Christo,
2923 4654 3084 4707 quam
3119 4638 3338 4694 tradidit
3367 4653 3548 4696 custo-

1971 4730 2147 4794 dibus,
2181 4730 2279 4783 hac
2307 4738 2409 4793 est,
2435 4729 2710 4798 praphetis
2738 4737 2792 4782 et
2819 4728 3076 4799 apostolis
3106 4737 3267 4800 atque
3288 4733 3548 4802 angelicis

1970 4817 2320 4888 dignitatibus
2353 4832 2366 4871 :
2395 4833 2492 4888 pro
2521 4816 2671 4885 cujus
2698 4817 2875 4874 fructu
2922 4819 3035 4890 ipse
3079 4819 3164 4873 vir
3202 4819 3356 4875 aﬁ‘ert
3399 4821 3550 4876 milia

1974 4916 2258 4979 argenteos
2275 4948 2290 4973 ,
2321 4908 2423 4963 hoc
2443 4917 2546 4973 est,
2571 4906 2955 4978 perfectionem
2978 4910 3367 4964 retributionis.
3404 4909 3547 4964 Mille

1975 4998 2190 5055 ducenti
2225 5000 2642 5068 apostalicorum
2697 5000 2978 5055 doctorum
3032 5009 3225 5071 gerunt
3274 5000 3539 5070 ﬁguram:

1974 5091 2063 5160 qui
2094 5090 2274 5145 omnia
2301 5091 2482 5144 mundi
2506 5089 2858 5152 dimittentes,
2878 5090 2931 5144 in
2962 5086 3128 5144 verba
3148 5091 3546 5160 praedicationis

1974 5182 2221 5235 laborare
2252 5197 2357 5235 non
2381 5191 2616 5235 cessant.
2640 5181 2703 5235 Ili
2733 5182 2926 5250 duplici
2954 5183 3403 5250 remuneratione,
3427 5201 3547 5256 qua:

1974 5274 2028 5327 in
2060 5272 2304 5327 ducentis
2355 5272 2694 5342 designatur,
2738 5272 3007 5329 donantur
3045 5291 3058 5327 :
3088 5274 3152 5328 de
3183 5274 3380 5343 quibus
3407 5278 3546 5332 scri-

1968 5377 2119 5437 ptum
2161 5372 2247 5418 est
2289 5380 2302 5415 :
2336 5360 2480 5416 Mille
2518 5363 2618 5419 tui.
2653 5361 2911 5430 Paciﬁce,
2951 5372 2997 5416 et
3042 5362 3251 5417 ducenti
3298 5363 3412 5430 his,
3455 5367 3546 5438 qui

1969 5456 2265 5511 custodiunt
2308 5453 2511 5523 {ructus
2561 5453 2677 5522 ejus
2727 5450 2901 5522 (Cant.
2950 5467 3088 5524 vni).
3114 5451 3332 5523 Septem
3381 5455 3544 5510 millia

1969 5560 2227 5603 numerus
2255 5544 2322 5598 ad
2366 5541 2606 5597 omnium
2635 5540 2926 5601 electorum
2963 5543 3197 5611 pertinet
3244 5558 3551 5599 sacramen-

1970 5651 2107 5703 tum,
2135 5636 2225 5707 qui
2251 5634 2392 5705 pleni
2423 5631 2625 5703 Spiritu
2651 5640 2836 5686 saucto
2860 5648 2957 5711 per
2976 5632 3365 5688 hebdomadam
3390 5635 3549 5706 hujus
