3974 6188
477 390 579 447 495

1111 389 1172 443 Β.
1213 388 1466 444 RABANI
1504 387 1718 445 MAURI
1753 387 2070 444 ARClllEP.
2112 387 2420 444 MOGUN'I‘.
2460 386 2744 445 OPERUM
2784 387 2964 445 PARS
3001 388 3061 445 ll.

3572 397 3659 452 lilii

469 504 659 562 nntndi
707 504 774 558 ad
823 519 983 574 regna
1026 502 1289 557 cmlorum
1339 503 1686 571 colliguntur.
1714 501 1790 555 De
1837 517 1945 570 quo
1994 503 2046 556 in
2078 506 2120 564 Α
2151 517 2248 558 cus
2293 517 2551 557 venarum
2607 503 2850 572 pulsibus
2895 518 3306 570 commoremur,
3342 522 3430 577 per
3464 525 3542 564 mu
3568 513 3664 568 icos

472 597 610 652 libro
637 595 841 667 Regum
877 615 888 648 :
919 595 1141 666 Reliqui,
1169 595 1361 664 inquit,
1401 596 1529 649 mihi
1549 605 1738 664 septem
1775 593 1941 648 millia
1973 596 2048 649 ri-

473 708 650 746 rorum
681 687 799 761 (111
835 687 956 756 Reg.
989 685 1126 753 xix).
1161 683 1426 761 Sescenta
1459 685 1624 738 millia
1661 685 1940 756 quingenti
1981 685 2047 738 ad

474 767 873 835 sacramentum
920 777 1150 832 filiorum
1191 775 1373 840 Israel,
1408 775 1502 846 qui
1555 776 1757 846 egressi
1811 783 1938 830 sunt
1982 775 2050 830 de

471 871 726 942 Egypto,
756 879 814 922 ut
835 869 886 922 in
912 867 1114 922 Exodo.
1148 867 1340 920 Decem
1369 866 1535 920 millia
1567 881 1824 920 numerus
1853 867 1918 920 ad
1949 867 2050 921 De-

471 964 714 1034 calogum
745 961 980 1030 pertinet
1000 959 1167 1030 legis,
1197 967 1254 1011 ut
1285 959 1336 1012 in
1367 958 1658 1029 Evangelio
1691 977 1704 1011 :
1750 957 1818 1012 lit
1843 958 2047 1022 oblatus

468 1066 542 1109 est
581 1055 628 1108 ei
660 1069 812 1114 unus,
841 1051 930 1122 qui
959 1050 1174 1104 debebat
1197 1050 1374 1104 decem
1403 1049 1572 1103 millia
1600 1049 1798 1102 talenta
1829 1047 2046 1121 (Matth.

469 1145 648 1216 xviii).
679 1143 910 1199 Centum
950 1142 1308 1212 quadraginta
1356 1149 1589 1221 quatuor
1635 1141 1798 1194 millia
1848 1141 1913 1194 ad
1963 1157 2049 1195 sa-

469 1246 805 1293 cramentum
833 1236 1148 1298 electorum,
1181 1233 1274 1304 qui
1296 1249 1361 1288 ex
1389 1231 1592 1287 ludatis
1626 1233 1678 1286 in
1711 1233 1815 1287 line
1863 1231 2044 1287 mundi

465 1326 724 1381 credituri
751 1333 876 1379 sunt
903 1324 955 1378 in
985 1323 1204 1378 Christo
1235 1321 1318 1395 (ut
1366 1323 1582 1393 quidam
1613 1321 1820 1391 volunt)
1859 1321 1949 1375 ubi
1991 1329 2049 1376 et

467 1433 650 1488 supra.
681 1416 920 1470 Rursum
960 1412 1310 1484 quadraginta
1331 1453 1344 1477 ,
1374 1421 1608 1482 quatuor
1643 1411 1810 1466 millia
1838 1410 1906 1464 ad
1955 1425 2044 1464 sa-

463 1516 801 1565 cramentum
857 1507 1098 1562 omnium
1131 1505 1422 1576 virginum,
1467 1505 1534 1560 de
1561 1505 1758 1575 quibus
1805 1505 1858 1558 in
1899 1503 2046 1574 Apo-

465 1603 666 1676 calypsi
701 1617 716 1656 :
751 1601 818 1655 Et
871 1615 1049 1665 nemo,
1105 1599 1310 1668 inquit,
1358 1607 1556 1668 poterat
1607 1597 1866 1651 canticum
1912 1594 2045 1649 illud

464 1693 655 1756 dicere,
691 1691 793 1746 nisi
841 1689 934 1744 illa
967 1699 1171 1743 centum
1204 1687 1554 1759 quadraginta
1597 1695 1826 1758 quatuor
1875 1683 2044 1738 millia

465 1788 650 1859 (Apoc.
703 1785 846 1856 XIV);
889 1792 944 1838 et
984 1790 1107 1852 post
1149 1796 1365 1851 pauca:
1412 1777 1646 1850 Virgines
1693 1779 1829 1832 enim
1877 1786 2041 1830 sunt:

2153 591 2432 664 rhythmos
2459 594 2752 648 harmonia:
2781 595 3066 650 virtutibus
3097 597 3343 665 probatur
3373 613 3482 654 esse
3521 601 3667 655 socia-

2152 693 2284 738 tum.
2341 685 2557 740 Musiczc
2599 696 2780 756 partes
2809 694 2934 741 sunt
2982 695 3106 746 tres,
3149 687 3198 740 id
3241 696 3347 752 est,
3375 689 3668 759 bamtouica,

2150 777 2473 848 rhythmica.
2505 778 2750 832 metrica.
2799 777 3120 834 llarmonica
3173 789 3274 838 est.
3315 796 3425 849 qum
3463 783 3675 840 decernit

2151 868 2452 942 [discernit]
2469 871 2521 924 in
2544 871 2692 926 sonis
2714 880 2930 925 acutum
2945 880 3000 927 et
3013 887 3246 941 gravem.
3271 872 3562 943 llhyzhmica
3579 883 3670 935 est.

2148 977 2268 1031 quas
2322 963 2548 1032 requirit
2605 963 2968 1017 incursionem
3019 963 3318 1025 verborum,
3363 971 3526 1016 utrum
3561 963 3674 1018 bene

2148 1067 2312 1106 sonus
2337 1067 2404 1107 an
2435 1053 2571 1107 male
2599 1053 2890 1109 cohaereat.
2907 1053 3128 1108 Metrica
3155 1063 3252 1114 est,
3269 1069 3382 1122 qua:
3407 1069 3670 1110 mensuram

2149 1136 2482 1200 diversorum
2517 1154 2815 1200 metrorum
2856 1144 3120 1215 probabili
3171 1145 3369 1200 ratione
3397 1146 3668 1215 cognoscit:

2148 1245 2206 1291 ut
2226 1237 2374 1292 verbi
2395 1238 2565 1308 gratia
2595 1237 2876 1302 heroicon,
2907 1236 3194 1299 iambicon.
3221 1237 3500 1306 clegiacon,
3521 1245 3678 1290 etae-

2148 1334 2285 1382 tera.
2314 1327 2386 1382 At
2413 1342 2626 1381 omnem
2674 1335 2854 1383 autem
2903 1342 3116 1391 sonum,
3145 1327 3234 1397 qni
3271 1324 3508 1380 materies
3541 1324 3690 1378 canti-

2147 1415 2389 1471 lenarum
2419 1424 2523 1482 est,
2559 1415 2860 1472 triformem
2885 1424 3102 1472 constat
3129 1431 3248 1471 esse
3291 1423 3491 1469 natura.
3525 1413 3682 1467 Prima

2145 1515 2232 1560 est
2275 1507 2610 1568 harmoniea,
2662 1521 2784 1577 quae
2819 1522 2886 1562 ex
2935 1521 3128 1562 vocum
3170 1505 3413 1560 cantibus
3455 1511 3681 1558 constat:

2144 1596 2380 1652 secunda
2423 1598 2710 1667 organica,
2749 1613 2870 1668 qua:
2916 1614 2983 1654 ex
3037 1597 3166 1653 ﬂatu
3209 1597 3501 1654 consistit:
3550 1596 3686 1651 tertia

2146 1689 2450 1760 rhythmica
2461 1731 2475 1756 ,
2490 1706 2611 1760 qum
2622 1691 2779 1762 pulsu
2791 1691 3082 1760 digitorum
3094 1707 3347 1747 numeros
3361 1691 3556 1761 recipit.
3571 1687 3686 1744 Nam

2145 1788 2239 1835 aut
2282 1797 2414 1838 voce
2454 1783 2633 1837 editur
2664 1797 2850 1846 sonus,
2883 1783 3023 1839 sicut
3045 1799 3146 1854 per
3176 1783 3355 1838 fauces
3394 1801 3406 1836 :
3446 1790 3533 1836 aut
3557 1779 3685 1844 ﬂatu,

465 1891 513 1935 et
536 1880 589 1932 in
617 1895 704 1932 ore
730 1877 958 1946 ipsorum
982 1891 1086 1928 non
1109 1874 1460 1928 cstinventum
1482 1867 2037 1940 mendacium(lbid.).
2073 1869 2117 1928 Β
2145 1871 2282 1926 sicut
2330 1887 2431 1942 per
2476 1873 2658 1928 tubam
2697 1883 2792 1929 aut
2837 1873 3065 1930 tibiam:
3093 1885 3190 1930 aut
3231 1874 3406 1945 pulsu,
3451 1873 3578 1930 sicut
3601 1885 3688 1942 per

1066 1963 1293 2020 CAPUT
1341 1963 1428 2018 ιν.

808 2059 886 2114 De
928 2058 1129 2112 musica
1175 2066 1226 2111 et
1269 2055 1506 2127 partibus
1552 2054 1690 2125 ejus.

533 2152 733 2208 Mosica
782 2158 867 2206 est
918 2149 1109 2220 peritia
1160 2146 1540 2203 modulationis
1589 2160 1723 2201 sono
1774 2152 2044 2214 cantuque

461 2243 764 2298 consistens
789 2257 804 2308 ;
835 2249 892 2296 et
917 2239 1061 2296 dicta
1089 2238 1296 2293 musica
1334 2251 1433 2307 per
1463 2235 1853 2291 derivationem
1878 2250 1908 2288 a
1930 2249 2045 2288 mu-

461 2337 555 2391 sis.
580 2336 745 2390 Musa:
771 2342 948 2388 autem
971 2331 1252 2402 appellatae
1273 2343 1374 2399 apo
1396 2337 1489 2384 ton
1527 2328 1782 2394 mosthai,
1807 2326 1861 2381 id
1881 2333 1984 2400 est,
2013 2341 2041 2378 a

462 2427 752 2499 quatrendo
785 2444 799 2479 :
833 2423 974 2494 quod
1005 2437 1102 2493 per
1147 2436 1240 2477 cas
1287 2419 1450 2491 (sicut
1486 2417 1694 2489 antiqui
1734 2414 2041 2486 voluerunt)

463 2519 546 2571 vis
585 2514 886 2569 carminum
924 2521 980 2566 et
1007 2511 1158 2566 vocis
1182 2509 1479 2565 modulatio
1503 2519 1838 2579 quaereretur
1868 2525 1882 2562 :
1911 2522 2046 2578 qua-

467 2622 585 2661 rum
616 2619 780 2660 sonus
820 2619 888 2658 ex
916 2600 1156 2658 sensibili
1186 2615 1244 2655 re
1271 2607 1374 2666 est,
1397 2609 1453 2654 et
1475 2599 1789 2670 praeterﬂuit
1825 2599 1877 2653 in
1906 2613 2046 2668 pra:-

467 2697 682 2750 teritum
733 2704 964 2765 tempus,
1015 2679 1453 2762 imprimiturque
1505 2691 1800 2745 memoriae.
1850 2689 1978 2746 lude
2012 2704 2044 2744 a

464 2787 638 2858 poetis
675 2784 824 2841 Jovis
853 2793 908 2839 et
931 2783 1204 2840 Memoria;
1231 2783 1369 2838 filias
1405 2782 1586 2838 Musas
1610 2797 1729 2838 esse
1755 2782 2044 2838 conﬁctam

461 2890 575 2934 est:
609 2880 708 2934 nisi
737 2879 882 2934 enim
929 2879 996 2933 ab
1044 2876 1262 2933 homine
1289 2876 1548 2931 memoria
1580 2882 1889 2942 teneantur,
1925 2875 2045 2930 soni

463 2979 709 3042 pereunt,
762 2969 888 3040 quia
920 2967 1084 3023 scribi
1115 2984 1220 3022 non
1249 2974 1493 3038 possunt.
1524 2965 1738 3038 Moyses
1774 2965 1932 3031 dixit,
1963 2981 2048 3022 re-

463 3069 733 3130 pertorem
792 3058 1011 3113 musicae
1051 3057 1187 3112 artis
1252 3057 1416 3112 fuisse
1465 3055 1639 3122 Jubal,
1690 3057 1782 3128 qui
1825 3057 1928 3112 fuit
1978 3057 2047 3112 de

463 3155 631 3224 stirpe
667 3151 797 3207 Cain
829 3159 954 3204 ante
993 3149 1272 3204 diluvium.
1305 3150 1476 3205 (Ξῖ-τεεί
1509 3165 1638 3204 vero
1682 3147 2041 3220 Pythagoram

2147 1961 2410 2017 citharam
2441 1971 2534 2018 aut
2571 1979 2669 2034 per
2701 1965 2979 2035 quodlibet
3013 1965 3184 2032 aliud,
3215 1967 3354 2038 quod
3378 1961 3691 2036 percutienda

2145 2069 2406 2109 canorum
2434 2064 2536 2111 est.
2580 2057 2759 2112 Prima
2785 2056 2977 2114 divisio
3005 2059 3252 2122 musicae,
3275 2073 3393 2128 quae
3413 2053 3690 2110 harmonia

2143 2141 2358 2207 dicitur,
2394 2144 2445 2198 id
2475 2152 2560 2200 est
2581 2183 2597 2210 ,
2642 2145 3040 2212 modulationis,
3069 2146 3400 2216 pertinet-ad
3425 2143 3694 2208 comedas,

2147 2233 2414 2302 tragtedos
2443 2234 2522 2288 vel
2555 2235 2774 2300 choros.
2797 2235 2882 2291 vel
2915 2237 2982 2291 ad
3001 2251 3216 2304 omnes,
3243 2237 3486 2307 quivoce
3503 2231 3693 2304 propria

2143 2331 2363 2377 canunt.
2389 2323 2517 2380 llaec
2560 2339 2628 2379 ex
2678 2324 2860 2382 animo
2895 2333 2952 2381 et
2985 2341 3220 2396 corpore
3247 2334 3448 2381 motum
3473 2323 3698 2385 facit,ex

2143 2420 2292 2466 motu
2323 2429 2512 2470 sonum
2546 2433 2559 2468 :
2595 2431 2663 2471 ex
2685 2431 2794 2486 quo
2833 2415 3109 2487 colligitur
3135 2416 3366 2480 musica,
3395 2413 3576 2484 quatit:
3615 2411 3698 2466 ho-

2145 2504 2289 2560 mine
2332 2521 2434 2560 vox
2484 2506 2800 2578 appellatur.
2841 2505 2959 2562 Vox
3011 2522 3108 2562 aer
3146 2506 3344 2578 spiritu
3387 2503 3700 2564 verberatus.

2143 2595 2285 2650 unde
2330 2596 2493 2650 verba
2533 2605 2662 2652 sunt
2708 2606 3013 2668 nuncupata
3066 2615 3083 2654 :
3134 2597 3358 2670 proprie
3405 2604 3574 2652 autem
3611 2607 3700 2646 vox

2145 2687 2422 2742 hominum
2454 2704 2550 2744 seu
2577 2689 3031 2745 irrationabilium
3059 2689 3144 2744 vel
3182 2689 3554 2744 animantium.
3586 2681 3706 2738 Nam

2145 2777 2198 2831 in
2218 2777 2340 2834 aliis
2361 2779 2584 2835 abusive
2615 2794 2719 2834 non
2750 2780 2967 2850 proprie
2987 2781 3202 2836 sonitus
3223 2797 3328 2835 vox
3352 2787 3569 2835 vocatur
3594 2794 3607 2830 :
3637 2783 3702 2840 ut,

2225 2908 2330 2959 Vox
2359 2911 2490 2960 tubae
2514 2909 2792 2976 infremuit,
2814 2910 3090 2976 fractasque
3115 2915 3174 2964 ad
3199 2914 3364 2964 littora
3389 2925 3544 2964 voces.

2221 3032 2464 3090 Perfecta
2504 3043 2590 3090 est
2631 3045 2809 3091 autem
2853 3051 2973 3092 'vox
3023 3035 3173 3105 alta,
3216 3039 3403 3094 suavis
3436 3045 3492 3092 et
3533 3033 3710 3090 clara:

2146 3124 2288 3189 alta,
2339 3133 2400 3178 ut
2474 3124 2530 3179 in
2579 3125 2811 3182 sublime
2878 3125 3160 3196 sulliciat;
3213 3129 3405 3195 clara,
3458 3135 3517 3182 ut
3575 3137 3714 3180 aures

463 3214 647 3300 dicunt
669 3241 827 3311 hujus
855 3242 988 3301 artis
1013 3241 1283 3296 invenisse
1308 3241 1603 3312 primordia
1628 3256 1690 3299 ex
1719 3214 2038 3298 malleorum
2069 3217 2114 3282 Ο
2146 3214 2472 3312 “milia”;
2500 3216 2718 3312 ξιξθνίξν
2865 3219 3064 3312 animis
3113 3220 3475 3312 audientium
3495 3214 3712 3272 blandia-

463 3335 664 3398 sonitu,
687 3343 742 3388 et
759 3332 1083 3388 chordarum
1105 3330 1418 3386 extensione
1442 3342 1712 3397 percussa.
1731 3330 1831 3384 Alli
1847 3329 2042 3385 Linum

461 3423 756 3481 Thmbeum
777 3430 833 3477 et
852 3420 1078 3475 Zethum
1107 3428 1162 3474 et
1190 3419 1458 3490 Amphion
1485 3418 1538 3473 in
1563 3420 1768 3476 musica
1798 3431 1917 3476 arte
1936 3421 2046 3490 pri-

463 3531 582 3570 mos
607 3513 869 3568 claruisse
899 3511 1098 3566 ferunt.
1128 3508 1257 3565 Post
1279 3525 1414 3580 quos
1437 3509 1692 3580 paulatim
1725 3511 1929 3567 directa
1962 3520 2048 3567 est

464 3606 733 3677 praecipue
779 3605 895 3658 haec
943 3601 1246 3672 disciplina,
1297 3609 1354 3655 et
1400 3609 1556 3656 aucta
1606 3601 1789 3658 multis
1825 3603 2040 3682 modis:

463 3705 688 3766 eratque
733 3703 842 3750 tam
881 3703 1036 3763 turpe
1063 3693 1308 3757 nescire,
1354 3708 1516 3763 quam
1544 3691 1772 3750 litteras.
1801 3693 2043 3764 Interpo-

464 3789 696 3843 nebatur
720 3795 900 3840 autem
932 3799 1042 3839 non
1081 3783 1240 3838 modo
1275 3783 1461 3845 sacris,
1485 3783 1579 3838 sed
1599 3793 1655 3837 et
1674 3783 1925 3839 omnibus
1953 3798 2044 3838 so-

461 3879 753 3945 lcmnibus,
783 3877 1142 3946 omnibusque
1185 3874 1322 3930 lattis
1358 3875 1444 3931 vel
1498 3875 1828 3931 tristioribus
1863 3876 2041 3932 rebus.

464 3968 534 4025 Ut
572 3967 717 4023 enim
749 3967 804 4022 in
828 3964 1180 4021 veneratione
1207 3963 1387 4020 divina
1416 3964 1627 4036 hymni,
1656 3965 1729 4020 ita
1753 3965 1806 4020 in
1845 3965 2047 4034 nuptiis

464 4061 748 4132 hymenaei,
783 4067 838 4135 et
871 4058 926 4113 in
963 4056 1243 4112 funeribus
1285 4056 1461 4112 threni
1483 4064 1540 4112 et
1566 4056 1801 4113 lamenta
1842 4071 1872 4110 a
1901 4056 2047 4114 tibiis

463 4152 816 4206 canebantur.
867 4147 924 4203 In
954 4148 1218 4203 conviviis
1245 4161 1376 4202 vero
1404 4146 1520 4220 lyra
1548 4147 1633 4202 vel
1680 4147 1888 4204 cithara
1939 4149 2044 4204 cir-

463 4242 892 4305 cumferebatur,
923 4247 979 4295 et
1014 4239 1403 4296 accubantibus
1429 4239 1654 4311 singulis
1697 4241 2048 4298 ordinabatur

464 4330 763 4386 conviviale
805 4343 976 4401 genus
1023 4330 1380 4386 canticorum.
1434 4329 1618 4400 itaque
1669 4332 1786 4387 sine
1836 4333 2044 4389 musica

465 4419 609 4475 nulla
639 4418 921 4489 disciplina
944 4427 1119 4489 potest
1139 4433 1259 4473 esse
1280 4418 1516 4489 perfecta
1544 4437 1557 4474 :
1591 4420 1724 4474 nihil
1753 4421 1898 4476 enim
1927 4422 2045 4477 sine

467 4507 576 4562 illa.
603 4508 737 4564 Nam
771 4518 828 4564 et
859 4509 974 4580 ipse
1022 4511 1253 4580 mundus
1281 4510 1513 4580 quadam
1562 4512 1844 4569 harmonia
1890 4529 2046 4570 sono-

2147 3317 2256 3364 tur.
2284 3307 2340 3362 Si
2390 3323 2456 3364 ex
2499 3309 2585 3364 his
2623 3308 2824 3380 aliquid
2854 3309 3126 3376 defuerit,
3183 3327 3296 3367 vox
3348 3309 3583 3381 perfecta
3620 3319 3715 3360 non

2144 3399 2326 3454 fuerit.
2356 3397 2601 3454 Secunda
2626 3399 2821 3454 divisio
2849 3401 3102 3471 organica
3146 3410 3238 3456 est
3264 3401 3320 3456 in
3349 3400 3457 3465 his,
3479 3413 3592 3470 qua:
3616 3393 3714 3465 spi-

2145 3491 2252 3546 ritu
2286 3489 2510 3546 reflante
2537 3489 2800 3561 completa
2847 3491 2900 3544 in
2947 3505 3142 3546 sonum
3193 3491 3354 3547 vocis
3388 3490 3715 3546 animantur:

2147 3589 2205 3636 ut
2249 3589 2376 3637 sunt
2416 3582 2588 3646 tubae,
2631 3579 2864 3645 calami,
2903 3578 3134 3643 ﬁstulae,
3178 3594 3422 3650 organa,
3481 3575 3716 3648 pandora,

2145 3680 2201 3728 et
2258 3673 2343 3728 his
2400 3672 2620 3727 similia.
2669 3671 2849 3726 Tertia
2899 3670 3092 3725 divisio
3123 3669 3445 3742 rhythmiea
3469 3666 3723 3740 pertinens

2145 3762 2213 3816 ad
2236 3777 2432 3817 nervos
2467 3769 2523 3817 et
2543 3761 2754 3832 pulsus,
2793 3761 2879 3816 cui
2915 3761 3114 3816 dantur
3143 3761 3367 3830 specles
3389 3760 3718 3816 ,cithararum

2147 3853 2500 3908 diversarum.
2518 3850 2853 3923 Tympanum
2878 3865 3094 3920 quoque
3120 3849 3468 3921 cymbalum,
3499 3847 3721 3908 sistrum,

2147 3943 2416 4000 acitabula
2449 3959 2591 3998 terea
2615 3951 2670 3997 et
2713 3951 2990 4013 argentea,
3039 3950 3094 3997 et
3140 3941 3275 4005 alia,
3309 3957 3436 4012 qua:
3475 3936 3724 3995 metallico

2147 4037 2326 4106 rigore
2347 4049 2684 4106 repercussa,
2701 4034 2932 4090 reddunt
2947 4048 3070 4089 cum
3093 4034 3380 4090 suavitate
3402 4030 3729 4093 tinnitum,et

2146 4136 2339 4183 cmtcra
2361 4124 2686 4195 huiusmodi.
2719 4125 3002 4180 Canticum
3023 4125 3306 4196 significat
3330 4123 3612 4181 scientiam
3633 4116 3728 4188 spi-

2147 4219 2392 4285 ritalem,
2418 4225 2478 4273 ut
2524 4217 2580 4272 in
2626 4216 2838 4297 psalmo
2877 4215 3142 4272 :Cantate
3196 4216 3438 4272 Domino
3487 4211 3730 4269 canticum

2146 4326 2334 4366 novum
2361 4307 2535 4384 (Psal.
2581 4307 2786 4382 xxxu);
2818 4309 3050 4380 psallere
3071 4316 3156 4366 est
3181 4325 3330 4380 opus
3357 4311 3562 4365 bonum
3593 4317 3732 4360 exer-

2144 4415 2288 4456 cere.
2318 4398 2601 4456 Canticum
2643 4399 2712 4454 ad
2758 4398 3234 4470 eontemplativam
3267 4398 3548 4470 :psallere
3582 4392 3734 4452 refer-

2151 4499 2238 4547 tur
2261 4492 2328 4547 ad
2353 4491 2587 4546 activam
2618 4491 2806 4554 vitam,
2819 4490 2910 4545 ubi
2934 4499 2991 4545 et
3016 4505 3206 4560 supra.
3245 4489 3520 4546 Jubilatio
3547 4488 3738 4542 clamor

469 4615 587 4653 rum
616 4598 786 4652 fertur
831 4615 950 4654 esse
985 4600 1316 4670 compositus
1349 4617 1362 4654 :
1393 4609 1444 4656 et
1474 4599 1674 4657 caelum
1712 4604 1886 4674 ipsum
1939 4605 2040 4660 suh
2071 4564 2121 4624 Β
2148 4583 2374 4655 sphin“
2404 4582 2617 4664 [οπονθ
2640 4581 2969 4674 θιρτθεείοτν
3001 4581 3115 4674 Si"?
3153 4581 3430 4674 gaudium
3458 4573 3735 4674 ίηθσίὼίιίξο

469 4689 764 4744 harmoniai
793 4688 1151 4743 modulatione
1180 4689 1508 4745 revolvitur?
1533 4692 1732 4748 Musica
1753 4703 1932 4752 movet
1957 4697 2040 4751 af-

473 4777 664 4841 fectus,
702 4787 958 4848 provocat
995 4776 1048 4830 in
1095 4779 1366 4833 diversum
1419 4780 1660 4836 habitum
1714 4799 1904 4841 sensus
1942 4802 1956 4840 :
1989 4788 2042 4842 in

465 4869 666 4941 pra~liis
690 4882 905 4938 quoque
933 4867 1070 4922 tubae
1105 4878 1398 4924 concentus
1425 4883 1728 4942 pugnantes
1757 4877 2002 4932 accendit
2026 4894 2040 4933 :

467 4972 523 5016 ct
547 4970 752 5031 quanto
779 4959 1149 5014 vehementior
1193 4959 1357 5016 fuerit
1393 4961 1632 5034 clangor,
1681 4974 1829 5021 tanto
1872 4968 1933 5024 lit
1975 4970 2044 5025 ad

467 5059 740 5104 certamen
765 5048 979 5103 animus
1005 5047 1214 5104 fortior.
1249 5049 1305 5104 Si
1337 5049 1554 5120 quidem
1583 5060 1636 5107 et
1667 5055 1894 5137 remiges
1920 5073 2048 5114 can-

469 5146 556 5193 tus
581 5139 848 5194 hortatur.
877 5139 958 5194 Ad
989 5139 1299 5196 tolerandos
1326 5157 1568 5213 quosque
1600 5143 1812 5200 labores
1842 5149 2045 5205 musica

468 5229 706 5283 animum
735 5231 955 5297 mulcet,
994 5239 1049 5286 et
1076 5231 1406 5303 singulorum
1431 5248 1651 5302 operum
1676 5235 2044 5308 fatigationem

469 5320 766 5376 modulatio
813 5323 963 5378 vocis
1014 5323 1260 5378 solatur:
1293 5325 1561 5382 excitatus
1597 5343 1812 5398 quoque
1837 5332 2046 5386 animos

469 5410 676 5465 musica
703 5413 856 5468 sedat
883 5427 899 5468 :
927 5415 1068 5468 sicut
1093 5413 1160 5470 de
1199 5415 1367 5471 David
1397 5416 1595 5488 legitur
1634 5419 1680 5491 (l
1728 5420 1852 5492 Reg.
1892 5422 2004 5496 xvi)
2029 5463 2044 5488 ,

469 5498 560 5566 qui
584 5514 616 5554 a
637 5500 829 5570 spiritu
854 5505 1130 5560 immundo
1155 5504 1372 5562 Saulem
1393 5517 1510 5562 arte
1533 5509 1914 5566 modulationis
1939 5513 2046 5566 eri-

471 5589 586 5657 puit
601 5607 614 5654 ;
632 5591 774 5661 ipsas
796 5610 1011 5665 quoque
1031 5597 1233 5652 bestias
1251 5614 1350 5654 nec
1372 5615 1476 5653 non
1499 5608 1554 5654 et
1575 5613 1874 5672 serpentes,
1899 5604 2050 5659 volu-

473 5693 594 5734 cres
637 5692 794 5753 atque
835 5686 1115 5756 delphinas
1152 5689 1219 5744 ad
1251 5693 1490 5746 auditum
1520 5709 1630 5748 sua:
1670 5696 2050 5753 modulationis

474 5773 676 5828 musica
699 5787 973 5844 provocat.
992 5777 1098 5834 Sed
1110 5781 1370 5852 quidquid
1386 5784 1673 5854 loquimur,
1690 5788 1770 5840 vel
1789 5788 2049 5844 intrinse-

2149 4677 2291 4748 quod
2314 4675 2549 4730 humana
2573 4675 2750 4746 lingua
2773 4673 2984 4745 plenius
3004 4671 3105 4728 fari
3123 4689 3238 4730 non
3268 4673 3443 4739 valet,
3459 4673 3591 4727 utin
3608 4666 3739 4740 psal-

2151 4783 2286 4823 mo:
2326 4765 2518 4821 Beatus
2563 4764 2782 4837 populut
2837 4765 2927 4836 qui
2987 4765 3083 4818 scit
3121 4763 3518 4834 jabilationem
3567 4758 3738 4836 (Psal.

2153 4873 2392 4918 Lxxxvm
2409 4857 2450 4930 ).

2223 4972 2405 5028 Primo
2441 4970 2682 5026 omnium
2729 4971 2796 5024 ad
2825 4968 3016 5040 organi
3071 4967 3160 5040 (eo
3209 4969 3368 5038 quod
3417 4967 3598 5038 majus
3637 4975 3744 5024 esse

2149 5065 2235 5120 his
2257 5063 2506 5119 omnibus
2530 5061 2818 5133 generibus
2847 5061 2900 5116 in
2929 5059 3106 5116 sonitu
3143 5068 3201 5114 et
3227 5060 3568 5118 fortitudine
3593 5060 3744 5116 nimia

2148 5153 2511 5228 computatur)
2534 5155 2800 5211 clamores
2829 5155 3066 5218 veniam,
3107 5153 3258 5223 quod
3290 5156 3364 5210 de
3394 5157 3610 5210 duabus
3645 5151 3745 5208 cle-

2148 5250 2471 5318 plnmtorum
2519 5245 2746 5317 pellibus
2803 5261 3099 5301 concavum
3145 5245 3542 5319 coniungitur,
3571 5256 3626 5302 et
3666 5257 3753 5315 per

2148 5340 2426 5396 duodecim
2450 5338 2724 5395 fabrorum
2749 5336 3040 5394 sulllatoria
3067 5339 3328 5408 compuls
3346 5349 3488 5395 itum
3511 5355 3611 5411 per
3630 5337 3752 5393 duo-

2152 5429 2322 5484 decim
2345 5429 2552 5483 cicutas
2571 5442 2740 5483 aereas
2759 5428 2813 5482 in
2841 5428 3074 5482 sonitum
3101 5427 3370 5495 nimium,
3386 5445 3560 5501 quem
3585 5431 3639 5484 in
3655 5442 3758 5482 mo-

2153 5519 2280 5573 dum
2329 5517 2548 5574 tonitrui
2580 5519 2818 5574 concitat
2847 5536 2860 5572 :
2893 5519 2964 5574 ita
2991 5526 3051 5573 ut
3074 5534 3170 5590 per
3195 5502 3364 5576 mille
3411 5536 3614 5593 passus
3646 5520 3760 5574 sine

2153 5609 2316 5664 dubio
2341 5609 2672 5666 scnsihilitcr
2695 5626 2789 5666 seu
2819 5611 3005 5682 utique
3031 5609 3268 5682 amplius
3315 5615 3589 5669 audiatur
3619 5631 3633 5668 :
3663 5609 3764 5668 sic-

2155 5710 2214 5753 ut
2236 5701 2592 5756 llebraeorum
2614 5701 2681 5758 de
2717 5703 2953 5772 organis,
2980 5718 3101 5773 qua:
3139 5701 3209 5756 ab
3236 5701 3566 5760 Jerusalem
3597 5713 3764 5772 usque

2156 5793 2222 5845 ad
2265 5801 2498 5848 montem
2528 5792 2744 5859 Oliveti,
2779 5803 2833 5848 ct
2874 5793 3102 5867 amplius
3127 5805 3409 5851 sonanter
3443 5797 3764 5858 audiuntur,
