3974 6188
276 312 384 369 49⁷

1244 312 1330 365 ΒΕ
1369 310 1713 367 UNIVEHSO
1753 309 1928 364 LIBRI
1969 309 2127 364 XXII.
2168 340 2237 350 —
2274 310 2402 364 LIB.
2446 311 2625 366 XVIII.

3444 316 3547 369 498

274 426 680 495 comprobatur.
725 422 847 478 Duo
874 437 1072 495 genera
1119 438 1149 476 a
1196 410 1468 491 plerisque
1511 422 1698 493 organi
1738 437 1858 475 esse
1892 426 1931 483 Α
1965 424 2218 492 srriptum
2248 431 2331 478 cst
2360 442 2373 476 :
2401 422 2700 492 Con/itebor
2737 424 2829 478 tibi
2874 427 2928 479 in
2957 427 3187 490 rit/Iam,
3219 428 3376 493 Deus,
3409 430 3548 486 Deus

270 515 548 569 dicuntur.
596 513 835 567 Primum
872 521 975 567 .est
1015 513 1066 566 id
1107 513 1251 581 quod
1290 512 1550 577 diximus,
1602 521 1658 568 et
1695 513 1858 575 aliud,

270 602 415 672 quod
451 603 520 656 de
569 602 1003 673 peregrinatione
1048 601 1217 656 Israel
1255 602 1517 671 propheta
1572 603 1864 671 prmposuit

268 699 411 767 apud
437 698 785 769 Babylonem,
811 707 865 752 et
898 699 1077 753 subito
1099 698 1372 760 scribitur,
1401 699 1472 751 ita
1501 699 1686 753 dicens
1714 717 1727 751 :
1758 698 1861 754 Su-

264 803 360 855 per
385 788 609 855 ﬂumina
635 787 936 858 Babylonis,
962 798 1066 843 etc.
1093 787 1522 859 (Psal.cxxxw).
1552 789 1667 843 Hoc
1692 782 1859 844 totum

264 876 573 947 ﬁguraliter
610 896 674 933 ac
705 880 1028 948 spiritaliter
1044 880 1241 935 Christi
1271 880 1622 949 Evangelium
1658 883 1861 953 signiﬁ-

262 980 355 1023 cat
373 987 387 1022 :
404 970 662 1038 quoniam
692 981 746 1024 et
766 971 898 1025 illud
916 971 983 1025 de
1001 971 1231 1036 duabus,
1252 972 1301 1024 id
1319 982 1424 1037 est,
1438 972 1668 1025 duarum
1687 972 1858 1042 legum

263 1057 940 1129 asperitate'cunjungitur
986 1072 1083 1129 per
1127 1060 1411 1115 duodecim
1453 1060 1745 1115 sulllatoria
1778 1062 1858 1114 [ει-ρ

265 1153 599 1215 brnrum,’id
636 1160 759 1217 est,
780 1168 879 1222 per
916 1152 1255 1223 patriarchas
1299 1158 1364 1209 ac
1402 1156 1734 1226 prophetas:
1765 1170 1861 1224 per

261 1249 550 1304 duodecim
578 1251 785 1306 eiectas
805 1259 999 1316 aereas,
1025 1252 1078 1305 id
1100 1258 1183 1306 est
1200 1291 1214 1316 ,
1241 1265 1338 1320 per
1359 1250 1644 1320 Apostolos
1669 1265 1859 1305 sonum

261 1334 493 1394 nimium
520 1338 739 1405 emittit,
754 1340 905 1395 sicut
920 1339 1184 1410 scriptum
1204 1348 1288 1395 est
1311 1357 1325 1391 :
1350 1338 1417 1392 In
1440 1354 1643 1393 omnem
1665 1350 1859 1392 tei'rmn

262 1432 421 1485 exivit
464 1448 628 1487 sonus
661 1440 840 1487 eorum
870 1431 1044 1504 (Paul.
1096 1432 1284 1505 xvm),
1317 1433 1369 1488 id
1398 1442 1501 1499 est,
1546 1448 1649 1488 vox
1685 1433 1861 1487 Evan~

264 1523 389 1592 gelii
420 1524 473 1578 in
507 1530 623 1579 toto
648 1525 779 1581 orbe
821 1534 1111 1593 terrarmn,
1137 1526 1277 1581 sicut
1302 1527 1559 1596 scriptum
1586 1534 1707 1580 est:
1746 1525 1860 1580 Vox

262 1614 488 1668 tonitrui
512 1616 591 1668 tui
616 1616 668 1670 in
699 1626 813 1670 rota
844 1615 1018 1679 (Psal.
1055 1614 1411 1687 LxxVI).Nam
1437 1631 1536 1685 per
1561 1616 1707 1669 mille
1735 1631 1859 1685 pas-

263 1719 380 1765 sus,
411 1704 464 1759 id
492 1708 601 1770 ρει,
631 1720 729 1775 per
771 1705 1070 1775 perlectum
1111 1722 1395 1761 numerum
1442 1707 1628 1762 decem
1665 1707 1859 1762 verbo-

1966 528 2109 565 mens
2140 528 2159 566 :
2188 514 2419 583 propria:
2447 515 2850 569 consuetudinis
2905 516 3046 586 apud
3098 516 3377 583 Hebraeos,
3427 536 3548 589 qua:

1963 619 2086 658 cum
2108 605 2326 659 chordis
2346 605 2531 676 viginti
2577 614 2828 674 quatuor,
2860 606 2910 660 in
2936 607 3153 661 modum
3173 607 3332 663 delia:
3360 609 3549 665 littera:
3632 626 3655 645 ο

1965 693 2124 766 (sicut
2149 696 2461 766 peritissimi
2486 697 2725 767 tradunt)
2777 698 2960 767 utique
2986 700 3348 768 componitur,
3370 708 3425 754 et
3453 714 3549 770 per

1962 785 2161 856 digitos
2184 786 2404 841 Pindari
2435 788 2601 842 variis
2632 789 2872 848 vocibus.
2904 789 3230 858 tinuulisque
3256 791 3466 846 actibus
3494 791 3547 845 in

1941 877 2205 962 .diversos
2232 880 2420 933 modos
2473 881 2794 934 concitatur.
2840 879 3059 936 Cithara
3113 891 3319 945 autem,
3352 885 3418 937 de
3443 899 3546 953 qua

1960 985 2142 1024 sermo
2164 979 2271 1036 est,
2323 971 2580 1027 Ecclesia:
2631 972 2945 1042 Spiritalitcr
2976 982 3158 1044 typum
3209 973 3388 1030 habet.
3428 990 3549 1043 qua:

1961 1077 2084 1116 cum
2134 1063 2338 1132 viginti.
2372 1074 2608 1133 quatuor
2647 1065 2920 1119 seniorum
2974 1066 3311 1135 dogmatibus
3352 1066 3546 1119 trinam

1963 1149 2189 1205 formam
2225 1152 2429 1207 habens
2451 1152 2503 1207 in
2527 1155 2742 1209 modum
2760 1153 2918 1208 delia:
2945 1153 3135 1209 litteras
3166 1154 3322 1208 ﬁdem
3347 1163 3548 1209 sancta:

1958 1239 2248 1295 Trinitatis
2271 1242 2540 1310 signiﬁcat
2569 1250 2653 1295 :et
2676 1258 2772 1312 per
2797 1244 3290 1319 manusapostolici
3318 1244 3542 1307 ordinis,

1961 1329 2051 1398 qui
2081 1330 2402 1398 praidicator
2429 1330 2574 1387 illius
2601 1341 2702 1394 est,
2738 1333 2791 1387 in
2823 1333 3337 1390 diversos-modulos
3384 1333 3541 1390 Veto»

1962 1421 2039 1475 ris
2057 1430 2113 1475 et
2129 1421 2263 1476 Novi
2288 1423 2620 1478 Testamenti
2647 1423 2806 1479 aliter
2832 1426 3102 1493 inlittera,
3126 1427 3282 1481 aliter
3310 1429 3360 1481 in
3385 1444 3543 1483 sensu

1963 1508 2187 1578 ﬁgurate
2212 1512 2532 1566 concitatur.
2563 1511 2906 1580 Psalterium,
2936 1516 3080 1593 quod
3133 1516 3391 1571 Hebraice
3436 1516 3544 1571 Na.

1961 1603 2131 1670 bium,
2162 1605 2350 1662 Graece
2390 1615 2567 1662 autem
2610 1608 2951 1676 Psalterium,
2982 1612 3170 1668 Latine
3199 1623 3375 1669 autem
3404 1614 3545 1670 Lau-

1961 1696 2231 1752 datorium
2259 1698 2473 1760 dicitur,
2521 1700 2588 1754 de
2637 1715 2744 1769 quo
2792 1701 2845 1754 in
2881 1702 3325 1772 quinquagesimo
3354 1713 3545 1774 quarto

265 1810 383 1848 rum
430 1794 564 1864 legis
603 1795 858 1865 impletur
886 1812 1049 1852 sonus
1091 1796 1226 1868 ejus.
1257 1796 1317 1851 In
1353 1797 1633 1863 salicibus,
1663 1797 1718 1852 id
1747 1805 1852 1862 est,
1885 1787 1928 1846 Β
1957 1789 2165 1858 psalmo
2187 1791 2360 1846 dicit:
2398 1778 2657 1863 Exsurge.
2705 1792 3013 1863 psalterium
3054 1805 3098 1848 et
3148 1795 3387 1860 rit/mm;
3439 1811 3545 1851 non

261 1906 361 1958 per
403 1890 645 1944 laborem
673 1891 831 1945 unius
870 1890 1130 1962 cujusque
1168 1892 1409 1947 doctoris
1446 1900 1500 1945 et
1526 1907 1623 1961 per
1651 1899 1854 1945 motum
1887 1885 1890 1888 ’

262 1976 532 2033 lahiorum
565 1979 682 2049 ejus
708 1980 1054 2052 Erangelium
1078 1981 1417 2049 praedicatur.
1441 1981 1574 2036 Item
1593 1997 1852 2053 organum

261 2068 426 2124 homo
451 2070 571 2124 sive
590 2085 789 2140 corpus
811 2071 1167 2135 Dominicum,
1186 2079 1246 2124 ut
1272 2072 1326 2125 in
1351 2071 1590 2141 psalmo:
1617 2071 1856 2125 Laudate

260 2176 379 2211 eum
410 2159 703 2214 in‘c/tot'dis
730 2169 777 2213 et
803 2175 998 2228 organo
1028 2157 1201 2232 (Psal.
1231 2161 1338 2231 cc).
1366 2162 1430 2215 Et
1460 2162 1514 2216 in
1544 2161 1707 2215 aliam
1732 2177 1855 2231 par-

259 2254 375 2302 tem
422 2248 492 2301 de
540 2262 678 2301 vana
710 2248 995 2319 impiorum
1022 2249 1228 2316 laetitia,
1264 2260 1325 2304 ut
1356 2251 1410 2305 in
1458 2251 1560 2306 λοι)
1603 2270 1617 2305 :
1664 2251 1855 2306 Tenent

260 2348 570 2407 tympanum
595 2351 645 2392 et
674 2341 956 2408 citharam,
979 2351 1028 2397 et
1060 2344 1288 2413 gaudent
1316 2344 1386 2397 ad
1418 2345 1646 2398 sonitum
1669 2345 1856 2415 organi

258 2426 405 2497 (Job.
442 2430 579 2500 xxI).
614 2431 763 2486 Tuba
794 2433 995 2505 itaque,
1034 2436 1099 2490 de
1122 2451 1228 2506 qua
1257 2436 1311 2491 in
1342 2437 1563 2492 Daniele
1592 2437 1854 2506 scriptum

257 2525 374 2572 est:
404 2516 542 2573 Cum
564 2521 839 2577 audieritis
868 2540 1041 2577 vocem
1064 2525 1223 2589 tubw,
1244 2524 1458 2593 ﬁstulw,
1483 2527 1721 2591 cithara’,
1745 2535 1851 2585 etc.

259 2604 429 2673 (Dan.
474 2608 585 2681 In),
619 2611 848 2668 diversis
880 2612 1065 2684 ﬁguris
1093 2628 1159 2669 ac
1186 2613 1378 2671 formis
1402 2614 1652 2671 edicitur.
1682 2616 1856 2671 Aliter

258 2698 407 2755 enim
433 2710 521 2757 est
567 2702 693 2758 tuba
734 2706 1169 2777 congregationis
1214 2707 1414 2778 populi,
1453 2708 1616 2763 aliter
1652 2708 1855 2763 condu-

257 2788 480 2854 ctionis,
513 2789 671 2847 aliter
715 2793 975 2860 victoria},
1004 2795 1163 2851 aliter
1190 2797 1548 2867 persequendi
1576 2797 1848 2861 inimicos,

257 2876 421 2932 aliter
446 2880 810 2939 conclusionis
831 2883 1135 2951 civitatum,
1168 2894 1223 2940 et
1246 2886 1473 2957 reliqua.
1499 2886 1648 2941 Tuba
1676 2897 1854 2942 autem

257 2968 701 3039 congregationis
729 2972 870 3043 apud
916 2988 1097 3029 rerum
1132 2976 1493 3045 peritissimos
1539 2978 1641 3033 hoc
1691 2977 1855 3034 modo

258 3057 582 3130 intelligitur
610 3078 624 3114 :
654 3062 826 3117 tribus
851 3063 1042 3119 ﬁstulis
1066 3066 1226 3120 azreis
1258 3066 1312 3120 in
1355 3067 1532 3136 capite
1553 3068 1734 3123 voluto
1760 3083 1859 3138 per

257 3160 495 3222 quatuor
530 3155 844 3212 vociduetas
886 3171 1079 3222 (creas,
1106 3174 1226 3227 quae
1271 3174 1372 3228 per
1410 3174 1613 3214 aereum
1663 3159 1855 3215 funda-
1885 3142 1929 3202 (ἶ

254 3254 505 3300 mentum
552 3255 846 3314 quaternas
898 3262 1057 3305 voces
1096 3239 1434 3319 producunt,
1478 3252 1745 3322 mugitum
1776 3251 1859 3305 ni-

256 3335 428 3390 mium
456 3336 1102 3409 vehementissimumque
1137 3340 1360 3409 profert.
1392 3341 1469 3396 Ita
1509 3342 1857 3412 Evangelium

254 3424 312 3479 in
341 3427 483 3480 trina
507 3425 848 3483 confessione
869 3430 1033 3483 trium
1058 3445 1414 3500 personarum
1446 3438 1646 3487 sancta:
1675 3431 1857 3486 Trini-

260 3516 384 3571 tatis
408 3516 468 3569 in
507 3516 686 3587 capite
712 3527 957 3590 angusto,
986 3520 1091 3575 hoc
1114 3530 1221 3585 est,
1251 3521 1306 3575 in
1336 3521 1620 3577 uativitate
1656 3520 1856 3578 Christi

257 3610 549 3667 divinitate
608 3613 942 3682 inspiratur,
992 3624 1050 3671 et
1107 3631 1206 3687 per
1257 3625 1491 3687 quatuor
1538 3618 1856 3675 vociduetas

255 3716 452 3769 aereas,
491 3718 590 3773 per
615 3710 850 3773 quatuor
872 3706 1269 3774 Evangelistas,
1300 3723 1399 3779 per
1431 3724 1633 3765 aereum
1663 3709 1854 3765 funda-

256 3802 528 3859 mentum,
552 3793 901 3852 stabilitatem
917 3797 1127 3853 scilicet
1156 3798 1276 3854 ﬁdei
1300 3807 1356 3855 et
1394 3815 1619 3870 operum
1648 3802 1702 3856 in
1744 3809 1856 3856 toto

253 3883 389 3938 orbe
427 3883 623 3938 vocem
674 3886 843 3942 nimio
891 3888 1126 3944 clamore
1155 3890 1309 3959 quasi
1348 3891 1403 3945 in
1444 3892 1662 3947 modum
1716 3893 1857 3948 tuba:

252 3973 701 4044 congregationis
724 3976 943 4032 emittit.
979 3978 1055 4032 De
1083 3978 1259 4034 ﬁstula
1290 3988 1473 4035 autem
1494 3980 1727 4037 refertur
1755 3982 1851 4048 ita,

253 4065 403 4135 quod
426 4066 505 4120 sit
540 4064 856 4122 bumbulum
881 4084 1082 4124 aereum
1108 4070 1308 4125 ductile
1336 4072 1681 4142 quadratum,
1712 4072 1857 4128 latis-

252 4156 595 4225 simumqu’e,
622 4158 682 4211 in
713 4158 928 4214 modum
965 4174 1179 4214 corona:
1207 4174 1332 4215 cum
1361 4160 1539 4217 ﬁstulo
1575 4178 1719 4218 aereo
1744 4162 1853 4218 fer-

254 4262 466 4318 reoque
504 4249 814 4315 commisto,
849 4250 990 4320 quod
1038 4250 1091 4304 in
1144 4250 1289 4321 ligno
1338 4252 1448 4307 alto
1499 4254 1855 4323 speciosoque

256 4337 503 4393 formato
531 4339 809 4409 superiore
851 4341 1029 4411 capite
1054 4342 1463 4413 constringitur.
1496 4344 1555 4399 III
1594 4346 1697 4400 hoc
1722 4360 1855 4415 quo-

252 4446 366 4500 que
395 4446 498 4501 per
518 4431 728 4502 singula
754 4431 919 4487 latera
956 4432 1239 4489 duodecim
1266 4433 1519 4489 bumbula
1550 4447 1693 4490 aerea
1722 4436 1854 4491 duo-

253 4523 440 4578 decim
474 4521 669 4578 ﬁstulis
701 4523 759 4577 in
777 4524 955 4579 medio
980 4524 1175 4594 positis
1194 4525 1250 4579 in
1272 4526 1479 4581 catenis
1512 4526 1851 4597 dependent;

256 4615 336 4667 ita
387 4612 495 4666 tria
529 4613 783 4669 bumbula
813 4629 920 4668 uIIo
947 4614 1175 4670 bilatere
1203 4630 1303 4685 per
1335 4616 1625 4672 circuitum
1654 4618 1857 4686 tutique

256 4702 548 4775 ﬁnguntur
566 4718 589 4758 ’τ
624 4714 679 4760 et
699 4706 974 4760 concitato
999 4706 1177 4776 primo
1204 4706 1551 4772 bumbulo,et
1571 4709 1859 4764 concitatis

254 4794 556 4851 duodecim
581 4794 960 4851 bumbulorum
989 4796 1186 4852 ﬁstulis
1214 4798 1266 4852 in
1299 4799 1476 4854 medio
1498 4799 1712 4869 positis,
1740 4800 1857 4854 cla-

232 4898 478 4941 nmrem
502 4899 753 4955 magnum
788 4885 1166 4958 fragdremque
1192 4888 1420 4943 nimium
1447 4904 1608 4959 supra
1638 4892 1855 4947 modum

251 4975 427 5033 simul
462 4973 762 5045 proferunt.

312 5064 667 5120 'Bumbulum
714 5064 899 5135 itaqtie
943 5082 1066 5122 cum
1114 5067 1346 5133 ﬁstulis,
1402 5069 1457 5125 id
1503 5078 1619 5136 est,
1669 5071 1861 5128 doctor

253 5156 318 5210 in
379 5155 564 5210 medio
594 5154 874 5211 Ecclesiae
920 5164 1004 5211 est
1048 5173 1174 5211 cum
1230 5156 1433 5229 Spiritu
1482 5169 1710 5229 sancto,
1766 5163 1858 5232 qui

252 5246 515 5317 loquitur
574 5247 630 5301 in
687 5258 774 5315 ea,
824 5248 1213 5320 constringitur
1270 5249 1325 5304 in
1394 5249 1538 5322 ligno
1589 5252 1741 5319 alto,
1806 5254 1858 5308 id

254 5349 383 5407 est,
412 5341 471 5396 in
509 5340 750 5407 Christo,
780 5342 874 5413 qui
934 5358 967 5398 a
1003 5344 1337 5414 sapientibus
1370 5344 1516 5416 ligno
1550 5346 1674 5402 vitae
1713 5363 1861 5403 com-

250 5440 499 5505 paratur
517 5433 643 5489 :'in’
672 5444 886 5501 eatena,
911 5435 964 5490 id
991 5443 1109 5500 est,
1154 5433 1210 5488 iu
1240 5434 1380 5500 ﬁde,
1426 5444 1484 5490 et
1512 5451 1618 5491 non
1650 5437 1858 5506 sejun-

251 5523 345 5595 git
401 5528 592 5603 terrm,
645 5522 707 5579 id
749 5533 854 5590 est,
898 5526 1155 5596 operibus
1189 5524 1517 5582 carnalibus.
1568 5527 1858 5585 Duodecim

251 5614 519 5683 Arposwli
556 5631 685 5672 cum
733 5616 944 5682 ﬁstulis,
976 5618 1028 5671 id
1073 5626 1177 5683 est,
1201 5633 1324 5672 cum
1384 5618 1583 5674 divinis
1609 5619 1855 5690 eloquiis.

254 5709 517 5774 Cithara,
557 5711 774 5781 de'qtta
825 5712 877 5765 iu
926 5711 1342 5781 quadragesimo
1380 5712 1617 5769 secundo
1646 5711 1863 5768 Psalmo

1884 4484 1932 4544 Ι)

1956 1882 2098 1950 quod
2127 1881 2182 1934 in
2211 1881 2428 1936 modum
2461 1882 2702 1947 cithara),
2735 1882 2828 1937 sed
2859 1884 2999 1953 quod
3035 1884 3087 1936 in
3130 1886 3345 1940 modum
3373 1885 3547 1956 clypri

1955 1971 2205 2041 quadrati
2254 1970 2624 2027 conformetur
2682 1989 2802 2027 cum
2855 1974 3074 2029 chordis
3127 1975 3344 2040 decem,
3404 1975 3546 2029 sicut

1955 2062 2212 2131 scriptum
2239 2070 2324 2116 est
2352 2077 2363 2114 τ
2391 2060 2459 2115 In
2481 2061 2727 2131 psalterio
2759 2064 2934 2117 decem
2960 2065 3284 2118 chordarum
3322 2064 3547 2136 psallunt

1955 2150 2049 2205 tibi
2094 2148 2268 2221 (I’sal.
2299 2152 2510 2222 CXLIII).
2541 2152 2647 2207 Sed
2689 2153 2817 2207 hinc
2868 2154 2992 2208 inde
3031 2155 3244 2209 chorda:
3275 2154 3391 2223 ejus
3420 2169 3548 2208 con-

1957 2243 2098 2297 trita}
2144 2252 2270 2299 sunt
2296 2259 2311 2297 :
2337 2253 2400 2298 ut
2431 2254 2800 2316 resurgentem
2852 2248 2921 2301 ab
2970 2246 3157 2303 inferis
3194 2249 3260 2302 ad
3288 2248 3545 2303 cwlorum

1956 2348 2118 2403 regna
2151 2350 2248 2404 per
2297 2334 2556 2390 indicium
2609 2351 2800 2390 manus
2837 2336 3162 2392 concitantis
3212 2338 3280 2393 ab
3331 2337 3440 2392 imo
3495 2338 3545 2391 in

1955 2426 2122 2481 altum
2149 2427 2520 2497 signiﬁcarent
2545 2428 2884 2498 psalterium,
2915 2429 3055 2498 quod
3091 2430 3247 2501 vulgo
3276 2431 3546 2485 canticum
3597 2497 3609 2510 _

1955 2516 2174 2586 dicitur,
2202 2525 2257 2570 et
2288 2532 2317 2570 a
2345 2517 2625 2586 psallendo
2660 2528 2745 2573 est
2774 2520 3107 2574 nominatum
3137 2541 3147 2573 :
3175 2521 3316 2589 quod
3347 2521 3412 2574 all
3433 2518 3551 2587 ejus

1958 2623 2144 2663 vocem
2197 2609 2396 2664 chorus
2442 2611 2790 2668 consonando
2837 2612 3176 2682 respondeat.
3228 2614 3322 2671 Est
3370 2624 3549 2668 autem

1954 2699 2252 2755 similitudo
2280 2699 2503 2757 citharae
2529 2702 2828 2757 barbaricae
2858 2703 2942 2774 (ut
2987 2705 3075 2760 alii
3118 2705 3320 2775 volunt)
3354 2706 3403 2760 iu
3438 2723 3552 2759 mo-

1956 2793 2084 2848 dum
2106 2793 2262 2849 deltae
2284 2794 2498 2850 litterae.
2526 2794 2630 2850 Sed
2655 2796 2903 2851 Psalterii
2934 2806 2989 2851 et
3011 2798 3232 2852 cithara:
3255 2798 3371 2851 lucc
3400 2797 3552 2851 diﬁ'c-

1958 2882 2130 2937 rentia
2175 2890 2279 2949 est,
2305 2885 2447 2954 quod
2480 2884 2801 2941 Psilterium
2835 2886 3036 2958 lignum
3070 2887 3197 2941 illud
3222 2903 3540 2953 concavum,

1959 2976 2102 3032 unde
2131 2991 2295 3032 sonus
2338 2976 2604 3043 redditur,
2651 2979 2902 3047 superius
2950 2978 3137 3043 habet,
3186 2986 3241 3032 ct
3290 2978 3543 3033 deorsum

1962 3064 2210 3120 feruntur
2250 3066 2486 3132 chordae,
2519 3075 2576 3121 et
2609 3067 2841 3138 desuper
2897 3077 3109 3123 sonant.
3160 3068 3379 3124 Cithara
3419 3084 3548 3124 vero

1962 3157 2354 3212 concavitatem
2381 3156 2509 3226 ligni
2552 3158 2779 3213 inferius
2819 3159 2998 3214 habet.
3022 3159 3341 3215 Psalterium
3368 3167 3549 3214 autem
3597 3193 3600 3196 ~

1963 3246 2173 3303 Hebraei
2196 3248 2570 3303 decachordon
2616 3249 2701 3303 usi
2746 3257 2872 3305 sunt
2898 3257 3117 3320 propter
3144 3264 3429 3304 numerum
3456 3251 3548 3305 de-

1961 3339 2208 3411 calogum
2239 3339 2392 3409 legis.
2419 3339 2642 3395 Cithara
2665 3340 2933 3412 signiﬁcat
2967 3351 3155 3411 pectus
3181 3341 3457 3404 devotum,
3494 3340 3546 3395 in

1960 3446 2091 3500 quo,
2122 3441 2379 3502 tanquam
2405 3432 2581 3505 nervi,
2609 3440 2737 3489 sunt
2753 3432 3001 3497 virtutes,
3027 3432 3130 3487 hoc
3159 3440 3256 3493 est,
3285 3431 3547 3501 spiritalia

1961 3523 2123 3590 bona,
2153 3531 2212 3576 ut
2253 3523 2308 3577 in
2355 3521 2573 3579 Psalmo
2607 3542 2619 3577 :
2653 3522 2892 3593 Exsurge
2922 3521 3226 3592 psalterium
3269 3532 3314 3576 et
3345 3521 3548 3575 cithara

1961 3612 2134 3686 (Psal.
2159 3614 2313 3687 cvu),
2351 3615 2405 3670 id
2445 3623 2547 3679 est,
2597 3631 2762 3685 opera
2814 3630 2937 3670 cum
2971 3613 3094 3669 ﬁde.
3142 3614 3209 3668 Et
3251 3614 3304 3667 in
3352 3613 3546 3667 malam

1957 3713 2166 3775 partem
2199 3714 2259 3760 ut
2286 3706 2342 3760 in
2368 3705 2506 3760 Isaia
2536 3724 2548 3759 :
2584 3703 2800 3760 Cithara
2827 3715 2873 3759 et
2918 3705 3034 3776 lyra
3080 3713 3127 3759 et
3158 3715 3457 3775 tympanum
3500 3714 3550 3757 et

1958 3796 2133 3851 vinum
2158 3797 2213 3849 in
2240 3796 2485 3851 conviviis
2514 3796 2692 3851 vestris
2734 3794 2867 3866 (lea.
2901 3798 2989 3863 v);
3020 3796 3071 3850 in
3105 3810 3212 3863 quo
3236 3796 3549 3865 designatur

1957 3884 2398 3954 voluptuosorum
2427 3883 2660 3938 luxuria.
2708 3883 3030 3938 Psalterium
3062 3898 3192 3937 vero
3216 3898 3377 3950 opera
3405 3885 3546 3938 bona

1957 3974 2245 4047 signiﬁcat,
2278 3984 2339 4029 ut
2364 3982 2449 4029 est
2473 3975 2601 4030 illud
2646 3974 2699 4028 in
2726 3973 2934 4042 psalmo
2963 3991 2976 4026 :
3009 3971 3328 4027 Psalterium
3349 3973 3550 4042 jucun-

1955 4067 2080 4120 dum
2103 4082 2223 4119 cum
2245 4066 2447 4119 cithara
2472 4062 2645 4136 (Psal.
2665 4064 2841 4137 xvnI).
2870 4063 3001 4118 Item
3021 4061 3334 4133 psalterium
3359 4062 3546 4116 decent

1956 4156 2281 4212 chordarum
2308 4157 2556 4226 operatio
2587 4157 2772 4211 decem
2804 4166 3195 4225 praeceptorum
3229 4154 3383 4226 legis,
3407 4163 3465 4208 ut
3494 4155 3548 4209 in

1955 4249 2164 4319 psalmo
2213 4267 2225 4303 :
2273 4247 2342 4302 In
2392 4248 2642 4319 psalterio
2678 4248 2855 4302 decem
2904 4247 3223 4302 chordarum
3266 4246 3473 4315 psallite
3500 4249 3548 4299 ei

1958 4339 2131 4413 (Psal.
2155 4339 2365 4413 CXLIII).
2394 4339 2528 4395 Item
2557 4338 2631 4394 ibi
2664 4358 2677 4394 :
2709 4339 2776 4393 In
2810 4338 3157 4404 decachordo,
3186 4338 3381 4407 inquit,
3407 4336 3549 4408 psal—

1959 4433 2091 4487 terio
2116 4448 2233 4486 cum
2262 4431 2464 4486 cantico
2491 4440 2538 4485 et
2564 4431 2768 4485 cithara
2794 4428 2967 4503 (Psal.
2983 4429 3151 4499 exet),
3186 4429 3238 4484 id
3262 4438 3363 4493 est,
3387 4443 3546 4483 sensu

1956 4531 2009 4578 et
2043 4521 2167 4578 ﬁde.
2196 4520 2273 4576 De
2299 4522 2424 4577 tuba
2449 4520 2926 4592 autem,psalterio
2950 4528 3004 4576 et
3030 4521 3239 4575 cithara
3268 4521 3319 4575 in
3342 4520 3550 4591 psahno

1959 4615 2222 4685 scriptum
2253 4623 2338 4670 est
2368 4606 2654 4669 :Laudate
2679 4631 2798 4669 eum
2844 4615 2901 4668 in
2949 4631 3078 4669 sono
3122 4614 3260 4669 tuba:
3290 4632 3308 4669 :
3337 4614 3551 4669 laudate

1958 4724 2075 4762 eum
2102 4708 2155 4761 in
2190 4705 2437 4775 psalterio
2463 4716 2510 4761 et
2541 4706 2747 4760 cithara
2791 4704 2962 4779 (Psal.
3016 4706 3125 4780 ca).
3174 4706 3299 4762 Haac
3350 4708 3550 4763 instru-

1961 4805 2141 4852 menta
2168 4797 2375 4852 musica
2399 4795 2737 4867 signiﬁcabili
2766 4797 2924 4852 modo
2951 4797 3019 4851 ad
3048 4797 3248 4867 aliquid
3280 4805 3550 4867 pommtur

1960 4888 2017 4943 in
2075 4888 2318 4943 ordinem
2355 4905 2367 4941 :
2401 4896 2460 4941 ut
2505 4887 2633 4940 tuba
2683 4893 2973 4956 concrepet
3022 4888 3133 4957 regi
3176 4904 3189 4939 :
3236 4885 3549 4956 psalterium

1964 4985 2121 5035 canat
2156 4976 2267 5033 Deo
2292 4995 2305 5031 :
2335 4976 2542 5031 cithara
2568 4991 2691 5030 cum
2734 4975 2956 5046 reliquis
2986 4990 3201 5044 sponso.
3250 4975 3355 5028 Ista
3403 4972 3549 5027 enim

1964 5067 2037 5122 ibi
2069 5083 2173 5144 non
2199 5082 2315 5122 esse
2332 5066 2675 5122 manifestum
2696 5074 2779 5120 est
2802 5081 2817 5120 :
2847 5065 2940 5120 sed
2968 5066 3081 5119 haec
3101 5062 3280 5117 omnia
3309 5062 3550 5134 mysticis

1964 5158 2318 5214 allusionibus
2336 5158 2402 5213 ad
2426 5156 2699 5212 Christum
2722 5156 3007 5212 Dominum
3027 5164 3239 5210 constat
3266 5169 3385 5208 esse
3413 5153 3549 5208 refc-

1963 5253 2151 5314 renda,
2179 5253 2269 5320 qui
2296 5258 2381 5305 est
2414 5266 2507 5306 rex
2539 5259 2595 5306 et
2642 5250 2804 5315 Deus,
2837 5258 2894 5304 et
2943 5264 3171 5318 sponsus
3204 5255 3405 5301 sancta:
3443 5247 3547 5302 Ec-

1964 5346 2160 5402 clesiae.
2177 5343 2443 5399 Sambuca
2469 5344 2647 5413 itaque
2669 5343 2808 5414 apud
2831 5342 3185 5413 peritissimos
3200 5341 3549 5397 Hebraeorum

1966 5439 2149 5509 ignota
2198 5452 2285 5491 res
2332 5444 2432 5490 est.
2485 5436 2738 5505 Antiquis
2792 5443 2972 5489 autem
3030 5435 3361 5505 temporibus
3408 5434 3550 5504 apud

1964 5527 2244 5584 Chaldteos
2274 5525 2439 5581 fuisse
2484 5525 2768 5596 reperitur,
2798 5526 2939 5581 sicut
2964 5527 3229 5596 scriptum
3260 5534 3341 5581 est
3375 5543 3387 5579 :
3415 5525 3550 5580 Cum

1965 5619 2237 5674 audieritis
2268 5634 2437 5672 vocem
2459 5618 2615 5683 tubtr,
2639 5615 2855 5685 ﬁstulas,
2877 5617 3112 5682 cit/turre,
3135 5615 3416 5681 sambucre,
3441 5624 3548 5671 etc.

1966 5712 2127 5784 (Dan.
2158 5712 2261 5786 III).
2280 5710 2447 5767 Bucin
2472 5719 2694 5767 vocatur
2717 5711 2842 5766 tuba
2868 5709 3006 5780 apud
3032 5707 3326 5776 Hebraeos;
3355 5708 3550 5766 deinde
