  <div class='ocr_page' id='page_1' title='image "/cluster/home/n/w/nwhite01/storage/ocr_20150623/111/hvd.32044054759766/255.png"; bbox 0 0 3974 6188; ppageno 0'>
   <div class='ocr_carea' id='block_1_1' title="bbox 489 388 594 444">
    <p class='ocr_par' dir='ltr' id='par_1_1' title="bbox 489 388 594 444">
     <span class='ocr_line' id='line_1_1' title="bbox 489 388 594 444; baseline 0.019 -2"><span class='ocrx_word' id='word_1_1' title='bbox 489 388 594 444; x_wconf 75' lang='grc'><strong>499</strong></span> 
     </span>
    </p>
   </div>
   <div class='ocr_carea' id='block_1_2' title="bbox 1131 384 3078 450">
    <p class='ocr_par' dir='ltr' id='par_1_2' title="bbox 1131 384 3078 450">
     <span class='ocr_line' id='line_1_2' title="bbox 1131 384 3078 450; baseline 0.006 -11"><span class='ocrx_word' id='word_1_2' title='bbox 1131 385 1192 440; x_wconf 81' lang='grc' dir='ltr'><strong>Β.</strong></span> <span class='ocrx_word' id='word_1_3' title='bbox 1234 385 1485 440; x_wconf 74' lang='lat' dir='ltr'><strong>RABANI</strong></span> <span class='ocrx_word' id='word_1_4' title='bbox 1527 385 1740 441; x_wconf 75' lang='lat' dir='ltr'><strong>MAURI</strong></span> <span class='ocrx_word' id='word_1_5' title='bbox 1779 385 2096 442; x_wconf 79' lang='lat' dir='ltr'><strong>ARCHIEP.</strong></span> <span class='ocrx_word' id='word_1_6' title='bbox 2139 384 2444 442; x_wconf 81' lang='lat' dir='ltr'><strong>MOGUNT.</strong></span> <span class='ocrx_word' id='word_1_7' title='bbox 2486 387 2769 447; x_wconf 75' lang='lat' dir='ltr'><strong>OPERUM</strong></span> <span class='ocrx_word' id='word_1_8' title='bbox 2799 392 2978 450; x_wconf 78' lang='lat' dir='ltr'><strong>PARS</strong></span> <span class='ocrx_word' id='word_1_9' title='bbox 3015 394 3078 450; x_wconf 89' lang='lat' dir='ltr'><strong>ll.</strong></span> 
     </span>
    </p>
   </div>
   <div class='ocr_carea' id='block_1_3' title="bbox 3588 409 3673 462">
    <p class='ocr_par' dir='ltr' id='par_1_3' title="bbox 3588 409 3673 462">
     <span class='ocr_line' id='line_1_3' title="bbox 3588 409 3673 462; baseline -0.012 0"><span class='ocrx_word' id='word_1_10' title='bbox 3588 409 3673 462; x_wconf 70' lang='lat'><strong>530</strong></span> 
     </span>
    </p>
   </div>
   <div class='ocr_carea' id='block_1_4' title="bbox 485 485 3690 577">
    <p class='ocr_par' dir='ltr' id='par_1_4' title="bbox 485 485 3690 577">
     <span class='ocr_line' id='line_1_4' title="bbox 485 485 3690 577; baseline 0.007 -28"><span class='ocrx_word' id='word_1_11' title='bbox 485 513 586 568; x_wconf 88' lang='lat' dir='ltr'><strong>per</strong></span> <span class='ocrx_word' id='word_1_12' title='bbox 628 485 1036 554; x_wconf 80' lang='lat' dir='ltr'><strong>diminutionem</strong></span> <span class='ocrx_word' id='word_1_13' title='bbox 1078 496 1271 552; x_wconf 81' lang='lat' dir='ltr'><strong>bucina</strong></span> <span class='ocrx_word' id='word_1_14' title='bbox 1324 495 1522 552; x_wconf 88' lang='lat' dir='ltr'><strong>dicitur</strong></span> <span class='ocrx_word' id='word_1_15' title='bbox 1552 515 1565 550; x_wconf 92' lang='lat'><strong>:</strong></span> <span class='ocrx_word' id='word_1_16' title='bbox 1592 497 1843 552; x_wconf 87' lang='lat' dir='ltr'><strong>sambuca</strong></span> <span class='ocrx_word' id='word_1_17' title='bbox 1892 504 2067 550; x_wconf 89' lang='lat' dir='ltr'><strong>autem</strong></span> <span class='ocrx_word' id='word_1_18' title='bbox 2097 502 2147 558; x_wconf 79' lang='grc' dir='ltr'>Α</span> <span class='ocrx_word' id='word_1_19' title='bbox 2173 499 2314 554; x_wconf 91' lang='lat' dir='ltr'><strong>dicta</strong></span> <span class='ocrx_word' id='word_1_20' title='bbox 2347 508 2528 555; x_wconf 87' lang='lat' dir='ltr'><strong>autem</strong></span> <span class='ocrx_word' id='word_1_21' title='bbox 2575 503 2844 573; x_wconf 87' lang='lat' dir='ltr'><strong>cymbala,</strong></span> <span class='ocrx_word' id='word_1_22' title='bbox 2890 505 3017 574; x_wconf 86' lang='lat' dir='ltr'><strong>quia</strong></span> <span class='ocrx_word' id='word_1_23' title='bbox 3064 523 3182 562; x_wconf 90' lang='lat' dir='ltr'><strong>cum</strong></span> <span class='ocrx_word' id='word_1_24' title='bbox 3233 509 3515 567; x_wconf 87' lang='lat' dir='ltr'><strong>ballematia</strong></span> <span class='ocrx_word' id='word_1_25' title='bbox 3557 516 3690 577; x_wconf 81' lang='lat' dir='ltr'><strong>simul</strong></span> 
     </span>
    </p>
   </div>
   <div class='ocr_carea' id='block_1_5' title="bbox 379 571 2070 660">
    <p class='ocr_par' dir='ltr' id='par_1_5' title="bbox 379 571 2070 660">
     <span class='ocr_line' id='line_1_5' title="bbox 379 571 2070 660; baseline -0.002 -16"><span class='ocrx_word' id='word_1_26' title='bbox 379 571 394 584; x_wconf 73' lang='grc'><strong>’</strong></span> <span class='ocrx_word' id='word_1_27' title='bbox 487 588 571 644; x_wconf 82' lang='lat' dir='ltr'><strong>sol</strong></span> <span class='ocrx_word' id='word_1_28' title='bbox 597 587 736 660; x_wconf 87' lang='lat' dir='ltr'><strong>apud</strong></span> <span class='ocrx_word' id='word_1_29' title='bbox 772 585 1026 642; x_wconf 66' lang='lat' dir='ltr'><strong>llebraaos</strong></span> <span class='ocrx_word' id='word_1_30' title='bbox 1047 587 1454 656; x_wconf 88' lang='lat' dir='ltr'><strong>interpretatur,</strong></span> <span class='ocrx_word' id='word_1_31' title='bbox 1479 587 1619 642; x_wconf 82' lang='lat' dir='ltr'><strong>sicut</strong></span> <span class='ocrx_word' id='word_1_32' title='bbox 1646 586 1904 656; x_wconf 89' lang='lat' dir='ltr'><strong>scriptum</strong></span> <span class='ocrx_word' id='word_1_33' title='bbox 1932 595 2016 640; x_wconf 91' lang='lat' dir='ltr'><strong>cst</strong></span> <span class='ocrx_word' id='word_1_34' title='bbox 2056 603 2070 640; x_wconf 95' lang='lat'><strong>:</strong></span> 
     </span>
    </p>
   </div>
   <div class='ocr_carea' id='block_1_6' title="bbox 488 677 2070 750">
    <p class='ocr_par' dir='ltr' id='par_1_6' title="bbox 488 677 2070 750">
     <span class='ocr_line' id='line_1_6' title="bbox 488 677 2070 750; baseline -0.005 -12"><span class='ocrx_word' id='word_1_35' title='bbox 488 680 717 738; x_wconf 86' lang='lat' dir='ltr'><strong>Samson</strong></span> <span class='ocrx_word' id='word_1_36' title='bbox 743 679 823 735; x_wconf 80' lang='lat' dir='ltr'><strong>sol</strong></span> <span class='ocrx_word' id='word_1_37' title='bbox 863 695 1065 734; x_wconf 87' lang='lat' dir='ltr'><strong>eorum.</strong></span> <span class='ocrx_word' id='word_1_38' title='bbox 1096 677 1386 750; x_wconf 81' lang='lat' dir='ltr'><strong>Propterea</strong></span> <span class='ocrx_word' id='word_1_39' title='bbox 1436 687 1614 733; x_wconf 90' lang='lat' dir='ltr'><strong>autem</strong></span> <span class='ocrx_word' id='word_1_40' title='bbox 1645 679 1900 732; x_wconf 88' lang='lat' dir='ltr'><strong>samhuca</strong></span> <span class='ocrx_word' id='word_1_41' title='bbox 1932 677 2070 746; x_wconf 87' lang='lat' dir='ltr'><strong>apud</strong></span> 
     </span>
    </p>
   </div>
   <div class='ocr_carea' id='block_1_7' title="bbox 487 766 2072 840">
    <p class='ocr_par' dir='ltr' id='par_1_7' title="bbox 487 766 2072 840">
     <span class='ocr_line' id='line_1_7' title="bbox 487 766 2072 840; baseline -0.004 -12"><span class='ocrx_word' id='word_1_42' title='bbox 487 785 584 828; x_wconf 84' lang='lat' dir='ltr'><strong>eos</strong></span> <span class='ocrx_word' id='word_1_43' title='bbox 608 771 961 828; x_wconf 85' lang='lat' dir='ltr'><strong>inscribitur:</strong></span> <span class='ocrx_word' id='word_1_44' title='bbox 996 769 1120 840; x_wconf 85' lang='lat' dir='ltr'><strong>quia</strong></span> <span class='ocrx_word' id='word_1_45' title='bbox 1145 769 1298 824; x_wconf 89' lang='lat' dir='ltr'><strong>multi</strong></span> <span class='ocrx_word' id='word_1_46' title='bbox 1325 769 1585 823; x_wconf 86' lang='lat' dir='ltr'><strong>corticem</strong></span> <span class='ocrx_word' id='word_1_47' title='bbox 1607 766 1836 837; x_wconf 81' lang='lat' dir='ltr'><strong>alicujus</strong></span> <span class='ocrx_word' id='word_1_48' title='bbox 1862 766 2072 821; x_wconf 88' lang='lat' dir='ltr'><strong>arboris</strong></span> 
     </span>
    </p>
   </div>
   <div class='ocr_carea' id='block_1_8' title="bbox 484 852 2120 934">
    <p class='ocr_par' dir='ltr' id='par_1_8' title="bbox 484 852 2120 934">
     <span class='ocr_line' id='line_1_8' title="bbox 484 852 2120 934; baseline -0.006 -15"><span class='ocrx_word' id='word_1_49' title='bbox 484 879 607 921; x_wconf 87' lang='lat' dir='ltr'><strong>esse</strong></span> <span class='ocrx_word' id='word_1_50' title='bbox 625 871 838 934; x_wconf 89' lang='lat' dir='ltr'><strong>putant,</strong></span> <span class='ocrx_word' id='word_1_51' title='bbox 865 871 922 918; x_wconf 93' lang='lat' dir='ltr'><strong>et</strong></span> <span class='ocrx_word' id='word_1_52' title='bbox 943 877 1041 932; x_wconf 90' lang='lat' dir='ltr'><strong>per</strong></span> <span class='ocrx_word' id='word_1_53' title='bbox 1084 861 1361 916; x_wconf 88' lang='lat' dir='ltr'><strong>linituram</strong></span> <span class='ocrx_word' id='word_1_54' title='bbox 1386 875 1524 915; x_wconf 72' lang='lat' dir='ltr'><strong>cera:</strong></span> <span class='ocrx_word' id='word_1_55' title='bbox 1553 859 1728 913; x_wconf 90' lang='lat' dir='ltr'><strong>mellis</strong></span> <span class='ocrx_word' id='word_1_56' title='bbox 1753 872 1876 913; x_wconf 91' lang='lat' dir='ltr'><strong>esse</strong></span> <span class='ocrx_word' id='word_1_57' title='bbox 1891 852 2068 912; x_wconf 78' lang='lat' dir='ltr'><strong>&#39;souo—</strong></span> <span class='ocrx_word' id='word_1_58' title='bbox 2103 890 2120 898; x_wconf 82' lang='lat'><strong>-</strong></span> 
     </span>
    </p>
   </div>
   <div class='ocr_carea' id='block_1_9' title="bbox 485 948 2068 1025">
    <p class='ocr_par' dir='ltr' id='par_1_9' title="bbox 485 948 2068 1025">
     <span class='ocr_line' id='line_1_9' title="bbox 485 948 2068 1025; baseline -0.006 -15"><span class='ocrx_word' id='word_1_59' title='bbox 485 971 624 1022; x_wconf 90' lang='lat' dir='ltr'><strong>rum,</strong></span> <span class='ocrx_word' id='word_1_60' title='bbox 665 955 810 1025; x_wconf 91' lang='lat' dir='ltr'><strong>quod</strong></span> <span class='ocrx_word' id='word_1_61' title='bbox 839 954 892 1008; x_wconf 91' lang='lat' dir='ltr'><strong>in</strong></span> <span class='ocrx_word' id='word_1_62' title='bbox 924 955 1141 1009; x_wconf 91' lang='lat' dir='ltr'><strong>modum</strong></span> <span class='ocrx_word' id='word_1_63' title='bbox 1193 953 1334 1007; x_wconf 66' lang='lat' dir='ltr'><strong>tuba:</strong></span> <span class='ocrx_word' id='word_1_64' title='bbox 1359 952 1426 1006; x_wconf 91' lang='lat' dir='ltr'><strong>de</strong></span> <span class='ocrx_word' id='word_1_65' title='bbox 1455 965 1605 1004; x_wconf 91' lang='lat' dir='ltr'><strong>ramo</strong></span> <span class='ocrx_word' id='word_1_66' title='bbox 1629 948 1839 1004; x_wconf 88' lang='lat' dir='ltr'><strong>arboris</strong></span> <span class='ocrx_word' id='word_1_67' title='bbox 1865 948 2068 1002; x_wconf 85' lang='lat' dir='ltr'><strong>moveri</strong></span> 
     </span>
    </p>
   </div>
   <div class='ocr_carea' id='block_1_10' title="bbox 481 1041 2070 1117">
    <p class='ocr_par' dir='ltr' id='par_1_10' title="bbox 481 1041 2070 1117">
     <span class='ocr_line' id='line_1_10' title="bbox 481 1041 2070 1117; baseline -0.007 -14"><span class='ocrx_word' id='word_1_68' title='bbox 481 1055 678 1117; x_wconf 82' lang='lat' dir='ltr'><strong>potest.</strong></span> <span class='ocrx_word' id='word_1_69' title='bbox 709 1047 778 1102; x_wconf 85' lang='lat' dir='ltr'><strong>Et</strong></span> <span class='ocrx_word' id='word_1_70' title='bbox 827 1047 949 1102; x_wconf 89' lang='lat' dir='ltr'><strong>ideo</strong></span> <span class='ocrx_word' id='word_1_71' title='bbox 989 1047 1246 1101; x_wconf 88' lang='lat' dir='ltr'><strong>sambuca</strong></span> <span class='ocrx_word' id='word_1_72' title='bbox 1289 1043 1504 1107; x_wconf 89' lang='lat' dir='ltr'><strong>dicitur,</strong></span> <span class='ocrx_word' id='word_1_73' title='bbox 1551 1041 1696 1111; x_wconf 90' lang='lat' dir='ltr'><strong>quod</strong></span> <span class='ocrx_word' id='word_1_74' title='bbox 1736 1041 1789 1094; x_wconf 92' lang='lat' dir='ltr'><strong>in</strong></span> <span class='ocrx_word' id='word_1_75' title='bbox 1827 1048 2070 1108; x_wconf 86' lang='lat' dir='ltr'><strong>tempore</strong></span> 
     </span>
    </p>
   </div>
   <div class='ocr_carea' id='block_1_11' title="bbox 480 1131 2068 1209">
    <p class='ocr_par' dir='ltr' id='par_1_11' title="bbox 480 1131 2068 1209">
     <span class='ocr_line' id='line_1_11' title="bbox 480 1131 2068 1209; baseline -0.009 -13"><span class='ocrx_word' id='word_1_76' title='bbox 480 1140 685 1196; x_wconf 81' lang='lat' dir='ltr'><strong>aestatis</strong></span> <span class='ocrx_word' id='word_1_77' title='bbox 715 1147 921 1195; x_wconf 88' lang='lat' dir='ltr'><strong>tantum</strong></span> <span class='ocrx_word' id='word_1_78' title='bbox 950 1137 1065 1194; x_wconf 84' lang='lat' dir='ltr'><strong>fieri</strong></span> <span class='ocrx_word' id='word_1_79' title='bbox 1095 1145 1292 1209; x_wconf 83' lang='lat' dir='ltr'><strong>potest,</strong></span> <span class='ocrx_word' id='word_1_80' title='bbox 1317 1144 1372 1192; x_wconf 89' lang='lat' dir='ltr'><strong>et</strong></span> <span class='ocrx_word' id='word_1_81' title='bbox 1395 1149 1567 1204; x_wconf 87' lang='lat' dir='ltr'><strong>usque</strong></span> <span class='ocrx_word' id='word_1_82' title='bbox 1598 1134 1665 1188; x_wconf 93' lang='lat' dir='ltr'><strong>ad</strong></span> <span class='ocrx_word' id='word_1_83' title='bbox 1692 1131 1910 1203; x_wconf 76' lang='lat' dir='ltr'><strong>frigoris</strong></span> <span class='ocrx_word' id='word_1_84' title='bbox 1935 1139 2068 1184; x_wconf 82' lang='lat' dir='ltr'><strong>tem-</strong></span> 
     </span>
    </p>
   </div>
   <div class='ocr_carea' id='block_1_12' title="bbox 477 1223 2065 1300">
    <p class='ocr_par' dir='ltr' id='par_1_12' title="bbox 477 1223 2065 1300">
     <span class='ocr_line' id='line_1_12' title="bbox 477 1223 2065 1300; baseline -0.008 -14"><span class='ocrx_word' id='word_1_85' title='bbox 477 1247 576 1300; x_wconf 93' lang='lat' dir='ltr'><strong>pus</strong></span> <span class='ocrx_word' id='word_1_86' title='bbox 603 1230 802 1286; x_wconf 89' lang='lat' dir='ltr'><strong>durare</strong></span> <span class='ocrx_word' id='word_1_87' title='bbox 823 1237 1020 1300; x_wconf 90' lang='lat' dir='ltr'><strong>potest.</strong></span> <span class='ocrx_word' id='word_1_88' title='bbox 1052 1228 1266 1282; x_wconf 87' lang='lat' dir='ltr'><strong>Arescit</strong></span> <span class='ocrx_word' id='word_1_89' title='bbox 1313 1225 1457 1281; x_wconf 90' lang='lat' dir='ltr'><strong>enim</strong></span> <span class='ocrx_word' id='word_1_90' title='bbox 1487 1223 1782 1279; x_wconf 86' lang='lat' dir='ltr'><strong>secundum</strong></span> <span class='ocrx_word' id='word_1_91' title='bbox 1826 1234 2065 1276; x_wconf 88' lang='lat' dir='ltr'><strong>commu-</strong></span> 
     </span>
    </p>
   </div>
   <div class='ocr_carea' id='block_1_13' title="bbox 477 1308 2062 1386">
    <p class='ocr_par' dir='ltr' id='par_1_13' title="bbox 477 1308 2062 1386">
     <span class='ocr_line' id='line_1_13' title="bbox 477 1308 2062 1386; baseline -0.009 -10"><span class='ocrx_word' id='word_1_92' title='bbox 477 1337 599 1376; x_wconf 90' lang='lat' dir='ltr'><strong>nem</strong></span> <span class='ocrx_word' id='word_1_93' title='bbox 629 1321 1112 1376; x_wconf 90' lang='lat' dir='ltr'><strong>consuetudinem:</strong></span> <span class='ocrx_word' id='word_1_94' title='bbox 1146 1318 1262 1372; x_wconf 72' lang='lat' dir='ltr'><strong>haac</strong></span> <span class='ocrx_word' id='word_1_95' title='bbox 1304 1324 1488 1386; x_wconf 84' lang='lat' dir='ltr'><strong>typum</strong></span> <span class='ocrx_word' id='word_1_96' title='bbox 1533 1320 1680 1368; x_wconf 90' lang='lat' dir='ltr'><strong>tenet</strong></span> <span class='ocrx_word' id='word_1_97' title='bbox 1729 1325 1939 1374; x_wconf 90' lang='lat' dir='ltr'><strong>eorum,</strong></span> <span class='ocrx_word' id='word_1_98' title='bbox 1971 1308 2062 1378; x_wconf 90' lang='lat' dir='ltr'><strong>qui</strong></span> 
     </span>
    </p>
   </div>
   <div class='ocr_carea' id='block_1_14' title="bbox 477 1399 2059 1472">
    <p class='ocr_par' dir='ltr' id='par_1_14' title="bbox 477 1399 2059 1472">
     <span class='ocr_line' id='line_1_14' title="bbox 477 1399 2059 1472; baseline -0.007 -10"><span class='ocrx_word' id='word_1_99' title='bbox 477 1409 762 1466; x_wconf 84' lang='lat' dir='ltr'><strong>Dominum</strong></span> <span class='ocrx_word' id='word_1_100' title='bbox 799 1409 854 1464; x_wconf 93' lang='lat' dir='ltr'><strong>in</strong></span> <span class='ocrx_word' id='word_1_101' title='bbox 881 1408 1038 1464; x_wconf 87' lang='lat' dir='ltr'><strong>bonis</strong></span> <span class='ocrx_word' id='word_1_102' title='bbox 1064 1407 1179 1463; x_wconf 90' lang='lat' dir='ltr'><strong>suis</strong></span> <span class='ocrx_word' id='word_1_103' title='bbox 1207 1406 1449 1470; x_wconf 91' lang='lat' dir='ltr'><strong>laudant,</strong></span> <span class='ocrx_word' id='word_1_104' title='bbox 1478 1403 1531 1458; x_wconf 90' lang='lat' dir='ltr'><strong>in</strong></span> <span class='ocrx_word' id='word_1_105' title='bbox 1555 1410 1795 1472; x_wconf 88' lang='lat' dir='ltr'><strong>tempore</strong></span> <span class='ocrx_word' id='word_1_106' title='bbox 1827 1399 2059 1471; x_wconf 79' lang='lat' dir='ltr'><strong>frigoris,</strong></span> 
     </span>
    </p>
   </div>
   <div class='ocr_carea' id='block_1_15' title="bbox 474 1489 2062 1571">
    <p class='ocr_par' dir='ltr' id='par_1_15' title="bbox 474 1489 2062 1571">
     <span class='ocr_line' id='line_1_15' title="bbox 474 1489 2062 1571; baseline -0.009 -13"><span class='ocrx_word' id='word_1_107' title='bbox 474 1504 527 1558; x_wconf 79' lang='lat' dir='ltr'><strong>id</strong></span> <span class='ocrx_word' id='word_1_108' title='bbox 551 1513 657 1569; x_wconf 91' lang='lat' dir='ltr'><strong>est,</strong></span> <span class='ocrx_word' id='word_1_109' title='bbox 691 1502 744 1556; x_wconf 92' lang='lat' dir='ltr'><strong>in</strong></span> <span class='ocrx_word' id='word_1_110' title='bbox 769 1508 1012 1571; x_wconf 90' lang='lat' dir='ltr'><strong>tempore</strong></span> <span class='ocrx_word' id='word_1_111' title='bbox 1035 1496 1400 1554; x_wconf 73' lang='lat' dir='ltr'><strong>tribulationis</strong></span> <span class='ocrx_word' id='word_1_112' title='bbox 1420 1495 1503 1550; x_wconf 85' lang='lat' dir='ltr'><strong>vel</strong></span> <span class='ocrx_word' id='word_1_113' title='bbox 1529 1490 1920 1565; x_wconf 86' lang='lat' dir='ltr'><strong>persecutionis</strong></span> <span class='ocrx_word' id='word_1_114' title='bbox 1948 1489 2062 1544; x_wconf 85' lang='lat' dir='ltr'><strong>lau-</strong></span> 
     </span>
    </p>
   </div>
   <div class='ocr_carea' id='block_1_16' title="bbox 472 1580 2060 1664">
    <p class='ocr_par' dir='ltr' id='par_1_16' title="bbox 472 1580 2060 1664">
     <span class='ocr_line' id='line_1_16' title="bbox 472 1580 2060 1664; baseline -0.009 -17"><span class='ocrx_word' id='word_1_115' title='bbox 472 1595 601 1650; x_wconf 83' lang='lat' dir='ltr'><strong>dare</strong></span> <span class='ocrx_word' id='word_1_116' title='bbox 647 1609 770 1648; x_wconf 91' lang='lat' dir='ltr'><strong>eum</strong></span> <span class='ocrx_word' id='word_1_117' title='bbox 811 1607 918 1647; x_wconf 90' lang='lat' dir='ltr'><strong>non</strong></span> <span class='ocrx_word' id='word_1_118' title='bbox 971 1597 1216 1662; x_wconf 87' lang='lat' dir='ltr'><strong>possunt,</strong></span> <span class='ocrx_word' id='word_1_119' title='bbox 1267 1596 1486 1660; x_wconf 89' lang='lat' dir='ltr'><strong>propter</strong></span> <span class='ocrx_word' id='word_1_120' title='bbox 1518 1584 1890 1664; x_wconf 80' lang='lat' dir='ltr'><strong>infidelitatem</strong></span> <span class='ocrx_word' id='word_1_121' title='bbox 1937 1580 2060 1634; x_wconf 61' lang='lat' dir='ltr'><strong>vitae</strong></span> 
     </span>
    </p>
   </div>
   <div class='ocr_carea' id='block_1_17' title="bbox 471 1673 2057 1754">
    <p class='ocr_par' dir='ltr' id='par_1_17' title="bbox 471 1673 2057 1754">
     <span class='ocr_line' id='line_1_17' title="bbox 471 1673 2057 1754; baseline -0.009 -13"><span class='ocrx_word' id='word_1_122' title='bbox 471 1701 682 1754; x_wconf 85' lang='lat' dir='ltr'><strong>eorum,</strong></span> <span class='ocrx_word' id='word_1_123' title='bbox 697 1695 752 1743; x_wconf 90' lang='lat' dir='ltr'><strong>et</strong></span> <span class='ocrx_word' id='word_1_124' title='bbox 771 1684 1158 1742; x_wconf 84' lang='lat' dir='ltr'><strong>abundantiam</strong></span> <span class='ocrx_word' id='word_1_125' title='bbox 1177 1683 1484 1738; x_wconf 84' lang='lat' dir='ltr'><strong>divitiarum</strong></span> <span class='ocrx_word' id='word_1_126' title='bbox 1505 1693 1744 1735; x_wconf 81' lang='lat' dir='ltr'><strong>suarum.</strong></span> <span class='ocrx_word' id='word_1_127' title='bbox 1760 1677 1898 1747; x_wconf 83' lang='lat' dir='ltr'><strong>Lyra</strong></span> <span class='ocrx_word' id='word_1_128' title='bbox 1912 1673 2057 1730; x_wconf 89' lang='lat' dir='ltr'><strong>dicta</strong></span> 
     </span>
    </p>
   </div>
   <div class='ocr_carea' id='block_1_18' title="bbox 2173 593 3692 676">
    <p class='ocr_par' dir='ltr' id='par_1_18' title="bbox 2173 593 3692 676">
     <span class='ocr_line' id='line_1_18' title="bbox 2173 593 3692 676; baseline 0.013 -32"><span class='ocrx_word' id='word_1_129' title='bbox 2173 593 2566 662; x_wconf 73' lang='lat' dir='ltr'><strong>percutiuntur,</strong></span> <span class='ocrx_word' id='word_1_130' title='bbox 2591 609 2713 650; x_wconf 90' lang='lat' dir='ltr'><strong>cum</strong></span> <span class='ocrx_word' id='word_1_131' title='bbox 2734 597 2878 651; x_wconf 91' lang='lat' dir='ltr'><strong>enim</strong></span> <span class='ocrx_word' id='word_1_132' title='bbox 2905 596 3075 652; x_wconf 67' lang='lat' dir='ltr'><strong>Graeci</strong></span> <span class='ocrx_word' id='word_1_133' title='bbox 3103 599 3279 654; x_wconf 91' lang='lat' dir='ltr'><strong>dicunt</strong></span> <span class='ocrx_word' id='word_1_134' title='bbox 3301 603 3524 672; x_wconf 85' lang='lat' dir='ltr'><strong>cymbala</strong></span> <span class='ocrx_word' id='word_1_135' title='bbox 3550 607 3692 676; x_wconf 57' lang='lat' dir='ltr'><strong>balle</strong></span> 
     </span>
    </p>
   </div>
   <div class='ocr_carea' id='block_1_19' title="bbox 2173 683 3693 758">
    <p class='ocr_par' dir='ltr' id='par_1_19' title="bbox 2173 683 3693 758">
     <span class='ocr_line' id='line_1_19' title="bbox 2173 683 3693 758; baseline 0.011 -22"><span class='ocrx_word' id='word_1_136' title='bbox 2173 683 2388 747; x_wconf 89' lang='lat' dir='ltr'><strong>matica,</strong></span> <span class='ocrx_word' id='word_1_137' title='bbox 2417 685 2482 739; x_wconf 89' lang='lat' dir='ltr'><strong>de</strong></span> <span class='ocrx_word' id='word_1_138' title='bbox 2506 701 2614 755; x_wconf 88' lang='lat' dir='ltr'><strong>quo</strong></span> <span class='ocrx_word' id='word_1_139' title='bbox 2639 685 2690 740; x_wconf 91' lang='lat' dir='ltr'><strong>in</strong></span> <span class='ocrx_word' id='word_1_140' title='bbox 2716 685 2924 755; x_wconf 83' lang='lat' dir='ltr'><strong>psalmo</strong></span> <span class='ocrx_word' id='word_1_141' title='bbox 2945 689 3196 758; x_wconf 85' lang='lat' dir='ltr'><strong>scriptum</strong></span> <span class='ocrx_word' id='word_1_142' title='bbox 3223 699 3303 745; x_wconf 87' lang='lat' dir='ltr'><strong>est</strong></span> <span class='ocrx_word' id='word_1_143' title='bbox 3328 705 3342 744; x_wconf 93' lang='lat'><strong>:</strong></span> <span class='ocrx_word' id='word_1_144' title='bbox 3365 691 3578 748; x_wconf 84' lang='lat' dir='ltr'><strong>Laudate</strong></span> <span class='ocrx_word' id='word_1_145' title='bbox 3594 713 3693 752; x_wconf 83' lang='lat' dir='ltr'><strong>eum</strong></span> 
     </span>
    </p>
   </div>
   <div class='ocr_carea' id='block_1_20' title="bbox 2170 775 3694 854">
    <p class='ocr_par' dir='ltr' id='par_1_20' title="bbox 2170 775 3694 854">
     <span class='ocr_line' id='line_1_20' title="bbox 2170 775 3694 854; baseline 0.011 -27"><span class='ocrx_word' id='word_1_146' title='bbox 2170 775 2224 828; x_wconf 88' lang='lat' dir='ltr'><strong>in</strong></span> <span class='ocrx_word' id='word_1_147' title='bbox 2253 775 2504 845; x_wconf 80' lang='lat' dir='ltr'><strong>cymbalis</strong></span> <span class='ocrx_word' id='word_1_148' title='bbox 2525 776 2652 831; x_wconf 84' lang='lat' dir='ltr'><strong>bene</strong></span> <span class='ocrx_word' id='word_1_149' title='bbox 2677 778 2982 833; x_wconf 82' lang='lat' dir='ltr'><strong>sonantibus</strong></span> <span class='ocrx_word' id='word_1_150' title='bbox 3010 777 3180 842; x_wconf 81' lang='lat' dir='ltr'><strong>(l’sal.</strong></span> <span class='ocrx_word' id='word_1_151' title='bbox 3203 781 3305 853; x_wconf 83' lang='lat' dir='ltr'><strong>CL).</strong></span> <span class='ocrx_word' id='word_1_152' title='bbox 3329 783 3560 854; x_wconf 82' lang='lat' dir='ltr'><strong>Cymbala</strong></span> <span class='ocrx_word' id='word_1_153' title='bbox 3579 787 3694 844; x_wconf 85' lang='lat' dir='ltr'><strong>bene</strong></span> 
     </span>
    </p>
   </div>
   <div class='ocr_carea' id='block_1_21' title="bbox 2169 868 3694 946">
    <p class='ocr_par' dir='ltr' id='par_1_21' title="bbox 2169 868 3694 946">
     <span class='ocr_line' id='line_1_21' title="bbox 2169 868 3694 946; baseline 0.008 -26"><span class='ocrx_word' id='word_1_154' title='bbox 2169 868 2418 922; x_wconf 79' lang='lat' dir='ltr'><strong>sonantia</strong></span> <span class='ocrx_word' id='word_1_155' title='bbox 2449 868 2590 924; x_wconf 82' lang='lat' dir='ltr'><strong>labia</strong></span> <span class='ocrx_word' id='word_1_156' title='bbox 2638 879 2824 924; x_wconf 86' lang='lat' dir='ltr'><strong>nostra</strong></span> <span class='ocrx_word' id='word_1_157' title='bbox 2873 871 3130 928; x_wconf 86' lang='lat' dir='ltr'><strong>debemus</strong></span> <span class='ocrx_word' id='word_1_158' title='bbox 3169 875 3423 944; x_wconf 88' lang='lat' dir='ltr'><strong>accipere,</strong></span> <span class='ocrx_word' id='word_1_159' title='bbox 3455 892 3564 946; x_wconf 75' lang='lat' dir='ltr'><strong>qua:</strong></span> <span class='ocrx_word' id='word_1_160' title='bbox 3603 895 3694 934; x_wconf 89' lang='lat' dir='ltr'><strong>non</strong></span> 
     </span>
    </p>
   </div>
   <div class='ocr_carea' id='block_1_22' title="bbox 2169 955 3694 1036">
    <p class='ocr_par' dir='ltr' id='par_1_22' title="bbox 2169 955 3694 1036">
     <span class='ocr_line' id='line_1_22' title="bbox 2169 955 3694 1036; baseline 0.009 -28"><span class='ocrx_word' id='word_1_161' title='bbox 2169 955 2441 1011; x_wconf 89' lang='lat' dir='ltr'><strong>immerito</strong></span> <span class='ocrx_word' id='word_1_162' title='bbox 2463 957 2604 1012; x_wconf 91' lang='lat' dir='ltr'><strong>inter</strong></span> <span class='ocrx_word' id='word_1_163' title='bbox 2629 960 2834 1014; x_wconf 89' lang='lat' dir='ltr'><strong>musica</strong></span> <span class='ocrx_word' id='word_1_164' title='bbox 2856 960 3208 1017; x_wconf 90' lang='lat' dir='ltr'><strong>instrumenta</strong></span> <span class='ocrx_word' id='word_1_165' title='bbox 3233 964 3396 1034; x_wconf 89' lang='lat' dir='ltr'><strong>posita</strong></span> <span class='ocrx_word' id='word_1_166' title='bbox 3421 975 3536 1020; x_wconf 87' lang='lat' dir='ltr'><strong>sunt</strong></span> <span class='ocrx_word' id='word_1_167' title='bbox 3556 986 3568 1020; x_wconf 91' lang='lat'><strong>:</strong></span> <span class='ocrx_word' id='word_1_168' title='bbox 3590 969 3694 1036; x_wconf 85' lang='lat' dir='ltr'><strong>quia</strong></span> 
     </span>
    </p>
   </div>
   <div class='ocr_carea' id='block_1_23' title="bbox 2167 1046 3694 1123">
    <p class='ocr_par' dir='ltr' id='par_1_23' title="bbox 2167 1046 3694 1123">
     <span class='ocr_line' id='line_1_23' title="bbox 2167 1046 3694 1123; baseline 0.007 -24"><span class='ocrx_word' id='word_1_169' title='bbox 2167 1053 2222 1099; x_wconf 89' lang='lat' dir='ltr'><strong>et.</strong></span> <span class='ocrx_word' id='word_1_170' title='bbox 2261 1046 2570 1116; x_wconf 51' lang='lat' dir='ltr'><strong>.similitudo</strong></span> <span class='ocrx_word' id='word_1_171' title='bbox 2604 1049 2850 1118; x_wconf 69' lang='lat' dir='ltr'><strong>quaedam</strong></span> <span class='ocrx_word' id='word_1_172' title='bbox 2892 1057 2977 1104; x_wconf 91' lang='lat' dir='ltr'><strong>est</strong></span> <span class='ocrx_word' id='word_1_173' title='bbox 3027 1051 3384 1121; x_wconf 84' lang='lat' dir='ltr'><strong>cymbalorum</strong></span> <span class='ocrx_word' id='word_1_174' title='bbox 3416 1071 3431 1106; x_wconf 92' lang='lat'><strong>:</strong></span> <span class='ocrx_word' id='word_1_175' title='bbox 3459 1061 3509 1107; x_wconf 90' lang='lat' dir='ltr'><strong>et</strong></span> <span class='ocrx_word' id='word_1_176' title='bbox 3529 1069 3613 1123; x_wconf 90' lang='lat' dir='ltr'><strong>per</strong></span> <span class='ocrx_word' id='word_1_177' title='bbox 3640 1070 3694 1110; x_wconf 87' lang='lat' dir='ltr'><strong>ea</strong></span> 
     </span>
    </p>
   </div>
   <div class='ocr_carea' id='block_1_24' title="bbox 2165 1135 3696 1197">
    <p class='ocr_par' dir='ltr' id='par_1_24' title="bbox 2165 1135 3696 1197">
     <span class='ocr_line' id='line_1_24' title="bbox 2165 1135 3696 1197; baseline 0.007 -11"><span class='ocrx_word' id='word_1_178' title='bbox 2165 1149 2330 1190; x_wconf 88' lang='lat' dir='ltr'><strong>voces</strong></span> <span class='ocrx_word' id='word_1_179' title='bbox 2375 1135 2624 1191; x_wconf 80' lang='lat' dir='ltr'><strong>humanae</strong></span> <span class='ocrx_word' id='word_1_180' title='bbox 2687 1137 3026 1193; x_wconf 85' lang='lat' dir='ltr'><strong>harmoniam</strong></span> <span class='ocrx_word' id='word_1_181' title='bbox 3088 1139 3310 1196; x_wconf 88' lang='lat' dir='ltr'><strong>reddere</strong></span> <span class='ocrx_word' id='word_1_182' title='bbox 3365 1141 3696 1197; x_wconf 81' lang='lat' dir='ltr'><strong>suavissimam</strong></span> 
     </span>
    </p>
   </div>
   <div class='ocr_carea' id='block_1_25' title="bbox 2164 1225 3696 1294">
    <p class='ocr_par' dir='ltr' id='par_1_25' title="bbox 2164 1225 3696 1294">
     <span class='ocr_line' id='line_1_25' title="bbox 2164 1225 3696 1294; baseline 0.003 -15"><span class='ocrx_word' id='word_1_183' title='bbox 2164 1225 2604 1294; x_wconf 86' lang='lat' dir='ltr'><strong>comprobantur.</strong></span> <span class='ocrx_word' id='word_1_184' title='bbox 2621 1225 3024 1283; x_wconf 42' lang='lat' dir='ltr'><strong>Harmoniarest</strong></span> <span class='ocrx_word' id='word_1_185' title='bbox 3043 1229 3186 1283; x_wconf 89' lang='lat' dir='ltr'><strong>enim</strong></span> <span class='ocrx_word' id='word_1_186' title='bbox 3205 1229 3520 1284; x_wconf 89' lang='lat' dir='ltr'><strong>diversarum</strong></span> <span class='ocrx_word' id='word_1_187' title='bbox 3541 1245 3696 1285; x_wconf 87' lang='lat' dir='ltr'><strong>rerum</strong></span> 
     </span>
    </p>
   </div>
   <div class='ocr_carea' id='block_1_26' title="bbox 2165 1315 3703 1391">
    <p class='ocr_par' dir='ltr' id='par_1_26' title="bbox 2165 1315 3703 1391">
     <span class='ocr_line' id='line_1_26' title="bbox 2165 1315 3703 1391; baseline 0.003 -22"><span class='ocrx_word' id='word_1_188' title='bbox 2165 1315 2218 1370; x_wconf 90' lang='lat' dir='ltr'><strong>in</strong></span> <span class='ocrx_word' id='word_1_189' title='bbox 2249 1331 2410 1370; x_wconf 88' lang='lat' dir='ltr'><strong>unam</strong></span> <span class='ocrx_word' id='word_1_190' title='bbox 2439 1319 2867 1373; x_wconf 80' lang='lat' dir='ltr'><strong>convenientiam</strong></span> <span class='ocrx_word' id='word_1_191' title='bbox 2919 1320 3140 1375; x_wconf 84' lang='lat' dir='ltr'><strong>redacta</strong></span> <span class='ocrx_word' id='word_1_192' title='bbox 3167 1319 3432 1391; x_wconf 77' lang='lat' dir='ltr'><strong>capulatio</strong></span> <span class='ocrx_word' id='word_1_193' title='bbox 3458 1336 3472 1375; x_wconf 93' lang='lat'><strong>:</strong></span> <span class='ocrx_word' id='word_1_194' title='bbox 3507 1323 3634 1390; x_wconf 89' lang='lat' dir='ltr'><strong>quod</strong></span> <span class='ocrx_word' id='word_1_195' title='bbox 3655 1330 3703 1376; x_wconf 89' lang='lat' dir='ltr'><strong>et</strong></span> 
     </span>
    </p>
   </div>
   <div class='ocr_carea' id='block_1_27' title="bbox 2163 1405 3698 1481">
    <p class='ocr_par' dir='ltr' id='par_1_27' title="bbox 2163 1405 3698 1481">
     <span class='ocr_line' id='line_1_27' title="bbox 2163 1405 3698 1481; baseline 0.003 -21"><span class='ocrx_word' id='word_1_196' title='bbox 2163 1405 2216 1460; x_wconf 92' lang='lat' dir='ltr'><strong>in</strong></span> <span class='ocrx_word' id='word_1_197' title='bbox 2261 1421 2392 1462; x_wconf 88' lang='lat' dir='ltr'><strong>voce</strong></span> <span class='ocrx_word' id='word_1_198' title='bbox 2437 1408 2668 1462; x_wconf 88' lang='lat' dir='ltr'><strong>humana</strong></span> <span class='ocrx_word' id='word_1_199' title='bbox 2702 1417 2914 1464; x_wconf 83' lang='lat' dir='ltr'><strong>constat</strong></span> <span class='ocrx_word' id='word_1_200' title='bbox 2966 1410 3210 1466; x_wconf 89' lang='lat' dir='ltr'><strong>accidere</strong></span> <span class='ocrx_word' id='word_1_201' title='bbox 3243 1413 3488 1481; x_wconf 86' lang='lat' dir='ltr'><strong>:quando</strong></span> <span class='ocrx_word' id='word_1_202' title='bbox 3511 1422 3560 1467; x_wconf 89' lang='lat' dir='ltr'><strong>et</strong></span> <span class='ocrx_word' id='word_1_203' title='bbox 3581 1420 3698 1466; x_wconf 83' lang='lat' dir='ltr'><strong>tem-</strong></span> 
     </span>
    </p>
   </div>
   <div class='ocr_carea' id='block_1_28' title="bbox 2161 1498 3702 1572">
    <p class='ocr_par' dir='ltr' id='par_1_28' title="bbox 2161 1498 3702 1572">
     <span class='ocr_line' id='line_1_28' title="bbox 2161 1498 3702 1572; baseline 0.003 -21"><span class='ocrx_word' id='word_1_204' title='bbox 2161 1509 2293 1568; x_wconf 90' lang='lat' dir='ltr'><strong>pora</strong></span> <span class='ocrx_word' id='word_1_205' title='bbox 2323 1498 2434 1568; x_wconf 90' lang='lat' dir='ltr'><strong>ipsa</strong></span> <span class='ocrx_word' id='word_1_206' title='bbox 2463 1507 2520 1552; x_wconf 91' lang='lat' dir='ltr'><strong>et</strong></span> <span class='ocrx_word' id='word_1_207' title='bbox 2544 1499 2763 1570; x_wconf 69' lang='lat' dir='ltr'><strong>syllaba:</strong></span> <span class='ocrx_word' id='word_1_208' title='bbox 2786 1501 2840 1554; x_wconf 92' lang='lat' dir='ltr'><strong>in</strong></span> <span class='ocrx_word' id='word_1_209' title='bbox 2875 1515 3036 1554; x_wconf 90' lang='lat' dir='ltr'><strong>unam</strong></span> <span class='ocrx_word' id='word_1_210' title='bbox 3081 1501 3232 1557; x_wconf 82' lang='lat' dir='ltr'><strong>vocis</strong></span> <span class='ocrx_word' id='word_1_211' title='bbox 3258 1503 3579 1558; x_wconf 85' lang='lat' dir='ltr'><strong>concordiam</strong></span> <span class='ocrx_word' id='word_1_212' title='bbox 3600 1517 3702 1572; x_wconf 81' lang='lat' dir='ltr'><strong>per-</strong></span> 
     </span>
    </p>
   </div>
   <div class='ocr_carea' id='block_1_29' title="bbox 2160 1587 3702 1646">
    <p class='ocr_par' dir='ltr' id='par_1_29' title="bbox 2160 1587 3702 1646">
     <span class='ocr_line' id='line_1_29' title="bbox 2160 1587 3702 1646; baseline 0.001 -3"><span class='ocrx_word' id='word_1_213' title='bbox 2160 1588 2446 1643; x_wconf 89' lang='lat' dir='ltr'><strong>ducuntur.</strong></span> <span class='ocrx_word' id='word_1_214' title='bbox 2477 1587 2708 1644; x_wconf 84' lang='lat' dir='ltr'><strong>Sistrum</strong></span> <span class='ocrx_word' id='word_1_215' title='bbox 2728 1590 2795 1644; x_wconf 91' lang='lat' dir='ltr'><strong>ab</strong></span> <span class='ocrx_word' id='word_1_216' title='bbox 2815 1589 3116 1645; x_wconf 88' lang='lat' dir='ltr'><strong>inventrice</strong></span> <span class='ocrx_word' id='word_1_217' title='bbox 3145 1599 3387 1646; x_wconf 88' lang='lat' dir='ltr'><strong>vocatum</strong></span> <span class='ocrx_word' id='word_1_218' title='bbox 3417 1591 3546 1646; x_wconf 87' lang='lat' dir='ltr'><strong>:lsis</strong></span> <span class='ocrx_word' id='word_1_219' title='bbox 3579 1590 3702 1646; x_wconf 87' lang='lat' dir='ltr'><strong>enim</strong></span> 
     </span>
    </p>
   </div>
   <div class='ocr_carea' id='block_1_30' title="bbox 2161 1678 3699 1753">
    <p class='ocr_par' dir='ltr' id='par_1_30' title="bbox 2161 1678 3699 1753">
     <span class='ocr_line' id='line_1_30' title="bbox 2161 1678 3699 1753; baseline 0.002 -20"><span class='ocrx_word' id='word_1_220' title='bbox 2161 1679 2346 1751; x_wconf 87' lang='lat' dir='ltr'><strong>regina</strong></span> <span class='ocrx_word' id='word_1_221' title='bbox 2393 1678 2770 1752; x_wconf 66' lang='lat' dir='ltr'><strong>Egyptiorum</strong></span> <span class='ocrx_word' id='word_1_222' title='bbox 2817 1681 2872 1736; x_wconf 89' lang='lat' dir='ltr'><strong>id</strong></span> <span class='ocrx_word' id='word_1_223' title='bbox 2927 1695 3096 1751; x_wconf 87' lang='lat' dir='ltr'><strong>genus</strong></span> <span class='ocrx_word' id='word_1_224' title='bbox 3154 1681 3419 1738; x_wconf 85' lang='lat' dir='ltr'><strong>invenisse</strong></span> <span class='ocrx_word' id='word_1_225' title='bbox 3453 1683 3699 1753; x_wconf 86' lang='lat' dir='ltr'><strong>probatur.</strong></span> 
     </span>
    </p>
   </div>
   <div class='ocr_carea' id='block_1_31' title="bbox 470 1765 2472 1848">
    <p class='ocr_par' dir='ltr' id='par_1_31' title="bbox 470 1765 2472 1848">
     <span class='ocr_line' id='line_1_31' title="bbox 470 1765 2472 1848; baseline -0.008 -16"><span class='ocrx_word' id='word_1_226' title='bbox 470 1793 574 1848; x_wconf 90' lang='lat' dir='ltr'><strong>apo</strong></span> <span class='ocrx_word' id='word_1_227' title='bbox 603 1786 695 1833; x_wconf 94' lang='lat' dir='ltr'><strong>tou</strong></span> <span class='ocrx_word' id='word_1_228' title='bbox 717 1775 916 1843; x_wconf 91' lang='lat' dir='ltr'><strong>lurein,</strong></span> <span class='ocrx_word' id='word_1_229' title='bbox 943 1775 997 1830; x_wconf 88' lang='lat' dir='ltr'><strong>id</strong></span> <span class='ocrx_word' id='word_1_230' title='bbox 1021 1782 1124 1839; x_wconf 90' lang='lat' dir='ltr'><strong>est,</strong></span> <span class='ocrx_word' id='word_1_231' title='bbox 1150 1789 1181 1828; x_wconf 89' lang='lat' dir='ltr'><strong>a</strong></span> <span class='ocrx_word' id='word_1_232' title='bbox 1201 1773 1463 1828; x_wconf 84' lang='lat' dir='ltr'><strong>varietate</strong></span> <span class='ocrx_word' id='word_1_233' title='bbox 1484 1785 1700 1834; x_wconf 90' lang='lat' dir='ltr'><strong>vocum,</strong></span> <span class='ocrx_word' id='word_1_234' title='bbox 1716 1766 1860 1838; x_wconf 92' lang='lat' dir='ltr'><strong>quod</strong></span> <span class='ocrx_word' id='word_1_235' title='bbox 1879 1765 2057 1820; x_wconf 86' lang='lat' dir='ltr'><strong>diver—</strong></span> <span class='ocrx_word' id='word_1_236' title='bbox 2090 1846 2111 1848; x_wconf 70' lang='lat'><strong><em>_</em></strong></span> <span class='ocrx_word' id='word_1_237' title='bbox 2157 1771 2430 1829; x_wconf 63' lang='grc' dir='ltr'><strong>ιυνεηειιίε</strong></span> <span class='ocrx_word' id='word_1_238' title='bbox 2458 1790 2472 1827; x_wconf 72' lang='grc' dir='ltr'><strong>ε</strong></span> 
     </span>
    </p>
   </div>
   <div class='ocr_carea' id='block_1_32' title="bbox 469 1846 2132 1940">
    <p class='ocr_par' dir='ltr' id='par_1_32' title="bbox 469 1846 2132 1940">
     <span class='ocr_line' id='line_1_32' title="bbox 469 1846 2132 1940; baseline -0.013 -14"><span class='ocrx_word' id='word_1_239' title='bbox 469 1846 559 1926; x_wconf 84' lang='lat' dir='ltr'><strong>sos</strong></span> <span class='ocrx_word' id='word_1_240' title='bbox 578 1885 740 1926; x_wconf 92' lang='lat' dir='ltr'><strong>sonos</strong></span> <span class='ocrx_word' id='word_1_241' title='bbox 752 1866 963 1924; x_wconf 81' lang='lat' dir='ltr'><strong>elliciat.</strong></span> <span class='ocrx_word' id='word_1_242' title='bbox 979 1867 1173 1940; x_wconf 88' lang='lat' dir='ltr'><strong>Lyram</strong></span> <span class='ocrx_word' id='word_1_243' title='bbox 1193 1865 1428 1938; x_wconf 90' lang='lat' dir='ltr'><strong>primum</strong></span> <span class='ocrx_word' id='word_1_244' title='bbox 1449 1880 1480 1918; x_wconf 89' lang='lat' dir='ltr'><strong>a</strong></span> <span class='ocrx_word' id='word_1_245' title='bbox 1495 1862 1758 1918; x_wconf 81' lang='lat' dir='ltr'><strong>Mercurio</strong></span> <span class='ocrx_word' id='word_1_246' title='bbox 1781 1861 2054 1915; x_wconf 87' lang='lat' dir='ltr'><strong>inventam</strong></span> <span class='ocrx_word' id='word_1_247' title='bbox 2085 1846 2132 1905; x_wconf 88' lang='lat' dir='ltr'><strong>B</strong></span> 
     </span>
    </p>
   </div>
   <div class='ocr_carea' id='block_1_33' title="bbox 467 1950 2049 2025">
    <p class='ocr_par' dir='ltr' id='par_1_33' title="bbox 467 1950 2049 2025">
     <span class='ocr_line' id='line_1_33' title="bbox 467 1950 2049 2025; baseline -0.006 -11"><span class='ocrx_word' id='word_1_248' title='bbox 467 1959 632 2016; x_wconf 75' lang='lat' dir='ltr'><strong>fuisse</strong></span> <span class='ocrx_word' id='word_1_249' title='bbox 671 1959 859 2014; x_wconf 91' lang='lat' dir='ltr'><strong>dicunt</strong></span> <span class='ocrx_word' id='word_1_250' title='bbox 903 1958 1006 2014; x_wconf 89' lang='lat' dir='ltr'><strong>hoc</strong></span> <span class='ocrx_word' id='word_1_251' title='bbox 1058 1957 1218 2013; x_wconf 88' lang='lat' dir='ltr'><strong>modo</strong></span> <span class='ocrx_word' id='word_1_252' title='bbox 1251 1974 1265 2010; x_wconf 89' lang='lat'><strong>:</strong></span> <span class='ocrx_word' id='word_1_253' title='bbox 1300 1970 1423 2011; x_wconf 90' lang='lat' dir='ltr'><strong>eum</strong></span> <span class='ocrx_word' id='word_1_254' title='bbox 1479 1952 1787 2025; x_wconf 80' lang='lat' dir='ltr'><strong>regrediens</strong></span> <span class='ocrx_word' id='word_1_255' title='bbox 1814 1950 1967 2006; x_wconf 86' lang='lat' dir='ltr'><strong>Nilus</strong></span> <span class='ocrx_word' id='word_1_256' title='bbox 1995 1951 2049 2005; x_wconf 93' lang='lat' dir='ltr'><strong>in</strong></span> 
     </span>
    </p>
   </div>
   <div class='ocr_carea' id='block_1_34' title="bbox 465 2043 2047 2120">
    <p class='ocr_par' dir='ltr' id='par_1_34' title="bbox 465 2043 2047 2120">
     <span class='ocr_line' id='line_1_34' title="bbox 465 2043 2047 2120; baseline -0.007 -12"><span class='ocrx_word' id='word_1_257' title='bbox 465 2069 593 2108; x_wconf 83' lang='lat' dir='ltr'><strong>suos</strong></span> <span class='ocrx_word' id='word_1_258' title='bbox 619 2061 827 2107; x_wconf 87' lang='lat' dir='ltr'><strong>meatus</strong></span> <span class='ocrx_word' id='word_1_259' title='bbox 856 2051 1007 2106; x_wconf 90' lang='lat' dir='ltr'><strong>varia</strong></span> <span class='ocrx_word' id='word_1_260' title='bbox 1037 2050 1090 2106; x_wconf 91' lang='lat' dir='ltr'><strong>in</strong></span> <span class='ocrx_word' id='word_1_261' title='bbox 1133 2049 1341 2120; x_wconf 90' lang='lat' dir='ltr'><strong>eampis</strong></span> <span class='ocrx_word' id='word_1_262' title='bbox 1392 2047 1700 2118; x_wconf 87' lang='lat' dir='ltr'><strong>reliquisset</strong></span> <span class='ocrx_word' id='word_1_263' title='bbox 1748 2043 1999 2100; x_wconf 88' lang='lat' dir='ltr'><strong>animalia</strong></span> <span class='ocrx_word' id='word_1_264' title='bbox 2033 2063 2047 2098; x_wconf 90' lang='lat'><strong>:</strong></span> 
     </span>
    </p>
   </div>
   <div class='ocr_carea' id='block_1_35' title="bbox 464 2137 2048 2211">
    <p class='ocr_par' dir='ltr' id='par_1_35' title="bbox 464 2137 2048 2211">
     <span class='ocr_line' id='line_1_35' title="bbox 464 2137 2048 2211; baseline -0.001 -15"><span class='ocrx_word' id='word_1_265' title='bbox 464 2143 649 2199; x_wconf 87' lang='lat' dir='ltr'><strong>relicta</strong></span> <span class='ocrx_word' id='word_1_266' title='bbox 685 2143 850 2198; x_wconf 89' lang='lat' dir='ltr'><strong>etiam</strong></span> <span class='ocrx_word' id='word_1_267' title='bbox 880 2142 1092 2198; x_wconf 90' lang='lat' dir='ltr'><strong>testudo</strong></span> <span class='ocrx_word' id='word_1_268' title='bbox 1117 2150 1217 2203; x_wconf 87' lang='lat' dir='ltr'><strong>est,</strong></span> <span class='ocrx_word' id='word_1_269' title='bbox 1245 2156 1366 2211; x_wconf 69' lang='lat' dir='ltr'><strong>quae</strong></span> <span class='ocrx_word' id='word_1_270' title='bbox 1399 2155 1524 2196; x_wconf 91' lang='lat' dir='ltr'><strong>cum</strong></span> <span class='ocrx_word' id='word_1_271' title='bbox 1551 2137 1853 2208; x_wconf 89' lang='lat' dir='ltr'><strong>putrefacta</strong></span> <span class='ocrx_word' id='word_1_272' title='bbox 1883 2146 2048 2202; x_wconf 89' lang='lat' dir='ltr'><strong>esset,</strong></span> 
     </span>
    </p>
   </div>
   <div class='ocr_carea' id='block_1_36' title="bbox 461 2228 2048 2305">
    <p class='ocr_par' dir='ltr' id='par_1_36' title="bbox 461 2228 2048 2305">
     <span class='ocr_line' id='line_1_36' title="bbox 461 2228 2048 2305; baseline -0.004 -17"><span class='ocrx_word' id='word_1_273' title='bbox 461 2244 518 2289; x_wconf 86' lang='lat' dir='ltr'><strong>et</strong></span> <span class='ocrx_word' id='word_1_274' title='bbox 561 2234 712 2290; x_wconf 89' lang='lat' dir='ltr'><strong>nervi</strong></span> <span class='ocrx_word' id='word_1_275' title='bbox 765 2234 882 2305; x_wconf 91' lang='lat' dir='ltr'><strong>cjus</strong></span> <span class='ocrx_word' id='word_1_276' title='bbox 927 2233 1318 2288; x_wconf 86' lang='lat' dir='ltr'><strong>remansissent</strong></span> <span class='ocrx_word' id='word_1_277' title='bbox 1359 2229 1595 2294; x_wconf 81' lang='lat' dir='ltr'><strong>extenti,</strong></span> <span class='ocrx_word' id='word_1_278' title='bbox 1653 2229 1795 2284; x_wconf 91' lang='lat' dir='ltr'><strong>intra</strong></span> <span class='ocrx_word' id='word_1_279' title='bbox 1840 2228 2048 2284; x_wconf 87' lang='lat' dir='ltr'><strong>corium</strong></span> 
     </span>
    </p>
   </div>
   <div class='ocr_carea' id='block_1_37' title="bbox 459 2318 2046 2396">
    <p class='ocr_par' dir='ltr' id='par_1_37' title="bbox 459 2318 2046 2396">
     <span class='ocr_line' id='line_1_37' title="bbox 459 2318 2046 2396; baseline -0.006 -14"><span class='ocrx_word' id='word_1_280' title='bbox 459 2339 719 2396; x_wconf 88' lang='lat' dir='ltr'><strong>percussa</strong></span> <span class='ocrx_word' id='word_1_281' title='bbox 747 2340 776 2378; x_wconf 90' lang='lat' dir='ltr'><strong>a</strong></span> <span class='ocrx_word' id='word_1_282' title='bbox 801 2323 1070 2380; x_wconf 84' lang='lat' dir='ltr'><strong>Mercurio</strong></span> <span class='ocrx_word' id='word_1_283' title='bbox 1091 2322 1326 2380; x_wconf 90' lang='lat' dir='ltr'><strong>sonitum</strong></span> <span class='ocrx_word' id='word_1_284' title='bbox 1351 2321 1522 2386; x_wconf 88' lang='lat' dir='ltr'><strong>dedit,</strong></span> <span class='ocrx_word' id='word_1_285' title='bbox 1547 2320 1612 2374; x_wconf 90' lang='lat' dir='ltr'><strong>ad</strong></span> <span class='ocrx_word' id='word_1_286' title='bbox 1643 2320 1796 2390; x_wconf 86' lang='lat' dir='ltr'><strong>cujus</strong></span> <span class='ocrx_word' id='word_1_287' title='bbox 1815 2318 2046 2389; x_wconf 90' lang='lat' dir='ltr'><strong>speciem</strong></span> 
     </span>
    </p>
   </div>
   <div class='ocr_carea' id='block_1_38' title="bbox 459 2409 2048 2488">
    <p class='ocr_par' dir='ltr' id='par_1_38' title="bbox 459 2409 2048 2488">
     <span class='ocr_line' id='line_1_38' title="bbox 459 2409 2048 2488; baseline -0.001 -17"><span class='ocrx_word' id='word_1_288' title='bbox 459 2417 759 2474; x_wconf 82' lang='lat' dir='ltr'><strong>Mercurius</strong></span> <span class='ocrx_word' id='word_1_289' title='bbox 802 2415 973 2488; x_wconf 87' lang='lat' dir='ltr'><strong>lyram</strong></span> <span class='ocrx_word' id='word_1_290' title='bbox 1021 2414 1172 2482; x_wconf 88' lang='lat' dir='ltr'><strong>fecit,</strong></span> <span class='ocrx_word' id='word_1_291' title='bbox 1206 2423 1262 2470; x_wconf 91' lang='lat' dir='ltr'><strong>et</strong></span> <span class='ocrx_word' id='word_1_292' title='bbox 1290 2414 1506 2485; x_wconf 88' lang='lat' dir='ltr'><strong>Orpheo</strong></span> <span class='ocrx_word' id='word_1_293' title='bbox 1533 2413 1776 2478; x_wconf 89' lang='lat' dir='ltr'><strong>tradidit,</strong></span> <span class='ocrx_word' id='word_1_294' title='bbox 1802 2413 1894 2483; x_wconf 90' lang='lat' dir='ltr'><strong>qui</strong></span> <span class='ocrx_word' id='word_1_295' title='bbox 1933 2409 2048 2480; x_wconf 82' lang='lat' dir='ltr'><strong>eius</strong></span> 
     </span>
    </p>
   </div>
   <div class='ocr_carea' id='block_1_39' title="bbox 458 2503 2048 2562">
    <p class='ocr_par' dir='ltr' id='par_1_39' title="bbox 458 2503 2048 2562">
     <span class='ocr_line' id='line_1_39' title="bbox 458 2503 2048 2562; baseline -0.003 0"><span class='ocrx_word' id='word_1_296' title='bbox 458 2507 540 2562; x_wconf 86' lang='lat' dir='ltr'><strong>rei</strong></span> <span class='ocrx_word' id='word_1_297' title='bbox 568 2507 804 2562; x_wconf 79' lang='lat' dir='ltr'><strong>maxime</strong></span> <span class='ocrx_word' id='word_1_298' title='bbox 832 2505 1106 2561; x_wconf 91' lang='lat' dir='ltr'><strong>studiosus</strong></span> <span class='ocrx_word' id='word_1_299' title='bbox 1131 2513 1250 2560; x_wconf 90' lang='lat' dir='ltr'><strong>erat</strong></span> <span class='ocrx_word' id='word_1_300' title='bbox 1268 2518 1281 2558; x_wconf 89' lang='lat'><strong>:</strong></span> <span class='ocrx_word' id='word_1_301' title='bbox 1307 2505 1449 2559; x_wconf 87' lang='lat' dir='ltr'><strong>unde</strong></span> <span class='ocrx_word' id='word_1_302' title='bbox 1469 2512 1526 2559; x_wconf 88' lang='lat' dir='ltr'><strong>et</strong></span> <span class='ocrx_word' id='word_1_303' title='bbox 1543 2504 1842 2560; x_wconf 70' lang='lat' dir='ltr'><strong>aestimatur</strong></span> <span class='ocrx_word' id='word_1_304' title='bbox 1858 2503 2048 2558; x_wconf 88' lang='lat' dir='ltr'><strong>eadem</strong></span> 
     </span>
    </p>
   </div>
   <div class='ocr_carea' id='block_1_40' title="bbox 459 2593 2049 2666">
    <p class='ocr_par' dir='ltr' id='par_1_40' title="bbox 459 2593 2049 2666">
     <span class='ocr_line' id='line_1_40' title="bbox 459 2593 2049 2666; baseline -0.003 -14"><span class='ocrx_word' id='word_1_305' title='bbox 459 2607 578 2653; x_wconf 90' lang='lat' dir='ltr'><strong>arte</strong></span> <span class='ocrx_word' id='word_1_306' title='bbox 606 2612 712 2652; x_wconf 91' lang='lat' dir='ltr'><strong>non</strong></span> <span class='ocrx_word' id='word_1_307' title='bbox 738 2595 884 2652; x_wconf 88' lang='lat' dir='ltr'><strong>feras</strong></span> <span class='ocrx_word' id='word_1_308' title='bbox 910 2603 1142 2660; x_wconf 89' lang='lat' dir='ltr'><strong>tantum,</strong></span> <span class='ocrx_word' id='word_1_309' title='bbox 1168 2595 1263 2651; x_wconf 90' lang='lat' dir='ltr'><strong>sed</strong></span> <span class='ocrx_word' id='word_1_310' title='bbox 1285 2603 1339 2650; x_wconf 88' lang='lat' dir='ltr'><strong>et</strong></span> <span class='ocrx_word' id='word_1_311' title='bbox 1368 2610 1499 2650; x_wconf 78' lang='lat' dir='ltr'><strong>saxa</strong></span> <span class='ocrx_word' id='word_1_312' title='bbox 1545 2603 1707 2666; x_wconf 91' lang='lat' dir='ltr'><strong>atque</strong></span> <span class='ocrx_word' id='word_1_313' title='bbox 1736 2593 1900 2648; x_wconf 88' lang='lat' dir='ltr'><strong>silvas</strong></span> <span class='ocrx_word' id='word_1_314' title='bbox 1921 2608 2049 2648; x_wconf 89' lang='lat' dir='ltr'><strong>can-</strong></span> 
     </span>
    </p>
   </div>
   <div class='ocr_carea' id='block_1_41' title="bbox 459 2685 2048 2758">
    <p class='ocr_par' dir='ltr' id='par_1_41' title="bbox 459 2685 2048 2758">
     <span class='ocr_line' id='line_1_41' title="bbox 459 2685 2048 2758; baseline -0.004 -15"><span class='ocrx_word' id='word_1_315' title='bbox 459 2698 546 2745; x_wconf 92' lang='lat' dir='ltr'><strong>tus</strong></span> <span class='ocrx_word' id='word_1_316' title='bbox 568 2687 932 2743; x_wconf 90' lang='lat' dir='ltr'><strong>modulatione</strong></span> <span class='ocrx_word' id='word_1_317' title='bbox 945 2687 1286 2758; x_wconf 87' lang='lat' dir='ltr'><strong>applicuisse.</strong></span> <span class='ocrx_word' id='word_1_318' title='bbox 1309 2685 1462 2741; x_wconf 79' lang='lat' dir='ltr'><strong>Hanc</strong></span> <span class='ocrx_word' id='word_1_319' title='bbox 1491 2686 1682 2740; x_wconf 92' lang='lat' dir='ltr'><strong>musici</strong></span> <span class='ocrx_word' id='word_1_320' title='bbox 1716 2693 2048 2740; x_wconf 89' lang='lat' dir='ltr'><strong>structuram</strong></span> 
     </span>
    </p>
   </div>
   <div class='ocr_carea' id='block_1_42' title="bbox 456 2776 2048 2847">
    <p class='ocr_par' dir='ltr' id='par_1_42' title="bbox 456 2776 2048 2847">
     <span class='ocr_line' id='line_1_42' title="bbox 456 2776 2048 2847; baseline 0.001 -17"><span class='ocrx_word' id='word_1_321' title='bbox 456 2785 678 2847; x_wconf 85' lang='lat' dir='ltr'><strong>propter</strong></span> <span class='ocrx_word' id='word_1_322' title='bbox 703 2777 868 2834; x_wconf 89' lang='lat' dir='ltr'><strong>studii</strong></span> <span class='ocrx_word' id='word_1_323' title='bbox 886 2791 1146 2841; x_wconf 89' lang='lat' dir='ltr'><strong>amorem,</strong></span> <span class='ocrx_word' id='word_1_324' title='bbox 1173 2787 1228 2832; x_wconf 93' lang='lat' dir='ltr'><strong>et</strong></span> <span class='ocrx_word' id='word_1_325' title='bbox 1250 2777 1508 2833; x_wconf 80' lang='lat' dir='ltr'><strong>carminis</strong></span> <span class='ocrx_word' id='word_1_326' title='bbox 1531 2776 1766 2843; x_wconf 87' lang='lat' dir='ltr'><strong>laudem,</strong></span> <span class='ocrx_word' id='word_1_327' title='bbox 1781 2776 1944 2830; x_wconf 88' lang='lat' dir='ltr'><strong>etiam</strong></span> <span class='ocrx_word' id='word_1_328' title='bbox 1967 2776 2048 2832; x_wconf 90' lang='lat' dir='ltr'><strong>in-</strong></span> 
     </span>
    </p>
   </div>
   <div class='ocr_carea' id='block_1_43' title="bbox 455 2867 2046 2925">
    <p class='ocr_par' dir='ltr' id='par_1_43' title="bbox 455 2867 2046 2925">
     <span class='ocr_line' id='line_1_43' title="bbox 455 2867 2046 2925; baseline 0.001 -4"><span class='ocrx_word' id='word_1_329' title='bbox 455 2877 539 2923; x_wconf 89' lang='lat' dir='ltr'><strong>ter</strong></span> <span class='ocrx_word' id='word_1_330' title='bbox 565 2868 743 2924; x_wconf 90' lang='lat' dir='ltr'><strong>sidera</strong></span> <span class='ocrx_word' id='word_1_331' title='bbox 769 2883 990 2924; x_wconf 89' lang='lat' dir='ltr'><strong>suarum</strong></span> <span class='ocrx_word' id='word_1_332' title='bbox 1020 2867 1327 2924; x_wconf 88' lang='lat' dir='ltr'><strong>fabularum</strong></span> <span class='ocrx_word' id='word_1_333' title='bbox 1360 2867 1682 2924; x_wconf 88' lang='lat' dir='ltr'><strong>commentis</strong></span> <span class='ocrx_word' id='word_1_334' title='bbox 1725 2867 2046 2925; x_wconf 89' lang='lat' dir='ltr'><strong>collocatam</strong></span> 
     </span>
    </p>
   </div>
   <div class='ocr_carea' id='block_1_44' title="bbox 453 2959 2047 3033">
    <p class='ocr_par' dir='ltr' id='par_1_44' title="bbox 453 2959 2047 3033">
     <span class='ocr_line' id='line_1_44' title="bbox 453 2959 2047 3033; baseline 0.002 -19"><span class='ocrx_word' id='word_1_335' title='bbox 453 2975 572 3016; x_wconf 89' lang='lat' dir='ltr'><strong>esse</strong></span> <span class='ocrx_word' id='word_1_336' title='bbox 601 2959 894 3016; x_wconf 85' lang='lat' dir='ltr'><strong>finxerunt.</strong></span> <span class='ocrx_word' id='word_1_337' title='bbox 935 2961 1075 3033; x_wconf 85' lang='lat' dir='ltr'><strong>Lyra</strong></span> <span class='ocrx_word' id='word_1_338' title='bbox 1104 2961 1248 3016; x_wconf 92' lang='lat' dir='ltr'><strong>enim</strong></span> <span class='ocrx_word' id='word_1_339' title='bbox 1278 2961 1506 3033; x_wconf 88' lang='lat' dir='ltr'><strong>mystice</strong></span> <span class='ocrx_word' id='word_1_340' title='bbox 1534 2959 1806 3033; x_wconf 83' lang='lat' dir='ltr'><strong>significat</strong></span> <span class='ocrx_word' id='word_1_341' title='bbox 1831 2969 2047 3017; x_wconf 90' lang='lat' dir='ltr'><strong>sancto-</strong></span> 
     </span>
    </p>
   </div>
   <div class='ocr_carea' id='block_1_45' title="bbox 453 3049 2040 3124">
    <p class='ocr_par' dir='ltr' id='par_1_45' title="bbox 453 3049 2040 3124">
     <span class='ocr_line' id='line_1_45' title="bbox 453 3049 2040 3124; baseline 0.003 -20"><span class='ocrx_word' id='word_1_342' title='bbox 453 3065 574 3104; x_wconf 86' lang='lat' dir='ltr'><strong>rum</strong></span> <span class='ocrx_word' id='word_1_343' title='bbox 593 3049 1030 3108; x_wconf 79' lang='lat' dir='ltr'><strong>exsultationem.</strong></span> <span class='ocrx_word' id='word_1_344' title='bbox 1064 3051 1220 3109; x_wconf 92' lang='lat' dir='ltr'><strong>Unde</strong></span> <span class='ocrx_word' id='word_1_345' title='bbox 1255 3053 1308 3108; x_wconf 90' lang='lat' dir='ltr'><strong>in</strong></span> <span class='ocrx_word' id='word_1_346' title='bbox 1334 3052 1783 3124; x_wconf 88' lang='lat' dir='ltr'><strong>Paralipomenon</strong></span> <span class='ocrx_word' id='word_1_347' title='bbox 1805 3052 2002 3124; x_wconf 82' lang='lat' dir='ltr'><strong>legitur</strong></span> <span class='ocrx_word' id='word_1_348' title='bbox 2027 3073 2040 3108; x_wconf 92' lang='lat'><strong>:</strong></span> 
     </span>
    </p>
   </div>
   <div class='ocr_carea' id='block_1_46' title="bbox 454 3139 2110 3236">
    <p class='ocr_par' dir='ltr' id='par_1_46' title="bbox 454 3139 2110 3236">
     <span class='ocr_line' id='line_1_46' title="bbox 454 3139 2110 3236; baseline 0.003 -42"><span class='ocrx_word' id='word_1_349' title='bbox 454 3139 542 3236; x_wconf 66' lang='grc' dir='ltr'><strong>1ηΔ</strong></span> <span class='ocrx_word' id='word_1_350' title='bbox 563 3140 692 3236; x_wconf 77' lang='lat' dir='ltr'><strong>lyris</strong></span> <span class='ocrx_word' id='word_1_351' title='bbox 745 3151 794 3196; x_wconf 87' lang='lat' dir='ltr'><strong>et</strong></span> <span class='ocrx_word' id='word_1_352' title='bbox 823 3141 998 3236; x_wconf 63' lang='lat' dir='ltr'><strong>nablis</strong></span> <span class='ocrx_word' id='word_1_353' title='bbox 1027 3142 1077 3214; x_wconf 84' lang='grc'><strong>(1</strong></span> <span class='ocrx_word' id='word_1_354' title='bbox 1109 3142 1234 3236; x_wconf 56' lang='grc' dir='ltr'><strong>ξαν.</strong></span> <span class='ocrx_word' id='word_1_355' title='bbox 1261 3143 1384 3215; x_wconf 80' lang='lat' dir='ltr'><strong>xv);</strong></span> <span class='ocrx_word' id='word_1_356' title='bbox 1415 3153 1472 3199; x_wconf 91' lang='lat' dir='ltr'><strong>et</strong></span> <span class='ocrx_word' id='word_1_357' title='bbox 1496 3144 1550 3199; x_wconf 90' lang='lat' dir='ltr'><strong>in</strong></span> <span class='ocrx_word' id='word_1_358' title='bbox 1579 3145 1776 3200; x_wconf 90' lang='lat' dir='ltr'><strong>malam</strong></span> <span class='ocrx_word' id='word_1_359' title='bbox 1803 3153 2036 3216; x_wconf 87' lang='lat' dir='ltr'><strong>partem,</strong></span> <span class='ocrx_word' id='word_1_360' title='bbox 2069 3181 2110 3236; x_wconf 65' lang='grc' dir='ltr'><strong>ο</strong></span> 
     </span>
    </p>
   </div>
   <div class='ocr_carea' id='block_1_47' title="bbox 451 3230 2032 3310">
    <p class='ocr_par' dir='ltr' id='par_1_47' title="bbox 451 3230 2032 3310">
     <span class='ocr_line' id='line_1_47' title="bbox 451 3230 2032 3310; baseline 0.004 -27"><span class='ocrx_word' id='word_1_361' title='bbox 451 3240 509 3286; x_wconf 86' lang='lat' dir='ltr'><strong>ut</strong></span> <span class='ocrx_word' id='word_1_362' title='bbox 531 3231 584 3286; x_wconf 92' lang='lat' dir='ltr'><strong>in</strong></span> <span class='ocrx_word' id='word_1_363' title='bbox 602 3230 768 3288; x_wconf 87' lang='lat' dir='ltr'><strong>Amos</strong></span> <span class='ocrx_word' id='word_1_364' title='bbox 786 3251 799 3287; x_wconf 93' lang='lat'><strong>:</strong></span> <span class='ocrx_word' id='word_1_365' title='bbox 815 3231 884 3286; x_wconf 84' lang='lat' dir='ltr'><strong>Et</strong></span> <span class='ocrx_word' id='word_1_366' title='bbox 905 3234 1110 3287; x_wconf 86' lang='lat' dir='ltr'><strong>cantica</strong></span> <span class='ocrx_word' id='word_1_367' title='bbox 1127 3232 1256 3304; x_wconf 73' lang='lat' dir='ltr'><strong>lyra:</strong></span> <span class='ocrx_word' id='word_1_368' title='bbox 1274 3243 1379 3289; x_wconf 71' lang='lat' dir='ltr'><strong>nam</strong></span> <span class='ocrx_word' id='word_1_369' title='bbox 1401 3251 1503 3289; x_wconf 92' lang='lat' dir='ltr'><strong>non</strong></span> <span class='ocrx_word' id='word_1_370' title='bbox 1525 3236 1740 3290; x_wconf 86' lang='lat' dir='ltr'><strong>audiam</strong></span> <span class='ocrx_word' id='word_1_371' title='bbox 1763 3236 1941 3309; x_wconf 82' lang='lat' dir='ltr'><strong>(Amos</strong></span> <span class='ocrx_word' id='word_1_372' title='bbox 1954 3238 2032 3310; x_wconf 86' lang='lat' dir='ltr'><strong>v).</strong></span> 
     </span>
    </p>
   </div>
   <div class='ocr_carea' id='block_1_48' title="bbox 451 3321 2037 3398">
    <p class='ocr_par' dir='ltr' id='par_1_48' title="bbox 451 3321 2037 3398">
     <span class='ocr_line' id='line_1_48' title="bbox 451 3321 2037 3398; baseline 0.003 -20"><span class='ocrx_word' id='word_1_373' title='bbox 451 3321 790 3392; x_wconf 87' lang='lat' dir='ltr'><strong>Tympanum</strong></span> <span class='ocrx_word' id='word_1_374' title='bbox 815 3329 901 3379; x_wconf 84' lang='lat' dir='ltr'><strong>est</strong></span> <span class='ocrx_word' id='word_1_375' title='bbox 923 3321 1078 3393; x_wconf 91' lang='lat' dir='ltr'><strong>pellis</strong></span> <span class='ocrx_word' id='word_1_376' title='bbox 1120 3322 1204 3378; x_wconf 91' lang='lat' dir='ltr'><strong>vel</strong></span> <span class='ocrx_word' id='word_1_377' title='bbox 1253 3323 1458 3378; x_wconf 91' lang='lat' dir='ltr'><strong>corium</strong></span> <span class='ocrx_word' id='word_1_378' title='bbox 1486 3325 1631 3396; x_wconf 91' lang='lat' dir='ltr'><strong>ligno</strong></span> <span class='ocrx_word' id='word_1_379' title='bbox 1659 3341 1722 3381; x_wconf 83' lang='lat' dir='ltr'><strong>ex</strong></span> <span class='ocrx_word' id='word_1_380' title='bbox 1751 3343 1856 3381; x_wconf 90' lang='lat' dir='ltr'><strong>una</strong></span> <span class='ocrx_word' id='word_1_381' title='bbox 1883 3337 2037 3398; x_wconf 89' lang='lat' dir='ltr'><strong>parte</strong></span> 
     </span>
    </p>
   </div>
   <div class='ocr_carea' id='block_1_49' title="bbox 450 3415 2038 3488">
    <p class='ocr_par' dir='ltr' id='par_1_49' title="bbox 450 3415 2038 3488">
     <span class='ocr_line' id='line_1_49' title="bbox 450 3415 2038 3488; baseline 0.004 -18"><span class='ocrx_word' id='word_1_382' title='bbox 450 3421 728 3470; x_wconf 73' lang='lat' dir='ltr'><strong>extentum</strong></span> <span class='ocrx_word' id='word_1_383' title='bbox 754 3428 769 3468; x_wconf 89' lang='lat'><strong>:</strong></span> <span class='ocrx_word' id='word_1_384' title='bbox 793 3423 878 3470; x_wconf 91' lang='lat' dir='ltr'><strong>est</strong></span> <span class='ocrx_word' id='word_1_385' title='bbox 904 3421 1082 3468; x_wconf 90' lang='lat' dir='ltr'><strong>autem</strong></span> <span class='ocrx_word' id='word_1_386' title='bbox 1105 3429 1234 3485; x_wconf 88' lang='lat' dir='ltr'><strong>pars</strong></span> <span class='ocrx_word' id='word_1_387' title='bbox 1261 3415 1434 3470; x_wconf 88' lang='lat' dir='ltr'><strong>media</strong></span> <span class='ocrx_word' id='word_1_388' title='bbox 1461 3418 1793 3488; x_wconf 66' lang='lat' dir='ltr'><strong>symphoniae</strong></span> <span class='ocrx_word' id='word_1_389' title='bbox 1816 3421 1869 3474; x_wconf 90' lang='lat' dir='ltr'><strong>in</strong></span> <span class='ocrx_word' id='word_1_390' title='bbox 1894 3421 2038 3476; x_wconf 89' lang='lat' dir='ltr'><strong>simi-</strong></span> 
     </span>
    </p>
   </div>
   <div class='ocr_carea' id='block_1_50' title="bbox 446 3506 2036 3580">
    <p class='ocr_par' dir='ltr' id='par_1_50' title="bbox 446 3506 2036 3580">
     <span class='ocr_line' id='line_1_50' title="bbox 446 3506 2036 3580; baseline 0.005 -20"><span class='ocrx_word' id='word_1_391' title='bbox 446 3506 730 3562; x_wconf 89' lang='lat' dir='ltr'><strong>litudinem</strong></span> <span class='ocrx_word' id='word_1_392' title='bbox 753 3506 939 3570; x_wconf 87' lang='lat' dir='ltr'><strong>cribri,</strong></span> <span class='ocrx_word' id='word_1_393' title='bbox 967 3515 1280 3578; x_wconf 84' lang='lat' dir='ltr'><strong>tympanum</strong></span> <span class='ocrx_word' id='word_1_394' title='bbox 1309 3508 1509 3563; x_wconf 90' lang='lat' dir='ltr'><strong>dictum</strong></span> <span class='ocrx_word' id='word_1_395' title='bbox 1531 3523 1595 3564; x_wconf 90' lang='lat' dir='ltr'><strong>eo</strong></span> <span class='ocrx_word' id='word_1_396' title='bbox 1609 3511 1752 3580; x_wconf 85' lang='lat' dir='ltr'><strong>quod</strong></span> <span class='ocrx_word' id='word_1_397' title='bbox 1782 3513 1836 3566; x_wconf 92' lang='lat' dir='ltr'><strong>in</strong></span> <span class='ocrx_word' id='word_1_398' title='bbox 1861 3515 2036 3569; x_wconf 89' lang='lat' dir='ltr'><strong>medio</strong></span> 
     </span>
    </p>
   </div>
   <div class='ocr_carea' id='block_1_51' title="bbox 448 3596 2031 3671">
    <p class='ocr_par' dir='ltr' id='par_1_51' title="bbox 448 3596 2031 3671">
     <span class='ocr_line' id='line_1_51' title="bbox 448 3596 2031 3671; baseline 0.004 -20"><span class='ocrx_word' id='word_1_399' title='bbox 448 3605 532 3651; x_wconf 88' lang='lat' dir='ltr'><strong>est</strong></span> <span class='ocrx_word' id='word_1_400' title='bbox 555 3615 568 3651; x_wconf 90' lang='lat'><strong>:</strong></span> <span class='ocrx_word' id='word_1_401' title='bbox 598 3597 738 3652; x_wconf 91' lang='lat' dir='ltr'><strong>unde</strong></span> <span class='ocrx_word' id='word_1_402' title='bbox 759 3604 814 3651; x_wconf 91' lang='lat' dir='ltr'><strong>et</strong></span> <span class='ocrx_word' id='word_1_403' title='bbox 840 3597 1186 3666; x_wconf 65' lang='lat' dir='ltr'><strong>margaritum</strong></span> <span class='ocrx_word' id='word_1_404' title='bbox 1211 3596 1446 3652; x_wconf 90' lang='lat' dir='ltr'><strong>medium</strong></span> <span class='ocrx_word' id='word_1_405' title='bbox 1473 3607 1779 3671; x_wconf 87' lang='lat' dir='ltr'><strong>tympanum</strong></span> <span class='ocrx_word' id='word_1_406' title='bbox 1802 3602 2031 3657; x_wconf 86' lang='lat' dir='ltr'><strong>dicitur:</strong></span> 
     </span>
    </p>
   </div>
   <div class='ocr_carea' id='block_1_52' title="bbox 449 3690 2038 3768">
    <p class='ocr_par' dir='ltr' id='par_1_52' title="bbox 449 3690 2038 3768">
     <span class='ocr_line' id='line_1_52' title="bbox 449 3690 2038 3768; baseline 0.006 -26"><span class='ocrx_word' id='word_1_407' title='bbox 449 3699 506 3744; x_wconf 76' lang='lat' dir='ltr'><strong>et</strong></span> <span class='ocrx_word' id='word_1_408' title='bbox 535 3691 709 3760; x_wconf 89' lang='lat' dir='ltr'><strong>ipsum</strong></span> <span class='ocrx_word' id='word_1_409' title='bbox 735 3697 794 3745; x_wconf 92' lang='lat' dir='ltr'><strong>ut</strong></span> <span class='ocrx_word' id='word_1_410' title='bbox 814 3690 1132 3762; x_wconf 83' lang='lat' dir='ltr'><strong>symphonia</strong></span> <span class='ocrx_word' id='word_1_411' title='bbox 1164 3691 1231 3745; x_wconf 91' lang='lat' dir='ltr'><strong>ad</strong></span> <span class='ocrx_word' id='word_1_412' title='bbox 1254 3691 1515 3762; x_wconf 83' lang='lat' dir='ltr'><strong>virgulam</strong></span> <span class='ocrx_word' id='word_1_413' title='bbox 1541 3695 1858 3763; x_wconf 88' lang='lat' dir='ltr'><strong>percutitur.</strong></span> <span class='ocrx_word' id='word_1_414' title='bbox 1875 3696 2038 3768; x_wconf 86' lang='lat' dir='ltr'><strong>Tym—</strong></span> 
     </span>
    </p>
   </div>
   <div class='ocr_carea' id='block_1_53' title="bbox 448 3780 2035 3854">
    <p class='ocr_par' dir='ltr' id='par_1_53' title="bbox 448 3780 2035 3854">
     <span class='ocr_line' id='line_1_53' title="bbox 448 3780 2035 3854; baseline 0.006 -20"><span class='ocrx_word' id='word_1_415' title='bbox 448 3795 646 3850; x_wconf 85' lang='lat' dir='ltr'><strong>panqu</strong></span> <span class='ocrx_word' id='word_1_416' title='bbox 675 3780 864 3850; x_wconf 87' lang='lat' dir='ltr'><strong>paucis</strong></span> <span class='ocrx_word' id='word_1_417' title='bbox 889 3780 1068 3836; x_wconf 79' lang='lat' dir='ltr'><strong>verbis</strong></span> <span class='ocrx_word' id='word_1_418' title='bbox 1094 3780 1350 3851; x_wconf 75' lang='lat' dir='ltr'><strong>explicari</strong></span> <span class='ocrx_word' id='word_1_419' title='bbox 1387 3794 1620 3852; x_wconf 90' lang='lat' dir='ltr'><strong>oportet,</strong></span> <span class='ocrx_word' id='word_1_420' title='bbox 1644 3785 1785 3854; x_wconf 92' lang='lat' dir='ltr'><strong>quod</strong></span> <span class='ocrx_word' id='word_1_421' title='bbox 1814 3787 2035 3843; x_wconf 90' lang='lat' dir='ltr'><strong>minima</strong></span> 
     </span>
    </p>
   </div>
   <div class='ocr_carea' id='block_1_54' title="bbox 447 3865 2034 3950">
    <p class='ocr_par' dir='ltr' id='par_1_54' title="bbox 447 3865 2034 3950">
     <span class='ocr_line' id='line_1_54' title="bbox 447 3865 2034 3950; baseline 0.004 -21"><span class='ocrx_word' id='word_1_422' title='bbox 447 3891 535 3930; x_wconf 89' lang='lat' dir='ltr'><strong>res</strong></span> <span class='ocrx_word' id='word_1_423' title='bbox 561 3883 662 3940; x_wconf 87' lang='lat' dir='ltr'><strong>est,</strong></span> <span class='ocrx_word' id='word_1_424' title='bbox 714 3891 780 3931; x_wconf 91' lang='lat' dir='ltr'><strong>co</strong></span> <span class='ocrx_word' id='word_1_425' title='bbox 806 3875 952 3946; x_wconf 87' lang='lat' dir='ltr'><strong>quod</strong></span> <span class='ocrx_word' id='word_1_426' title='bbox 995 3875 1049 3929; x_wconf 88' lang='lat' dir='ltr'><strong>in</strong></span> <span class='ocrx_word' id='word_1_427' title='bbox 1099 3890 1260 3930; x_wconf 88' lang='lat' dir='ltr'><strong>manu</strong></span> <span class='ocrx_word' id='word_1_428' title='bbox 1291 3875 1534 3932; x_wconf 88' lang='lat' dir='ltr'><strong>mulieris</strong></span> <span class='ocrx_word' id='word_1_429' title='bbox 1575 3865 1782 3948; x_wconf 85' lang='lat' dir='ltr'><strong>portari</strong></span> <span class='ocrx_word' id='word_1_430' title='bbox 1835 3890 2034 3950; x_wconf 89' lang='lat' dir='ltr'><strong>potest,</strong></span> 
     </span>
    </p>
   </div>
   <div class='ocr_carea' id='block_1_55' title="bbox 444 3965 2036 4037">
    <p class='ocr_par' dir='ltr' id='par_1_55' title="bbox 444 3965 2036 4037">
     <span class='ocr_line' id='line_1_55' title="bbox 444 3965 2036 4037; baseline 0.003 -17"><span class='ocrx_word' id='word_1_431' title='bbox 444 3967 585 4021; x_wconf 84' lang='lat' dir='ltr'><strong>sicut</strong></span> <span class='ocrx_word' id='word_1_432' title='bbox 607 3966 864 4036; x_wconf 70' lang='lat' dir='ltr'><strong>scriptum</strong></span> <span class='ocrx_word' id='word_1_433' title='bbox 895 3975 980 4022; x_wconf 91' lang='lat' dir='ltr'><strong>est</strong></span> <span class='ocrx_word' id='word_1_434' title='bbox 1007 3967 1059 4020; x_wconf 90' lang='lat' dir='ltr'><strong>in</strong></span> <span class='ocrx_word' id='word_1_435' title='bbox 1095 3966 1280 4022; x_wconf 83' lang='lat' dir='ltr'><strong>Exodo</strong></span> <span class='ocrx_word' id='word_1_436' title='bbox 1309 3985 1322 4020; x_wconf 88' lang='lat'><strong>:</strong></span> <span class='ocrx_word' id='word_1_437' title='bbox 1353 3965 1587 4037; x_wconf 80' lang='lat' dir='ltr'><strong>Sumpsit</strong></span> <span class='ocrx_word' id='word_1_438' title='bbox 1633 3979 1809 4023; x_wconf 80' lang='lat' dir='ltr'><strong>autem</strong></span> <span class='ocrx_word' id='word_1_439' title='bbox 1861 3969 2036 4026; x_wconf 76' lang='lat' dir='ltr'><strong>Maria</strong></span> 
     </span>
    </p>
   </div>
   <div class='ocr_carea' id='block_1_56' title="bbox 443 4055 2035 4128">
    <p class='ocr_par' dir='ltr' id='par_1_56' title="bbox 443 4055 2035 4128">
     <span class='ocr_line' id='line_1_56' title="bbox 443 4055 2035 4128; baseline 0.004 -18"><span class='ocrx_word' id='word_1_440' title='bbox 443 4058 770 4128; x_wconf 78' lang='lat' dir='ltr'><strong>prophetissa</strong></span> <span class='ocrx_word' id='word_1_441' title='bbox 823 4073 974 4111; x_wconf 88' lang='lat' dir='ltr'><strong>soror</strong></span> <span class='ocrx_word' id='word_1_442' title='bbox 1021 4055 1200 4111; x_wconf 82' lang='lat' dir='ltr'><strong>Aaron</strong></span> <span class='ocrx_word' id='word_1_443' title='bbox 1258 4066 1561 4128; x_wconf 80' lang='lat' dir='ltr'><strong>tympanum</strong></span> <span class='ocrx_word' id='word_1_444' title='bbox 1618 4059 1674 4112; x_wconf 86' lang='lat' dir='ltr'><strong>in</strong></span> <span class='ocrx_word' id='word_1_445' title='bbox 1724 4075 1884 4114; x_wconf 83' lang='lat' dir='ltr'><strong>manu</strong></span> <span class='ocrx_word' id='word_1_446' title='bbox 1937 4078 2035 4116; x_wconf 88' lang='lat' dir='ltr'><strong>sua</strong></span> 
     </span>
    </p>
   </div>
   <div class='ocr_carea' id='block_1_57' title="bbox 445 4146 2036 4221">
    <p class='ocr_par' dir='ltr' id='par_1_57' title="bbox 445 4146 2036 4221">
     <span class='ocr_line' id='line_1_57' title="bbox 445 4146 2036 4221; baseline 0.003 -21"><span class='ocrx_word' id='word_1_447' title='bbox 445 4146 643 4220; x_wconf 76' lang='lat' dir='ltr'><strong>(Exod.</strong></span> <span class='ocrx_word' id='word_1_448' title='bbox 689 4148 811 4220; x_wconf 79' lang='lat' dir='ltr'><strong>xv);</strong></span> <span class='ocrx_word' id='word_1_449' title='bbox 843 4159 897 4201; x_wconf 86' lang='lat' dir='ltr'><strong>et</strong></span> <span class='ocrx_word' id='word_1_450' title='bbox 936 4156 1018 4201; x_wconf 87' lang='lat' dir='ltr'><strong>est</strong></span> <span class='ocrx_word' id='word_1_451' title='bbox 1047 4147 1172 4202; x_wconf 86' lang='lat' dir='ltr'><strong>tuba</strong></span> <span class='ocrx_word' id='word_1_452' title='bbox 1205 4162 1326 4202; x_wconf 90' lang='lat' dir='ltr'><strong>cum</strong></span> <span class='ocrx_word' id='word_1_453' title='bbox 1375 4163 1482 4202; x_wconf 88' lang='lat' dir='ltr'><strong>una</strong></span> <span class='ocrx_word' id='word_1_454' title='bbox 1525 4148 1704 4204; x_wconf 79' lang='lat' dir='ltr'><strong>fistula</strong></span> <span class='ocrx_word' id='word_1_455' title='bbox 1758 4149 1812 4204; x_wconf 90' lang='lat' dir='ltr'><strong>in</strong></span> <span class='ocrx_word' id='word_1_456' title='bbox 1860 4151 2036 4221; x_wconf 87' lang='lat' dir='ltr'><strong>capite</strong></span> 
     </span>
    </p>
   </div>
   <div class='ocr_carea' id='block_1_58' title="bbox 443 4235 2035 4310">
    <p class='ocr_par' dir='ltr' id='par_1_58' title="bbox 443 4235 2035 4310">
     <span class='ocr_line' id='line_1_58' title="bbox 443 4235 2035 4310; baseline 0.003 -19"><span class='ocrx_word' id='word_1_457' title='bbox 443 4247 692 4310; x_wconf 86' lang='lat' dir='ltr'><strong>angusto,</strong></span> <span class='ocrx_word' id='word_1_458' title='bbox 737 4253 832 4308; x_wconf 87' lang='lat' dir='ltr'><strong>per</strong></span> <span class='ocrx_word' id='word_1_459' title='bbox 861 4237 1001 4306; x_wconf 88' lang='lat' dir='ltr'><strong>quod</strong></span> <span class='ocrx_word' id='word_1_460' title='bbox 1050 4235 1311 4306; x_wconf 88' lang='lat' dir='ltr'><strong>inspirat:</strong></span> <span class='ocrx_word' id='word_1_461' title='bbox 1339 4236 1418 4290; x_wconf 91' lang='lat' dir='ltr'><strong>sic</strong></span> <span class='ocrx_word' id='word_1_462' title='bbox 1445 4246 1498 4292; x_wconf 90' lang='lat' dir='ltr'><strong>et</strong></span> <span class='ocrx_word' id='word_1_463' title='bbox 1529 4237 1750 4292; x_wconf 89' lang='lat' dir='ltr'><strong>minima</strong></span> <span class='ocrx_word' id='word_1_464' title='bbox 1774 4240 2035 4309; x_wconf 87' lang='lat' dir='ltr'><strong>sapientia</strong></span> 
     </span>
    </p>
   </div>
   <div class='ocr_carea' id='block_1_59' title="bbox 446 4327 2036 4405">
    <p class='ocr_par' dir='ltr' id='par_1_59' title="bbox 446 4327 2036 4405">
     <span class='ocr_line' id='line_1_59' title="bbox 446 4327 2036 4405; baseline 0.006 -25"><span class='ocrx_word' id='word_1_465' title='bbox 446 4327 580 4401; x_wconf 83' lang='lat' dir='ltr'><strong>legis</strong></span> <span class='ocrx_word' id='word_1_466' title='bbox 625 4331 822 4386; x_wconf 76' lang='lat' dir='ltr'><strong>veteris</strong></span> <span class='ocrx_word' id='word_1_467' title='bbox 868 4331 920 4386; x_wconf 92' lang='lat' dir='ltr'><strong>in</strong></span> <span class='ocrx_word' id='word_1_468' title='bbox 950 4346 1112 4384; x_wconf 87' lang='lat' dir='ltr'><strong>manu</strong></span> <span class='ocrx_word' id='word_1_469' title='bbox 1141 4329 1448 4388; x_wconf 70' lang='lat' dir='ltr'><strong>Judteorum</strong></span> <span class='ocrx_word' id='word_1_470' title='bbox 1476 4337 1771 4405; x_wconf 79' lang='lat' dir='ltr'><strong>&#39;synagogae</strong></span> <span class='ocrx_word' id='word_1_471' title='bbox 1801 4335 2036 4405; x_wconf 89' lang='lat' dir='ltr'><strong>antiquis</strong></span> 
     </span>
    </p>
   </div>
   <div class='ocr_carea' id='block_1_60' title="bbox 443 4421 2033 4494">
    <p class='ocr_par' dir='ltr' id='par_1_60' title="bbox 443 4421 2033 4494">
     <span class='ocr_line' id='line_1_60' title="bbox 443 4421 2033 4494; baseline 0.002 -16"><span class='ocrx_word' id='word_1_472' title='bbox 443 4423 776 4492; x_wconf 85' lang='lat' dir='ltr'><strong>temporibus</strong></span> <span class='ocrx_word' id='word_1_473' title='bbox 805 4421 923 4478; x_wconf 87' lang='lat' dir='ltr'><strong>fuit.</strong></span> <span class='ocrx_word' id='word_1_474' title='bbox 953 4422 1084 4478; x_wconf 89' lang='lat' dir='ltr'><strong>Item</strong></span> <span class='ocrx_word' id='word_1_475' title='bbox 1113 4433 1424 4494; x_wconf 87' lang='lat' dir='ltr'><strong>tympanum</strong></span> <span class='ocrx_word' id='word_1_476' title='bbox 1471 4439 1667 4494; x_wconf 90' lang='lat' dir='ltr'><strong>corpus</strong></span> <span class='ocrx_word' id='word_1_477' title='bbox 1698 4433 2033 4482; x_wconf 88' lang='lat' dir='ltr'><strong>attenuatum</strong></span> 
     </span>
    </p>
   </div>
   <div class='ocr_carea' id='block_1_61' title="bbox 444 4516 2111 4609">
    <p class='ocr_par' dir='ltr' id='par_1_61' title="bbox 444 4516 2111 4609">
     <span class='ocr_line' id='line_1_61' title="bbox 444 4516 2111 4609; baseline 0.002 -37"><span class='ocrx_word' id='word_1_478' title='bbox 444 4516 722 4588; x_wconf 84' lang='lat' dir='ltr'><strong>injejunio</strong></span> <span class='ocrx_word' id='word_1_479' title='bbox 751 4517 1039 4590; x_wconf 77' lang='lat' dir='ltr'><strong>significat,</strong></span> <span class='ocrx_word' id='word_1_480' title='bbox 1072 4525 1132 4572; x_wconf 90' lang='lat' dir='ltr'><strong>ut</strong></span> <span class='ocrx_word' id='word_1_481' title='bbox 1161 4517 1217 4572; x_wconf 91' lang='lat' dir='ltr'><strong>in</strong></span> <span class='ocrx_word' id='word_1_482' title='bbox 1268 4518 1474 4588; x_wconf 90' lang='lat' dir='ltr'><strong>psalmo</strong></span> <span class='ocrx_word' id='word_1_483' title='bbox 1499 4537 1533 4572; x_wconf 84' lang='lat'><strong>:-</strong></span> <span class='ocrx_word' id='word_1_484' title='bbox 1554 4519 1790 4576; x_wconf 82' lang='lat' dir='ltr'><strong>Laudatc</strong></span> <span class='ocrx_word' id='word_1_485' title='bbox 1835 4537 1952 4575; x_wconf 85' lang='lat' dir='ltr'><strong>eum</strong></span> <span class='ocrx_word' id='word_1_486' title='bbox 1979 4523 2032 4575; x_wconf 87' lang='lat' dir='ltr'><strong>in</strong></span> <span class='ocrx_word' id='word_1_487' title='bbox 2059 4550 2111 4609; x_wconf 69' lang='grc' dir='ltr'><strong>Β</strong></span> 
     </span>
    </p>
   </div>
   <div class='ocr_carea' id='block_1_62' title="bbox 449 4606 2031 4688">
    <p class='ocr_par' dir='ltr' id='par_1_62' title="bbox 449 4606 2031 4688">
     <span class='ocr_line' id='line_1_62' title="bbox 449 4606 2031 4688; baseline 0.006 -28"><span class='ocrx_word' id='word_1_488' title='bbox 449 4617 696 4676; x_wconf 80' lang='lat' dir='ltr'><strong>tympano</strong></span> <span class='ocrx_word' id='word_1_489' title='bbox 718 4617 763 4662; x_wconf 87' lang='lat' dir='ltr'><strong>et</strong></span> <span class='ocrx_word' id='word_1_490' title='bbox 787 4609 942 4663; x_wconf 74' lang='lat' dir='ltr'><strong>choro</strong></span> <span class='ocrx_word' id='word_1_491' title='bbox 967 4606 1140 4688; x_wconf 56' lang='grc' dir='ltr'><strong>(ἕζεαι.</strong></span> <span class='ocrx_word' id='word_1_492' title='bbox 1188 4609 1297 4682; x_wconf 57' lang='grc' dir='ltr'><strong>(ιιι).</strong></span> <span class='ocrx_word' id='word_1_493' title='bbox 1327 4609 1538 4667; x_wconf 90' lang='lat' dir='ltr'><strong>Chorus</strong></span> <span class='ocrx_word' id='word_1_494' title='bbox 1567 4629 1780 4684; x_wconf 90' lang='lat' dir='ltr'><strong>quoque</strong></span> <span class='ocrx_word' id='word_1_495' title='bbox 1807 4615 2031 4684; x_wconf 79' lang='lat' dir='ltr'><strong>simplex</strong></span> 
     </span>
    </p>
   </div>
   <div class='ocr_carea' id='block_1_63' title="bbox 443 4699 2032 4778">
    <p class='ocr_par' dir='ltr' id='par_1_63' title="bbox 443 4699 2032 4778">
     <span class='ocr_line' id='line_1_63' title="bbox 443 4699 2032 4778; baseline 0.006 -24"><span class='ocrx_word' id='word_1_496' title='bbox 443 4699 602 4769; x_wconf 83' lang='lat' dir='ltr'><strong>pellis</strong></span> <span class='ocrx_word' id='word_1_497' title='bbox 629 4707 713 4756; x_wconf 91' lang='lat' dir='ltr'><strong>est</strong></span> <span class='ocrx_word' id='word_1_498' title='bbox 757 4715 880 4755; x_wconf 92' lang='lat' dir='ltr'><strong>cum</strong></span> <span class='ocrx_word' id='word_1_499' title='bbox 927 4703 1134 4757; x_wconf 89' lang='lat' dir='ltr'><strong>duabus</strong></span> <span class='ocrx_word' id='word_1_500' title='bbox 1157 4703 1349 4760; x_wconf 89' lang='lat' dir='ltr'><strong>cicutis</strong></span> <span class='ocrx_word' id='word_1_501' title='bbox 1395 4705 1572 4770; x_wconf 59' lang='lat' dir='ltr'><strong>aereis,</strong></span> <span class='ocrx_word' id='word_1_502' title='bbox 1601 4715 1653 4760; x_wconf 89' lang='lat' dir='ltr'><strong>et</strong></span> <span class='ocrx_word' id='word_1_503' title='bbox 1676 4723 1774 4778; x_wconf 91' lang='lat' dir='ltr'><strong>per</strong></span> <span class='ocrx_word' id='word_1_504' title='bbox 1803 4708 2032 4778; x_wconf 89' lang='lat' dir='ltr'><strong>primam</strong></span> 
     </span>
    </p>
   </div>
   <div class='ocr_carea' id='block_1_64' title="bbox 446 4790 2034 4870">
    <p class='ocr_par' dir='ltr' id='par_1_64' title="bbox 446 4790 2034 4870">
     <span class='ocr_line' id='line_1_64' title="bbox 446 4790 2034 4870; baseline 0.007 -27"><span class='ocrx_word' id='word_1_505' title='bbox 446 4790 747 4862; x_wconf 79' lang='lat' dir='ltr'><strong>inspiratur</strong></span> <span class='ocrx_word' id='word_1_506' title='bbox 783 4809 795 4846; x_wconf 89' lang='lat'><strong>:</strong></span> <span class='ocrx_word' id='word_1_507' title='bbox 839 4808 936 4862; x_wconf 87' lang='lat' dir='ltr'><strong>per</strong></span> <span class='ocrx_word' id='word_1_508' title='bbox 984 4793 1300 4860; x_wconf 88' lang='lat' dir='ltr'><strong>secundam,</strong></span> <span class='ocrx_word' id='word_1_509' title='bbox 1351 4809 1538 4850; x_wconf 90' lang='lat' dir='ltr'><strong>vocem</strong></span> <span class='ocrx_word' id='word_1_510' title='bbox 1579 4797 1779 4850; x_wconf 88' lang='lat' dir='ltr'><strong>emittit</strong></span> <span class='ocrx_word' id='word_1_511' title='bbox 1815 4815 1826 4851; x_wconf 93' lang='lat'><strong>:</strong></span> <span class='ocrx_word' id='word_1_512' title='bbox 1875 4806 2034 4870; x_wconf 85' lang='lat' dir='ltr'><strong>typus</strong></span> 
     </span>
    </p>
   </div>
   <div class='ocr_carea' id='block_1_65' title="bbox 444 4883 2033 4962">
    <p class='ocr_par' dir='ltr' id='par_1_65' title="bbox 444 4883 2033 4962">
     <span class='ocr_line' id='line_1_65' title="bbox 444 4883 2033 4962; baseline 0.006 -25"><span class='ocrx_word' id='word_1_513' title='bbox 444 4883 626 4954; x_wconf 69' lang='lat' dir='ltr'><strong>populi</strong></span> <span class='ocrx_word' id='word_1_514' title='bbox 676 4884 898 4955; x_wconf 83' lang='lat' dir='ltr'><strong>prioris,</strong></span> <span class='ocrx_word' id='word_1_515' title='bbox 948 4884 1041 4954; x_wconf 90' lang='lat' dir='ltr'><strong>qui</strong></span> <span class='ocrx_word' id='word_1_516' title='bbox 1093 4895 1376 4958; x_wconf 91' lang='lat' dir='ltr'><strong>angustam</strong></span> <span class='ocrx_word' id='word_1_517' title='bbox 1439 4886 1841 4960; x_wconf 87' lang='lat' dir='ltr'><strong>intelligentiam</strong></span> <span class='ocrx_word' id='word_1_518' title='bbox 1901 4890 2033 4962; x_wconf 90' lang='lat' dir='ltr'><strong>legis</strong></span> 
     </span>
    </p>
   </div>
   <div class='ocr_carea' id='block_1_66' title="bbox 441 4978 2033 5050">
    <p class='ocr_par' dir='ltr' id='par_1_66' title="bbox 441 4978 2033 5050">
     <span class='ocr_line' id='line_1_66' title="bbox 441 4978 2033 5050; baseline 0.007 -22"><span class='ocrx_word' id='word_1_519' title='bbox 441 4985 746 5046; x_wconf 87' lang='lat' dir='ltr'><strong>acceperat,</strong></span> <span class='ocrx_word' id='word_1_520' title='bbox 777 4985 832 5032; x_wconf 89' lang='lat' dir='ltr'><strong>et</strong></span> <span class='ocrx_word' id='word_1_521' title='bbox 856 4991 953 5047; x_wconf 90' lang='lat' dir='ltr'><strong>per</strong></span> <span class='ocrx_word' id='word_1_522' title='bbox 977 4987 1258 5048; x_wconf 89' lang='lat' dir='ltr'><strong>angustam</strong></span> <span class='ocrx_word' id='word_1_523' title='bbox 1283 4978 1610 5034; x_wconf 90' lang='lat' dir='ltr'><strong>voluntatem</strong></span> <span class='ocrx_word' id='word_1_524' title='bbox 1634 4981 2033 5050; x_wconf 84' lang='lat' dir='ltr'><strong>praedicationis</strong></span> 
     </span>
    </p>
   </div>
   <div class='ocr_carea' id='block_1_67' title="bbox 442 5069 2030 5141">
    <p class='ocr_par' dir='ltr' id='par_1_67' title="bbox 442 5069 2030 5141">
     <span class='ocr_line' id='line_1_67' title="bbox 442 5069 2030 5141; baseline 0.005 -19"><span class='ocrx_word' id='word_1_525' title='bbox 442 5069 622 5124; x_wconf 87' lang='lat' dir='ltr'><strong>omnia</strong></span> <span class='ocrx_word' id='word_1_526' title='bbox 670 5069 956 5125; x_wconf 85' lang='lat' dir='ltr'><strong>infirmiter</strong></span> <span class='ocrx_word' id='word_1_527' title='bbox 982 5071 1312 5141; x_wconf 71' lang='lat' dir='ltr'><strong>prtedicavit.</strong></span> <span class='ocrx_word' id='word_1_528' title='bbox 1361 5070 1420 5125; x_wconf 89' lang='lat' dir='ltr'><strong>Si</strong></span> <span class='ocrx_word' id='word_1_529' title='bbox 1473 5078 1651 5126; x_wconf 88' lang='lat' dir='ltr'><strong>autem</strong></span> <span class='ocrx_word' id='word_1_530' title='bbox 1700 5080 1910 5128; x_wconf 88' lang='lat' dir='ltr'><strong>terrena</strong></span> <span class='ocrx_word' id='word_1_531' title='bbox 1941 5090 2030 5130; x_wconf 86' lang='lat' dir='ltr'><strong>sa-</strong></span> 
     </span>
    </p>
   </div>
   <div class='ocr_carea' id='block_1_68' title="bbox 445 5159 2033 5234">
    <p class='ocr_par' dir='ltr' id='par_1_68' title="bbox 445 5159 2033 5234">
     <span class='ocr_line' id='line_1_68' title="bbox 445 5159 2033 5234; baseline 0.007 -22"><span class='ocrx_word' id='word_1_532' title='bbox 445 5159 655 5227; x_wconf 86' lang='lat' dir='ltr'><strong>pienter</strong></span> <span class='ocrx_word' id='word_1_533' title='bbox 707 5176 772 5216; x_wconf 91' lang='lat' dir='ltr'><strong>ac</strong></span> <span class='ocrx_word' id='word_1_534' title='bbox 819 5161 1104 5233; x_wconf 89' lang='lat' dir='ltr'><strong>diligenter</strong></span> <span class='ocrx_word' id='word_1_535' title='bbox 1167 5161 1543 5231; x_wconf 88' lang='lat' dir='ltr'><strong>respiciamus,</strong></span> <span class='ocrx_word' id='word_1_536' title='bbox 1601 5163 1920 5234; x_wconf 84' lang='lat' dir='ltr'><strong>spiritaliter</strong></span> <span class='ocrx_word' id='word_1_537' title='bbox 1969 5182 2033 5223; x_wconf 91' lang='lat' dir='ltr'><strong>ac</strong></span> 
     </span>
    </p>
   </div>
   <div class='ocr_carea' id='block_1_69' title="bbox 443 5252 2030 5322">
    <p class='ocr_par' dir='ltr' id='par_1_69' title="bbox 443 5252 2030 5322">
     <span class='ocr_line' id='line_1_69' title="bbox 443 5252 2030 5322; baseline 0.005 -18"><span class='ocrx_word' id='word_1_538' title='bbox 443 5253 672 5322; x_wconf 85' lang='lat' dir='ltr'><strong>mystice</strong></span> <span class='ocrx_word' id='word_1_539' title='bbox 705 5252 1055 5320; x_wconf 85' lang='lat' dir='ltr'><strong>intelligenda</strong></span> <span class='ocrx_word' id='word_1_540' title='bbox 1097 5261 1242 5308; x_wconf 90' lang='lat' dir='ltr'><strong>sunt.</strong></span> <span class='ocrx_word' id='word_1_541' title='bbox 1297 5252 1430 5308; x_wconf 88' lang='lat' dir='ltr'><strong>Item</strong></span> <span class='ocrx_word' id='word_1_542' title='bbox 1481 5253 1588 5309; x_wconf 90' lang='lat' dir='ltr'><strong>alio</strong></span> <span class='ocrx_word' id='word_1_543' title='bbox 1619 5253 1796 5320; x_wconf 89' lang='lat' dir='ltr'><strong>modo,</strong></span> <span class='ocrx_word' id='word_1_544' title='bbox 1833 5256 2030 5313; x_wconf 84' lang='lat' dir='ltr'><strong>chorus</strong></span> 
     </span>
    </p>
   </div>
   <div class='ocr_carea' id='block_1_70' title="bbox 445 5343 2031 5414">
    <p class='ocr_par' dir='ltr' id='par_1_70' title="bbox 445 5343 2031 5414">
     <span class='ocr_line' id='line_1_70' title="bbox 445 5343 2031 5414; baseline 0.003 -18"><span class='ocrx_word' id='word_1_545' title='bbox 445 5343 733 5398; x_wconf 89' lang='lat' dir='ltr'><strong>concordia</strong></span> <span class='ocrx_word' id='word_1_546' title='bbox 763 5351 848 5398; x_wconf 90' lang='lat' dir='ltr'><strong>est</strong></span> <span class='ocrx_word' id='word_1_547' title='bbox 876 5343 1178 5408; x_wconf 90' lang='lat' dir='ltr'><strong>charitatis,</strong></span> <span class='ocrx_word' id='word_1_548' title='bbox 1207 5343 1296 5400; x_wconf 88' lang='lat' dir='ltr'><strong>ubi</strong></span> <span class='ocrx_word' id='word_1_549' title='bbox 1323 5352 1378 5400; x_wconf 87' lang='lat' dir='ltr'><strong>et</strong></span> <span class='ocrx_word' id='word_1_550' title='bbox 1409 5359 1569 5414; x_wconf 88' lang='lat' dir='ltr'><strong>supra</strong></span> <span class='ocrx_word' id='word_1_551' title='bbox 1602 5363 1614 5399; x_wconf 92' lang='lat'><strong>:</strong></span> <span class='ocrx_word' id='word_1_552' title='bbox 1644 5343 1885 5400; x_wconf 84' lang='lat' dir='ltr'><strong>Laudate</strong></span> <span class='ocrx_word' id='word_1_553' title='bbox 1913 5363 2031 5402; x_wconf 79' lang='lat' dir='ltr'><strong>eum</strong></span> 
     </span>
    </p>
   </div>
   <div class='ocr_carea' id='block_1_71' title="bbox 439 5434 2030 5508">
    <p class='ocr_par' dir='ltr' id='par_1_71' title="bbox 439 5434 2030 5508">
     <span class='ocr_line' id='line_1_71' title="bbox 439 5434 2030 5508; baseline 0.004 -22"><span class='ocrx_word' id='word_1_554' title='bbox 439 5434 495 5486; x_wconf 91' lang='lat' dir='ltr'><strong>in</strong></span> <span class='ocrx_word' id='word_1_555' title='bbox 522 5443 768 5504; x_wconf 80' lang='lat' dir='ltr'><strong>tympano</strong></span> <span class='ocrx_word' id='word_1_556' title='bbox 793 5445 842 5488; x_wconf 84' lang='lat' dir='ltr'><strong>et</strong></span> <span class='ocrx_word' id='word_1_557' title='bbox 873 5435 1030 5490; x_wconf 81' lang='lat' dir='ltr'><strong>choro</strong></span> <span class='ocrx_word' id='word_1_558' title='bbox 1074 5434 1296 5507; x_wconf 83' lang='lat' dir='ltr'><strong>(lbid.);</strong></span> <span class='ocrx_word' id='word_1_559' title='bbox 1342 5445 1396 5490; x_wconf 91' lang='lat' dir='ltr'><strong>et</strong></span> <span class='ocrx_word' id='word_1_560' title='bbox 1441 5436 1496 5491; x_wconf 91' lang='lat' dir='ltr'><strong>in</strong></span> <span class='ocrx_word' id='word_1_561' title='bbox 1533 5435 1694 5492; x_wconf 87' lang='lat' dir='ltr'><strong>aliam</strong></span> <span class='ocrx_word' id='word_1_562' title='bbox 1716 5448 1944 5508; x_wconf 86' lang='lat' dir='ltr'><strong>partem,</strong></span> <span class='ocrx_word' id='word_1_563' title='bbox 1973 5447 2030 5492; x_wconf 90' lang='lat' dir='ltr'><strong>ut</strong></span> 
     </span>
    </p>
   </div>
   <div class='ocr_carea' id='block_1_72' title="bbox 440 5522 2026 5597">
    <p class='ocr_par' dir='ltr' id='par_1_72' title="bbox 440 5522 2026 5597">
     <span class='ocr_line' id='line_1_72' title="bbox 440 5522 2026 5597; baseline 0.005 -21"><span class='ocrx_word' id='word_1_564' title='bbox 440 5522 494 5577; x_wconf 89' lang='lat' dir='ltr'><strong>in</strong></span> <span class='ocrx_word' id='word_1_565' title='bbox 537 5522 771 5580; x_wconf 68' lang='lat' dir='ltr'><strong>Ieremia</strong></span> <span class='ocrx_word' id='word_1_566' title='bbox 817 5523 1036 5597; x_wconf 85' lang='lat' dir='ltr'><strong>(Thren.</strong></span> <span class='ocrx_word' id='word_1_567' title='bbox 1069 5527 1123 5597; x_wconf 91' lang='lat' dir='ltr'><strong>v)</strong></span> <span class='ocrx_word' id='word_1_568' title='bbox 1155 5546 1168 5582; x_wconf 92' lang='lat'><strong>:</strong></span> <span class='ocrx_word' id='word_1_569' title='bbox 1211 5525 1398 5584; x_wconf 86' lang='lat' dir='ltr'><strong>Versus</strong></span> <span class='ocrx_word' id='word_1_570' title='bbox 1431 5538 1506 5583; x_wconf 88' lang='lat' dir='ltr'><strong>est</strong></span> <span class='ocrx_word' id='word_1_571' title='bbox 1534 5529 1590 5583; x_wconf 89' lang='lat' dir='ltr'><strong>in</strong></span> <span class='ocrx_word' id='word_1_572' title='bbox 1617 5529 1814 5584; x_wconf 85' lang='lat' dir='ltr'><strong>luctum</strong></span> <span class='ocrx_word' id='word_1_573' title='bbox 1839 5529 2026 5584; x_wconf 83' lang='lat' dir='ltr'><strong>chorus</strong></span> 
     </span>
    </p>
   </div>
   <div class='ocr_carea' id='block_1_73' title="bbox 440 5617 2027 5691">
    <p class='ocr_par' dir='ltr' id='par_1_73' title="bbox 440 5617 2027 5691">
     <span class='ocr_line' id='line_1_73' title="bbox 440 5617 2027 5691; baseline 0.006 -24"><span class='ocrx_word' id='word_1_574' title='bbox 440 5623 648 5679; x_wconf 83' lang='lat' dir='ltr'><strong>noster;</strong></span> <span class='ocrx_word' id='word_1_575' title='bbox 671 5625 726 5672; x_wconf 89' lang='lat' dir='ltr'><strong>et</strong></span> <span class='ocrx_word' id='word_1_576' title='bbox 753 5617 881 5673; x_wconf 78' lang='lat' dir='ltr'><strong>alibi</strong></span> <span class='ocrx_word' id='word_1_577' title='bbox 905 5635 919 5671; x_wconf 88' lang='lat'><strong>:</strong></span> <span class='ocrx_word' id='word_1_578' title='bbox 953 5617 1020 5673; x_wconf 83' lang='lat' dir='ltr'><strong>Et</strong></span> <span class='ocrx_word' id='word_1_579' title='bbox 1048 5635 1302 5689; x_wconf 86' lang='lat' dir='ltr'><strong>organum</strong></span> <span class='ocrx_word' id='word_1_580' title='bbox 1323 5637 1494 5675; x_wconf 83' lang='lat' dir='ltr'><strong>meum</strong></span> <span class='ocrx_word' id='word_1_581' title='bbox 1521 5619 1574 5675; x_wconf 83' lang='lat' dir='ltr'><strong>in</strong></span> <span class='ocrx_word' id='word_1_582' title='bbox 1599 5637 1769 5676; x_wconf 82' lang='lat' dir='ltr'><strong>uocem</strong></span> <span class='ocrx_word' id='word_1_583' title='bbox 1789 5621 2027 5691; x_wconf 81' lang='lat' dir='ltr'><strong>ﬂentium</strong></span> 
     </span>
    </p>
   </div>
   <div class='ocr_carea' id='block_1_74' title="bbox 439 5704 2026 5783">
    <p class='ocr_par' dir='ltr' id='par_1_74' title="bbox 439 5704 2026 5783">
     <span class='ocr_line' id='line_1_74' title="bbox 439 5704 2026 5783; baseline 0.004 -23"><span class='ocrx_word' id='word_1_584' title='bbox 439 5704 588 5777; x_wconf 79' lang='lat' dir='ltr'><strong>(Job.</strong></span> <span class='ocrx_word' id='word_1_585' title='bbox 641 5709 793 5778; x_wconf 74' lang='lat' dir='ltr'><strong>xxx).</strong></span> <span class='ocrx_word' id='word_1_586' title='bbox 827 5707 1085 5780; x_wconf 81' lang='lat' dir='ltr'><strong>Cymbala</strong></span> <span class='ocrx_word' id='word_1_587' title='bbox 1135 5711 1414 5766; x_wconf 88' lang='lat' dir='ltr'><strong>acetabula</strong></span> <span class='ocrx_word' id='word_1_588' title='bbox 1460 5711 1706 5783; x_wconf 71' lang='lat' dir='ltr'><strong>quaedam</strong></span> <span class='ocrx_word' id='word_1_589' title='bbox 1735 5720 1884 5776; x_wconf 91' lang='lat' dir='ltr'><strong>sunt,</strong></span> <span class='ocrx_word' id='word_1_590' title='bbox 1906 5727 2026 5782; x_wconf 66' lang='lat' dir='ltr'><strong>quae</strong></span> 
     </span>
    </p>
   </div>
   <div class='ocr_carea' id='block_1_75' title="bbox 431 5803 2019 5875">
    <p class='ocr_par' dir='ltr' id='par_1_75' title="bbox 431 5803 2019 5875">
     <span class='ocr_line' id='line_1_75' title="bbox 431 5803 2019 5875; baseline 0 -19"><span class='ocrx_word' id='word_1_591' title='bbox 431 5813 696 5870; x_wconf 66' lang='lat' dir='ltr'><strong>percussa</strong></span> <span class='ocrx_word' id='word_1_592' title='bbox 745 5803 976 5858; x_wconf 85' lang='lat' dir='ltr'><strong>invicem</strong></span> <span class='ocrx_word' id='word_1_593' title='bbox 1033 5817 1093 5857; x_wconf 88' lang='lat' dir='ltr'><strong>se</strong></span> <span class='ocrx_word' id='word_1_594' title='bbox 1141 5812 1388 5875; x_wconf 86' lang='lat' dir='ltr'><strong>tangunt,</strong></span> <span class='ocrx_word' id='word_1_595' title='bbox 1440 5815 1494 5860; x_wconf 88' lang='lat' dir='ltr'><strong>et</strong></span> <span class='ocrx_word' id='word_1_596' title='bbox 1552 5803 1756 5859; x_wconf 82' lang='lat' dir='ltr'><strong>faciunt</strong></span> <span class='ocrx_word' id='word_1_597' title='bbox 1785 5819 2019 5859; x_wconf 86' lang='lat' dir='ltr'><strong>sonum:</strong></span> 
     </span>
    </p>
   </div>
   <div class='ocr_carea' id='block_1_76' title="bbox 2283 1869 3279 1923">
    <p class='ocr_par' dir='ltr' id='par_1_76' title="bbox 2283 1869 3279 1923">
     <span class='ocr_line' id='line_1_76' title="bbox 2283 1869 3279 1923; baseline 0.002 -3"><span class='ocrx_word' id='word_1_598' title='bbox 2283 1869 2372 1920; x_wconf 85' lang='lat' dir='ltr'><strong>Isis</strong></span> <span class='ocrx_word' id='word_1_599' title='bbox 2394 1876 2446 1920; x_wconf 87' lang='lat' dir='ltr'><strong>et</strong></span> <span class='ocrx_word' id='word_1_600' title='bbox 2469 1872 2591 1920; x_wconf 82' lang='lat' dir='ltr'><strong>irato</strong></span> <span class='ocrx_word' id='word_1_601' title='bbox 2615 1869 2758 1920; x_wconf 81' lang='lat' dir='ltr'><strong>feriat</strong></span> <span class='ocrx_word' id='word_1_602' title='bbox 2777 1883 2886 1922; x_wconf 86' lang='lat' dir='ltr'><strong>mea</strong></span> <span class='ocrx_word' id='word_1_603' title='bbox 2909 1873 3087 1922; x_wconf 82' lang='lat' dir='ltr'><strong>lumina</strong></span> <span class='ocrx_word' id='word_1_604' title='bbox 3112 1876 3279 1923; x_wconf 86' lang='lat' dir='ltr'><strong>sistro.</strong></span> 
     </span>
    </p>
   </div>
   <div class='ocr_carea' id='block_1_77' title="bbox 2223 1952 3707 2026">
    <p class='ocr_par' dir='ltr' id='par_1_77' title="bbox 2223 1952 3707 2026">
     <span class='ocr_line' id='line_1_77' title="bbox 2223 1952 3707 2026; baseline 0.003 -20"><span class='ocrx_word' id='word_1_605' title='bbox 2223 1952 2352 2008; x_wconf 87' lang='lat' dir='ltr'><strong>Inde</strong></span> <span class='ocrx_word' id='word_1_606' title='bbox 2396 1962 2452 2007; x_wconf 91' lang='lat' dir='ltr'><strong>et</strong></span> <span class='ocrx_word' id='word_1_607' title='bbox 2481 1954 2584 2009; x_wconf 91' lang='lat' dir='ltr'><strong>hoc</strong></span> <span class='ocrx_word' id='word_1_608' title='bbox 2611 1954 2867 2010; x_wconf 89' lang='lat' dir='ltr'><strong>mulieres</strong></span> <span class='ocrx_word' id='word_1_609' title='bbox 2911 1958 3250 2026; x_wconf 88' lang='lat' dir='ltr'><strong>percutiunt,</strong></span> <span class='ocrx_word' id='word_1_610' title='bbox 3291 1971 3358 2012; x_wconf 88' lang='lat' dir='ltr'><strong>eo</strong></span> <span class='ocrx_word' id='word_1_611' title='bbox 3385 1956 3520 2026; x_wconf 88' lang='lat' dir='ltr'><strong>quod</strong></span> <span class='ocrx_word' id='word_1_612' title='bbox 3546 1955 3707 2010; x_wconf 87' lang='lat' dir='ltr'><strong>inven-</strong></span> 
     </span>
    </p>
   </div>
   <div class='ocr_carea' id='block_1_78' title="bbox 2152 2043 3706 2116">
    <p class='ocr_par' dir='ltr' id='par_1_78' title="bbox 2152 2043 3706 2116">
     <span class='ocr_line' id='line_1_78' title="bbox 2152 2043 3706 2116; baseline 0.001 -19"><span class='ocrx_word' id='word_1_613' title='bbox 2152 2043 2259 2098; x_wconf 81' lang='lat' dir='ltr'><strong>trix</strong></span> <span class='ocrx_word' id='word_1_614' title='bbox 2301 2043 2460 2113; x_wconf 90' lang='lat' dir='ltr'><strong>hujus</strong></span> <span class='ocrx_word' id='word_1_615' title='bbox 2489 2045 2704 2114; x_wconf 82' lang='lat' dir='ltr'><strong>generis</strong></span> <span class='ocrx_word' id='word_1_616' title='bbox 2739 2045 2934 2100; x_wconf 88' lang='lat' dir='ltr'><strong>mulier</strong></span> <span class='ocrx_word' id='word_1_617' title='bbox 2963 2045 3083 2100; x_wconf 87' lang='lat' dir='ltr'><strong>fuit.</strong></span> <span class='ocrx_word' id='word_1_618' title='bbox 3117 2047 3274 2104; x_wconf 89' lang='lat' dir='ltr'><strong>Unde</strong></span> <span class='ocrx_word' id='word_1_619' title='bbox 3299 2057 3354 2102; x_wconf 90' lang='lat' dir='ltr'><strong>et</strong></span> <span class='ocrx_word' id='word_1_620' title='bbox 3393 2046 3526 2116; x_wconf 89' lang='lat' dir='ltr'><strong>apud</strong></span> <span class='ocrx_word' id='word_1_621' title='bbox 3559 2045 3706 2100; x_wconf 78' lang='lat' dir='ltr'><strong>Ama-</strong></span> 
     </span>
    </p>
   </div>
   <div class='ocr_carea' id='block_1_79' title="bbox 2152 2137 3710 2210">
    <p class='ocr_par' dir='ltr' id='par_1_79' title="bbox 2152 2137 3710 2210">
     <span class='ocr_line' id='line_1_79' title="bbox 2152 2137 3710 2210; baseline -0.001 -19"><span class='ocrx_word' id='word_1_622' title='bbox 2152 2141 2318 2191; x_wconf 72' lang='lat' dir='ltr'><strong>zonas</strong></span> <span class='ocrx_word' id='word_1_623' title='bbox 2339 2137 2503 2192; x_wconf 88' lang='lat' dir='ltr'><strong>sistro</strong></span> <span class='ocrx_word' id='word_1_624' title='bbox 2531 2137 2598 2191; x_wconf 88' lang='lat' dir='ltr'><strong>ad</strong></span> <span class='ocrx_word' id='word_1_625' title='bbox 2631 2138 2826 2210; x_wconf 88' lang='lat' dir='ltr'><strong>bellum</strong></span> <span class='ocrx_word' id='word_1_626' title='bbox 2851 2139 3180 2196; x_wconf 76' lang='lat' dir='ltr'><strong>feminarum</strong></span> <span class='ocrx_word' id='word_1_627' title='bbox 3216 2141 3484 2196; x_wconf 82' lang='lat' dir='ltr'><strong>exercitus</strong></span> <span class='ocrx_word' id='word_1_628' title='bbox 3507 2140 3710 2195; x_wconf 59' lang='lat' dir='ltr'><strong>vocalia-</strong></span> 
     </span>
    </p>
   </div>
   <div class='ocr_carea' id='block_1_80' title="bbox 2151 2227 3710 2286">
    <p class='ocr_par' dir='ltr' id='par_1_80' title="bbox 2151 2227 3710 2286">
     <span class='ocr_line' id='line_1_80' title="bbox 2151 2227 3710 2286; baseline -0.001 -5"><span class='ocrx_word' id='word_1_629' title='bbox 2151 2235 2258 2281; x_wconf 89' lang='lat' dir='ltr'><strong>tur.</strong></span> <span class='ocrx_word' id='word_1_630' title='bbox 2284 2227 2724 2282; x_wconf 88' lang='lat' dir='ltr'><strong>Tintinnabulum</strong></span> <span class='ocrx_word' id='word_1_631' title='bbox 2747 2228 2814 2284; x_wconf 89' lang='lat' dir='ltr'><strong>de</strong></span> <span class='ocrx_word' id='word_1_632' title='bbox 2833 2243 2968 2285; x_wconf 91' lang='lat' dir='ltr'><strong>sono</strong></span> <span class='ocrx_word' id='word_1_633' title='bbox 2989 2231 3142 2286; x_wconf 85' lang='lat' dir='ltr'><strong>vocis</strong></span> <span class='ocrx_word' id='word_1_634' title='bbox 3169 2246 3362 2286; x_wconf 87' lang='lat' dir='ltr'><strong>nomen</strong></span> <span class='ocrx_word' id='word_1_635' title='bbox 3387 2229 3541 2285; x_wconf 89' lang='lat' dir='ltr'><strong>habet</strong></span> <span class='ocrx_word' id='word_1_636' title='bbox 3561 2246 3573 2282; x_wconf 92' lang='lat'><strong>:</strong></span> <span class='ocrx_word' id='word_1_637' title='bbox 3591 2229 3710 2283; x_wconf 88' lang='lat' dir='ltr'><strong>sicut</strong></span> 
     </span>
    </p>
   </div>
   <div class='ocr_carea' id='block_1_81' title="bbox 2149 2317 3712 2391">
    <p class='ocr_par' dir='ltr' id='par_1_81' title="bbox 2149 2317 3712 2391">
     <span class='ocr_line' id='line_1_81' title="bbox 2149 2317 3712 2391; baseline -0.001 -19"><span class='ocrx_word' id='word_1_638' title='bbox 2149 2325 2205 2372; x_wconf 90' lang='lat' dir='ltr'><strong>et</strong></span> <span class='ocrx_word' id='word_1_639' title='bbox 2253 2317 2476 2387; x_wconf 87' lang='lat' dir='ltr'><strong>plausus</strong></span> <span class='ocrx_word' id='word_1_640' title='bbox 2517 2333 2794 2382; x_wconf 87' lang='lat' dir='ltr'><strong>manuum,</strong></span> <span class='ocrx_word' id='word_1_641' title='bbox 2839 2319 3042 2375; x_wconf 82' lang='lat' dir='ltr'><strong>stridor</strong></span> <span class='ocrx_word' id='word_1_642' title='bbox 3076 2321 3380 2375; x_wconf 87' lang='lat' dir='ltr'><strong>valvarum.</strong></span> <span class='ocrx_word' id='word_1_643' title='bbox 3411 2317 3712 2391; x_wconf 82' lang='lat' dir='ltr'><strong>Symphonia</strong></span> 
     </span>
    </p>
   </div>
   <div class='ocr_carea' id='block_1_82' title="bbox 2150 2406 3713 2480">
    <p class='ocr_par' dir='ltr' id='par_1_82' title="bbox 2150 2406 3713 2480">
     <span class='ocr_line' id='line_1_82' title="bbox 2150 2406 3713 2480; baseline 0.001 -20"><span class='ocrx_word' id='word_1_644' title='bbox 2150 2406 2309 2478; x_wconf 84' lang='lat' dir='ltr'><strong>vulgo</strong></span> <span class='ocrx_word' id='word_1_645' title='bbox 2351 2407 2651 2478; x_wconf 89' lang='lat' dir='ltr'><strong>appellatur</strong></span> <span class='ocrx_word' id='word_1_646' title='bbox 2693 2407 2895 2480; x_wconf 89' lang='lat' dir='ltr'><strong>lignum</strong></span> <span class='ocrx_word' id='word_1_647' title='bbox 2943 2425 3138 2466; x_wconf 89' lang='lat' dir='ltr'><strong>cavum</strong></span> <span class='ocrx_word' id='word_1_648' title='bbox 3191 2427 3260 2466; x_wconf 80' lang='lat' dir='ltr'><strong>ex</strong></span> <span class='ocrx_word' id='word_1_649' title='bbox 3313 2422 3536 2479; x_wconf 88' lang='lat' dir='ltr'><strong>utraque</strong></span> <span class='ocrx_word' id='word_1_650' title='bbox 3579 2417 3713 2478; x_wconf 88' lang='lat' dir='ltr'><strong>parte</strong></span> 
     </span>
    </p>
   </div>
   <div class='ocr_carea' id='block_1_83' title="bbox 2146 2499 3714 2574">
    <p class='ocr_par' dir='ltr' id='par_1_83' title="bbox 2146 2499 3714 2574">
     <span class='ocr_line' id='line_1_83' title="bbox 2146 2499 3714 2574; baseline -0.003 -18"><span class='ocrx_word' id='word_1_651' title='bbox 2146 2501 2286 2571; x_wconf 88' lang='lat' dir='ltr'><strong>pelle</strong></span> <span class='ocrx_word' id='word_1_652' title='bbox 2324 2509 2566 2566; x_wconf 80' lang='lat' dir='ltr'><strong>extenta,</strong></span> <span class='ocrx_word' id='word_1_653' title='bbox 2608 2517 2772 2572; x_wconf 88' lang='lat' dir='ltr'><strong>quam</strong></span> <span class='ocrx_word' id='word_1_654' title='bbox 2826 2501 3050 2574; x_wconf 85' lang='lat' dir='ltr'><strong>virgulis</strong></span> <span class='ocrx_word' id='word_1_655' title='bbox 3102 2503 3236 2558; x_wconf 87' lang='lat' dir='ltr'><strong>hinc</strong></span> <span class='ocrx_word' id='word_1_656' title='bbox 3279 2511 3336 2560; x_wconf 90' lang='lat' dir='ltr'><strong>et</strong></span> <span class='ocrx_word' id='word_1_657' title='bbox 3383 2502 3505 2558; x_wconf 87' lang='lat' dir='ltr'><strong>inde</strong></span> <span class='ocrx_word' id='word_1_658' title='bbox 3544 2499 3714 2556; x_wconf 85' lang='lat' dir='ltr'><strong>musici</strong></span> 
     </span>
    </p>
   </div>
   <div class='ocr_carea' id='block_1_84' title="bbox 2147 2589 3713 2663">
    <p class='ocr_par' dir='ltr' id='par_1_84' title="bbox 2147 2589 3713 2663">
     <span class='ocr_line' id='line_1_84' title="bbox 2147 2589 3713 2663; baseline -0.002 -18"><span class='ocrx_word' id='word_1_659' title='bbox 2147 2589 2350 2647; x_wconf 90' lang='lat' dir='ltr'><strong>feriunt</strong></span> <span class='ocrx_word' id='word_1_660' title='bbox 2394 2609 2408 2646; x_wconf 92' lang='lat'><strong>:</strong></span> <span class='ocrx_word' id='word_1_661' title='bbox 2463 2591 2631 2662; x_wconf 84' lang='lat' dir='ltr'><strong>ﬁtque</strong></span> <span class='ocrx_word' id='word_1_662' title='bbox 2675 2592 2730 2646; x_wconf 90' lang='lat' dir='ltr'><strong>in</strong></span> <span class='ocrx_word' id='word_1_663' title='bbox 2775 2606 2840 2646; x_wconf 89' lang='lat' dir='ltr'><strong>ea</strong></span> <span class='ocrx_word' id='word_1_664' title='bbox 2881 2608 2950 2648; x_wconf 79' lang='lat' dir='ltr'><strong>ex</strong></span> <span class='ocrx_word' id='word_1_665' title='bbox 2985 2594 3282 2650; x_wconf 86' lang='lat' dir='ltr'><strong>concordia</strong></span> <span class='ocrx_word' id='word_1_666' title='bbox 3309 2593 3490 2663; x_wconf 85' lang='lat' dir='ltr'><strong>gravis</strong></span> <span class='ocrx_word' id='word_1_667' title='bbox 3513 2599 3565 2647; x_wconf 91' lang='lat' dir='ltr'><strong>et</strong></span> <span class='ocrx_word' id='word_1_668' title='bbox 3587 2589 3713 2645; x_wconf 81' lang='lat' dir='ltr'><strong>acuti</strong></span> 
     </span>
    </p>
   </div>
   <div class='ocr_carea' id='block_1_85' title="bbox 2147 2683 2738 2742">
    <p class='ocr_par' dir='ltr' id='par_1_85' title="bbox 2147 2683 2738 2742">
     <span class='ocr_line' id='line_1_85' title="bbox 2147 2683 2738 2742; baseline 0.007 -4"><span class='ocrx_word' id='word_1_669' title='bbox 2147 2683 2498 2740; x_wconf 85' lang='lat' dir='ltr'><strong>suavissimus</strong></span> <span class='ocrx_word' id='word_1_670' title='bbox 2524 2693 2738 2742; x_wconf 87' lang='lat' dir='ltr'><strong>cantus.</strong></span> 
     </span>
    </p>
   </div>
   <div class='ocr_carea' id='block_1_86' title="bbox 2759 2777 3092 2835">
    <p class='ocr_par' dir='ltr' id='par_1_86' title="bbox 2759 2777 3092 2835">
     <span class='ocr_line' id='line_1_86' title="bbox 2759 2777 3092 2835; baseline -0.006 -1"><span class='ocrx_word' id='word_1_671' title='bbox 2759 2777 2987 2834; x_wconf 86' lang='lat' dir='ltr'><strong>CAPUT</strong></span> <span class='ocrx_word' id='word_1_672' title='bbox 3027 2779 3092 2835; x_wconf 84' lang='lat' dir='ltr'><strong>V.</strong></span> 
     </span>
    </p>
   </div>
   <div class='ocr_carea' id='block_1_87' title="bbox 2743 2865 3132 2924">
    <p class='ocr_par' dir='ltr' id='par_1_87' title="bbox 2743 2865 3132 2924">
     <span class='ocr_line' id='line_1_87' title="bbox 2743 2865 3132 2924; baseline 0 -1"><span class='ocrx_word' id='word_1_673' title='bbox 2743 2865 2821 2923; x_wconf 85' lang='lat' dir='ltr'><strong>De</strong></span> <span class='ocrx_word' id='word_1_674' title='bbox 2852 2869 3132 2924; x_wconf 83' lang='lat' dir='ltr'><strong>medicina.</strong></span> 
     </span>
    </p>
   </div>
   <div class='ocr_carea' id='block_1_88' title="bbox 2218 2958 3715 3032">
    <p class='ocr_par' dir='ltr' id='par_1_88' title="bbox 2218 2958 3715 3032">
     <span class='ocr_line' id='line_1_88' title="bbox 2218 2958 3715 3032; baseline -0.003 -18"><span class='ocrx_word' id='word_1_675' title='bbox 2218 2958 2480 3015; x_wconf 87' lang='lat' dir='ltr'><strong>Medicina</strong></span> <span class='ocrx_word' id='word_1_676' title='bbox 2503 2968 2610 3026; x_wconf 88' lang='lat' dir='ltr'><strong>est,</strong></span> <span class='ocrx_word' id='word_1_677' title='bbox 2636 2975 2756 3031; x_wconf 70' lang='lat' dir='ltr'><strong>qua:</strong></span> <span class='ocrx_word' id='word_1_678' title='bbox 2783 2961 3027 3032; x_wconf 88' lang='lat' dir='ltr'><strong>corporis</strong></span> <span class='ocrx_word' id='word_1_679' title='bbox 3053 2961 3138 3016; x_wconf 91' lang='lat' dir='ltr'><strong>vel</strong></span> <span class='ocrx_word' id='word_1_680' title='bbox 3181 2970 3391 3026; x_wconf 86' lang='lat' dir='ltr'><strong>tuetur,</strong></span> <span class='ocrx_word' id='word_1_681' title='bbox 3419 2959 3502 3016; x_wconf 90' lang='lat' dir='ltr'><strong>vel</strong></span> <span class='ocrx_word' id='word_1_682' title='bbox 3525 2968 3715 3014; x_wconf 89' lang='lat' dir='ltr'><strong>restau-</strong></span> 
     </span>
    </p>
   </div>
   <div class='ocr_carea' id='block_1_89' title="bbox 2142 3046 3722 3120">
    <p class='ocr_par' dir='ltr' id='par_1_89' title="bbox 2142 3046 3722 3120">
     <span class='ocr_line' id='line_1_89' title="bbox 2142 3046 3722 3120; baseline -0.001 -17"><span class='ocrx_word' id='word_1_683' title='bbox 2142 3057 2234 3104; x_wconf 85' lang='lat' dir='ltr'><strong>rat</strong></span> <span class='ocrx_word' id='word_1_684' title='bbox 2266 3049 2492 3105; x_wconf 87' lang='lat' dir='ltr'><strong>salutem</strong></span> <span class='ocrx_word' id='word_1_685' title='bbox 2525 3069 2538 3104; x_wconf 89' lang='lat'><strong>:</strong></span> <span class='ocrx_word' id='word_1_686' title='bbox 2567 3048 2719 3120; x_wconf 91' lang='lat' dir='ltr'><strong>cujus</strong></span> <span class='ocrx_word' id='word_1_687' title='bbox 2767 3051 2992 3106; x_wconf 87' lang='lat' dir='ltr'><strong>materia</strong></span> <span class='ocrx_word' id='word_1_688' title='bbox 3021 3061 3284 3107; x_wconf 82' lang='lat' dir='ltr'><strong>versatur</strong></span> <span class='ocrx_word' id='word_1_689' title='bbox 3333 3053 3390 3108; x_wconf 91' lang='lat' dir='ltr'><strong>in</strong></span> <span class='ocrx_word' id='word_1_690' title='bbox 3427 3049 3624 3106; x_wconf 87' lang='lat' dir='ltr'><strong>morbis</strong></span> <span class='ocrx_word' id='word_1_691' title='bbox 3646 3046 3722 3102; x_wconf 86' lang='lat' dir='ltr'><strong>vel</strong></span> 
     </span>
    </p>
   </div>
   <div class='ocr_carea' id='block_1_90' title="bbox 2144 3138 3718 3211">
    <p class='ocr_par' dir='ltr' id='par_1_90' title="bbox 2144 3138 3718 3211">
     <span class='ocr_line' id='line_1_90' title="bbox 2144 3138 3718 3211; baseline 0.001 -19"><span class='ocrx_word' id='word_1_692' title='bbox 2144 3138 2480 3194; x_wconf 89' lang='lat' dir='ltr'><strong>vulneribus.</strong></span> <span class='ocrx_word' id='word_1_693' title='bbox 2502 3139 2585 3194; x_wconf 85' lang='lat' dir='ltr'><strong>Ad</strong></span> <span class='ocrx_word' id='word_1_694' title='bbox 2611 3140 2750 3195; x_wconf 87' lang='lat' dir='ltr'><strong>hanc</strong></span> <span class='ocrx_word' id='word_1_695' title='bbox 2771 3140 2952 3210; x_wconf 89' lang='lat' dir='ltr'><strong>itaque</strong></span> <span class='ocrx_word' id='word_1_696' title='bbox 2974 3142 3258 3211; x_wconf 87' lang='lat' dir='ltr'><strong>pertinent</strong></span> <span class='ocrx_word' id='word_1_697' title='bbox 3279 3154 3389 3198; x_wconf 85' lang='lat' dir='ltr'><strong>non</strong></span> <span class='ocrx_word' id='word_1_698' title='bbox 3419 3158 3480 3196; x_wconf 88' lang='lat' dir='ltr'><strong>ea</strong></span> <span class='ocrx_word' id='word_1_699' title='bbox 3511 3151 3718 3203; x_wconf 88' lang='lat' dir='ltr'><strong>tantum,</strong></span> 
     </span>
    </p>
   </div>
   <div class='ocr_carea' id='block_1_91' title="bbox 2139 3230 3724 3302">
    <p class='ocr_par' dir='ltr' id='par_1_91' title="bbox 2139 3230 3724 3302">
     <span class='ocr_line' id='line_1_91' title="bbox 2139 3230 3724 3302; baseline 0.001 -18"><span class='ocrx_word' id='word_1_700' title='bbox 2139 3245 2260 3299; x_wconf 69' lang='lat' dir='ltr'><strong>quae</strong></span> <span class='ocrx_word' id='word_1_701' title='bbox 2283 3245 2374 3285; x_wconf 90' lang='lat' dir='ltr'><strong>ars</strong></span> <span class='ocrx_word' id='word_1_702' title='bbox 2403 3245 2588 3286; x_wconf 89' lang='lat' dir='ltr'><strong>eorum</strong></span> <span class='ocrx_word' id='word_1_703' title='bbox 2612 3230 2854 3296; x_wconf 80' lang='lat' dir='ltr'><strong>exhibet,</strong></span> <span class='ocrx_word' id='word_1_704' title='bbox 2876 3231 2967 3302; x_wconf 88' lang='lat' dir='ltr'><strong>qui</strong></span> <span class='ocrx_word' id='word_1_705' title='bbox 2988 3234 3213 3302; x_wconf 86' lang='lat' dir='ltr'><strong>proprie</strong></span> <span class='ocrx_word' id='word_1_706' title='bbox 3237 3233 3439 3289; x_wconf 88' lang='lat' dir='ltr'><strong>medici</strong></span> <span class='ocrx_word' id='word_1_707' title='bbox 3460 3231 3724 3287; x_wconf 78' lang='lat' dir='ltr'><strong>nominan-</strong></span> 
     </span>
    </p>
   </div>
   <div class='ocr_carea' id='block_1_92' title="bbox 2141 3324 3719 3397">
    <p class='ocr_par' dir='ltr' id='par_1_92' title="bbox 2141 3324 3719 3397">
     <span class='ocr_line' id='line_1_92' title="bbox 2141 3324 3719 3397; baseline -0.001 -19"><span class='ocrx_word' id='word_1_708' title='bbox 2141 3333 2228 3379; x_wconf 92' lang='lat' dir='ltr'><strong>tur</strong></span> <span class='ocrx_word' id='word_1_709' title='bbox 2256 3344 2268 3378; x_wconf 93' lang='lat'><strong>:</strong></span> <span class='ocrx_word' id='word_1_710' title='bbox 2308 3324 2399 3379; x_wconf 89' lang='lat' dir='ltr'><strong>sed</strong></span> <span class='ocrx_word' id='word_1_711' title='bbox 2422 3324 2585 3379; x_wconf 90' lang='lat' dir='ltr'><strong>etiam</strong></span> <span class='ocrx_word' id='word_1_712' title='bbox 2609 3324 2762 3378; x_wconf 90' lang='lat' dir='ltr'><strong>cibus</strong></span> <span class='ocrx_word' id='word_1_713' title='bbox 2781 3331 2838 3378; x_wconf 88' lang='lat' dir='ltr'><strong>et</strong></span> <span class='ocrx_word' id='word_1_714' title='bbox 2873 3332 3052 3396; x_wconf 88' lang='lat' dir='ltr'><strong>potus,</strong></span> <span class='ocrx_word' id='word_1_715' title='bbox 3084 3334 3309 3396; x_wconf 87' lang='lat' dir='ltr'><strong>tegmen</strong></span> <span class='ocrx_word' id='word_1_716' title='bbox 3360 3335 3416 3381; x_wconf 90' lang='lat' dir='ltr'><strong>et</strong></span> <span class='ocrx_word' id='word_1_717' title='bbox 3450 3336 3719 3397; x_wconf 85' lang='lat' dir='ltr'><strong>tegumen:</strong></span> 
     </span>
    </p>
   </div>
   <div class='ocr_carea' id='block_1_93' title="bbox 2139 3412 3726 3486">
    <p class='ocr_par' dir='ltr' id='par_1_93' title="bbox 2139 3412 3726 3486">
     <span class='ocr_line' id='line_1_93' title="bbox 2139 3412 3726 3486; baseline -0.001 -18"><span class='ocrx_word' id='word_1_718' title='bbox 2139 3412 2378 3470; x_wconf 81' lang='lat' dir='ltr'><strong>defensio</strong></span> <span class='ocrx_word' id='word_1_719' title='bbox 2409 3413 2638 3483; x_wconf 89' lang='lat' dir='ltr'><strong>denique</strong></span> <span class='ocrx_word' id='word_1_720' title='bbox 2673 3414 2852 3469; x_wconf 90' lang='lat' dir='ltr'><strong>omnis</strong></span> <span class='ocrx_word' id='word_1_721' title='bbox 2900 3423 3064 3484; x_wconf 78' lang='lat' dir='ltr'><strong>atque</strong></span> <span class='ocrx_word' id='word_1_722' title='bbox 3101 3417 3365 3481; x_wconf 87' lang='lat' dir='ltr'><strong>munitio,</strong></span> <span class='ocrx_word' id='word_1_723' title='bbox 3407 3431 3515 3486; x_wconf 87' lang='lat' dir='ltr'><strong>qua</strong></span> <span class='ocrx_word' id='word_1_724' title='bbox 3548 3427 3726 3470; x_wconf 87' lang='lat' dir='ltr'><strong>sanum</strong></span> 
     </span>
    </p>
   </div>
   <div class='ocr_carea' id='block_1_94' title="bbox 2139 3506 3724 3578">
    <p class='ocr_par' dir='ltr' id='par_1_94' title="bbox 2139 3506 3724 3578">
     <span class='ocr_line' id='line_1_94' title="bbox 2139 3506 3724 3578; baseline -0.003 -18"><span class='ocrx_word' id='word_1_725' title='bbox 2139 3521 2335 3576; x_wconf 87' lang='lat' dir='ltr'><strong>corpus</strong></span> <span class='ocrx_word' id='word_1_726' title='bbox 2359 3506 2620 3562; x_wconf 89' lang='lat' dir='ltr'><strong>adversus</strong></span> <span class='ocrx_word' id='word_1_727' title='bbox 2667 3514 2922 3561; x_wconf 84' lang='lat' dir='ltr'><strong>externos</strong></span> <span class='ocrx_word' id='word_1_728' title='bbox 2961 3507 3120 3571; x_wconf 84' lang='lat' dir='ltr'><strong>ictus,</strong></span> <span class='ocrx_word' id='word_1_729' title='bbox 3165 3522 3449 3578; x_wconf 84' lang='lat' dir='ltr'><strong>casusque</strong></span> <span class='ocrx_word' id='word_1_730' title='bbox 3473 3514 3724 3562; x_wconf 86' lang='lat' dir='ltr'><strong>servatur.</strong></span> 
     </span>
    </p>
   </div>
   <div class='ocr_carea' id='block_1_95' title="bbox 2139 3595 3727 3667">
    <p class='ocr_par' dir='ltr' id='par_1_95' title="bbox 2139 3595 3727 3667">
     <span class='ocr_line' id='line_1_95' title="bbox 2139 3595 3727 3667; baseline -0.001 -17"><span class='ocrx_word' id='word_1_731' title='bbox 2139 3595 2344 3651; x_wconf 68' lang='lat' dir='ltr'><strong>Nomen</strong></span> <span class='ocrx_word' id='word_1_732' title='bbox 2375 3604 2556 3650; x_wconf 90' lang='lat' dir='ltr'><strong>autem</strong></span> <span class='ocrx_word' id='word_1_733' title='bbox 2578 3596 2858 3652; x_wconf 69' lang='lat' dir='ltr'><strong>medicina:</strong></span> <span class='ocrx_word' id='word_1_734' title='bbox 2893 3612 2924 3651; x_wconf 90' lang='lat' dir='ltr'><strong>a</strong></span> <span class='ocrx_word' id='word_1_735' title='bbox 2975 3601 3160 3664; x_wconf 90' lang='lat' dir='ltr'><strong>modo,</strong></span> <span class='ocrx_word' id='word_1_736' title='bbox 3204 3599 3261 3654; x_wconf 89' lang='lat' dir='ltr'><strong>id</strong></span> <span class='ocrx_word' id='word_1_737' title='bbox 3313 3606 3426 3663; x_wconf 90' lang='lat' dir='ltr'><strong>est,</strong></span> <span class='ocrx_word' id='word_1_738' title='bbox 3473 3607 3727 3667; x_wconf 85' lang='lat' dir='ltr'><strong>tempera-</strong></span> 
     </span>
    </p>
   </div>
   <div class='ocr_carea' id='block_1_96' title="bbox 2140 3687 3730 3758">
    <p class='ocr_par' dir='ltr' id='par_1_96' title="bbox 2140 3687 3730 3758">
     <span class='ocr_line' id='line_1_96' title="bbox 2140 3687 3730 3758; baseline -0.001 -17"><span class='ocrx_word' id='word_1_739' title='bbox 2140 3697 2322 3743; x_wconf 89' lang='lat' dir='ltr'><strong>mento</strong></span> <span class='ocrx_word' id='word_1_740' title='bbox 2361 3687 2669 3758; x_wconf 89' lang='lat' dir='ltr'><strong>impositnm</strong></span> <span class='ocrx_word' id='word_1_741' title='bbox 2719 3690 3038 3744; x_wconf 73' lang='lat' dir='ltr'><strong>aestimatur.</strong></span> <span class='ocrx_word' id='word_1_742' title='bbox 3096 3690 3240 3746; x_wconf 84' lang='lat' dir='ltr'><strong>Nam</strong></span> <span class='ocrx_word' id='word_1_743' title='bbox 3295 3693 3356 3747; x_wconf 91' lang='lat' dir='ltr'><strong>in</strong></span> <span class='ocrx_word' id='word_1_744' title='bbox 3407 3709 3474 3749; x_wconf 88' lang='lat' dir='ltr'><strong>ea</strong></span> <span class='ocrx_word' id='word_1_745' title='bbox 3521 3691 3730 3746; x_wconf 84' lang='lat' dir='ltr'><strong>multum</strong></span> 
     </span>
    </p>
   </div>
   <div class='ocr_carea' id='block_1_97' title="bbox 2137 3779 3732 3856">
    <p class='ocr_par' dir='ltr' id='par_1_97' title="bbox 2137 3779 3732 3856">
     <span class='ocr_line' id='line_1_97' title="bbox 2137 3779 3732 3856; baseline -0.001 -20"><span class='ocrx_word' id='word_1_746' title='bbox 2137 3783 2486 3836; x_wconf 89' lang='lat' dir='ltr'><strong>contristatur</strong></span> <span class='ocrx_word' id='word_1_747' title='bbox 2509 3789 2722 3845; x_wconf 90' lang='lat' dir='ltr'><strong>natura,</strong></span> <span class='ocrx_word' id='word_1_748' title='bbox 2746 3781 3094 3838; x_wconf 87' lang='lat' dir='ltr'><strong>mediocriter</strong></span> <span class='ocrx_word' id='word_1_749' title='bbox 3120 3792 3317 3839; x_wconf 88' lang='lat' dir='ltr'><strong>autem</strong></span> <span class='ocrx_word' id='word_1_750' title='bbox 3343 3785 3583 3856; x_wconf 85' lang='lat' dir='ltr'><strong>gaudet:</strong></span> <span class='ocrx_word' id='word_1_751' title='bbox 3605 3779 3732 3835; x_wconf 80' lang='lat' dir='ltr'><strong>unde</strong></span> 
     </span>
    </p>
   </div>
   <div class='ocr_carea' id='block_1_98' title="bbox 2137 3874 3733 3946">
    <p class='ocr_par' dir='ltr' id='par_1_98' title="bbox 2137 3874 3733 3946">
     <span class='ocr_line' id='line_1_98' title="bbox 2137 3874 3733 3946; baseline -0.003 -18"><span class='ocrx_word' id='word_1_752' title='bbox 2137 3883 2191 3928; x_wconf 93' lang='lat' dir='ltr'><strong>ct</strong></span> <span class='ocrx_word' id='word_1_753' title='bbox 2216 3875 2304 3944; x_wconf 85' lang='lat' dir='ltr'><strong>qui</strong></span> <span class='ocrx_word' id='word_1_754' title='bbox 2329 3875 2598 3946; x_wconf 89' lang='lat' dir='ltr'><strong>pigmenta</strong></span> <span class='ocrx_word' id='word_1_755' title='bbox 2625 3883 2676 3930; x_wconf 90' lang='lat' dir='ltr'><strong>et</strong></span> <span class='ocrx_word' id='word_1_756' title='bbox 2702 3874 2942 3928; x_wconf 89' lang='lat' dir='ltr'><strong>antidota</strong></span> <span class='ocrx_word' id='word_1_757' title='bbox 2965 3876 3098 3930; x_wconf 91' lang='lat' dir='ltr'><strong>satis</strong></span> <span class='ocrx_word' id='word_1_758' title='bbox 3121 3875 3212 3931; x_wconf 91' lang='lat' dir='ltr'><strong>vel</strong></span> <span class='ocrx_word' id='word_1_759' title='bbox 3239 3877 3472 3932; x_wconf 86' lang='lat' dir='ltr'><strong>assidue</strong></span> <span class='ocrx_word' id='word_1_760' title='bbox 3490 3875 3733 3934; x_wconf 85' lang='lat' dir='ltr'><strong>biberint,</strong></span> 
     </span>
    </p>
   </div>
   <div class='ocr_carea' id='block_1_99' title="bbox 2137 3964 3732 4044">
    <p class='ocr_par' dir='ltr' id='par_1_99' title="bbox 2137 3964 3732 4044">
     <span class='ocr_line' id='line_1_99' title="bbox 2137 3964 3732 4044; baseline 0.001 -27"><span class='ocrx_word' id='word_1_761' title='bbox 2137 3973 2420 4020; x_wconf 78' lang='lat' dir='ltr'><strong>vexantur.</strong></span> <span class='ocrx_word' id='word_1_762' title='bbox 2467 3964 2846 4044; x_wconf 81' lang='lat' dir='ltr'><strong>immoderatio</strong></span> <span class='ocrx_word' id='word_1_763' title='bbox 2885 3965 3028 4020; x_wconf 90' lang='lat' dir='ltr'><strong>enim</strong></span> <span class='ocrx_word' id='word_1_764' title='bbox 3082 3967 3273 4022; x_wconf 90' lang='lat' dir='ltr'><strong>omnis</strong></span> <span class='ocrx_word' id='word_1_765' title='bbox 3325 3983 3438 4022; x_wconf 91' lang='lat' dir='ltr'><strong>non</strong></span> <span class='ocrx_word' id='word_1_766' title='bbox 3493 3966 3732 4026; x_wconf 85' lang='lat' dir='ltr'><strong>salutem,</strong></span> 
     </span>
    </p>
   </div>
   <div class='ocr_carea' id='block_1_100' title="bbox 2137 4056 3740 4128">
    <p class='ocr_par' dir='ltr' id='par_1_100' title="bbox 2137 4056 3740 4128">
     <span class='ocr_line' id='line_1_100' title="bbox 2137 4056 3740 4128; baseline -0.003 -16"><span class='ocrx_word' id='word_1_767' title='bbox 2137 4057 2232 4112; x_wconf 86' lang='lat' dir='ltr'><strong>sed</strong></span> <span class='ocrx_word' id='word_1_768' title='bbox 2263 4057 2556 4128; x_wconf 90' lang='lat' dir='ltr'><strong>periculum</strong></span> <span class='ocrx_word' id='word_1_769' title='bbox 2583 4056 2758 4112; x_wconf 82' lang='lat' dir='ltr'><strong>affert.</strong></span> <span class='ocrx_word' id='word_1_770' title='bbox 2792 4057 3068 4112; x_wconf 63' lang='lat' dir='ltr'><strong>Medicinae</strong></span> <span class='ocrx_word' id='word_1_771' title='bbox 3112 4068 3311 4114; x_wconf 91' lang='lat' dir='ltr'><strong>autem</strong></span> <span class='ocrx_word' id='word_1_772' title='bbox 3375 4059 3519 4115; x_wconf 91' lang='lat' dir='ltr'><strong>artis</strong></span> <span class='ocrx_word' id='word_1_773' title='bbox 3562 4063 3740 4112; x_wconf 87' lang='lat' dir='ltr'><strong>auctor</strong></span> 
     </span>
    </p>
   </div>
   <div class='ocr_carea' id='block_1_101' title="bbox 2137 4148 3738 4222">
    <p class='ocr_par' dir='ltr' id='par_1_101' title="bbox 2137 4148 3738 4222">
     <span class='ocr_line' id='line_1_101' title="bbox 2137 4148 3738 4222; baseline -0.003 -19"><span class='ocrx_word' id='word_1_774' title='bbox 2137 4164 2202 4204; x_wconf 89' lang='lat' dir='ltr'><strong>ac</strong></span> <span class='ocrx_word' id='word_1_775' title='bbox 2231 4159 2477 4220; x_wconf 86' lang='lat' dir='ltr'><strong>repertor</strong></span> <span class='ocrx_word' id='word_1_776' title='bbox 2502 4150 2644 4220; x_wconf 88' lang='lat' dir='ltr'><strong>apud</strong></span> <span class='ocrx_word' id='word_1_777' title='bbox 2672 4148 2891 4204; x_wconf 86' lang='lat' dir='ltr'><strong>Graecos</strong></span> <span class='ocrx_word' id='word_1_778' title='bbox 2935 4149 3262 4219; x_wconf 90' lang='lat' dir='ltr'><strong>perhibetur</strong></span> <span class='ocrx_word' id='word_1_779' title='bbox 3305 4150 3510 4222; x_wconf 81' lang='lat' dir='ltr'><strong>Apollo</strong></span> <span class='ocrx_word' id='word_1_780' title='bbox 3549 4168 3563 4204; x_wconf 93' lang='lat'><strong>:</strong></span> <span class='ocrx_word' id='word_1_781' title='bbox 3611 4149 3738 4203; x_wconf 83' lang='lat' dir='ltr'><strong>hanc</strong></span> 
     </span>
    </p>
   </div>
   <div class='ocr_carea' id='block_1_102' title="bbox 2137 4235 3742 4312">
    <p class='ocr_par' dir='ltr' id='par_1_102' title="bbox 2137 4235 3742 4312">
     <span class='ocr_line' id='line_1_102' title="bbox 2137 4235 3742 4312; baseline 0.001 -20"><span class='ocrx_word' id='word_1_782' title='bbox 2137 4239 2280 4294; x_wconf 83' lang='lat' dir='ltr'><strong>filius</strong></span> <span class='ocrx_word' id='word_1_783' title='bbox 2304 4240 2420 4310; x_wconf 87' lang='lat' dir='ltr'><strong>ejus</strong></span> <span class='ocrx_word' id='word_1_784' title='bbox 2448 4237 2792 4309; x_wconf 65' lang='lat' dir='ltr'><strong>Esculapius</strong></span> <span class='ocrx_word' id='word_1_785' title='bbox 2817 4239 2975 4295; x_wconf 90' lang='lat' dir='ltr'><strong>laude</strong></span> <span class='ocrx_word' id='word_1_786' title='bbox 2997 4239 3079 4294; x_wconf 89' lang='lat' dir='ltr'><strong>vel</strong></span> <span class='ocrx_word' id='word_1_787' title='bbox 3103 4256 3280 4310; x_wconf 89' lang='lat' dir='ltr'><strong>opere</strong></span> <span class='ocrx_word' id='word_1_788' title='bbox 3309 4240 3620 4312; x_wconf 82' lang='lat' dir='ltr'><strong>ampliavit.</strong></span> <span class='ocrx_word' id='word_1_789' title='bbox 3642 4235 3742 4293; x_wconf 83' lang='lat' dir='ltr'><strong>Sed</strong></span> 
     </span>
    </p>
   </div>
   <div class='ocr_carea' id='block_1_103' title="bbox 2136 4329 3741 4400">
    <p class='ocr_par' dir='ltr' id='par_1_103' title="bbox 2136 4329 3741 4400">
     <span class='ocr_line' id='line_1_103' title="bbox 2136 4329 3741 4400; baseline 0 -17"><span class='ocrx_word' id='word_1_790' title='bbox 2136 4339 2418 4400; x_wconf 88' lang='lat' dir='ltr'><strong>postquam</strong></span> <span class='ocrx_word' id='word_1_791' title='bbox 2457 4329 2698 4386; x_wconf 87' lang='lat' dir='ltr'><strong>fulminis</strong></span> <span class='ocrx_word' id='word_1_792' title='bbox 2738 4331 2846 4386; x_wconf 89' lang='lat' dir='ltr'><strong>ictu</strong></span> <span class='ocrx_word' id='word_1_793' title='bbox 2896 4329 3248 4400; x_wconf 61' lang='lat' dir='ltr'><strong>IEsculapius</strong></span> <span class='ocrx_word' id='word_1_794' title='bbox 3311 4333 3553 4397; x_wconf 89' lang='lat' dir='ltr'><strong>interiit,</strong></span> <span class='ocrx_word' id='word_1_795' title='bbox 3585 4331 3741 4386; x_wconf 82' lang='lat' dir='ltr'><strong>inter-</strong></span> 
     </span>
    </p>
   </div>
   <div class='ocr_carea' id='block_1_104' title="bbox 2135 4420 3744 4487">
    <p class='ocr_par' dir='ltr' id='par_1_104' title="bbox 2135 4420 3744 4487">
     <span class='ocr_line' id='line_1_104' title="bbox 2135 4420 3744 4487; baseline 0 -13"><span class='ocrx_word' id='word_1_796' title='bbox 2135 4421 2277 4476; x_wconf 84' lang='lat' dir='ltr'><strong>dicta</strong></span> <span class='ocrx_word' id='word_1_797' title='bbox 2305 4420 2480 4476; x_wconf 83' lang='lat' dir='ltr'><strong>fertur</strong></span> <span class='ocrx_word' id='word_1_798' title='bbox 2501 4421 2745 4477; x_wconf 84' lang='lat' dir='ltr'><strong>medendi</strong></span> <span class='ocrx_word' id='word_1_799' title='bbox 2766 4438 2914 4487; x_wconf 88' lang='lat' dir='ltr'><strong>cura,</strong></span> <span class='ocrx_word' id='word_1_800' title='bbox 2963 4431 3020 4477; x_wconf 89' lang='lat' dir='ltr'><strong>et</strong></span> <span class='ocrx_word' id='word_1_801' title='bbox 3047 4437 3136 4476; x_wconf 88' lang='lat' dir='ltr'><strong>ars</strong></span> <span class='ocrx_word' id='word_1_802' title='bbox 3164 4423 3342 4478; x_wconf 87' lang='lat' dir='ltr'><strong>simul</strong></span> <span class='ocrx_word' id='word_1_803' title='bbox 3368 4439 3504 4481; x_wconf 88' lang='lat' dir='ltr'><strong>cum</strong></span> <span class='ocrx_word' id='word_1_804' title='bbox 3535 4429 3744 4478; x_wconf 89' lang='lat' dir='ltr'><strong>auctore</strong></span> 
     </span>
    </p>
   </div>
   <div class='ocr_carea' id='block_1_105' title="bbox 2136 4512 3744 4588">
    <p class='ocr_par' dir='ltr' id='par_1_105' title="bbox 2136 4512 3744 4588">
     <span class='ocr_line' id='line_1_105' title="bbox 2136 4512 3744 4588; baseline -0.002 -21"><span class='ocrx_word' id='word_1_805' title='bbox 2136 4512 2350 4578; x_wconf 77' lang='lat' dir='ltr'><strong>defecit,</strong></span> <span class='ocrx_word' id='word_1_806' title='bbox 2395 4513 2656 4585; x_wconf 88' lang='lat' dir='ltr'><strong>latuitque</strong></span> <span class='ocrx_word' id='word_1_807' title='bbox 2677 4529 2772 4586; x_wconf 89' lang='lat' dir='ltr'><strong>per</strong></span> <span class='ocrx_word' id='word_1_808' title='bbox 2821 4529 2992 4570; x_wconf 90' lang='lat' dir='ltr'><strong>annos</strong></span> <span class='ocrx_word' id='word_1_809' title='bbox 3030 4529 3166 4585; x_wconf 90' lang='lat' dir='ltr'><strong>pene</strong></span> <span class='ocrx_word' id='word_1_810' title='bbox 3197 4515 3553 4588; x_wconf 87' lang='lat' dir='ltr'><strong>quingentos</strong></span> <span class='ocrx_word' id='word_1_811' title='bbox 3583 4525 3744 4582; x_wconf 86' lang='lat' dir='ltr'><strong>usque</strong></span> 
     </span>
    </p>
   </div>
   <div class='ocr_carea' id='block_1_106' title="bbox 2137 4604 3750 4678">
    <p class='ocr_par' dir='ltr' id='par_1_106' title="bbox 2137 4604 3750 4678">
     <span class='ocr_line' id='line_1_106' title="bbox 2137 4604 3750 4678; baseline -0.002 -19"><span class='ocrx_word' id='word_1_812' title='bbox 2137 4604 2204 4659; x_wconf 89' lang='lat' dir='ltr'><strong>ad</strong></span> <span class='ocrx_word' id='word_1_813' title='bbox 2240 4614 2452 4676; x_wconf 78' lang='lat' dir='ltr'><strong>tempus</strong></span> <span class='ocrx_word' id='word_1_814' title='bbox 2496 4607 2815 4662; x_wconf 79' lang='lat' dir='ltr'><strong>Artaxerxis</strong></span> <span class='ocrx_word' id='word_1_815' title='bbox 2871 4607 3012 4678; x_wconf 82' lang='lat' dir='ltr'><strong>regis</strong></span> <span class='ocrx_word' id='word_1_816' title='bbox 3067 4605 3381 4664; x_wconf 84' lang='lat' dir='ltr'><strong>Persarum</strong></span> <span class='ocrx_word' id='word_1_817' title='bbox 3417 4622 3437 4663; x_wconf 85' lang='lat'><strong>:</strong></span> <span class='ocrx_word' id='word_1_818' title='bbox 3473 4615 3608 4664; x_wconf 86' lang='lat' dir='ltr'><strong>tunc</strong></span> <span class='ocrx_word' id='word_1_819' title='bbox 3634 4617 3750 4662; x_wconf 87' lang='lat' dir='ltr'><strong>eam</strong></span> 
     </span>
    </p>
   </div>
   <div class='ocr_carea' id='block_1_107' title="bbox 2137 4697 3750 4773">
    <p class='ocr_par' dir='ltr' id='par_1_107' title="bbox 2137 4697 3750 4773">
     <span class='ocr_line' id='line_1_107' title="bbox 2137 4697 3750 4773; baseline -0.003 -20"><span class='ocrx_word' id='word_1_820' title='bbox 2137 4700 2410 4754; x_wconf 87' lang='lat' dir='ltr'><strong>revocavit</strong></span> <span class='ocrx_word' id='word_1_821' title='bbox 2439 4701 2491 4754; x_wconf 91' lang='lat' dir='ltr'><strong>in</strong></span> <span class='ocrx_word' id='word_1_822' title='bbox 2521 4700 2694 4756; x_wconf 89' lang='lat' dir='ltr'><strong>lucem</strong></span> <span class='ocrx_word' id='word_1_823' title='bbox 2722 4701 2961 4770; x_wconf 87' lang='lat' dir='ltr'><strong>Ypocras</strong></span> <span class='ocrx_word' id='word_1_824' title='bbox 3014 4699 3275 4770; x_wconf 78' lang='lat' dir='ltr'><strong>Asclepio</strong></span> <span class='ocrx_word' id='word_1_825' title='bbox 3329 4711 3502 4773; x_wconf 87' lang='lat' dir='ltr'><strong>patre</strong></span> <span class='ocrx_word' id='word_1_826' title='bbox 3542 4697 3750 4770; x_wconf 86' lang='lat' dir='ltr'><strong>genitus</strong></span> 
     </span>
    </p>
   </div>
   <div class='ocr_carea' id='block_1_108' title="bbox 2135 4789 3753 4862">
    <p class='ocr_par' dir='ltr' id='par_1_108' title="bbox 2135 4789 3753 4862">
     <span class='ocr_line' id='line_1_108' title="bbox 2135 4789 3753 4862; baseline -0.005 -16"><span class='ocrx_word' id='word_1_827' title='bbox 2135 4792 2188 4846; x_wconf 86' lang='lat' dir='ltr'><strong>in</strong></span> <span class='ocrx_word' id='word_1_828' title='bbox 2234 4791 2406 4846; x_wconf 88' lang='lat' dir='ltr'><strong>insula</strong></span> <span class='ocrx_word' id='word_1_829' title='bbox 2449 4789 2618 4846; x_wconf 90' lang='lat' dir='ltr'><strong>Choo.</strong></span> <span class='ocrx_word' id='word_1_830' title='bbox 2666 4789 2880 4845; x_wconf 87' lang='lat' dir='ltr'><strong>Sanitas</strong></span> <span class='ocrx_word' id='word_1_831' title='bbox 2921 4798 3006 4846; x_wconf 86' lang='lat' dir='ltr'><strong>est</strong></span> <span class='ocrx_word' id='word_1_832' title='bbox 3029 4790 3331 4861; x_wconf 85' lang='lat' dir='ltr'><strong>integritas</strong></span> <span class='ocrx_word' id='word_1_833' title='bbox 3381 4789 3666 4862; x_wconf 83' lang='lat' dir='ltr'><strong>corporis,</strong></span> <span class='ocrx_word' id='word_1_834' title='bbox 3699 4791 3753 4840; x_wconf 88' lang='lat' dir='ltr'><strong>et</strong></span> 
     </span>
    </p>
   </div>
   <div class='ocr_carea' id='block_1_109' title="bbox 2136 4880 3746 4953">
    <p class='ocr_par' dir='ltr' id='par_1_109' title="bbox 2136 4880 3746 4953">
     <span class='ocr_line' id='line_1_109' title="bbox 2136 4880 3746 4953; baseline -0.003 -16"><span class='ocrx_word' id='word_1_835' title='bbox 2136 4883 2487 4953; x_wconf 88' lang='lat' dir='ltr'><strong>temperantia</strong></span> <span class='ocrx_word' id='word_1_836' title='bbox 2512 4897 2577 4935; x_wconf 83' lang='lat' dir='ltr'><strong>ex</strong></span> <span class='ocrx_word' id='word_1_837' title='bbox 2609 4881 2784 4936; x_wconf 89' lang='lat' dir='ltr'><strong>calido</strong></span> <span class='ocrx_word' id='word_1_838' title='bbox 2809 4891 2864 4936; x_wconf 88' lang='lat' dir='ltr'><strong>et</strong></span> <span class='ocrx_word' id='word_1_839' title='bbox 2886 4883 3126 4947; x_wconf 90' lang='lat' dir='ltr'><strong>humido,</strong></span> <span class='ocrx_word' id='word_1_840' title='bbox 3157 4884 3318 4952; x_wconf 87' lang='lat' dir='ltr'><strong>quod</strong></span> <span class='ocrx_word' id='word_1_841' title='bbox 3347 4892 3444 4939; x_wconf 88' lang='lat' dir='ltr'><strong>est.</strong></span> <span class='ocrx_word' id='word_1_842' title='bbox 3489 4880 3746 4952; x_wconf 82' lang='lat' dir='ltr'><strong>sanguis:</strong></span> 
     </span>
    </p>
   </div>
   <div class='ocr_carea' id='block_1_110' title="bbox 2133 4973 3750 5046">
    <p class='ocr_par' dir='ltr' id='par_1_110' title="bbox 2133 4973 3750 5046">
     <span class='ocr_line' id='line_1_110' title="bbox 2133 4973 3750 5046; baseline -0.003 -17"><span class='ocrx_word' id='word_1_843' title='bbox 2133 4977 2273 5030; x_wconf 81' lang='lat' dir='ltr'><strong>mule</strong></span> <span class='ocrx_word' id='word_1_844' title='bbox 2325 4983 2380 5030; x_wconf 91' lang='lat' dir='ltr'><strong>et</strong></span> <span class='ocrx_word' id='word_1_845' title='bbox 2424 4974 2628 5028; x_wconf 89' lang='lat' dir='ltr'><strong>sanitas</strong></span> <span class='ocrx_word' id='word_1_846' title='bbox 2663 4974 2806 5028; x_wconf 82' lang='lat' dir='ltr'><strong>dicta</strong></span> <span class='ocrx_word' id='word_1_847' title='bbox 2850 4984 2951 5036; x_wconf 84' lang='lat' dir='ltr'><strong>est,</strong></span> <span class='ocrx_word' id='word_1_848' title='bbox 2993 4973 3145 5044; x_wconf 89' lang='lat' dir='ltr'><strong>quasi</strong></span> <span class='ocrx_word' id='word_1_849' title='bbox 3197 4975 3519 5046; x_wconf 85' lang='lat' dir='ltr'><strong>sanguinis</strong></span> <span class='ocrx_word' id='word_1_850' title='bbox 3563 4980 3750 5030; x_wconf 83' lang='lat' dir='ltr'><strong>status.</strong></span> 
     </span>
    </p>
   </div>
   <div class='ocr_carea' id='block_1_111' title="bbox 2135 5062 3755 5136">
    <p class='ocr_par' dir='ltr' id='par_1_111' title="bbox 2135 5062 3755 5136">
     <span class='ocr_line' id='line_1_111' title="bbox 2135 5062 3755 5136; baseline -0.004 -15"><span class='ocrx_word' id='word_1_851' title='bbox 2135 5067 2304 5121; x_wconf 87' lang='lat' dir='ltr'><strong>Morbi</strong></span> <span class='ocrx_word' id='word_1_852' title='bbox 2350 5064 2588 5136; x_wconf 85' lang='lat' dir='ltr'><strong>generali</strong></span> <span class='ocrx_word' id='word_1_853' title='bbox 2647 5064 2908 5120; x_wconf 87' lang='lat' dir='ltr'><strong>vocabulo</strong></span> <span class='ocrx_word' id='word_1_854' title='bbox 2948 5078 3138 5119; x_wconf 91' lang='lat' dir='ltr'><strong>omnes</strong></span> <span class='ocrx_word' id='word_1_855' title='bbox 3157 5066 3478 5134; x_wconf 88' lang='lat' dir='ltr'><strong>passiones</strong></span> <span class='ocrx_word' id='word_1_856' title='bbox 3508 5062 3755 5135; x_wconf 84' lang='lat' dir='ltr'><strong>corporis</strong></span> 
     </span>
    </p>
   </div>
   <div class='ocr_carea' id='block_1_112' title="bbox 2133 5153 3750 5226">
    <p class='ocr_par' dir='ltr' id='par_1_112' title="bbox 2133 5153 3750 5226">
     <span class='ocr_line' id='line_1_112' title="bbox 2133 5153 3750 5226; baseline -0.005 -12"><span class='ocrx_word' id='word_1_857' title='bbox 2133 5159 2479 5214; x_wconf 85' lang='lat' dir='ltr'><strong>continentur</strong></span> <span class='ocrx_word' id='word_1_858' title='bbox 2509 5173 2522 5209; x_wconf 91' lang='lat'><strong>:</strong></span> <span class='ocrx_word' id='word_1_859' title='bbox 2547 5155 2689 5226; x_wconf 92' lang='lat' dir='ltr'><strong>quod</strong></span> <span class='ocrx_word' id='word_1_860' title='bbox 2721 5155 2844 5210; x_wconf 90' lang='lat' dir='ltr'><strong>inde</strong></span> <span class='ocrx_word' id='word_1_861' title='bbox 2881 5163 3092 5209; x_wconf 84' lang='lat' dir='ltr'><strong>veteres</strong></span> <span class='ocrx_word' id='word_1_862' title='bbox 3116 5153 3389 5208; x_wconf 86' lang='lat' dir='ltr'><strong>morbum</strong></span> <span class='ocrx_word' id='word_1_863' title='bbox 3425 5154 3750 5210; x_wconf 82' lang='lat' dir='ltr'><strong>nominave~</strong></span> 
     </span>
    </p>
   </div>
   <div class='ocr_carea' id='block_1_113' title="bbox 2133 5249 3760 5322">
    <p class='ocr_par' dir='ltr' id='par_1_113' title="bbox 2133 5249 3760 5322">
     <span class='ocr_line' id='line_1_113' title="bbox 2133 5249 3760 5322; baseline -0.006 -13"><span class='ocrx_word' id='word_1_864' title='bbox 2133 5265 2278 5317; x_wconf 90' lang='lat' dir='ltr'><strong>runt,</strong></span> <span class='ocrx_word' id='word_1_865' title='bbox 2311 5263 2372 5308; x_wconf 93' lang='lat' dir='ltr'><strong>ut</strong></span> <span class='ocrx_word' id='word_1_866' title='bbox 2419 5254 2532 5322; x_wconf 91' lang='lat' dir='ltr'><strong>ipsa</strong></span> <span class='ocrx_word' id='word_1_867' title='bbox 2581 5251 2936 5322; x_wconf 84' lang='lat' dir='ltr'><strong>appellatione</strong></span> <span class='ocrx_word' id='word_1_868' title='bbox 2972 5249 3162 5304; x_wconf 90' lang='lat' dir='ltr'><strong>mortis</strong></span> <span class='ocrx_word' id='word_1_869' title='bbox 3207 5249 3363 5314; x_wconf 83' lang='lat' dir='ltr'><strong>vim,</strong></span> <span class='ocrx_word' id='word_1_870' title='bbox 3387 5265 3534 5321; x_wconf 69' lang='lat' dir='ltr'><strong>qua:</strong></span> <span class='ocrx_word' id='word_1_871' title='bbox 3585 5263 3658 5303; x_wconf 78' lang='lat' dir='ltr'><strong>ex</strong></span> <span class='ocrx_word' id='word_1_872' title='bbox 3695 5259 3760 5300; x_wconf 89' lang='lat' dir='ltr'><strong>eo</strong></span> 
     </span>
    </p>
   </div>
   <div class='ocr_carea' id='block_1_114' title="bbox 2135 5339 3756 5409">
    <p class='ocr_par' dir='ltr' id='par_1_114' title="bbox 2135 5339 3756 5409">
     <span class='ocr_line' id='line_1_114' title="bbox 2135 5339 3756 5409; baseline -0.006 -9"><span class='ocrx_word' id='word_1_873' title='bbox 2135 5347 2392 5409; x_wconf 88' lang='lat' dir='ltr'><strong>nascitur,</strong></span> <span class='ocrx_word' id='word_1_874' title='bbox 2431 5345 2882 5400; x_wconf 88' lang='lat' dir='ltr'><strong>demonstrarent.</strong></span> <span class='ocrx_word' id='word_1_875' title='bbox 2928 5341 3074 5396; x_wconf 84' lang='lat' dir='ltr'><strong>Inter</strong></span> <span class='ocrx_word' id='word_1_876' title='bbox 3116 5339 3434 5399; x_wconf 84' lang='lat' dir='ltr'><strong>sanitatem</strong></span> <span class='ocrx_word' id='word_1_877' title='bbox 3490 5341 3756 5396; x_wconf 85' lang='lat' dir='ltr'><strong>autemet</strong></span> 
     </span>
    </p>
   </div>
   <div class='ocr_carea' id='block_1_115' title="bbox 2135 5431 3766 5502">
    <p class='ocr_par' dir='ltr' id='par_1_115' title="bbox 2135 5431 3766 5502">
     <span class='ocr_line' id='line_1_115' title="bbox 2135 5431 3766 5502; baseline -0.006 -10"><span class='ocrx_word' id='word_1_878' title='bbox 2135 5438 2380 5492; x_wconf 90' lang='lat' dir='ltr'><strong>morbum</strong></span> <span class='ocrx_word' id='word_1_879' title='bbox 2431 5435 2606 5490; x_wconf 88' lang='lat' dir='ltr'><strong>media</strong></span> <span class='ocrx_word' id='word_1_880' title='bbox 2656 5443 2742 5490; x_wconf 91' lang='lat' dir='ltr'><strong>est</strong></span> <span class='ocrx_word' id='word_1_881' title='bbox 2781 5432 3015 5498; x_wconf 87' lang='lat' dir='ltr'><strong>curatio,</strong></span> <span class='ocrx_word' id='word_1_882' title='bbox 3060 5445 3180 5502; x_wconf 73' lang='lat' dir='ltr'><strong>qua:</strong></span> <span class='ocrx_word' id='word_1_883' title='bbox 3209 5431 3335 5488; x_wconf 87' lang='lat' dir='ltr'><strong>nisi</strong></span> <span class='ocrx_word' id='word_1_884' title='bbox 3391 5433 3606 5489; x_wconf 86' lang='lat' dir='ltr'><strong>morbo</strong></span> <span class='ocrx_word' id='word_1_885' title='bbox 3635 5443 3766 5486; x_wconf 90' lang='lat' dir='ltr'><strong>eon-</strong></span> 
     </span>
    </p>
   </div>
   <div class='ocr_carea' id='block_1_116' title="bbox 2133 5520 3764 5600">
    <p class='ocr_par' dir='ltr' id='par_1_116' title="bbox 2133 5520 3764 5600">
     <span class='ocr_line' id='line_1_116' title="bbox 2133 5520 3764 5600; baseline -0.005 -18"><span class='ocrx_word' id='word_1_886' title='bbox 2133 5536 2308 5600; x_wconf 85' lang='lat' dir='ltr'><strong>gruat,</strong></span> <span class='ocrx_word' id='word_1_887' title='bbox 2357 5541 2462 5580; x_wconf 92' lang='lat' dir='ltr'><strong>non</strong></span> <span class='ocrx_word' id='word_1_888' title='bbox 2503 5524 2753 5595; x_wconf 88' lang='lat' dir='ltr'><strong>perducit</strong></span> <span class='ocrx_word' id='word_1_889' title='bbox 2787 5523 2856 5578; x_wconf 89' lang='lat' dir='ltr'><strong>ad</strong></span> <span class='ocrx_word' id='word_1_890' title='bbox 2881 5523 3190 5578; x_wconf 87' lang='lat' dir='ltr'><strong>sanitatem.</strong></span> <span class='ocrx_word' id='word_1_891' title='bbox 3235 5520 3440 5580; x_wconf 76' lang='lat' dir='ltr'><strong>Morbi</strong></span> <span class='ocrx_word' id='word_1_892' title='bbox 3465 5536 3672 5580; x_wconf 85' lang='lat' dir='ltr'><strong>omnes</strong></span> <span class='ocrx_word' id='word_1_893' title='bbox 3697 5532 3764 5574; x_wconf 79' lang='lat' dir='ltr'><strong>ex</strong></span> 
     </span>
    </p>
   </div>
   <div class='ocr_carea' id='block_1_117' title="bbox 2132 5613 3773 5689">
    <p class='ocr_par' dir='ltr' id='par_1_117' title="bbox 2132 5613 3773 5689">
     <span class='ocr_line' id='line_1_117' title="bbox 2132 5613 3773 5689; baseline -0.002 -19"><span class='ocrx_word' id='word_1_894' title='bbox 2132 5625 2366 5689; x_wconf 87' lang='lat' dir='ltr'><strong>quatuor</strong></span> <span class='ocrx_word' id='word_1_895' title='bbox 2395 5625 2688 5670; x_wconf 89' lang='lat' dir='ltr'><strong>nascuntur</strong></span> <span class='ocrx_word' id='word_1_896' title='bbox 2705 5614 3046 5680; x_wconf 88' lang='lat' dir='ltr'><strong>humoribus,</strong></span> <span class='ocrx_word' id='word_1_897' title='bbox 3070 5613 3124 5668; x_wconf 91' lang='lat' dir='ltr'><strong>id</strong></span> <span class='ocrx_word' id='word_1_898' title='bbox 3149 5619 3263 5678; x_wconf 85' lang='lat' dir='ltr'><strong>est,</strong></span> <span class='ocrx_word' id='word_1_899' title='bbox 3296 5628 3379 5670; x_wconf 77' lang='lat' dir='ltr'><strong>ex</strong></span> <span class='ocrx_word' id='word_1_900' title='bbox 3409 5615 3700 5688; x_wconf 84' lang='lat' dir='ltr'><strong>sanguine</strong></span> <span class='ocrx_word' id='word_1_901' title='bbox 3715 5617 3773 5666; x_wconf 84' lang='lat' dir='ltr'><strong>et</strong></span> 
     </span>
    </p>
   </div>
   <div class='ocr_carea' id='block_1_118' title="bbox 2131 5705 3772 5778">
    <p class='ocr_par' dir='ltr' id='par_1_118' title="bbox 2131 5705 3772 5778">
     <span class='ocr_line' id='line_1_118' title="bbox 2131 5705 3772 5778; baseline -0.004 -14"><span class='ocrx_word' id='word_1_902' title='bbox 2131 5710 2273 5775; x_wconf 84' lang='lat' dir='ltr'><strong>felle,</strong></span> <span class='ocrx_word' id='word_1_903' title='bbox 2325 5707 2678 5766; x_wconf 84' lang='lat' dir='ltr'><strong>melancholia</strong></span> <span class='ocrx_word' id='word_1_904' title='bbox 2718 5715 2777 5764; x_wconf 91' lang='lat' dir='ltr'><strong>et</strong></span> <span class='ocrx_word' id='word_1_905' title='bbox 2811 5706 3159 5778; x_wconf 77' lang='lat' dir='ltr'><strong>phlegmata:</strong></span> <span class='ocrx_word' id='word_1_906' title='bbox 3191 5719 3268 5758; x_wconf 81' lang='lat' dir='ltr'><strong>ex</strong></span> <span class='ocrx_word' id='word_1_907' title='bbox 3305 5705 3462 5777; x_wconf 82' lang='lat' dir='ltr'><strong>ipsis</strong></span> <span class='ocrx_word' id='word_1_908' title='bbox 3492 5707 3652 5762; x_wconf 84' lang='lat' dir='ltr'><strong>enim</strong></span> <span class='ocrx_word' id='word_1_909' title='bbox 3684 5717 3772 5757; x_wconf 82' lang='lat' dir='ltr'><strong>re-</strong></span> 
     </span>
    </p>
   </div>
   <div class='ocr_carea' id='block_1_119' title="bbox 2133 5793 3777 5871">
    <p class='ocr_par' dir='ltr' id='par_1_119' title="bbox 2133 5793 3777 5871">
     <span class='ocr_line' id='line_1_119' title="bbox 2133 5793 3777 5871; baseline -0.006 -15"><span class='ocrx_word' id='word_1_910' title='bbox 2133 5811 2332 5871; x_wconf 81' lang='lat' dir='ltr'><strong>guntur</strong></span> <span class='ocrx_word' id='word_1_911' title='bbox 2360 5803 2498 5868; x_wconf 87' lang='lat' dir='ltr'><strong>sani,</strong></span> <span class='ocrx_word' id='word_1_912' title='bbox 2523 5815 2588 5856; x_wconf 78' lang='lat' dir='ltr'><strong>ex</strong></span> <span class='ocrx_word' id='word_1_913' title='bbox 2640 5798 2771 5870; x_wconf 88' lang='lat' dir='ltr'><strong>ipsis</strong></span> <span class='ocrx_word' id='word_1_914' title='bbox 2819 5795 3088 5853; x_wconf 65' lang='lat' dir='ltr'><strong>laeduntur</strong></span> <span class='ocrx_word' id='word_1_915' title='bbox 3124 5793 3375 5853; x_wconf 81' lang='lat' dir='ltr'><strong>inﬁrmi.</strong></span> <span class='ocrx_word' id='word_1_916' title='bbox 3427 5797 3586 5854; x_wconf 85' lang='lat' dir='ltr'><strong>Dum</strong></span> <span class='ocrx_word' id='word_1_917' title='bbox 3628 5795 3777 5852; x_wconf 87' lang='lat' dir='ltr'><strong>enim</strong></span> 
     </span>
    </p>
   </div>
  </div>
