3974 6188
220 331 302 389 501

1163 317 1250 372 DE
1291 315 1638 374 UNIVERSO
1675 317 1850 372 LIBRI
1894 314 2053 370 XXII.
2093 345 2161 353 —
2199 313 2326 368 LIB.
2370 315 2553 370 XVI“.

3371 317 3479 375 502

221 446 431 518 amplius
453 449 611 497 extra
638 451 854 493 cursum
877 443 1084 491 natura:
1104 443 1410 499 creverunt,
1440 434 1787 505 aegritudines
1820 440 1861 494 Α
1894 430 2229 501 llydropicus
2275 430 2543 501 signiﬁcat
2571 446 2793 485 avarum
2838 432 3110 487 hominem
3140 446 3154 485 :
3184 434 3307 502 quia
3340 431 3481 488 sicut

221 538 406 594 faciunt
451 550 467 586 :
520 531 661 586 sicut
699 536 879 582 autem
906 535 1138 595 quatuor
1168 533 1293 579 sunt
1313 526 1601 589 elementa,
1630 525 1709 579 sic
1738 534 1792 579 et

224 635 445 700 quatuor
471 624 731 677 humores
762 634 777 673 :
808 628 863 672 et
886 616 1256 686 unusquisque
1277 602 1473 671 humor
1505 632 1660 670 suum
1690 614 1796 671 ele-

222 727 449 782 mentum.
494 714 738 769 imitatur
769 729 784 767 :
814 710 1035 781 sanguis
1087 724 1268 765 acrem
1295 727 1307 762 :
1332 708 1551 765 cholera
1576 709 1790 780 ignem:

222 807 563 867 melancholia
592 815 790 859 terram
817 821 829 855 :
864 802 1114 872 phlegma
1152 816 1350 870 aquam
1387 818 1398 854 :
1426 809 1481 855 et
1510 810 1637 856 sunt
1658 816 1793 870 qua-

222 915 326 958 tuor
351 903 631 961 humores,
672 900 812 951 sicut
845 894 1134 959 elementa,
1179 909 1298 963 quae
1323 902 1648 950 conservant
1680 909 1798 947 eor-

222 1009 333 1062 pora
372 999 583 1045 nostra.
617 987 850 1056 Sanguis
876 1001 940 1040 ex
982 984 1170 1039 (ineca
1207 985 1529 1055 etymologia
1556 986 1795 1040 vocabu-

224 1082 317 1134 lum
360 1078 616 1147 sumpsit,
664 1076 807 1145 quod
850 1082 1061 1144 vegetet
1108 1083 1163 1129 et
1206 1084 1470 1129 sustentet
1521 1084 1576 1129 et
1629 1075 1793 1129 vivat.

222 1170 433 1227 Cbolera
457 1168 633 1224 ϐπερὶ
677 1174 1028 1241 vocaverunt,
1072 1164 1212 1234 quod
1266 1167 1425 1220 unius
1474 1165 1577 1220 diei
1622 1165 1796 1235 spatio

227 1264 534 1318 terminetur
563 1278 577 1315 :
608 1262 751 1316 unde
773 1268 828 1315 et
853 1257 1095 1323 cholera,
1126 1257 1177 1311 id
1213 1266 1319 1323 est,
1364 1256 1595 1313 fellicula
1625 1259 1796 1312 nomi-

224 1365 331 1408 nata
349 1363 458 1417 est,
482 1353 588 1408 hoc
609 1360 716 1414 est,
746 1350 886 1406 fellis
905 1349 1128 1406 effusio:
1153 1348 1325 1404 Graeci
1349 1350 1493 1403 enim
1518 1349 1586 1404 fel
1606 1349 1795 1405 choleu

226 1446 410 1501 dicunt.
437 1441 792 1498 Melancholia
827 1441 970 1503 dicta
992 1455 1073 1499 eo.
1105 1441 1249 1509 quod
1290 1442 1362 1495 sit
1407 1457 1473 1495 ex
1504 1440 1642 1512 nigri
1672 1457 1796 1495 san-

224 1537 383 1607 guinis
424 1535 561 1599 tice,
596 1534 828 1590 admista
858 1534 1186 1588 abundantia
1228 1533 1367 1589 fellis
1402 1549 1416 1587 :
1447 1535 1619 1589 Graeci
1649 1535 1792 1590 enim

227 1630 382 1686 melan
434 1629 649 1700 nigrum
688 1636 903 1692 vocant,
944 1627 1015 1681 fel
1064 1635 1242 1681 autem
1284 1627 1474 1682 cholen
1502 1629 1790 1698 appellant.

230 1720 445 1791 Sanguis
478 1717 671 1772 Latine
713 1726 957 1782 vocatus,
990 1717 1133 1786 quod
1191 1717 1370 1773 suavis
1420 1719 1491 1773 sit
1523 1736 1536 1772 :
1576 1721 1716 1774 unde
1742 1730 1797 1775 ct

1892 523 2219 594 hydropicus
2266 531 2470 592 quanto
2519 524 2640 592 plus
2667 524 2821 589 bibit,
2858 533 3007 579 tanto
3051 524 3172 594 plus
3199 526 3314 580 sitit
3347 545 3360 581 ε
3402 526 3484 581 sie

1893 630 2090 670 avarus
2116 623 2319 684 quanto
2344 615 2464 685 plus
2486 616 2553 670 de
2593 617 2821 686 pecunia
2850 626 3158 687 congregat,
3185 625 3335 672 tanto
3364 617 3485 686 plus

1894 709 2136 764 avaritia:
2161 709 2382 763 mstibus
2411 709 2648 765 anhelat.
2674 709 2845 780 Lepra
2888 719 2972 765 est
2998 711 3240 765 doctrina
3275 711 3487 767 lucreti-

1894 816 2081 856 eorum
2132 799 2272 855 falsa-
2315 810 2480 870 atque
2507 802 2679 864 varia,
2714 800 2797 855 vel
2825 799 3133 855 Judazorum
3173 800 3486 866 inﬁdelitas,

1893 894 2008 946 sive
2031 890 2419 946 eontaminatio
2443 900 2811 961 peccatorum,
2834 899 2893 944 ut
2921 890 2971 944 in
3000 888 3241 945 Levitico
3274 904 3288 943 :
3321 889 3492 943 Locu-

1893 996 1975 1037 tus
2016 993 2089 1037 est
2121 982 2379 1036 Dominus
2407 982 2477 1036 ad
2525 981 2741 1052 Moysen
2767 992 2812 1036 et
2845 981 3023 1036 Aaron
3051 982 3267 1036 dicens:
3296 981 3490 1045 Homo,

1893 1074 1947 1130 in
1969 1075 2122 1145 cujus
2152 1092 2308 1130 carne
2333 1085 2380 1128 et
2406 1085 2524 1129 cute
2550 1084 2710 1130 ortus
2736 1075 2893 1141 fuerit
2923 1074 3160 1128 diversus
3212 1073 3357 1128 color
3388 1075 3493 1127 sive

1894 1165 2106 1236 pustula
2134 1176 2225 1219 aut
2250 1168 2401 1236 quasi
2419 1165 2597 1219 lucens
2619 1166 2912 1235 quippiam,
2936 1165 2990 1220 id
3010 1172 3113 1229 εει,
3130 1164 3286 1235 plaga
3310 1164 3490 1235 leprtr,

1895 1254 2195 1307 adducatur
2224 1254 2292 1307 ad
2320 1253 2501 1308 Aaron
2544 1255 2888 1318 sacerdotem,
2919 1254 2998 1309 vel
3025 1254 3095 1308 ad
3128 1272 3290 1310 unum
3313 1271 3495 1322 quem-

1895 1344 2016 1398 libet
2046 1343 2279 1414 ﬁliorum
2314 1345 2431 1414 ejus
2458 1358 2477 1397 :
2505 1345 2597 1416 qui
2626 1361 2744 1399 cum
2774 1345 2958 1400 viderit
3002 1345 3201 1416 lepram
3252 1347 3307 1401 in
3352 1357 3489 1402 cute.

1896 1446 1943 1489 et
1976 1434 2108 1504 pilos
2137 1436 2201 1489 in.
2238 1434 2416 1488 album
2453 1435 2683 1490 colorem
2725 1446 2976 1501 mutatos,
3017 1436 3163 1507 lepra
3189 1447 3308 1491 est:
3347 1451 3395 1493 ct
3425 1440 3495 1493 ad

1896 1527 2172 1580 arbitrium
2203 1527 2318 1597 ejus
2346 1526 2679 1596 separabitur
2721 1526 2906 1599 (Leuit.
2943 1528 3085 1600 xui).
3118 1527 3341 1599 Leprosi
3366 1540 3495 1586 sunt

1897 1618 2135 1673 ha‘retici
2180 1618 2467 1672 Dominum
2500 1616 2683 1672 Jesum
2728 1617 3001 1673 Christum
3034 1618 3491 1688 blasphemantes.

1900 1709 2120 1778 Leprosi
2152 1710 2205 1763 in
2250 1709 2440 1773 barba,
2484 1709 2537 1763 id
2576 1717 2681 1775 est,
2722 1709 2957 1763 lucretici
3000 1710 3066 1765 de
3120 1710 3495 1765 incarnatione

230 1788 480 1873 homines,
507 1808 706 1878 quibus
726 1807 1035 1863 dominatur
1064 1807 1301 1877 sanguis,
1328 1807 1512 1863 dulces
1536 1818 1593 1863 et
1618 1807 1799 1864 blandi
1835 1788 1874 1845 Β
1906 1800 2224 1865 Salvatoris,
2250 1800 2332 1855 vel
2366 1802 2433 1855 de
2461 1801 2664 1856 sanctis
2698 1801 2956 1871 apostolis
2975 1818 3141 1873 prava
3176 1804 3490 1861 sentientes.

229 1908 337 1954 sunt
362 1914 377 1952 :
401 1898 656 1970 phlegma
684 1904 865 1952 autem
888 1898 1162 1963 dixerunt,
1195 1898 1339 1966 quod
1384 1899 1456 1953 sit
1498 1898 1751 1970 frigidum
1785 1915 1798 1953 :

225 1989 379 2045 Gnaei
426 1988 575 2044 enim
621 1988 856 2059 rigorem
896 1988 1222 2059 phlegmoua
1269 1989 1539 2059 appellant
1573 2008 1586 2044 :
1625 2007 1692 2045 ex
1718 1991 1803 2046 his

226 2087 442 2147 quatuor
491 2078 813 2133 humoribus
866 2076 947 2148 (ut
983 2076 1238 2151 diximus)
1272 2087 1531 2150 reguntur
1557 2080 1699 2145 sani,
1736 2096 1801 2135 ex

227 2168 339 2236 ipsis
359 2168 632 2223 laeduntur
659 2167 881 2222 inﬁrmi.
906 2169 1043 2222 Dum
1067 2168 1214 2223 enim
1242 2168 1474 2237 amplius
1506 2180 1660 2224 extra
1682 2186 1805 2225 cur-

226 2274 326 2339 sum
354 2269 567 2314 natura:
586 2267 898 2325 creverunt,
926 2261 1277 2331 aegritudines
1298 2260 1504 2317 faciunt
1529 2280 1542 2316 :
1575 2279 1645 2319 ex
1674 2280 1801 2320 san-

226 2351 366 2418 guine
396 2358 583 2405 autem
602 2358 659 2405 et
681 2348 805 2405 felle
831 2359 1000 2405 acuta:
1023 2350 1308 2421 passiones
1335 2360 1653 2417 nascuntur,
1669 2369 1806 2423 quas

225 2441 378 2497 Cruci
418 2457 558 2497 oxea
580 2450 780 2497 vocant
821 2460 835 2495 :
867 2427 1175 2514 phlegmata
1204 2456 1333 2498 vero
1358 2451 1416 2498 et
1444 2445 1804 2502 melancholia

225 2543 422 2589 veteres
450 2548 633 2589 causa:
657 2534 973 2604 procedunt,
989 2548 1127 2603 quas
1150 2532 1323 2589 Grazci
1346 2534 1572 2590 chronia
1595 2536 1804 2593 dicunt.

224 2622 356 2681 Osca
378 2632 466 2679 est
514 2631 709 2679 acutus
758 2622 1002 2688 morbus,
1040 2624 1131 2692 qui
1177 2633 1271 2679 aut
1317 2625 1427 2680 cito
1474 2628 1671 2683 transit
1714 2634 1810 2682 aut

225 2715 443 2769 celerius
472 2713 752 2779 interﬁcit,
777 2721 839 2768 ut
877 2712 1161 2783 pleuresis,
1186 2700 1471 2785 phrenesis
1497 2731 1517 2774 :
1540 2717 1628 2773 axi
1653 2716 1805 2793 [oxy]

224 2806 352 2858 enim
401 2814 623 2859 acutum
677 2803 819 2873 apud
861 2803 1102 2866 Graecos,
1150 2814 1206 2859 et
1231 2805 1469 2862 velocem
1516 2808 1804 2879 signiﬁcat.

224 2893 445 2948 Chronia
461 2900 547 2948 est
567 2891 807 2963 prolixus
822 2893 1067 2964 corporis
1094 2893 1333 2961 morbus,
1349 2896 1441 2965 qui
1464 2897 1651 2952 multis
1675 2906 1811 2953 tem-

225 2984 433 3053 poribus
464 2991 794 3049 remoratur,
810 2991 869 3038 ut
894 2984 1154 3054 podagra,
1173 2984 1289 3040 tisis
1314 2984 1623 3057 [phthisis]:
1647 2978 1809 3043 chro-

226 3093 314 3133 nos
334 3079 476 3149 apud
503 3076 726 3134 Gnaeos
748 3085 959 3148 tempus
993 3078 1210 3133 dicitur.
1244 3077 1498 3145 Qumdam
1528 3080 1808 3149 passiones

225 3185 283 3224 ex
308 3169 543 3240 propriis
570 3168 754 3224 causis
791 3169 1011 3223 nomina
1049 3178 1393 3240 acceperunt.
1422 3170 1611 3226 Febris
1637 3187 1667 3225 a
1695 3170 1805 3227 l'er-
1836 3168 1878 3190 υ

226 3277 342 3317 vare
389 3262 537 3317 dicta
574 3280 587 3315 :
623 3267 709 3315 est
730 3260 876 3316 enim
912 3262 1242 3316 abundantia
1266 3262 1483 3316 caloris.
1521 3261 1810 3319 Phrenesis

224 3352 502 3422 appellata,
525 3351 641 3407 sive
677 3352 747 3407 ab
787 3350 1171 3422 impedimento
1196 3354 1429 3409 mentis:
1461 3355 1587 3423 quia
1633 3354 1809 3410 Gratci

225 3452 448 3498 mentem
480 3444 718 3512 pbrenas
738 3450 934 3497 vocant
969 3461 984 3512 ;
1025 3458 1121 3498 seu
1150 3443 1290 3513 quod
1328 3444 1577 3499 dentibus
1606 3444 1807 3501 infren-

224 3534 361 3589 dant.
394 3533 682 3590 Medicina:
711 3534 920 3589 curatio
948 3535 1254 3604 spernenda
1295 3550 1402 3589 non
1441 3543 1546 3601 est,
1591 3536 1715 3604 quia
1751 3544 1806 3590 et

225 3636 432 3681 sanctos
456 3626 605 3681 viros
629 3640 693 3680 ea
726 3625 802 3679 uti
838 3624 1084 3694 legimus,
1119 3634 1174 3680 et
1214 3625 1269 3680 in
1322 3626 1698 3683 Ecclesiastico
1741 3626 1807 3682 de

223 3731 281 3771 ea
300 3717 369 3771 ita
397 3717 663 3788 scriptum
690 3723 774 3770 est
803 3734 817 3769 :
844 3713 1064 3770 Honora
1106 3716 1362 3769 medicum
1395 3727 1607 3788 propter
1627 3735 1804 3773 ncces-

221 3809 459 3864 sitatem:
489 3809 680 3863 etenim
724 3807 871 3862 illaut
919 3811 1109 3863 creavit
1138 3808 1462 3865 Altissimus.
1507 3810 1552 3862 A
1591 3810 1701 3865 Deo
1729 3822 1803 3866 est

221 3899 350 3952 enim
398 3899 570 3952 omnis
611 3896 814 3953 medela
848 3911 867 3948 ἔ
895 3900 1144 3969 quoniam
1184 3898 1483 3954 Altissimus
1522 3902 1712 3954 crearit
1740 3902 1806 3954 de

219 3997 351 4042 terra
380 3988 720 4054 medicinam,
747 3997 794 4042 et
820 3991 897 4044 vir
934 3990 1163 4060 prudens
1200 4008 1304 4045 non
1330 3991 1623 4047 abhorrebit
1657 3992 1801 4047 illam

220 4078 403 4145 (Eccli.
441 4079 696 4141 xxxviii).
749 4078 855 4135 Sed
888 4080 1106 4135 omissis
1161 4081 1246 4136 his
1292 4097 1415 4151 qum
1464 4084 1801 4138 saecularium

222 4169 524 4226 litterarum
566 4172 860 4239 scriptores
908 4171 973 4226 de
1001 4171 1202 4226 morbis
1231 4173 1371 4227 etde
1394 4173 1661 4231 medicina
1688 4183 1806 4229 arte

219 4264 589 4332 conscripsere
615 4279 628 4315 :
661 4276 725 4315 ea
758 4262 1296 4330 liiqc0iiinieniorare
1324 4262 1572 4326 sulliciat,
1601 4278 1721 4331 quas
1749 4263 1801 4316 in

220 4353 411 4407 divinis
435 4352 589 4408 libris
616 4351 843 4422 legimus
874 4370 886 4405 :
919 4353 1043 4420 quia
1068 4361 1122 4406 et
1152 4353 1205 4406 in
1238 4352 1351 4423 lege
1377 4354 1443 4408 de
1469 4354 1635 4408 variis
1661 4370 1802 4408 mor-

1902 1893 2125 1962 Leprosi
2156 1903 2271 1948 toto
2299 1893 2351 1946 in
2372 1908 2622 1962 corpore,
2653 1893 2703 1947 id
2733 1901 2838 1956 est,
2861 1894 2952 1962 qui
2983 1903 3039 1949 et
3059 1910 3219 1965 supra
3241 1896 3491 1967 blasphe-

1902 1986 2066 2040 miam
2116 2000 2268 2039 suam
2311 1983 2364 2037 in
2410 1999 2625 2038 omnem
2677 1985 3069 2053 scripturarum
3121 1986 3314 2042 seriem
3370 2005 3495 2059 per-

1903 2077 2195 2132 miscentes
2230 2092 2243 2129 :
2286 2074 2433 2144 lepra
2488 2081 2728 2139 tumens,
2777 2075 2959 2129 inﬂata
3008 2075 3259 2145 superbia
3299 2095 3311 2129 :
3345 2078 3492 2148 lepra

1903 2167 2143 2232 humilis,
2191 2165 2464 2221 simulatio
2512 2165 2714 2229 cordis,
2761 2163 2844 2220 vel
2887 2164 3061 2220 latens
3111 2165 3487 2237 blasphemia:

1905 2259 2049 2327 lepra
2076 2256 2277 2312 rubens
2311 2256 2593 2311 iracundia
2621 2256 2801 2311 cordis
2827 2275 2841 2310 :
2872 2256 3022 2326 lepra
3047 2256 3166 2311 alba
3200 2266 3285 2313 est
3327 2258 3495 2330 hypo.

1904 2350 2078 2404 crisis.
2111 2347 2284 2418 Lepra
2308 2348 2361 2402 in
2394 2347 2554 2402 domo
2599 2346 2889 2402 inﬁdelitas
2929 2358 3015 2402 est
3067 2356 3178 2402 tota
3224 2350 3275 2403 in
3313 2349 3487 2419 plebe.

1905 2442 2079 2509 chra
2109 2441 2161 2494 in
2185 2441 2511 2494 vestimento
2538 2437 2808 2508 signiﬁcat
2839 2440 2967 2493 vitia
2991 2440 3192 2495 carnis.
3229 2439 3405 2510 chra
3440 2441 3493 2495 in

1906 2549 2069 2590 carne
2114 2533 2253 2597 viva,
2300 2540 2522 2601 peccata
2559 2540 2685 2586 sunt
2727 2532 2779 2586 in
2810 2533 3014 2587 anima.
3044 2533 3217 2601 chra
3244 2534 3493 2603 volatiea,

1908 2626 2099 2679 vitium
2128 2622 2407 2694 quodlibet
2428 2639 2450 2683 ,ε
2485 2636 2551 2676 ex
2582 2638 2640 2677 se
2669 2636 2934 2692 generatis
2971 2623 3291 2692 profluvium
3335 2626 3497 2679 semi-

1908 2721 2016 2785 nis,
2047 2718 2397 2773 immoderata
2426 2725 2511 2773 est
2548 2717 2745 2772 locutio
2770 2736 2782 2771 :
2813 2728 3073 2772 nocturna
3100 2718 3340 2787 pollutio,
3374 2735 3499 2790 pec-

1908 2822 2151 2868 catorum
2166 2812 2377 2865 occulta
2393 2811 2648 2882 cogitatio
2669 2820 2771 2865 est.
2791 2810 2983 2865 Mulier
3005 2821 3299 2876 menstrua,
3316 2814 3497 2868 anima

1908 2912 1993 2958 est
2019 2901 2312 2957 immundis
2355 2901 2772 2973 cogitationibus
2816 2900 3041 2969 polluta,
3076 2891 3216 2956 utin
3264 2901 3497 2958 Ieremia

1909 2993 2105 3048 dicitur
2134 3006 2147 3044 :
2179 2990 2371 3046 Omnes
2426 3000 2715 3061 quierentes
2767 3006 2883 3044 eam
2936 3008 3039 3045 non
3096 2992 3338 3062 deficient
3384 3010 3402 3048 :
3446 2996 3501 3047 in

1910 3083 2189 3137 menstruis
2215 3082 2328 3152 ejus
2360 3082 2616 3136 invenient
2647 3080 2794 3134 illam
2846 3081 2983 3153 (Jcr.
3025 3082 3107 3155 ιι).
3142 3082 3343 3138 Fluxus
3373 3099 3498 3138 san-

1909 3172 2110 3245 guinis,
2140 3178 2222 3226 est
2260 3169 2504 3240 profusio
2541 3180 2907 3240 peccatorum.
2966 3171 3279 3227 Debilitatio
3326 3187 3501 3227 mem-

1909 3264 2130 3319 brorum
2141 3303 2155 3327 ,
2171 3261 2469 3317 debilitatio
2484 3262 2742 3317 mentium
2757 3270 2861 3329 est,
2877 3270 2933 3317 ut
2953 3263 3004 3317 in
3017 3262 3259 3319 Levitieo
3270 3264 3497 3335 legitur:

1908 3353 2138 3407 Locutus
2167 3362 2241 3407 est
2268 3351 2523 3407 Dominus
2548 3352 2618 3406 ad
2647 3352 2885 3423 Moysen,
2908 3354 3087 3409 dicens
3112 3371 3132 3410 :
3163 3354 3404 3428 Loquere
3429 3360 3502 3412 ad

1908 3445 2087 3499 Aaron
2108 3455 2155 3499 et
2192 3445 2260 3498 ad
2282 3444 2421 3513 ﬁlios
2450 3445 2566 3516 ejus
2593 3459 2612 3497 :
2643 3443 2817 3501 Homo
2855 3446 2920 3500 de
2972 3448 3170 3501 semine
3218 3458 3385 3503 vestro
3410 3464 3504 3519 per

1908 3534 2142 3604 [ciuilius
2163 3534 2253 3605 qui
2280 3534 2520 3589 [tabuerit
2540 3533 2829 3601 maculam,
2855 3552 2960 3590 non
2983 3536 3197 3591 accedat
3220 3537 3289 3590 ad
3311 3537 3500 3602 altare,

1909 3641 2001 3678 nec
2021 3624 2206 3693 o/ferat
2228 3640 2387 3694 panes
2420 3622 2526 3678 Deo
2551 3640 2670 3689 suo,
2699 3625 2745 3678 si
2773 3641 2945 3679 cwcus
2967 3627 3145 3696 fuerit,
3177 3629 3222 3681 si
3258 3627 3499 3691 claudus,

1906 3716 1951 3768 si
1973 3724 2108 3769 torto
2139 3731 2289 3778 naso,
2313 3716 2359 3768 si
2389 3715 2559 3785 fracta
2583 3732 2767 3781 manu,
2788 3716 2834 3771 si
2859 3717 3067 3787 gibbus,
3092 3720 3139 3773 si
3173 3720 3345 3789 lippus
3371 3738 3469 3775 ocu
3492 3752 3502 3761 ο
3542 3746 3547 3751 ι

1907 3806 1993 3871 lis,
2020 3806 2065 3860 si
2094 3806 2444 3876 impetiginem
2472 3805 2668 3860 habens
2722 3807 2779 3861 in
2827 3825 3063 3879 corpore,
3107 3810 3154 3863 si
3172 3810 3351 3880 jugem
3380 3828 3499 3865 sca-

1908 3896 2063 3960 biem,
2094 3895 2169 3949 vel
2186 3895 2529 3965 ponderosas,
2552 3905 2657 3951 ctc.
2691 3895 2881 3968 (Levit.
2912 3897 3258 3968 xxn.)C:ec.ns
3282 3901 3499 3964 dicitur,

1907 3987 1997 4055 qui
2043 4001 2277 4055 superna
2320 3984 2440 4039 luce
2463 3987 2727 4055 privatus,
2760 4003 2869 4057 quo
2894 4003 3139 4058 gressum
3168 3990 3350 4058 operis
3385 4000 3503 4045 ten-

1907 4077 2020 4140 dat,
2060 4075 2281 4129 omnino
2307 4075 2500 4129 nescit.
2549 4078 2622 4130 De
2669 4078 2770 4132 hac
2792 4079 3034 4133 excitate
3058 4094 3156 4148 per
3184 4079 3499 4134 Mulachiam

1908 4168 1974 4220 ad
2007 4166 2316 4221 sacerdotes
2341 4165 2543 4221 dicitur
2571 4185 2583 4219 :
2615 4167 2671 4221 Si
2721 4168 2955 4236 offeratis
2996 4186 3194 4223 ciccum
3224 4170 3294 4224 ad
3319 4172 3502 4224 inuno-

1906 4259 2145 4321 landum,
2177 4274 2347 4311 nonne
2378 4258 2575 4312 malum
2624 4260 2740 4314 est?
2779 4259 2934 4331 (Mal.
2991 4263 3054 4329 ι.)
3096 4262 3162 4316 Et
3195 4263 3247 4318 in
3300 4266 3498 4320 bonum

1906 4358 2114 4418 partem
2154 4348 2435 4418 accipitur,
2487 4358 2545 4403 ut
2591 4350 2645 4403 in
2675 4350 2966 4422 Evangelio
3011 4350 3206 4425 legitur
3239 4373 3251 4408 :
3286 4355 3347 4410 Si
3377 4360 3504 4412 ειιισὶ

219 4441 407 4498 borum
436 4442 731 4515 generibus
766 4450 1020 4497 narratur
1048 4461 1061 4497 :
1086 4451 1140 4496 et
1162 4445 1418 4513 propheta
1443 4444 1606 4499 Isaias
1638 4445 1799 4499 medi-
1840 4475 1885 4533 υ
1912 4444 2033 4497 estis
2057 4441 2303 4514 [essetis],
2331 4458 2433 4496 non
2466 4442 2721 4498 haberetis
2747 4455 3018 4513 peccatum
3042 4445 3225 4519 (Joan.
3257 4448 3356 4518 ix).
3391 4449 3503 4505 Mu-

219 4536 334 4589 cina
357 4545 478 4590 arte
502 4534 756 4589 subvenit
782 4534 1027 4589 Ezechiae
1071 4535 1184 4605 regi
1213 4533 1348 4589 Juda
1379 4533 1514 4605 (lsa.
1558 4539 1805 4613 xxxvni).

219 4625 282 4680 Et
322 4625 525 4681 Paulus
552 4625 829 4696 apostolus
854 4625 1139 4683 Timotheo
1181 4626 1450 4681 modicmn
1477 4628 1662 4682 vinum
1690 4646 1811 4698 pro-

217 4715 368 4772 desse
391 4718 532 4771 dixit
558 4716 609 4787 (1
638 4716 771 4770 Tim.
807 4716 879 4787 v).
906 4715 1158 4784 Languor
1179 4725 1264 4771 est
1292 4718 1541 4772 vitiorum
1566 4721 1808 4784 morbus,

217 4814 274 4860 ιιι
300 4807 356 4861 in
382 4807 575 4863 Exodo
601 4805 796 4876 legitur
822 4824 834 4859 :
870 4804 930 4861 Si
956 4806 1342 4862 observareritis
1378 4819 1634 4879 pracepta
1674 4827 1807 4873 utea,

216 4914 421 4951 omnem
443 4897 770 4967 languorem,
790 4914 943 4968 quem
972 4898 1158 4952 induxi
1186 4914 1342 4968 super
1365 4897 1676 4969 ngyptum,
1707 4917 1809 4954 non

217 4986 467 5039 inducam
514 5003 671 5055 super
705 4996 754 5040 te
808 4987 1009 5058 (Exod.
1057 4988 1167 5058 xv).
1225 4988 1516 5045 lnﬁrmitas
1546 4991 1815 5062 signiﬁcat

216 5080 711 5150 impossibilitatem
740 5081 959 5144 utentis,
1004 5091 1063 5135 ut
1103 5089 1189 5135 est
1223 5081 1351 5136 illud
1399 5083 1450 5136 in
1496 5082 1755 5152 Apostolo
1796 5100 1809 5139 :

217 5170 318 5233 Qui
351 5168 600 5237 inﬁrmus
627 5180 721 5234 est,
747 5170 892 5225 olera
941 5173 1217 5227 manducet
1249 5172 1420 5244 (Rom.
1457 5175 1592 5245 xw).
1624 5174 1814 5232 Febris

211 5267 298 5310 est
329 5256 573 5313 carnalis
603 5259 893 5328 cupiditas,
921 5261 1301 5317 insatiabiliter
1323 5264 1544 5329 ardens,
1567 5266 1709 5320 sicut
1756 5267 1809 5320 in

224 5344 513 5416 lvangelio
541 5347 754 5413 (Matth.
778 5349 894 5419 vni)
918 5366 1131 5405 socrum
1152 5351 1298 5407 Petri
1331 5353 1626 5424 ﬁguraliter
1646 5355 1813 5411 febri-

214 5436 479 5492 citantem
527 5438 678 5493 dicit.
726 5439 1061 5512 Paralyticus
1104 5444 1374 5512 signiﬁcat
1401 5446 1636 5500 animam
1671 5448 1813 5503 vitiis

216 5528 559 5594 dissolutam,
593 5540 754 5599 atque
800 5531 856 5585 in
903 5533 1086 5588 carnis
1114 5550 1225 5589 suae
1271 5534 1530 5606 languore
1558 5549 1807 5607 peccato-

217 5634 331 5673 tum
359 5620 679 5690 depressam
714 5640 726 5675 :
760 5633 818 5677 ut
847 5623 901 5676 in
926 5623 1215 5695 Evangelia
1238 5628 1435 5683 dicitur
1462 5647 1473 5682 :
1498 5627 1633 5684 Ecce
1653 5648 1809 5701 paru-

220 5708 409 5779 lglicus
460 5714 513 5767 in
550 5713 769 5784 grabato
814 5714 1126 5786 portabatur
1158 5736 1189 5772 a
1225 5729 1451 5789 quatuor
1484 5719 1677 5793 (.llnrt'.
1723 5724 1802 5795 ιι).

1919 4546 2005 4592 tus
2034 4546 2136 4602 est,
2165 4536 2258 4607 qui
2287 4552 2392 4591 non
2424 4535 2681 4606 praedicat
2711 4537 2805 4592 Dei
2846 4539 3092 4606 verbum,
3142 4557 3242 4597 nec
3287 4542 3501 4598 laudem

1922 4629 2029 4682 Deo
2056 4634 2277 4682 cantat:
2306 4627 2519 4692 surdus,
2569 4628 2659 4696 qui
2707 4630 3006 4686 contemnit
3050 4633 3237 4688 audire
3279 4634 3501 4688 verbum

1918 4719 2033 4773 Dei.
2063 4717 2264 4771 Aurem
2291 4718 2560 4774 abscisam
2587 4720 2773 4784 habet,
2799 4722 2891 4790 qui
2926 4722 3288 4779 obedientiam
3320 4725 3371 4780 in
3410 4726 3503 4780 Dei

1918 4809 2203 4879 praeceptis
2231 4826 2338 4865 non
2367 4811 2606 4866 exhibet.
2656 4812 2859 4882 Lippus
2900 4816 3072 4872 oculis
3099 4824 3203 4882 est,
3235 4818 3326 4889 qui
3358 4818 3502 4886 inge—

1920 4906 2066 4960 nium
2092 4906 2310 4976 quidem
2344 4906 2708 4977 intelligentiae
2732 4908 2898 4965 habet
2925 4924 2940 4963 :
2970 4911 3065 4966 sed
3117 4912 3260 4965 hunc
3307 4910 3504 4965 sollici-

1923 4996 2049 5051 tudo
2079 4997 2261 5052 smculi
2316 5012 2548 5067 superna
2591 5000 2943 5069 contemplari
2991 5016 3098 5054 non
3151 5001 3298 5054 sinit.
3337 5001 3504 5056 Torto

1922 5102 2055 5141 naso
2084 5095 2184 5151 est,
2212 5087 2303 5155 qui
2339 5087 2408 5141 ad
2436 5087 2814 5142 discretionem
2846 5089 2973 5143 boni
3011 5105 3075 5144 ac
3122 5091 3244 5143 mali
3276 5091 3501 5144 idoneus

1920 5194 2024 5231 non
2048 5186 2150 5231 est.
2177 5176 2436 5271 Linguam
2465 5178 2731 5235 abscisam
2758 5179 2941 5245 habet,
2966 5180 3056 5248 qui
3104 5180 3261 5235 ﬁdem
3298 5190 3500 5234 rectam

1921 5268 2143 5323 minime
2192 5268 2498 5323 conﬁtetur.
2553 5269 2765 5324 Manum
2814 5269 3041 5326 fractam
3080 5272 3263 5336 habet,
3301 5273 3393 5341 qui
3432 5275 3502 5327 ab

1917 5359 2129 5414 actione
2176 5369 2322 5413 recta
2350 5374 2538 5414 exsors
2594 5367 2770 5414 vacat.
2827 5358 3060 5415 Claudns
3106 5370 3207 5426 est,
3250 5363 3361 5430 qui,
3391 5379 3500 5433 quo

1913 5453 2096 5521 operis
2133 5466 2353 5521 gressus
2402 5452 2608 5515 tendat,
2658 5451 2806 5506 videt
2844 5469 2856 5504 :
2891 5453 2985 5507 sed
3033 5467 3156 5506 eum
3212 5452 3498 5509 inﬁrmitas

1916 5539 2115 5596 mentis
2138 5542 2272 5595 bene
2294 5555 2453 5611 agere
2478 5557 2584 5594 non
2609 5540 2756 5596 sinit.
2788 5541 2852 5595 Et
2882 5540 2935 5595 iu
2982 5542 3177 5598 bonam
3200 5554 3408 5613 partem
3444 5546 3495 5599 in

1914 5631 2202 5703 Evangelia
2231 5631 2493 5701 accipitur
2523 5649 2534 5683 :
2569 5631 2634 5684 Et
2659 5648 2911 5702 pauperes
2939 5650 3002 5687 ac
3027 5633 3221 5689 debiles
3251 5636 3494 5690 introduc

1910 5725 2012 5778 huc
2043 5723 2193 5796 (Luc.
2225 5724 2357 5796 xiv).
2393 5723 2592 5795 Lippus
2617 5733 2720 5791 est,
2770 5740 2932 5795 quem
2981 5734 3195 5783 terrena
3226 5728 3494 5799 cupiditas
