3974 6188
518 333 626 389 505

1156 332 1215 387 Β.
1257 333 1508 389 RABANI
1548 332 1765 391 MAURI
1802 336 2119 392 ARCHIEP.
2161 338 2468 397 MOGUNT.
2509 340 2796 400 OPERUM
2835 344 3016 402 PARS
3048 347 3113 402 ll.

3670 350 3768 407 εθι

513 447 844 516 deprimens,
873 445 1073 499 mentis
1099 446 1284 500 oculos
1312 448 1380 501 ad
1411 448 1654 503 ctelestla
1682 448 2088 518 contemplanda
2117 456 2165 517 Α
2194 463 2454 520 aromata,
2503 464 2716 511 stactem
2758 466 2810 511 et
2848 459 3071 529 ongcha,
3106 457 3391 530 galbanum
3425 461 3551 516 boni
3578 465 3766 531 odoris,

513 536 729 592 elevare
756 549 861 591 non
901 535 1051 590 sinit.
1082 533 1388 592 Confractis
1435 537 1695 593 testiculis
1720 546 1821 604 est,
1852 539 1943 608 qui
1971 540 2098 594 viri-

516 628 611 682 des
638 641 830 681 sensus
850 626 1108 681 adversus
1127 627 1257 680 vitia
1284 642 1389 682 non
1417 629 1598 682 habet.
1629 627 1969 684 Ponderosus
1992 637 2096 695 est,

515 731 676 786 quem
706 730 872 785 prava
919 716 1176 785 cogitatio
1208 717 1576 772 indesinenter
1594 726 1785 791 gravat
1816 720 1869 773 in
1897 729 2094 775 mente.

516 806 763 862 Seabiem
797 807 848 860 in
876 820 1104 877 corpore
1130 806 1316 873 habet,
1357 823 1518 878 quem
1565 808 1778 863 luxuria
1802 812 1986 865 carnis
2013 813 2100 865 de-

511 906 686 951 vastat
718 897 771 950 in
801 904 1001 952 mente.
1026 898 1393 969 lmpetiginem
1416 900 1597 964 habet,
1627 900 1712 954 cui
1745 901 1971 954 avaritia
2004 902 2098 955 do-

514 993 751 1047 minatur
784 992 839 1045 in
867 992 1050 1046 corde.
1095 991 1200 1046 Alii
1236 992 1377 1047 hanc
1431 992 1799 1063 impetiginem
1845 993 2099 1048 concilia-

2198 556 2244 599 et
2272 545 2392 600 thus
2414 545 2795 603 lucidissimum
2820 565 2839 603 :
2860 549 3077 618 (aqualis
3105 550 3351 620 ponderis
3371 563 3522 607 erunt
3554 554 3724 608 omnia
3751 570 3771 611 :

2197 636 2459 706 faciesque
2498 638 2785 707 thymiama
2825 640 3167 705 compositum
3223 658 3376 711 opere
3417 645 3769 713 unguentarii,

2196 726 2404 780 mistum
2424 726 2699 797 diligenter
2720 737 2770 782 et
2793 744 2983 799 purum
3017 730 3214 802 (Exod.
3246 731 3402 804 xxx).
3458 733 3771 804 Thymiama

2196 818 2556 886 compositum
2583 832 2649 872 ex
2678 820 3012 875 aromatibus
3065 820 3313 886 facimus,
3348 839 3472 879 cum
3528 826 3581 879 in
3622 826 3774 882 altari

2196 906 2317 960 boni
2346 908 2526 977 Operis
2554 909 2812 966 virtutum
2845 911 3240 981 multiplicitate
3263 913 3572 971 redolemus
3595 930 3612 970 :
3637 918 3775 986 quod

2196 998 2415 1053 mistum
2456 1009 2512 1055 et
2554 1016 2747 1070 purum
2785 1002 2881 1057 ﬁt:
2913 1004 3037 1073 quia
3068 1013 3330 1074 quantum
3383 1008 3558 1062 virtus
3596 1009 3778 1064 virtuti

514 1082 636 1138 bula
669 1082 1044 1137 hmreticorum
1075 1081 1476 1137 intellexerunt.
1508 1083 1826 1138 Ahstraetus
1845 1093 1950 1149 est,
1981 1085 2095 1153 qui,
2189 1090 2452 1163 jungitur,
2501 1101 2709 1148 tantum
2759 1096 3043 1152 incensum
3092 1098 3219 1153 boni
3279 1100 3463 1168 operis
3513 1101 3778 1156 sincerius

513 1174 750 1244 peccatis
800 1172 1034 1244 propriis
1084 1173 1455 1244 exigentibus,
1510 1189 1540 1227 a
1589 1173 1789 1229 Christi
1846 1190 2094 1245 corpore,

512 1265 655 1334 quod
680 1272 765 1320 est
796 1263 1056 1328 Ecclesia,
1090 1271 1370 1333 separatus
1394 1273 1497 1319 est.
1545 1264 1780 1319 Medicus
1823 1264 2094 1330 Christus,

2194 1182 2499 1237 exhibetur.
2532 1184 2789 1239 Aromata
2812 1199 2942 1257 ergo
2985 1187 3040 1240 in
3085 1186 3359 1259 pulverem
3401 1189 3673 1261 redigere,
3702 1200 3781 1246 est

2194 1269 2422 1324 virtutes
2472 1273 2825 1343 recogitaudo
2851 1281 3030 1329 terere
3067 1284 3122 1330 et
3149 1277 3422 1332 subtiliter
3445 1279 3778 1335 examinare.

512 1364 572 1408 ut
599 1356 649 1409 in
675 1354 1002 1425 Evangelio:
1036 1353 1161 1408 Non
1205 1364 1351 1424 egent
1408 1354 1525 1408 sani
1556 1354 1777 1420 medico,
1824 1355 1914 1410 sed
1959 1354 2096 1409 male
2194 1357 2819 1418 lneeusumodoriferum
2844 1364 2910 1418 de
2932 1365 3223 1436 pigmentis
3242 1374 3326 1422 est
3341 1368 3527 1423 suavis
3544 1370 3781 1435 adustio,

512 1448 759 1501 ltahentes
789 1446 1006 1516 (Matth.
1032 1444 1130 1517 ιι).
1161 1445 1381 1510 Resina,
1412 1445 1648 1501 caelestis
1696 1446 1960 1502 medicina
1989 1455 2093 1511 est,
2194 1464 2315 1519 qua:
2361 1450 2687 1507 carbonibus
2738 1463 3082 1510 concremata
3138 1456 3518 1513 charissimam
3570 1459 3783 1515 limum

509 1546 571 1590 ut
594 1535 860 1591 Jeremias
884 1536 1057 1590 dicit:
1090 1534 1345 1606 Nunquid
1365 1551 1469 1589 non
1490 1545 1564 1589 est
1594 1536 1767 1593 resina
1793 1536 1848 1590 in
1864 1535 2093 1602 Galaad,
2191 1541 2421 1612 porrigit
2455 1542 2538 1597 'ad
2588 1559 2853 1614 superna,
2907 1555 2964 1600 et
3013 1547 3305 1604 odorantes
3360 1564 3419 1604 se
3477 1549 3782 1605 delectabili

514 1626 617 1680 hoc
661 1635 764 1691 est,
820 1627 872 1681 in
927 1626 1206 1690 Ecclesia,
1268 1636 1359 1680 aut
1411 1627 1642 1681 medicus
1696 1644 1800 1682 non
1853 1638 1931 1683 est
1981 1628 2091 1683 ibi?

2194 1635 2523 1705 iucunditate
2569 1639 2889 1709 permulcet,
2944 1641 3024 1696 sic
3072 1642 3357 1697 beatorum
3405 1644 3608 1703 oratio.
3658 1644 3781 1715 igne

510 1720 646 1787 (λεν.
672 1719 817 1790 vni.)
843 1720 973 1776 ltem
1000 1720 1080 1808 ibi
1101 1728 1321 1791 propter
1353 1720 1587 1775 animam
1609 1727 1959 1789 peccatorum
1979 1720 2095 1775 lan-
2191 1730 2474 1786 charitatis
2527 1732 2765 1797 incensa,
2819 1733 3017 1789 divinis
3068 1737 3447 1806 conspectibus
3496 1737 3786 1808 ingeritur,

510 1826 676 1879 guore
718 1807 1262 1876 inﬁrmamzPonite,
1289 1810 1482 1881 inquit,
1510 1812 1737 1864 resinam
1765 1811 1834 1863 ad
1860 1809 2091 1864 dolorem
2124 1808 2166 1865 Β
2194 1837 2315 1890 qua;
2371 1822 2544 1892 magis
2597 1822 2921 1879 humilitatis
2963 1834 3019 1880 ει
3067 1827 3500 1896 conpunctionis
3542 1807 3788 1897 gaude“,

509 1902 649 1971 ejus,
700 1902 745 1956 si
791 1901 929 1970 forte
970 1911 1190 1956 sanetur
1252 1899 1388 1972 (Jer.
1439 1899 1534 1972 LI).
1568 1898 1717 1955 Odor
1762 1908 1988 1955 vocatus
2022 1901 2091 1954 ah

512 2005 680 2046 aere:
713 1990 1028 2062 thymiama,
1080 1990 1266 2046 Crteca
1317 1990 1499 2061 lingua
1536 1999 1808 2056 vocatum,
1839 1990 1980 2061 quod
2026 1991 2097 2046 sit

508 2082 785 2137 adorabile
818 2100 831 2137 :
862 2097 988 2137 nam
1012 2083 1256 2154 thymum
1277 2082 1476 2137 dicitur
1507 2079 1604 2135 llos
1635 2081 1727 2150 qui
1755 2081 1976 2136 odorem
2004 2097 2092 2137 re-

510 2173 640 2238 fert,
659 2174 728 2229 de
757 2188 863 2245 quo
889 2173 1178 2244 Virgilius:
1209 2171 1563 2243 Redolentque
1587 2171 1782 2241 thymo.
1811 2171 2094 2226 lneensum

510 2268 738 2332 dictum,
771 2268 897 2339 quia
935 2267 1061 2338 igne
1086 2266 1444 2332 consumitur,
1490 2265 1614 2321 dum
1647 2263 1873 2320 oll‘ertur
1895 2279 1910 2318 :
1935 2265 2093 2335 signi-

510 2356 639 2414 licat
655 2359 800 2413 enim
829 2358 1107 2414 incensum
1138 2357 1401 2412 orationis
1430 2356 1721 2428 puritatem
1752 2368 1769 2408 :
1802 2355 1942 2410 unde
1965 2354 2094 2410 dici-

510 2458 601 2503 tur
623 2450 675 2502 in
702 2448 909 2518 psalmo
936 2466 950 2501 :
976 2447 1249 2517 Dirigatur
1271 2448 1438 2502 oratio
1474 2462 1611 2511 mea,
1641 2447 1777 2500 sicut
1801 2445 2090 2511 incensum,

507 2537 563 2590 in
589 2546 861 2605 conspectu
884 2545 972 2591 tuo
1004 2536 1175 2608 (Psal.
1210 2537 1353 2609 (ζει).

585 2626 649 2682 Et
684 2627 739 2683 in
773 2625 957 2684 Exodo
989 2627 1251 2684 Dominus
1276 2627 1346 2682 ad
1395 2626 1614 2699 Moysen
1657 2626 1733 2680 ait
1771 2644 1784 2680 :
1825 2624 1982 2681 Sume
2004 2628 2096 2683 tibi

2182 1910 2530 1965 sublevatur.
2572 1910 2876 1969 Virtutibus
2925 1915 3072 1969 enim
3120 1915 3383 1972 Dominus
3432 1924 3623 1975 noster
3666 1928 3789 1971 tan-

2198 2018 2359 2072 quam
2408 2002 2567 2059 bonis
2601 2004 2900 2060 delectatur
2943 2007 3201 2062 odoribus
3258 2026 3273 2062 :
3320 2023 3445 2063 nam
3481 2008 3787 2063 orationem

2197 2102 2463 2157 sanctam,
2494 2093 2639 2148 velut
2673 2094 2891 2149 odorem
2923 2097 3329 2163 suavissimum,
3375 2098 3655 2167 suscipere
3688 2099 3789 2155 Do-

2197 2183 2426 2247 minum,
2452 2190 2509 2237 et
2556 2183 2610 2237 in
2652 2183 2974 2256 Apocalypsi
3022 2186 3239 2258 legitur,
3269 2189 3362 2243 ubi
3390 2188 3597 2254 dictum
3639 2198 3734 2245 est
3771 2207 3786 2243 :

2199 2271 2353 2328 Stetit
2385 2272 2604 2343 angelus
2628 2273 2789 2343 juxta
2812 2292 2961 2330 aram
2988 2277 3184 2348 templi,
3233 2279 3428 2334 habens
3456 2280 3788 2334 thuribulum

2196 2378 2436 2427 aureum,
2466 2371 2515 2416 et
2537 2363 2771 2417 ascendit
2810 2364 2990 2433 fumus
3025 2366 3464 2437 supplicationum
3510 2369 3579 2423 de
3622 2385 3789 2423 manu

2197 2448 2369 2521 angeli
2419 2450 2476 2504 in
2498 2460 2775 2522 conspectu
2816 2452 3049 2519 Domini,
3076 2464 3136 2509 ut
3160 2456 3309 2511 daret
3340 2457 3409 2511 de
3455 2460 3788 2512 oration‘bus

2197 2550 2518 2607 sanctorum,
2542 2541 2685 2613 quod
2712 2551 2786 2597 est
2819 2554 2938 2599 ante
2961 2545 3247 2601 Dominum
3282 2548 3465 2621 (Apoc.
3488 2552 3634 2621 VIII).

1525 2907 1820 2985 LIBER
1877 2906 2224 2986 NONUS
2282 2906 2763 2986 DECIMUS.

1020 3190 1248 3248 CAPUT
1278 3188 1570 3247 PRIMUM.

986 3281 1062 3338 De
1097 3281 1306 3336 cultura
1341 3297 1609 3353 agrorum.

581 3375 801 3432 Cultura
830 3381 933 3440 est,
966 3388 1073 3444 qua
1100 3371 1367 3428 frumenta
1395 3370 1481 3427 vel
1515 3372 1638 3427 vina
1676 3388 1871 3445 magno
1907 3373 2090 3429 labore

506 3476 841 3538 quzeruntur,
873 3463 941 3519 ab
978 3463 1264 3519 incolendi)
1292 3471 1503 3518 vocata.
1543 3463 1755 3519 Divitiae
1784 3464 1926 3519 enim
1957 3465 2093 3519 anti-

508 3570 738 3629 quorum
776 3556 828 3610 in
863 3554 949 3610 his
974 3553 1190 3611 duobus
1224 3558 1398 3617 erant,
1430 3553 1569 3607 bene
1602 3567 1843 3622 pascere,
1871 3562 1925 3608 et
1955 3554 2093 3608 bene

507 3662 684 3702 arare.
719 3645 939 3701 Cultura
973 3644 1109 3716 agri,
1136 3643 1295 3708 cinis,
1317 3643 1507 3707 aratio,
1528 3643 1875 3711 intermissio,
1902 3647 2089 3700 incen-

420 3740 426 3747 ‘
505 3739 588 3794 sio
616 3735 956 3807 stipularum,
995 3735 1334 3800 stercoratio,
1374 3734 1604 3799 occatio,
1639 3736 1902 3789 runcatio.
1942 3734 2093 3790 Cinis

504 3839 589 3885 est
640 3827 969 3893 incendium,
1023 3841 1121 3897 per
1167 3826 1309 3895 quod
1360 3840 1488 3896 ager
1529 3825 1772 3880 inutilem
1808 3827 2091 3881 humorem

504 3918 725 3976 cxu‘dat.
778 3920 963 3975 Aratio
987 3918 1154 3984 dicta,
1181 3918 1305 3989 quia
1339 3918 1404 3973 de
1428 3933 1536 3973 tere
1561 3919 1712 3988 prius
1734 3926 1892 3973 terra:
1917 3918 2090 3973 cultu-

508 4030 625 4069 ram
669 4013 1017 4077 exercebant,
1050 4019 1339 4081 antequam
1364 4009 1491 4064 ferri
1526 4008 1716 4065 fuisset
1746 4026 1874 4065 usus
1906 4025 2089 4079 reper-

506 4114 609 4158 tus.
637 4102 839 4173 Duplex
856 4116 985 4173 ergo
1002 4100 1176 4156 aratio
1193 4119 1204 4154 :
1221 4098 1455 4155 vernalis
1469 4107 1523 4155 et
1543 4099 1889 4155 autumnalis.
1916 4099 2089 4154 Inter-

507 4196 691 4251 missio
705 4203 805 4259 est,
822 4210 926 4264 qua
945 4193 1168 4248 alternis
1198 4191 1358 4247 annis
1367 4206 1568 4247 vacuus
1581 4206 1710 4262 ager
1722 4191 1865 4246 vires
1880 4189 2088 4260 recipit.

508 4286 843 4364 Stercoratip
864 4294 947 4341 est
970 4285 1255 4341 lzetaminis
1275 4285 1535 4356 aSpersio.
1557 4283 1781 4341 Stercus
1803 4292 1982 4339 autem
1998 4299 2093 4340 vo-

504 4387 709 4443 catum,
725 4376 805 4431 vel
821 4377 945 4447 quia
962 4377 1287 4432 stcrniturin
1302 4376 1467 4447 agris,
1485 4375 1564 4430 vel
1580 4376 1704 4446 quia
1719 4374 1924 4443 extergi
1938 4388 2096 4444 opor-

507 4478 632 4532 teat,
649 4469 790 4538 quod
812 4467 1086 4522 sordidum
1109 4459 1168 4521 in
1187 4467 1405 4521 civitate
1422 4466 1705 4520 redundat.
1725 4464 1855 4519 item
1868 4472 1923 4519 et
1937 4463 2096 4517 limus

507 4568 620 4623 est,
655 4558 746 4628 qui
770 4573 867 4628 per
887 4572 1045 4627 agros
1067 4555 1299 4624 jacitur;
1328 4563 1379 4610 et
1415 4555 1592 4611 dictus
1614 4553 1794 4618 llmus,
1826 4554 1968 4624 quod
2001 4552 2095 4606 liat

504 4666 662 4714 mus,
695 4650 748 4703 id
795 4656 910 4712 est,
942 4656 1172 4713 stercus,
1205 4647 1347 4716 quod
1376 4646 1534 4715 vulgo
1558 4645 1805 4701 laetamen
1848 4650 2090 4707 vocatur,

502 4757 568 4796 eo
595 4741 737 4810 quod
767 4753 867 4793 suo
895 4738 1226 4792 mttrimento
1255 4736 1375 4790 laeta
1400 4735 1563 4791 faciat
1588 4734 1852 4805 germina,
1879 4732 2093 4787 reddat-

510 4848 618 4902 que
648 4845 777 4885 arva
812 4827 1027 4899 pinguia
1056 4836 1111 4882 et
1150 4826 1397 4882 fecunda.
1440 4825 1661 4881 Oceatio
1682 4832 1797 4889 est,
1820 4839 1943 4879 cum
1968 4837 2089 4878 rus-

503 4925 593 4980 tici
617 4966 632 4989 ,
678 4924 887 4980 satione
932 4921 1070 4976 facta
1093 4962 1107 4987 ,
1156 4921 1327 4975 bobus
1363 4918 1621 4983 dimissis,
1653 4919 1881 4988 grandes
1908 4915 2092 4986 glebas

502 5016 717 5072 «edunt
738 5031 802 5070 ac
828 5014 1094 5086 ligonibus
1116 5013 1371 5082 frangunt
1400 5029 1412 5064 :
1441 5016 1498 5066 et
1521 5008 1662 5064 dicta
1684 5009 1914 5070 occatio,
1935 5008 2089 5078 quasi

501 5109 814 5173 obcaecatio,
864 5107 1007 5177 quod
1050 5105 1260 5177 operiat
1294 5104 1511 5159 semina
1540 5115 1769 5157 :occare
1806 5101 1971 5171 igitur
2008 5108 2091 5154 est

504 5201 718 5271 operire
756 5209 898 5255 terra
928 5199 1156 5263 semina,
1200 5196 1357 5261 vites,
1408 5195 1490 5251 vel
1530 5196 1775 5269 arbores.
1812 5190 2090 5246 “uacatio

503 5302 587 5345 est
613 5308 642 5345 a
674 5300 815 5346 terra
849 5290 1047 5346 herbas
1075 5289 1273 5345 vellere
1304 5307 1316 5341 ε
1350 5303 1474 5342 nam
1518 5302 1610 5341 rus
1646 5292 1787 5341 terra
1816 5290 1899 5337 est
1930 5300 1942 5335 :
1976 5281 2087 5336 sul-

501 5397 597 5436 cus
638 5398 668 5437 a
705 5383 817 5438 sole
864 5391 1105 5447 vocatus,
1156 5382 1298 5452 quod
1340 5380 1641 5451 proscissus
1677 5376 1842 5432 solem
1885 5374 2085 5445 capiat.

510 5474 834 5530 Veruactum
867 5476 1093 5540 dictum,
1119 5476 1273 5546 quasi
1318 5489 1445 5529 vere
1472 5481 1649 5527 actum
1671 5511 1684 5535 ,
1710 5469 1763 5525 id
1787 5477 1891 5532 est,
1921 5483 2089 5522 verno

506 5576 738 5621 aratum.
773 5568 1071 5624 Proseissio
1100 5578 1183 5624 est
1211 5568 1382 5623 aratio
1404 5567 1598 5638 prima,
1629 5580 1750 5619 cum
1783 5564 1960 5617 adhuc
1986 5561 2085 5615 du-

508 5672 597 5709 rus
627 5673 755 5727 ager
781 5666 881 5710 est.
936 5657 1087 5712 Satio
1127 5659 1291 5722 dicta,
1339 5657 1494 5728 quasi
1532 5655 1765 5710 seminis
1801 5652 1963 5715 actio,
2006 5652 2086 5705 vel

507 5747 658 5815 quasi
694 5757 930 5802 satorum
970 5749 1128 5804 actio.
1176 5748 1368 5803 Serere
1408 5755 1586 5802 autem
1626 5754 1898 5809 vocatum,
1944 5743 2085 5812 quod

2112 3193 2157 3256 C
2189 3192 2293 3248 hoc
2306 3205 2507 3248 sereno
2527 3191 2665 3248 caelo
2682 3190 2986 3249 iaciendum
3006 3202 3112 3261 est,
3136 3210 3241 3250 non
3263 3209 3360 3267 per
3378 3195 3602 3253 imbres.
3640 3196 3789 3255 Hinc

2192 3290 2274 3339 est
2321 3292 2376 3339 et
2422 3283 2549 3339 illud
2593 3284 2948 3355 Virgilianum
2984 3302 2999 3341 :
3031 3285 3207 3342 nudus
3242 3304 3337 3341 ara
3361 3301 3382 3339 :
3414 3305 3528 3343 sere
3582 3292 3789 3345 nudus.

2195 3372 2383 3429 Messis
2414 3390 2444 3429 a
2472 3375 2744 3439 metendo,
2777 3374 2829 3428 id
2865 3382 2967 3439 est,
3003 3390 3032 3428 a
3075 3377 3363 3432 recideudo
3398 3378 3547 3432 dicta
3577 3395 3592 3432 :
3623 3393 3793 3451 seges

2196 3473 2375 3520 autem
2411 3466 2477 3519 de
2512 3466 2719 3519 semine
2753 3465 2894 3519 dicta
2920 3506 2934 3529 ,
2982 3466 3129 3534 quod
3160 3463 3394 3533 jaeimus
3423 3485 3437 3520 :
3470 3468 3588 3523 sive
3618 3484 3651 3522 a
3694 3484 3790 3525 se-

2195 3558 2391 3613 ctione.
2439 3555 2769 3627 Spiritaliter
2796 3563 2974 3611 autem
3013 3557 3067 3611 in
3098 3556 3395 3627 Scripturis
3430 3559 3605 3613 sacris
3635 3560 3789 3630 agri-

2194 3648 2401 3705 cultura
2436 3649 2598 3703 eorda
2632 3648 2965 3703 credentium
3018 3648 3420 3718 intelliguntur,
3478 3650 3531 3703 in
3580 3651 3790 3720 quibus

2191 3739 2399 3794 fructus
2418 3741 2676 3794 virtutum
2704 3738 3012 3811 germinant
3036 3752 3051 3792 :
3083 3739 3225 3794 unde
3248 3739 3534 3809 Apostolus
3562 3740 3629 3792 ad
3662 3754 3792 3794 ere-

2192 3832 2383 3886 dentes
2419 3831 2497 3886 ait
2541 3829 2595 3902 (1
2644 3829 2766 3885 Cor.
2814 3828 2897 3899 ιιι)
2928 3844 2943 3883 :
2975 3829 3072 3884 Dei
3117 3829 3442 3900 agricultura
3481 3830 3626 3894 estis,
3685 3830 3792 3886 Dei

2196 3904 2475 3989 aediﬁcatio
2502 3921 2644 3974 estis.
2685 3918 2933 3991 Agricola
2960 3926 3138 3973 autem
3168 3918 3311 3974 Deus
3338 3928 3423 3974 est
3450 3937 3464 3972 :
3489 3918 3633 3974 unde
3677 3922 3795 3977 Do-

2196 4009 2376 4064 minus
2400 4009 2454 4063 in
2479 4008 2770 4079 Evangelio
2793 4008 2905 4062 ait:
2937 4007 3043 4077 Ego
3075 4023 3190 4061 sum
3221 4007 3335 4061 vitis
3360 4023 3501 4071 uera,
3532 4016 3581 4061 et
3610 4006 3795 4063 Pater

2195 4117 2342 4155 meus
2375 4100 2605 4171 agricola
2641 4109 2716 4154 est
2751 4098 2933 4170 (Joan.
2963 4097 3074 4170 xv).
3114 4098 3242 4152 Item
3270 4096 3502 4169 agricola
3530 4096 3795 4168 Apostoli

2195 4199 2341 4255 sunt,
2366 4190 2451 4246 vel
2477 4190 2654 4246 caeteri
2686 4191 3084 4259 praedicatores.
3120 4187 3304 4242 Coloni
3336 4201 3464 4241 vero
3488 4187 3669 4241 sancti
3697 4189 3792 4243 in-

2196 4281 2525 4352 telliguntur.
2575 4279 2727 4335 Unde
2774 4279 2828 4333 in
2870 4276 3157 4347 Evangelio
3204 4276 3339 4331 dicit
3379 4274 3600 4339 :Halos
3644 4276 3797 4332 male

2198 4372 2398 4444 perdet,
2426 4372 2477 4426 id
2502 4379 2603 4433 est,
2630 4369 2865 4436 Iudaeos,
2895 4379 2941 4423 et
2970 4369 3168 4423 vineam
3194 4383 3345 4423 suam
3384 4367 3557 4421 tradet
3578 4367 3798 4422 colonis

2122 4445 2171 4504 ἶ)
2198 4463 2316 4517 aliis
2346 4461 2559 4534 (Matth.
2586 4462 2719 4534 xxi).
2757 4460 3023 4531 Operarii,
3049 4458 3294 4530 apostoli,
3322 4458 3405 4513 vel
3429 4458 3614 4527 cmteri
3644 4474 3797 4528 pra:-

2196 4553 2484 4608 dicatores.
2539 4554 2595 4608 ln
2644 4552 2933 4624 Evangelio
2970 4551 3210 4621 legitur:
3252 4548 3451 4620 Regale
3490 4548 3796 4603 Dominum

2198 4646 2398 4709 messis,
2438 4655 2491 4698 ut
2529 4646 2698 4698 mittat
2735 4643 2999 4713 operarios
3033 4643 3089 4695 in
3127 4658 3340 4696 messem
3378 4656 3530 4695 suam
3557 4640 3793 4709 (Matth.

2195 4737 2291 4807 IX).
2329 4737 2499 4791 Aliter
2532 4736 2785 4805 operarii,
2835 4732 3107 4799 hzeretici,
3147 4733 3201 4787 in
3237 4731 3496 4803 Apostolo
3524 4750 3539 4785 :
3570 4731 3797 4799 Videte,

2195 4828 2389 4899 inquit,
2419 4845 2593 4891 canes,
2622 4828 2787 4881 videte
2814 4825 2979 4879 malos
3008 4825 3293 4896 operarios,
3326 4824 3493 4877 videte
3512 4823 3796 4878 concisio-

2194 4936 2282 4973 nes
2317 4916 2483 4990 (Phil.
2526 4920 2629 4987 ιιι).
2683 4919 3046 4975 lneendnntur
3082 4931 3210 4987 ergo
3245 4916 3368 4986 igne
3402 4914 3517 4985 agri
3556 4923 3617 4967 ut
3654 4929 3794 4969 om-

2194 5010 2278 5064 uis
2324 5010 2519 5063 humor
2553 5008 2760 5063 inutilis
2793 5007 3039 5071 exsudet,
3081 5005 3296 5076 quando
3331 5019 3432 5075 per
3466 5004 3646 5058 zelum
3680 5003 3795 5059 Dei

2191 5100 2368 5155 omnis
2410 5100 2749 5169 superﬂuitas
2804 5099 3056 5153 vitiorum
3106 5116 3136 5153 a
3178 5096 3433 5152 cordibus
3474 5095 3797 5151 electorum

2190 5192 2435 5246 exuritur
2485 5210 2497 5245 :
2542 5206 2609 5245 ne
2663 5191 2734 5245 ibi
2780 5191 3073 5261 quidquam
3128 5189 3443 5259 pestiferum
3486 5189 3792 5259 geminet.

2192 5283 2429 5336 Arantur
2466 5281 2598 5350 agri,
2631 5280 2847 5350 quando
2884 5295 2981 5349 per
3021 5280 3300 5334 doctorum
3336 5278 3799 5348 praedicationem

2193 5376 2361 5431 turbte
2397 5374 2730 5429 credentium
2770 5381 3094 5428 exercentur
3114 5378 3172 5425 et
3197 5377 3568 5439 praeparantur
3593 5369 3661 5422 ad
3685 5382 3808 5423 ac-

2191 5468 2498 5538 cipiendum
2527 5482 2709 5521 semen
2734 5467 2958 5519 verbum
2992 5465 3083 5519 Dei
3112 5483 3124 5518 :
3157 5481 3331 5518 semen
3365 5462 3511 5517 enim
3545 5471 3619 5515 est
3660 5477 3804 5514 eer-

2191 5560 2310 5614 bum
2333 5559 2450 5621 Dei,
2474 5566 2533 5612 ut
2559 5558 2611 5612 in
2639 5557 2928 5628 Evangelio
2948 5556 3207 5610 Dominus
3227 5556 3341 5624 ipse
3358 5554 3597 5609 ostendit
3618 5552 3799 5623 (Luc.

2189 5649 2328 5721 vlu).
2382 5649 2633 5704 Stercora
2662 5664 2805 5720 ergo
2836 5649 2890 5704 in
2926 5663 3114 5719 agrum
3158 5647 3467 5710 mittuntur,
3499 5655 3561 5699 ut
3584 5644 3805 5700 melius

2188 5738 2478 5796 fructiﬁeet
2504 5751 2518 5791 :
2545 5739 2669 5810 quia
2694 5755 2789 5811 per
2824 5738 3251 5795 recordationem
3280 5746 3625 5807 peccatorum
3653 5736 3769 5804 qui
3844 5730 3859 5737 ⁵
