3974 6188
315 355 421 415 805

1299 356 1388 412 DE
1423 354 1770 412 UNIVERSO
1803 354 1982 411 LIBRI
2020 353 2187 411 XXII.
2228 384 2297 394 —
2335 353 2462 410 LIB.
2506 353 2649 410 XIX.
2752 396 2768 409 .

3486 350 3595 409 506

314 484 421 541 que
451 466 640 525 ﬁdeles
675 469 742 523 ad
771 468 1140 539 pmnitentiam
1183 467 1616 539 provocabuntur
1643 488 1657 521 :
1686 476 1745 522 ut
1789 482 1902 522 me-
1934 474 1980 531 Α
2009 486 2111 525 nus
2140 469 2357 525 satiavit
2385 467 2565 539 (Joan.
2594 466 2691 537 vi).
2739 466 2973 521 Rursum
3013 466 3066 519 in
3105 464 3298 521 Genesi
3335 466 3596 536 scriptum

315 560 418 616 lius
447 561 500 616 in
534 559 703 615 sulcis
729 557 957 627 justitize
993 566 1203 614 crescat
1234 573 1452 629 germen
1484 567 1647 612 recta:
1680 557 1824 621 ﬁdei,
1853 564 1908 611 et

314 649 525 705 fructus
546 648 704 704 bona:
732 649 1081 718 Operationis.
1133 647 1279 703 Sulci
1307 655 1432 702 sunt
1455 648 1620 702 corda
1646 648 1903 714 ﬁdelium,

312 749 372 796 ιιι
393 740 447 795 in
476 739 689 810 psalmo
718 758 732 793 :
762 738 950 795 Sulcos
985 738 1099 808 ejus
1131 738 1330 792 inebria
1361 736 1534 806 (Psal.
1564 737 1742 810 utr);
1776 747 1831 794 et
1854 740 1904 793 in

310 829 410 886 Job
442 848 456 883 :
488 827 547 884 Si
576 829 851 889 adversum
885 844 966 881 me
999 830 1054 882 in
1093 838 1232 882 terra
1276 846 1391 883 mea
1441 827 1654 895 clamat,
1702 840 1750 883 et
1789 848 1904 882 cum

308 919 425 989 ipsa
469 917 609 973 sulci
653 918 768 988 ejus
814 918 1003 987 deﬂent
1043 916 1184 987 (Ioh.
1226 927 1398 984 xxxv).
1456 918 1683 982 Semen,
1724 919 1904 972 divina

308 1012 647 1082 przedicatio,
674 1018 735 1065 ut
762 1011 814 1066 in
843 1010 1132 1081 Evangelia
1162 1029 1175 1063 :
1208 1010 1348 1073 Exin
1379 1011 1468 1081 qui
1494 1011 1713 1066 seminat
1735 1027 1908 1065 semen

307 1123 466 1161 suum
500 1104 720 1178 (Matth.
744 1104 888 1174 xm).
926 1104 1145 1161 Semen.
1174 1104 1549 1159 btcreticorum
1573 1104 1905 1173 pnedicatio,

310 1213 452 1270 aqua
481 1197 728 1253 stultitia:
746 1195 985 1267 perfusa.
1018 1203 1077 1249 ut
1111 1196 1163 1249 in
1199 1195 1569 1251 Pcntateucho
1595 1214 1606 1249 :
1637 1193 1804 1249 Omne
1834 1210 1910 1249 se-

309 1305 451 1353 men,
482 1303 641 1358 super
664 1287 806 1357 quod
826 1286 1066 1340 ceciderit
1087 1302 1248 1356 aqua,
1272 1287 1602 1340 immundum
1631 1288 1728 1351 erit
1761 1283 1904 1355 (Leo.

310 1376 411 1451 ιι).
469 1376 673 1432 Arator
706 1391 872 1439 erus,
915 1375 1030 1431 sive
1074 1375 1476 1444 prmdicationis
1508 1373 1740 1428 cilicium
1768 1413 1782 1435 ,
1823 1372 1907 1427 vel

309 1468 587 1523 inchoatio
615 1467 878 1521 bonorum
910 1480 1156 1536 eperum,
1188 1474 1246 1520 ut
1287 1466 1339 1519 in
1375 1465 1662 1534 Evangelia
1691 1481 1704 1517 :
1738 1462 1906 1517 Nemo

309 1558 524 1612 mittens
545 1573 760 1611 manum
790 1573 940 1623 suam
980 1557 1035 1610 in
1071 1566 1330 1618 aratrum,
1354 1567 1402 1609 et
1439 1555 1715 1626 respiciens
1746 1564 1904 1620 retro,

311 1655 466 1717 aptus
513 1655 590 1713 est
630 1662 789 1716 regno
836 1644 1081 1699 caelorum
1122 1642 1275 1716 (Luc.
1308 1642 1407 1716 lx).
1445 1644 1617 1699 Arare
1646 1644 1908 1715 praedica-

303 1737 480 1795 tionis
514 1746 601 1793 est
646 1737 879 1795 cilicium
913 1752 1171 1799 exercere
1203 1754 1218 1792 :
1251 1738 1393 1792 unde
1429 1737 1484 1792 in
1521 1737 1661 1793 libro
1700 1738 1906 1809 Regum

2005 570 2089 618 est
2114 562 2181 615 dc
2209 560 2357 615 Isaac
2389 578 2403 613 :
2438 559 2579 613 Sevit
2612 558 2787 621 Isaac,
2818 568 2865 611 et
2895 558 3086 611 invenit
3114 556 3167 610 in
3192 555 3281 610 illo
3301 573 3439 610 anno
3470 572 3592 610 cen-

2004 649 2211 720 tuplum
2260 649 2443 704 hordei
2475 646 2627 719 (Gen.
2677 646 2849 718 xxvr).
2890 647 3073 701 Arista
3117 646 3403 714 appellata,
3451 647 3593 715 quod

2005 742 2157 814 prius
2178 742 2290 810 ipsa
2319 749 2552 795 arescat.
2598 737 2818 794 Culmus
2857 746 2940 792 est
2980 738 3092 807 ipse
3135 737 3374 792 calamus
3410 739 3593 807 spicre,

2005 833 2096 903 qui
2128 849 2156 887 a
2188 833 2459 888 radicibus
2486 831 2757 893 nascitur;
2786 837 2842 884 et
2859 829 3034 884 dictus
3060 822 3289 892 culmus,
3319 829 3470 894 quasi
3499 844 3593 882 ca-

2006 923 2200 979 lamus.
2257 921 2547 977 Folliculus
2583 928 2667 975 est
2704 921 2856 974 theca
2891 919 3175 981 frumenti,
3226 919 3277 972 in
3326 934 3430 987 qua
3470 934 3594 987 gra-

2005 1027 2133 1065 num
2163 1020 2408 1066 servatur
2435 1011 2683 1065 interius.
2731 1009 2856 1065 Htec
2892 1025 3053 1077 super
3086 1009 3291 1079 spicam
3334 1008 3473 1064 vallo
3511 1010 3595 1064 iu-

2006 1112 2212 1158 structa
2274 1104 2549 1163 munimen
2603 1101 2918 1172 praetendit,
2978 1114 3045 1153 ne
3092 1099 3272 1154 avium
3327 1100 3597 1155 minorum

2005 1193 2287 1253 morsibus
2307 1193 2455 1262 spica
2480 1190 2747 1249 fructibus
2783 1198 3029 1251 exuatur,
3071 1199 3165 1244 aut
3200 1186 3441 1259 vestigiis
3476 1205 3602 1260 pro-

2007 1293 2236 1340 teratur.
2280 1284 2407 1341 Haec
2444 1297 2658 1352 quoque
2700 1282 3102 1351 observantiam
3140 1281 3415 1336 carnalem
3464 1280 3599 1351 legis

2005 1376 2207 1433 veteris
2233 1374 2558 1445 signiﬁcant,
2595 1374 2649 1428 in
2697 1388 2804 1449 qua
2842 1372 3070 1427 medulla
3113 1387 3305 1427 sensus
3343 1371 3618 1442 spiritalis-

2007 1466 2221 1521 condita
2244 1464 2394 1519 latet.
2440 1462 2615 1534 Spicae
2649 1463 2801 1518 initia
2835 1463 2976 1529 ﬁdei,
3008 1462 3093 1517 vel
3125 1463 3398 1518 inchoatio
3433 1464 3601 1518 bono—

2006 1571 2126 1609 rum
2154 1570 2398 1626 operum,
2427 1555 2570 1609 sicut
2609 1554 2661 1608 in
2699 1553 2800 1609 Job
2841 1556 2908 1610 de
2947 1555 3217 1611 hmreticis
3259 1556 3497 1610 dicitur:
3531 1554 3598 1610 Et

2005 1644 2348 1701 esurientibus
2368 1644 2596 1699 tulerunt
2618 1646 2786 1715 spicas
2811 1644 2953 1717 (Job.
2980 1646 3152 1717 xxuv).
3204 1645 3435 1715 Stipula,
3460 1647 3599 1702 aridi

2005 1739 2072 1793 ad
2116 1737 2294 1802 ﬁdem,
2341 1738 2424 1792 vel
2470 1738 2658 1793 inanes
2700 1739 2753 1792 in
2803 1738 3369 1811 ApostolozLignum,
3392 1739 3599 1808 fanum,

311 1827 513 1899 legitur
538 1847 553 1883 :
586 1828 653 1883 Et
679 1829 865 1899 ipsein
890 1827 1165 1882 duodecim
1184 1827 1455 1881 arantibus
1478 1844 1612 1882 unus
1640 1837 1752 1883 erat
1781 1825 1900 1898 (IlI
1932 1823 1977 1881 B
2003 1829 2250 1900 stipulam
2277 1828 2328 1901 (Ι
2362 1829 2484 1884 Cor.
2514 1830 2628 1901 tu);
2657 1837 2711 1885 et
2740 1830 2792 1884 in
2825 1831 3085 1901 propheta
3109 1849 3122 1885 :
3150 1831 3269 1885 Heu
3300 1832 3450 1895 mihi,
3476 1833 3602 1900 quia

316 1916 446 1989 Beg.
505 1918 644 1990 xix).
692 1916 977 1973 Seminare
1026 1926 1110 1973 est
1152 1917 1551 1988 prtedicationis
1598 1932 1905 1973 sermonem

306 2010 369 2064 .iu
399 2010 565 2066 corda
588 2008 822 2065 ﬁdelium
855 2021 1129 2080 spargere,
1158 2014 1218 2061 ut
1252 2007 1305 2061 in
1335 2009 1595 2077 propheta
1623 2025 1634 2060 :
1660 2005 1728 2059 Et
1753 2007 1909 2061 semi-

316 2100 513 2154 nabunt
538 2116 694 2169 agros
723 2096 894 2171 (Psal.
926 2097 1056 2170 cvi).
1107 2097 1331 2168 Segetes
1360 2107 1539 2153 autem
1569 2097 1752 2168 plebes
1782 2107 1909 2152 sunt

318 2191 556 2247 ﬁdelium
610 2206 748 2261 quas
793 2191 1057 2246 inundant
1095 2198 1153 2245 et
1196 2197 1502 2261 expurgant
1554 2189 1909 2261 agricultores

318 2282 647 2353 spirituales,
675 2282 779 2336 hoc
800 2289 886 2335 est
900 2321 915 2345 ,
943 2281 1192 2336 doctores
1213 2281 1408 2346 sancti,
1431 2295 1496 2334 ne
1517 2280 1809 2350 quidquam
1835 2278 1906 2351 ibi

318 2379 528 2428 crescat
549 2371 738 2431 inutile
760 2382 925 2441 atque
944 2370 1287 2439 virulentum.
1332 2370 1521 2426 Mcssis
1543 2386 1669 2425 vero
1690 2370 1909 2427 ubertas

320 2473 402 2519 est
427 2463 512 2518 vel
537 2463 693 2535 copia
722 2462 988 2528 ﬁdelium,
1027 2470 1086 2516 ut
1123 2462 1175 2517 in
1217 2461 1507 2532 Evangelio
1542 2461 1801 2516 Dominus
1841 2460 1908 2514 ad

320 2553 605 2626 Apostolos
626 2554 745 2608 ait:
778 2553 965 2609 chate
990 2552 1168 2607 oculos
1207 2562 1421 2617 restras,
1461 2562 1508 2606 et
1544 2552 1710 2607 videte
1744 2552 1909 2621 regio-

322 2662 430 2712 nes,
452 2646 579 2718 quia
612 2644 748 2699 alba
771 2655 893 2709 sunt
918 2645 1036 2715 jam
1063 2644 1132 2698 ad
1156 2661 1373 2699 messem
1399 2642 1580 2715 (Joan.
1602 2659 1679 2705 tv,
1710 2640 1904 2697 Matth.

324 2737 464 2806 xm).
519 2735 693 2791 Aliter
726 2744 906 2791 autem
941 2736 1134 2791 messis
1165 2735 1563 2791 consummatio
1592 2741 1676 2789 est
1703 2732 1906 2796 saeculi,

324 2843 589 2884 messores
618 2842 748 2883 vero
781 2828 955 2900 angeli
983 2828 1101 2894 Dei,
1131 2828 1367 2885 triticum
1390 2838 1570 2882 autem
1596 2826 1756 2881 electi
1785 2833 1911 2881 sunt

322 2927 379 2971 et
405 2919 615 2973 zizania
647 2918 884 2989 reprobi.
935 2916 1272 2987 Colliguntur
1297 2932 1426 2988 ergo
1452 2926 1663 2987 segetes
1689 2924 1745 2970 et
1771 2915 1911 2983 redi-

321 3019 522 3081 guntur
542 3010 602 3065 in
629 3010 949 3080 manipulos,
977 3018 1038 3064 ut
1061 3010 1113 3063 in
1138 3011 1390 3066 horreum
1419 3008 1628 3089 Domini
1651 3007 1913 3063 collocen-

325 3108 411 3153 tur
441 3117 455 3153 :
483 3115 611 3155 cum
638 3100 811 3154 sancti
830 3099 940 3154 .viri
969 3114 1091 3154 cum
1115 3099 1403 3169 manipulis
1426 3099 1688 3153 virtutum
1719 3099 1775 3153 in
1800 3114 1913 3154 cae-

2011 1919 2183 1990 factus
2213 1936 2328 1974 sum
2357 1921 2491 1973 sicut
2519 1921 2608 1990 qui
2641 1920 2836 1990 colligit
2856 1920 3104 1991 stipulam
3133 1923 3188 1975 in
3219 1937 3382 1975 messe
3412 1920 3598 1990 (.liich.

2010 2011 2129 2080 vn),
2154 2011 2257 2066 hoc
2278 2019 2380 2075 est,
2407 2010 2611 2064 nullum
2637 2009 2762 2065 boni
2784 2011 2962 2080 operis
2986 2010 3220 2066 fructum
3246 2010 3448 2067 inveni.
3491 2010 3603 2065 Sti-

2009 2102 2131 2173 pula
2163 2111 2342 2156 autem
2379 2117 2444 2156 ac
2477 2100 2644 2171 paleae
2672 2111 2987 2171 peccatores
3016 2101 3341 2173 signiﬁcant,
3373 2103 3463 2172 qui
3488 2102 3601 2173 apti

2010 2203 2136 2247 sunt
2172 2192 2238 2247 ad
2282 2192 2591 2247 incendium
2636 2201 2929 2257 aeternum;
2977 2193 3118 2248 unde
3166 2194 3425 2262 scriptum
3475 2202 3597 2249 est:

2011 2281 2204 2338 Paleas
2230 2294 2405 2339 autem
2443 2283 2613 2338 exurit
2659 2284 2767 2353 igni
2804 2283 3211 2353 inexstinguibili
3246 2283 3458 2356 (Matth.
3492 2285 3601 2354 ιιι).

2009 2376 2066 2430 In
2096 2374 2333 2432 Jeremia
2365 2388 2582 2444 quoque
2607 2374 2865 2442 scriptum
2893 2384 2979 2429 est
3007 2391 3020 2427 :
3050 2374 3193 2439 Quid
3219 2373 3383 2444 paleis
3407 2374 3477 2428 ad
3503 2374 3602 2429 tri-

2009 2466 2219 2521 ticum?
2252 2466 2379 2519 dicit
2424 2464 2676 2519 Dominus
2703 2464 2839 2536 (Jer.
2883 2464 3062 2535 um).
3102 2464 3317 2529 Acervi,
3352 2464 3605 2520 collectio

2010 2558 2248 2617 ﬁdelium
2292 2558 2360 2613 ad
2403 2572 2586 2611 aream
2613 2556 2889 2621 Ecclesiae,
2921 2557 3034 2612 sive
3067 2564 3377 2611 sanctorum
3413 2557 3605 2626 praedi-

2009 2650 2154 2707 catio
2179 2648 2418 2720 perfecta
2449 2666 2463 2703 :
2487 2648 2628 2704 sicut
2652 2648 2708 2703 in
2729 2644 2832 2704 Job
2854 2647 2921 2703 de
2948 2646 3219 2701 haereticis
3240 2646 3436 2702 dicitur
3460 2659 3476 2700 :
3510 2644 3604 2700 In-

2009 2752 2091 2799 ter
2120 2760 2331 2801 acervos
2365 2758 2546 2799 eorum
2579 2742 2843 2797 meridiati
2872 2749 2994 2797 sunt
3032 2738 3177 2812 (Job'.
3215 2743 3387 2812 xxxv).

2616 2855 2846 2912 CAPUT
2907 2855 2995 2911 III.

2562 2927 2640 2983 De
2687 2926 3057 2997 leguminibus.

2084 3017 2378 3090 Legumina
2414 3032 2446 3071 a
2479 3016 2707 3089 legendo
2749 3015 2914 3080 dicta,
2958 3015 3113 3084 quasi
3151 3012 3367 3071 electa:
3397 3022 3607 3069 veteres

2013 3109 2157 3165 enim
2184 3110 2412 3175 meliora
2445 3124 2672 3179 qumque
2700 3108 2989 3180 legebant:
3023 3106 3139 3162 sive
3170 3107 3313 3177 quod
3340 3122 3499 3161 manu
3532 3106 3608 3161 lc-

322 3190 510 3246 lestem
544 3190 890 3247 mansionem
936 3191 1273 3261 reeipiqu
1304 3209 1317 3244 :
1346 3199 1406 3244 ut
1440 3198 1524 3245 est
1564 3190 1618 3244 in
1661 3189 1867 3260 psalmo
1896 3207 1909 3242 :

2017 3212 2231 3275 gantur,
2273 3216 2373 3257 nec
2409 3202 2704 3258 sectionem
2746 3201 3049 3271 requirant.
3095 3199 3451 3270 Leguminum
3491 3199 3608 3269 plu-

336 3282 605 3338 Vcnientes
628 3324 644 3349 ,
679 3283 894 3354 inquit,
932 3283 1129 3345 uenient
1175 3283 1231 3338 in
1269 3282 1615 3337 exsultatione
1650 3293 1912 3353 portantes

324 3372 623 3444 tnanipulos
669 3391 792 3441 suos
844 3371 1017 3446 (Psal.
1057 3373 1220 3445 cxxv)
1246 3413 1262 3439 ,
1302 3373 1403 3429 hoc
1440 3381 1525 3429 est
1549 3414 1564 3437 ,
1605 3374 1912 3429 mercedem

324 3464 591 3522 bonorum
622 3482 844 3537 operum
884 3474 1169 3522 metentes.
1225 3466 1444 3521 Zizania
1491 3481 1618 3521 vero
1660 3466 1913 3521 scandala

323 3556 404 3611 vel
433 3556 575 3614 male
600 3557 843 3613 viventes
868 3557 1241 3627 intelliguntur
1275 3567 1333 3612 ut
1369 3557 1421 3610 in
1460 3556 1748 3627 Evangelio
1782 3558 1915 3611 scri-

324 3655 473 3716 ptum
502 3655 590 3703 est
616 3664 630 3701 :
668 3646 816 3701 Venit
847 3648 1089 3703 inimicus
1110 3657 1204 3712 ,_et
1239 3648 1665 3717 superseminavit
1706 3647 1915 3721 zizania

322 3738 378 3792 in
398 3737 569 3793 medio
592 3738 755 3793 tritici
784 3736 999 3809 (Matth.
1025 3738 1175 3807 xui);
1208 3745 1263 3792 et
1286 3738 1447 3807 paulo
1476 3744 1597 3807 post
1624 3755 1637 3790 :
1666 3735 1911 3807 Alligate,

322 3826 518 3898 inquit,
540 3828 775 3894 sizania,
799 3827 1079 3897 fasciculos
1108 3828 1177 3882 ad
1213 3828 1621 3891 comburendum
1642 3841 1660 3879 :
1684 3827 1915 3907 triticum

324 3928 497 3977 autem
525 3930 833 3991 congregate
854 3921 909 3975 in
929 3921 1175 3975 horreant
1198 3938 1368 3975 meum
1394 3919 1603 3993 (Ibid.).

949 4033 1179 4092 CAPUT
1231 4035 1295 4091 II.

910 4105 989 4160 De
1025 4106 1323 4175 frumentis.

390 4192 688 4251 Frumenta
714 4202 840 4251 sunt
859 4196 1099 4266 proprie,
1133 4212 1254 4267 quae
1291 4198 1490 4254 aristas
1522 4198 1725 4254 habent
1754 4212 1768 4253 :
1796 4196 1939 4265 l'ru-,

323 4299 418 4358 ges
437 4295 622 4341 autem
646 4286 869 4357 reliqua.
895 4285 1223 4356 Spiritaliter
1255 4297 1436 4345 autem
1465 4288 1794 4347 frumentum
1822 4297 1917 4345 aut

325 4377 499 4448 ipsum
524 4377 939 4449 Redemptorem
966 4388 1208 4434 nostrum
1232 4379 1522 4451 signiﬁcat,
1547 4380 1638 4449 qui
1663 4380 1713 4433 in
1741 4379 1915 4434 Evan-

2013 3293 2149 3349 rima
2178 3308 2376 3365 genera
2407 3307 2476 3347 ex
2519 3292 2717 3363 quibus
2750 3290 2893 3356 faba,
2926 3291 3205 3356 lenticula,
3236 3292 3437 3360 pisum,
3464 3289 3608 3344 fasc-

2011 3384 2147 3447 lum,
2172 3384 2336 3445 cicer,
2366 3383 2628 3454 lupinum,
2655 3382 2894 3453 gratiora
2921 3383 2975 3437 in
2998 3398 3099 3438 usu
3126 3382 3400 3437 hominum
3423 3381 3610 3436 viden-

2014 3484 2124 3529 tur.
2170 3473 2393 3545 Mystice
2424 3483 2602 3528 autem
2633 3473 2903 3545 legumina
2926 3473 3326 3547 continentiam
3358 3472 3605 3535 luxurize,

2013 3577 2068 3621 et
2118 3566 2590 3622 mortiﬁcationem
2646 3565 2903 3635 corporis
2962 3564 3269 3636 signiﬁcare
3322 3569 3606 3632 possunt:

2013 3661 2156 3714 unde
2184 3660 2237 3713 in
2267 3659 2485 3714 Daniele
2518 3659 2780 3730 propheta
2828 3656 2989 3731 (Dan.
3039 3658 3112 3727 ι),
3166 3657 3280 3726 ipse
3325 3654 3510 3710 Daniel
3556 3662 3611 3708 ct

2014 3758 2129 3805 tres
2154 3749 2309 3820 pueri
2336 3765 2458 3804 cum
2487 3764 2573 3813 eo,
2599 3750 2922 3820 contemptis
2950 3749 3159 3803 deliciis
3188 3746 3483 3817 regalibus,
3514 3760 3610 3814 ap-

2013 3849 2207 3912 petunt
2239 3856 2391 3896 esum
2421 3839 2751 3909 leguminum
2787 3857 2802 3893 :
2833 3839 3084 3895 contritis
3120 3838 3433 3893 carnalibus
3466 3836 3611 3889 desi-

2014 3934 2202 3998 deriis,
2229 3932 2424 3987 merito
2455 3931 2557 3986 viri
2589 3929 2983 3986 desideriorum
3024 3928 3347 4000 spiritalium
3384 3935 3610 3999 possunt

2016 4022 2339 4093 nuncupari.

2630 4109 2856 4166 CAPUT
2891 4110 2978 4164 IV.

2636 4201 2715 4256 De
2763 4200 2974 4256 vitibus.

2082 4292 2221 4348 Vitis
2247 4292 2632 4364 plantationem
2659 4290 2864 4360 primus
2895 4288 3006 4344 Noe
3034 4287 3269 4343 instituit
3293 4287 3408 4341 rudi
3433 4287 3611 4342 adhuc

2014 4386 2227 4443 seculo.
2274 4384 2428 4456 Apud
2461 4383 2680 4440 Graecos
2707 4391 2884 4438 autem
2920 4389 3135 4437 constat
3160 4381 3497 4435 inventorem
3531 4379 3601 4433 vi-

325 4468 464 4540 gelio
507 4470 630 4525 ait:
664 4468 783 4524 Nisi
819 4486 1043 4541 granum
1090 4470 1341 4540 frumenti
1389 4470 1580 4525 cadens
1622 4472 1675 4525 in
1719 4481 1914 4525 terram
2016 4464 2084 4534 tis
2120 4477 2370 4533 Liberum
2407 4475 2664 4547 appellari
2705 4494 2717 4529 :
2760 4473 2902 4530 unde
2943 4482 3000 4529 et
3045 4487 3169 4527 eum
3213 4472 3442 4543 gentiles
3488 4480 3609 4545 post

326 4570 589 4616 mortuum
609 4561 787 4630 fuerit,
817 4562 985 4631 ipsum
1013 4560 1182 4615 solum
1206 4570 1380 4615 manet
1425 4560 1606 4633 (Joan.
1657 4561 1787 4636 xu);
1827 4561 1912 4616 vel
1944 4548 1990 4607 Ῐ)
2019 4550 2245 4622 mortem
2269 4566 2435 4621 Deum
2468 4581 2587 4621 esse
2613 4565 2917 4625 voluerunt.
2968 4562 3109 4618 Vitis
3134 4563 3301 4625 dicta,
3328 4562 3468 4631 quod
3500 4562 3606 4633 vim

326 4662 541 4708 sanctos
575 4654 739 4717 viros,
768 4654 860 4722 qui
891 4656 1134 4710 membra
1159 4662 1285 4709 sunt
1317 4655 1557 4725 corporis
1590 4652 1723 4723 ejus.
1778 4655 1909 4709 Item

325 4742 652 4799 frumentum
680 4744 1078 4814 praedicationis
1115 4760 1419 4801 sermonem
1458 4745 1744 4817 signiﬁcat,
1772 4745 1913 4800 unde

325 4833 581 4891 Salomon
623 4835 741 4891 ait:
776 4834 880 4902 Qui
915 4836 1183 4891 abscondit
1210 4835 1550 4903 frumentum,
1577 4835 1914 4889 maledicetur

324 4926 377 4980 in
401 4925 607 4996 populis
635 4925 818 4997 (Prov.
850 4927 948 4999 ιιι).
1001 4927 1263 4984 Triticum
1300 4937 1480 4983 autem
1510 4928 1771 4991 similiter
1798 4927 1910 4987 ele-

327 5025 442 5073 οιοε
471 5017 760 5088 signiﬁcat,
783 5018 871 5089 qui
896 5018 1168 5089 pertinent
1187 5017 1253 5072 ad
1276 5017 1530 5073 horreum
1556 5018 1911 5081 Dominicum,

326 5108 465 5164 sicut
488 5123 652 5178 supra
684 5090 1041 5165 ostendimus.
1100 5106 1269 5179 Siligo
1306 5122 1475 5178 genus
1516 5107 1701 5171 tritici,
1745 5123 1774 5160 a
1823 5121 1911 5162 se-

328 5199 493 5256 rendo
530 5199 784 5256 dictum:
813 5214 938 5257 nam
984 5199 1038 5254 in
1080 5213 1218 5270 pane
1256 5198 1465 5268 species
1499 5198 1616 5268 ejus
1644 5198 1915 5268 prtecipua

327 5295 428 5340 est.
474 5285 747 5353 Hordeum
777 5288 1004 5353 dictum,
1045 5288 1188 5358 quod
1224 5303 1335 5358 pra:
1374 5290 1588 5344 caeteris
1626 5290 1916 5361 generibus

329 5374 584 5433 frumenti
610 5386 776 5441 antea
820 5378 915 5434 ﬁat
933 5379 1145 5433 aridum
1174 5396 1189 5433 :
1224 5379 1307 5435 vel
1344 5380 1485 5451 quod
1511 5381 1658 5450 spica
1684 5382 1801 5452 ejus
1824 5397 1914 5436 or-

331 5467 483 5529 dines
526 5470 743 5525 habeat.
807 5468 1086 5539 Signiﬁcat
1128 5478 1308 5524 autem
1365 5470 1623 5525 hordeum
1680 5471 1913 5525 litteram

334 5559 464 5632 legis
490 5562 724 5627 veteris,
762 5576 884 5631 qua:
917 5561 1223 5617 carnalibus
1250 5561 1460 5625 ,Judzeis
1493 5563 1561 5617 ad
1600 5563 1915 5618 alimentum

335 5651 450 5706 dua
482 5662 568 5707 est
596 5670 609 5706 :
635 5654 777 5709 unde
798 5654 852 5711 in
877 5652 1164 5723 Evangelio
1188 5653 1400 5723 legitur,
1426 5651 1567 5721 quod
1588 5670 1654 5707 ex
1677 5654 1916 5725 quinque

337 5745 561 5808 panibus
601 5744 918 5803 hordeaceis
960 5760 1198 5815 qumque
1228 5744 1393 5800 millia
1432 5747 1707 5801 hominum
1735 5747 1914 5803 Domi-

2016 4657 2213 4712 babeat
2258 4656 2420 4712 citius
2467 4655 2762 4711 radicandi.
2826 4654 2929 4709 Alii
2978 4661 3173 4725 putant
3223 4652 3360 4707 vites
3401 4654 3605 4717 dictas,

2015 4745 2158 4816 quod
2191 4744 2420 4803 invicem
2462 4759 2521 4800 se
2561 4744 2711 4799 vittis
2749 4726 3042 4810 innectant,
3072 4743 3372 4815 vicinisque
3401 4743 3606 4799 arbori-

2016 4839 2118 4893 bus
2144 4836 2405 4905 rcptando
2432 4835 2724 4906 religentur
2754 4852 2766 4890 :
2800 4843 2882 4891 est
2906 4836 3054 4891 enim
3084 4850 3272 4891 earum
3298 4843 3490 4890 natura
3519 4833 3612 4889 lle-

2020 4926 2227 4990 xibilis,
2267 4926 2444 4996 quol,
2483 4926 2636 4995 quasi
2675 4926 2914 4982 brachiis
2950 4926 3308 4997 quibusdam,
3348 4922 3608 4992 quidquid

2017 5020 2546 5091 comprebenderint,
2571 5019 2859 5089 stringant.
2899 5018 3174 5073 Labrusca
3202 5024 3285 5071 est
3312 5014 3439 5068 vilis
3458 5029 3612 5085 agre-

2015 5112 2133 5175 stis,
2162 5126 2282 5180 qute
2311 5110 2366 5163 in
2400 5118 2556 5164 terrae
2589 5109 2923 5178 marginibus
2958 5108 3203 5163 nascitur
3230 5119 3245 5158 :
3276 5105 3419 5159 unde
3442 5112 3496 5159 et
3526 5103 3605 5158 la-

2017 5204 2210 5257 brusca
2225 5202 2367 5256 dicta
2388 5217 2420 5256 a
2446 5201 2611 5256 labris
2630 5209 2685 5255 et
2704 5199 3141 5256 extremitatibus
3170 5205 3354 5251 teme:
3384 5194 3608 5250 summi-

2020 5299 2157 5345 tates
2179 5290 2367 5344 vitium
2393 5298 2447 5345 et
2467 5289 2719 5345 frutienm
2743 5287 2949 5359 ﬂagella
2969 5289 3608 5357 nuncupantur,eoquod

2020 5382 2148 5436 ﬂatu
2176 5382 2468 5451 agitentur.
2510 5380 2721 5434 Palmes
2749 5379 2877 5433 vitis
2906 5377 3134 5433 materia
3167 5377 3364 5442 mollis,
3393 5377 3485 5446 qui
3512 5391 3610 5447 per

2020 5472 2225 5527 novella
2253 5472 2471 5526 brachia
2500 5472 2696 5525 missus
2723 5470 2957 5525 fructum
2986 5467 3162 5523 aﬁ‘ert.
3194 5468 3448 5539 Corymbi
3484 5479 3607 5523 sunt

2014 5563 2220 5627 annuli,
2252 5563 2342 5633 qui
2375 5562 2618 5632 proxima
2658 5574 2884 5630 qumque
2932 5558 3101 5630 ligant
3149 5568 3204 5612 et
3252 5558 3609 5627 comprehen-

2014 5655 2169 5717 dunt,
2219 5669 2286 5708 ne
2338 5652 2551 5722 longius
2600 5651 2760 5705 laxati
2798 5650 3047 5721 palmites
3076 5659 3359 5704 ventorum
3395 5649 3610 5703 ﬂatibus

2014 5745 2358 5817 dissipentur.
2409 5742 2533 5799 Uva'
2577 5744 2771 5812 dictas,
2819 5742 2962 5814 quod
3006 5742 3333 5799 intrinsecus
3380 5743 3607 5796 humore
