3974 6188
449 314 551 366 507

1092 305 1151 359 Β.
1196 304 1445 360 RABANI
1486 301 1702 360 ιιιιιιιι
1738 299 2055 357 ARCHIEP.
2100 297 2402 356 MOGUN'I'.
2445 297 2728 354 Ol‘ERUIl
2768 297 2945 353 PARS
2982 299 3044 353 Il.
3573 304 3659 363 3,03

438 426 548 480 sint
576 422 764 493 plenae,
804 418 1060 487 su'cciquc
1087 425 1141 471 et
1172 416 1513 487 pinguedinis
1541 432 1553 468 :
1582 431 1708 469 nam
1746 413 2025 468 humidum
2058 418 2100 473 Α
2131 418 2185 463 ct
2223 418 2411 479 proten
2433 410 2542 465 lere
2580 410 2751 464 diem}.
2799 408 3003 464 Fodere
3034 426 3164 464 vero
3199 421 3279 466 est
3310 416 3454 482 quasi
3478 415 3663 473 turea“.

438 524 541 578 est,
566 511 710 583 quod
740 509 980 566 exterius
1018 508 1302 561 humorem
1350 506 1550 561 habet:
1582 507 1797 559 uvidum
1818 544 1833 569 ,
1886 505 2030 573 quod

439 604 689 667 interius,
734 611 797 655 ut
841 601 1016 664 acina,
1066 600 1272 653 botrus.
1325 600 1592 654 Racemus
1632 609 1716 654 est
1753 598 2031 670 botryonis

437 708 578 762 pars,
622 701 675 744 et
713 691 905 760 botryo
937 687 1185 742 Gnaeum
1227 696 1331 741 est.
1382 686 1606 759 Mystice
1647 696 1826 741 autem
1875 686 2028 739 vinea

438 780 676 835 Ecclesia
716 778 799 833 vel
829 776 1053 847 populus
1096 776 1258 830 Israel
1302 785 1478 845 potest
1523 776 1788 848 intelligi:
1820 777 1885 829 dc
1924 791 2030 844 quo

438 872 493 925 in
522 870 658 925 Isaia
690 870 759 922 ita
791 869 1047 937 scriptum
1083 876 1165 922 est
1194 882 1210 920 :
1249 866 1412 922 Vinea
1438 868 1579 937 facta
1608 880 1680 921 est
1706 866 1893 920 dilecto
1916 883 2029 919 meo

438 960 492 1012 in
518 975 679 1012 cornu
706 957 817 1026 [ilio
845 957 942 1010 olei
965 967 1011 1010 et
1032 958 1211 1026 sepirit
1236 974 1373 1022 eam,
1396 968 1442 1011 et
1464 957 1662 1026 lapides
1683 957 1833 1028 elegit
1856 973 1921 1010 ea:
1945 974 2026 1020 ea,

440 1060 484 1104 et
510 1049 764 1120 plantavit
792 1065 906 1102 eam
931 1047 1166 1113 electam,
1192 1057 1237 1101 et
1260 1047 1537 1116 aediﬁcavit
1566 1048 1754 1101 turrim
1782 1048 1835 1101 in
1860 1045 2027 1100 medio

438 1142 570 1211 ejus,
602 1149 651 1193 et
679 1139 912 1193 torcular
931 1139 1184 1192 exstruxit
1218 1139 1270 1191 in
1297 1155 1378 1204 ea,
1408 1148 1455 1191 et
1482 1139 1813 1207 exspectavit,
1848 1146 1901 1189 ut
1941 1135 2027 1205 fa-

438 1241 570 1285 ceret
604 1246 748 1291 ueas,
778 1240 824 1283 et
856 1230 973 1298 fecit
997 1228 1283 1291 labruscas,
1317 1239 1423 1283 etc.
1454 1228 1587 1301 (Isa.
1619 1228 1697 1300 v).
1753 1226 1907 1295 Quod
1934 1238 2028 1279 au-

407 1324 548 1377 ‘tcm
588 1321 742 1376 vinea
793 1320 886 1375 Dei
941 1320 1241 1391 appellatur
1278 1321 1505 1391 populus
1546 1320 1726 1385 Israel,
1755 1329 1810 1376 et
1841 1321 1892 1375 in
1921 1319 2029 1373 ﬁne

442 1414 598 1481 hujus
624 1412 821 1466 cantici
850 1411 1076 1481 legimus
1102 1430 1115 1464 :
1157 1410 1319 1465 Vinea
1351 1412 1558 1465 Domini
1589 1412 1906 1465 exercituum
1933 1410 2019 1463 do-

439 1519 554 1556 mus
576 1511 651 1556 est
684 1501 877 1565 Israel,
907 1509 955 1554 et
984 1501 1063 1554 vir
1097 1500 1240 1554 Juda
1271 1517 1477 1570 germen
1511 1500 1775 1554 laudabile
1799 1500 1944 1565 ejus;
1973 1508 2028 1554 et

440 1594 492 1647 in
526 1590 918 1662 septuagesimo
960 1605 1101 1644 nono
1129 1590 1381 1658 psalmo:
1433 1590 1644 1644 Vineam
1685 1590 1750 1643 de
1793 1590 2025 1660 .Eggpto

438 1681 776 1747 transtulisti,
809 1681 1005 1752 ejecisti
1030 1691 1227 1751 gentes,
1249 1691 1295 1735 et
1318 1681 1567 1751 plantasti
1586 1699 1721 1736 eam.
1768 1681 1825 1736 In
1853 1682 2027 1736 Evan-

2132 500 2311 555 l'accre
2331 516 2395 555 ac
2415 500 2612 555 fovere.
2663 501 2786 555 Ihec
2805 504 2982 555 omnia
3009 503 3054 557 si
3082 504 3202 572 quis
3228 504 3497 576 diligenter
3521 508 3667 565 inten-

2130 593 2291 658 derit,
2332 595 2384 646 in
2422 593 2674 647 Ecclesia:
2706 594 3060 649 instructione
3110 595 3419 664 spiritaliter
3456 598 3670 656 invenire

2130 683 2327 751 poterit
2356 700 2371 735 :
2409 684 2548 736 unde
2589 684 2641 736 in
2678 682 2900 738 Cantico
2936 685 3268 740 canticorum
3303 700 3488 755 sponsa
3519 689 3669 744 dicit:

2129 772 2314 826 Flores
2348 784 2705 841 apparuerunt
2732 774 2785 827 in
2813 784 2971 837 terra,
3011 784 3212 843 tempus
3244 777 3515 844 putationis
3541 779 3675 832 adve-

2128 864 2200 915 nil
2232 860 2405 934 (Cant.
2431 862 2512 934 ιι),
2547 864 2599 918 id
2626 872 2728 929 est,
2762 873 2820 917 nt
2845 865 3136 934 amputatis
3157 866 3427 922 inutilibus
3447 884 3584 924 vana:
3606 885 3676 923 re-

2127 951 2340 1022 ligionis
2381 958 2691 1021 sarmentis,
2738 958 2917 1013 futuro
2959 959 3080 1014 ﬁdei
3122 960 3317 1016 fructui
3358 972 3673 1031 pra-parcum

2130 1041 2264 1095 Vitis
2291 1058 2419 1097 vero
2444 1044 2729 1116 allegorice
2767 1047 3033 1118 signiﬁcat
3065 1048 3360 1115 Christum,
3380 1052 3466 1120 qui
3493 1052 3609 1106 dicit
3632 1052 3678 1107 in

2128 1132 2415 1204 Evangelio
2445 1152 2457 1187 :
2488 1133 2601 1205 Ego
2638 1152 2754 1189 sum
2786 1137 2903 1190 vitis
2945 1154 3064 1192 vera
3103 1136 3283 1209 (Joan.
3324 1142 3432 1208 xv).
3476 1138 3596 1203 Item
3631 1139 3685 1192 in‘

2129 1223 2286 1278 aliam
2316 1236 2522 1293 partem
2556 1226 2725 1280 vineas
2753 1226 2836 1281 vel
2864 1227 2989 1282 vitis
3009 1228 3332 1297 significatio
3364 1228 3596 1293 trahitur,
3628 1238 3680 1283 ut

2126 1322 2210 1368 est
2238 1314 2369 1369 illud
2395 1316 2448 1369 in
2471 1317 2684 1372 cantico
2707 1318 3110 1375 Deuteronomii
3138 1339 3153 1375 :
3180 1317 3250 1374 Et
3271 1321 3417 1375 vinea
3445 1323 3568 1375 enim
3597 1321 3682 1376 So-

2125 1403 2399 1458 domorum
2423 1408 2537 1460 viris
2563 1424 2763 1471 eorum,
2790 1419 2837 1462 et
2859 1426 3090 1480 propago
3111 1427 3292 1464 eorum
3324 1428 3387 1465 ea:
3418 1409 3681 1466 Gomorrlia

2128 1494 2305 1566 (Deut.
2330 1498 2525 1569 xxxii).
2566 1498 2821 1555 Palmites
2849 1511 3027 1555 autem
3052 1501 3294 1572 Apostoli
3327 1502 3406 1557 vel
3430 1504 3587 1557 sancti
3617 1503 3682 1555 al-

2126 1584 2358 1657 legorice
2398 1589 2772 1661 intelliguntur
2804 1605 2819 1644 :
2848 1591 2990 1645 unde
3028 1592 3292 1649 Dominus
3328 1593 3394 1647 ad
3431 1594 3685 1665 Apostolus

2125 1679 2202 1732 ait
2232 1697 2244 1732 :
2278 1678 2389 1751 Ego
2426 1698 2540 1735 sum
2581 1683 2699 1736 vitis
2742 1699 2883 1748 vera,
2915 1692 2963 1736 et
2993 1699 3087 1737 vos
3113 1684 3374 1753 palmites,
3395 1692 3495 1739 etc.
3522 1684 3681 1755 (Joau.

439 1777 579 1847 gelio
626 1789 839 1845 quoque
873 1788 1011 1843 pene
1046 1772 1237 1827 iisdem
1270 1773 1452 1827 verbis
1475 1813 1489 1837 ,
1536 1773 1730 1840 quibus
1764 1773 2027 1842 propheta
2060 1773 2103 1832 Β
2135 1775 2243 1845 xv).
2292 1775 2553 1832 SimilLter
2577 1786 2631 1831 et
2658 1794 2758 1832 uva
2792 1777 3024 1833 fructum
3061 1776 3289 1846 iustitiae
3336 1778 3604 1850 signiﬁcat,
3640 1788 3688 1833 et

443 1880 585 1919 nunc
632 1863 905 1933 loquitur,
959 1862 1219 1916 Dominus
1273 1862 1405 1915 texit
1451 1862 1758 1931 parabolam
1814 1861 2029 1933 (Matth.

440 1953 553 2024 nt)
580 1970 593 2004 :
620 1950 790 2006 Homo
821 1951 1038 2022 quidam
1071 1962 1181 2003 erat
1210 1950 1618 2020 paterfamilias,
1655 1952 1741 2022 qui
1777 1950 2030 2020 plantavit

439 2047 662 2110 vineam,
691 2054 737 2099 et
770 2044 1054 2097 maceriam
1093 2043 1172 2097 illi
1214 2043 1581 2104 circumdedit,
1625 2055 1671 2097 et
1721 2044 1852 2113 fodit
1892 2045 2032 2097 inea

437 2138 695 2203 torcular,
737 2136 1019 2204 (adiﬁcavit
1061 2136 1270 2199 turrim,
1310 2144 1357 2188 ct
1392 2134 1577 2187 locavit
1615 2150 1730 2188 eam
1765 2132 2030 2205 agricolis,

437 2243 543 2286 etc.
589 2230 657 2283 Et
691 2229 743 2282 in
772 2226 1008 2282 Jeremia
1036 2227 1263 2296 legimus
1292 2240 1307 2278 :
1342 2225 1452 2295 Ego
1487 2224 1720 2295 plantavi
1753 2235 1801 2279 te
1829 2226 2031 2278 vineam

436 2321 766 2392 [ructiferam
813 2330 977 2374 totam
1023 2336 1194 2374 veram
1223 2333 1242 2372 :
1280 2318 1537 2389 quomodo
1582 2334 1829 2372 conversa
1871 2334 1925 2372 es
1976 2318 2032 2371 in

436 2416 842 2470 amaritudinem
876 2415 1020 2467 vinea
1046 2411 1219 2466 aliena
1241 2413 1268 2465 .9
1291 2411 1425 2483 (Jer.
1460 2410 1544 2483 ιι.)
1575 2410 1761 2481 Itaque
1806 2409 2030 2467 Jerusa-

437 2510 541 2564 lem
574 2508 657 2579 (ut
696 2504 950 2577 diximus)
990 2505 1283 2574 plangitur,
1326 2514 1377 2558 et
1417 2519 1670 2559 sermone
1710 2503 2027 2574 prophetico

437 2601 581 2654 illius
609 2598 762 2651 ruina
790 2605 1061 2651 cantatur.
1101 2594 1272 2649 Porro
1293 2595 1547 2649 Ecclesia:
1567 2603 1622 2648 et
1646 2595 1844 2664 populo
1865 2608 2032 2663 quon-

437 2692 561 2745 dam
591 2688 828 2760 gcntinm
864 2686 1007 2741 aliud
1045 2700 1264 2741 carmen
1310 2694 1396 2739 est
1437 2685 1665 2749 editum,
1714 2685 1780 2739 de
1822 2698 1930 2753 quo
1973 2683 2027 2737 in

437 2780 667 2835 Psalmis
688 2778 916 2849 legimus
946 2796 959 2831 :
991 2774 1212 2832 Cantate
1246 2776 1492 2840 Domino,
1534 2776 1701 2829 omnis
1738 2783 1901 2840 terra,
1932 2790 2031 2827 an-

441 2872 678 2926 nuntiate
703 2870 767 2923 de
800 2869 886 2923 die
918 2868 974 2922 in
1008 2868 1146 2921 diem
1183 2866 1414 2921 salutare
1458 2866 1593 2936 ejus,
1633 2865 1939 2919 annuntiate
1974 2864 2031 2917 in

436 2960 674 3033 gentibus
713 2957 934 3029 gloriam
967 2958 1101 3026 eius,
1147 2957 1201 3010 in
1242 2956 1479 3011 omnibus
1521 2954 1727 3026 populis
1765 2953 2029 3008 mirabilia

436 3051 551 3121 ejus
575 3048 747 3122 (Psal.
772 3048 916 3117 xcv).
955 3048 1059 3103 Per
1081 3047 1452 3117 metaphoram
1476 3045 1558 3116 (ut
1578 3043 1834 3115 diximus)
1857 3043 2028 3097 vinea:

2135 1867 2442 1920 econtrario
2484 1867 2584 1921 sub
2622 1867 2724 1921 alia
2775 1868 3175 1938 signiﬁcatione
3217 1868 3445 1939 legitur:
3478 1867 3578 1922 Uva
3612 1886 3689 1922 eo-

2136 1971 2283 2020 rum,
2319 1974 2415 2010 uva
2456 1958 2625 2025 fellis,
2671 1960 2850 2012 botrus
2895 1960 3266 2013 amaritudinis
3296 1961 3352 2013 in
3383 1962 3501 2024 ipsis
3529 1959 3685 2029 (Deut.

2136 2046 2330 2115 xxxii).
2381 2045 2579 2101 Botrus
2620 2056 2800 2103 autem
2853 2048 2978 2103 alibi
3022 2049 3321 2103 Ecclesium
3361 2051 3471 2104 sive
3515 2064 3689 2117 corpus

2135 2134 2343 2188 Domini
2376 2136 2664 2206 signiﬁcat.
2722 2137 2872 2194 Unde
2914 2138 2968 2192 in
3005 2138 3364 2195 Numerorum
3406 2142 3534 2196 libro
3574 2142 3689 2195 scri-

2133 2233 2281 2294 ptum
2321 2235 2407 2279 est
2452 2226 2640 2298 (Num.
2671 2227 2811 2300 xm),
2848 2230 2992 2299 quod
3030 2230 3140 2285 duo
3175 2231 3275 2284 viri
3304 2239 3568 2301 portarent
3605 2231 3686 2283 bo-

2134 2321 2275 2368 trum
2302 2315 2355 2368 in
2385 2328 2535 2370 vectc
2566 2318 2633 2372 de
2660 2326 2798 2371 terra
2829 2321 3271 2387 repromissionis
3301 2338 3322 2377 ε
3341 2322 3460 2391 quia
3488 2322 3583 2375 duo
3610 2337 3689 2374 or-

2134 2402 2286 2457 dines
2319 2405 2750 2474 praedicatorum,
2782 2406 2982 2461 Christi
3030 2408 3459 2464 incarnationem
3497 2425 3614 2464 voce
3642 2417 3691 2465 ct

2133 2493 2298 2548 verbo
2342 2495 2685 2550 credentibus
2729 2495 2960 2551 alierum
3005 2515 3017 2549 :
3053 2501 3186 2567 quia
3244 2514 3398 2568 quem
3447 2500 3693 2568 propheta:

2132 2581 2374 2639 futurum
2403 2586 2878 2652 amiuntiavcruut,
2919 2589 3062 2643 hunc
3099 2589 3345 2659 Apostoli
3367 2590 3475 2660 jam
3508 2589 3693 2643 venisse

2134 2682 2416 2730 testantur.
2481 2676 2759 2732 Vindemia
2808 2689 2990 2733 autem
3049 2681 3282 2750 mystice
3330 2681 3693 2737 consummatio

2130 2768 2313 2822 muli
2354 2768 2688 2840 intelligitur,
2733 2770 2815 2825 vel
2860 2771 3095 2826 vindicta
3140 2773 3197 2826 in
3248 2773 3512 2843 pupulum.
3563 2771 3694 2828 Unde

2132 2855 2185 2910 iu
2211 2857 2420 2926 psalmo
2442 2858 2637 2928 legitur
2665 2877 2677 2911 :
2721 2857 3047 2914 Vindemiant
3077 2879 3198 2915 eam
3229 2880 3423 2928 omnes,
3438 2864 3524 2933 qui
3542 2872 3692 2916 trans-

2128 2956 2251 2999 eunt
2286 2948 2419 3000 viam
2447 2945 2618 3018 (Psal.
2643 2948 2862 3019 usu);
2890 2959 2945 3003 et
2967 2948 3082 3004 Joel
3113 2968 3127 3003 :
3160 2951 3376 3018 Mittite,
3402 2953 3581 3022 inquit,
3605 2952 3693 3021 [al-

2131 3052 2235 3101 res,
2258 3046 2305 3090 et
2330 3038 2639 3093 vindemiato
2659 3042 2859 3094 vineam
2883 3051 3059 3106 terra,
3085 3045 3338 3111 quoniam
3358 3053 3568 3097 matura:
3587 3051 3690 3095 sunt

437 3141 695 3197 describit
724 3139 975 3211 populum
998 3137 1303 3193 Judmorum
1327 3151 1488 3208 quem
1517 3135 1685 3204 sepsit
1708 3134 2023 3205 angelorum
2052 3125 2098 3188 C
2128 3144 2240 3182 utne
2259 3130 2371 3198 ejus
2397 3129 2560 3201 (Joel.
2590 3131 2693 3200 ιιι).
2739 3130 2902 3185 Vinea
2925 3140 3015 3186 est
3035 3132 3303 3199 Ecclesia,
3327 3141 3387 3187 ut
3415 3133 3467 3187 in
3495 3132 3697 3187 Cantico

437 3233 658 3296 auxilio,
686 3242 742 3286 et
772 3231 973 3301 lapides
1002 3229 1163 3299 elegit
1194 3244 1258 3282 ex
1294 3242 1378 3292 eo,
1410 3226 1492 3281 vel
1520 3226 1683 3291 idola,
1711 3226 1795 3280 vel
1819 3225 2024 3289 omnia,

438 3339 559 3394 qua:
603 3322 696 3376 Dei
746 3322 948 3377 cultum
1001 3328 1255 3389 poterant
1304 3318 1564 3387 impedire
1607 3335 1619 3369 :
1665 3324 1721 3372 et
1764 3316 2029 3386 plantavit

438 3431 557 3471 eam
586 3415 796 3468 vincam
820 3412 1032 3476 sorcch,
1054 3425 1214 3480 quam
1245 3408 1390 3463 solus
1412 3408 1773 3479 Symmachus
1796 3408 2024 3461 electam

441 3508 823 3575 interpretatus
848 3511 948 3557 cst.
991 3499 1301 3555 .Ediﬁcavit
1332 3515 1546 3570 quoque
1583 3498 1778 3553 turrim
1818 3499 1869 3552 in
1910 3512 2025 3552 mc-

440 3599 529 3654 dio
551 3596 691 3666 ejus.
722 3595 976 3664 templum
1012 3592 1261 3649 videlicet
1288 3593 1339 3647 in
1366 3593 1545 3648 media
1568 3593 1814 3656 civitate,
1838 3600 1892 3646 et
1918 3600 2028 3645 tor-

440 3689 591 3745 cular
614 3688 810 3742 struxit
835 3687 887 3739 in
911 3701 997 3749 ca,
1021 3684 1162 3753 quod
1185 3683 1402 3753 quidam
1426 3682 1595 3738 altare
1616 3683 1916 3753 signiﬁcare
1933 3698 2030 3751 pu-

441 3788 597 3836 tant:
629 3787 687 3833 ut
726 3778 778 3831 iu
830 3776 1040 3831 cantico
1077 3775 1226 3829 Isai:e
1264 3774 1499 3828 dicitur:
1536 3772 1605 3827 Et
1651 3772 1885 3827 torcular
1918 3772 2029 3840 fodi

437 3870 495 3927 in
514 3887 574 3925 ea
601 3868 737 3943 (Isa.
768 3867 843 3941 v).
888 3867 1146 3924 Torcular
1183 3874 1266 3921 est
1308 3864 1485 3919 futura
1525 3864 1824 3927 tribulatio,
1871 3874 1927 3917 ut
1974 3864 2027 3917 in

438 3964 630 4034 Apoc.:
652 3960 716 4014 Et
740 3961 846 4030 ipse
867 3958 1081 4013 calcavit
1105 3956 1339 4011 torcular
1360 3956 1463 4011 vini
1484 3956 1578 4009 ira:
1599 3955 1794 4025 furoris
1819 3954 2029 4008 Domini

442 4058 623 4130 (Apoc.
658 4054 794 4125 χιιι).
832 4053 986 4108 Sicut
1008 4051 1150 4106 enim
1181 4051 1249 4105 ad
1275 4049 1513 4105 torcular
1535 4063 1725 4103 omnes
1753 4064 1866 4100 uvae
1887 4063 2031 4101 com-

440 4158 726 4220 portantur
755 4157 916 4214 atque
942 4144 1238 4207 calcantur,
1279 4152 1340 4198 ut
1372 4158 1435 4197 ex
1473 4143 1552 4196 eis
1585 4141 1920 4211 exprimatur
1954 4140 2030 4193 vi-

441 4256 567 4294 num
600 4257 613 4293 :
646 4239 725 4294 sic
761 4237 930 4291 altare
979 4235 1156 4290 omnis
1198 4233 1378 4305 populi
1427 4233 1654 4303 suscipit
1700 4230 1928 4292 fructus,
1976 4237 2032 4284 ct

440 4331 745 4385 immolatas
766 4330 973 4385 hostias
998 4330 1213 4384 devorat
1231 4325 1384 4394 juxta
1409 4326 1559 4390 illud,
1583 4326 1724 4395 quod
1750 4325 1814 4378 de
1840 4323 2029 4391 Benja-

440 4420 551 4474 min
575 4420 768 4491 legitur
796 4435 808 4472 :
845 4420 1121 4488 Benjamin
1149 4416 1302 4486 lupus
1335 4433 1501 4488 rapax
1534 4434 1684 4470 mane
1712 4416 1953 4478 comedit,
1979 4425 2027 4467 et

441 4511 510 4563 ad
539 4526 798 4581 vesperam
823 4510 964 4563 dabit
997 4527 1141 4563 escas
1168 4507 1319 4580 (Gen.
1352 4511 1522 4579 κως).
1563 4508 1786 4571 Cuncta,
1809 4522 1928 4575 qua:
1948 4506 2029 4559 di-

442 4609 639 4657 cuntur
666 4601 734 4655 de
758 4600 933 4665 vinea,
973 4609 1197 4670 possunt
1225 4610 1279 4657 et
1321 4603 1387 4655 ad
1428 4601 1618 4654 animae
1660 4599 1906 4652 humanae
1944 4612 2029 4652 rc-

443 4693 570 4750 lerri
614 4700 834 4760 statum,
874 4708 993 4763 qua:
1034 4710 1061 4748 a
1100 4694 1211 4749 Deo
1256 4694 1494 4763 plantata
1546 4692 1599 4744 in
1640 4691 1872 4756 bonum,
1920 4706 2025 4745 non

442 4775 600 4840 uvani
640 4782 898 4846 attulerit,
944 4784 1038 4838 sed
1084 4784 1386 4845 labruscas,
1417 4789 1471 4835 ct
1508 4789 1694 4849 postea
1726 4781 1795 4835 sit
1833 4780 2027 4835 tradita

442 4875 627 4931 bestiis
652 4873 1036 4938 conculcanda,
1062 4888 1161 4929 nec
1182 4873 1481 4927 divinarum
1515 4872 1741 4925 imbrem
1775 4886 2027 4940 suscepe-

442 4969 512 5023 rit
536 4967 925 5031 doctrinarum,
950 4966 1072 5035 quia
1093 4965 1364 5035 przeterita
1387 4964 1792 5033 contempserit.
1819 4962 2031 5020 Vitibus

443 5060 587 5114 inter
640 5067 838 5113 caetera
881 5057 1051 5127 magis
1097 5055 1199 5110 ista
1252 5056 1581 5110 conveniunt
1616 5072 1629 5108 :
1666 5055 2027 5125 oblaqucatio,

443 5152 666 5223 putatio,
708 5150 1108 5223 propaginatio,
1155 5148 1340 5205 lossio.
1388 5149 1729 5219 Oblaqueare
1768 5160 1850 5205 est
1882 5150 2027 5204 circa

443 5245 680 5299 radicem
713 5254 910 5298 terram
937 5244 1171 5313 aperire,
1203 5252 1257 5298 et
1287 5243 1435 5297 velut
1464 5243 1611 5298 lacus
1648 5242 1875 5299 clﬁcere.
1925 5242 2030 5298 Pu-

443 5345 562 5390 tare
600 5345 681 5391 est
723 5336 927 5407 virgam
972 5350 1039 5390 ex
1074 5336 1185 5391 vite
1220 5350 1608 5405 supervacuam
1640 5348 1905 5398 resecare,
1936 5351 2029 5390 cu-

436 5428 527 5498 jus
570 5428 790 5497 ﬂagellis
820 5430 1089 5485 luxuriat:
1123 5441 1316 5501 putare
1357 5432 1500 5485 enim
1539 5430 1735 5484 dicitur
1772 5446 2025 5501 purgare,

446 5520 623 5584 idest,
660 5532 941 5590 amputare
971 5537 984 5575 :
1018 5524 1320 5589 traducere,
1352 5524 1721 5577 transduccre.
1777 5522 2027 5593 Propagi-

445 5627 574 5666 uare
603 5627 729 5665 vero
753 5612 1017 5680 ﬂagellum
1051 5616 1172 5669 vitis
1198 5625 1357 5670 terra:
1388 5617 1721 5669 submersum
1761 5620 2025 5676 sternere,

442 5713 495 5758 et
521 5704 671 5772 quasi
694 5720 853 5773 porro
875 5721 1126 5775 pangere.
1173 5706 1305 5760 Iliuc
1333 5706 1653 5777 propagines
1676 5723 1702 5760 a
1728 5720 2026 5775 propagare

2130 3220 2463 3274 canticorum
2504 3222 2745 3277 dicitur:
2780 3222 2942 3277 Vinea
2983 3224 3081 3293 fuit
3118 3222 3378 3295 Paci/ica,
3423 3236 3469 3280 et
3501 3224 3691 3280 tradidit

2127 3332 2243 3369 eam
2279 3316 2581 3370 custodibus
2620 3316 2795 3389 (Cant.
2829 3320 2971 3389 vni),
3019 3320 3073 3374 id
3116 3330 3225 3387 est,
3265 3321 3534 3390 apostolis.
3581 3320 3692 3373 Item

2132 3410 2319 3476 vinea,
2370 3411 2521 3482 plebs
2560 3411 2815 3478 Judaica,
2859 3423 2920 3468 ut
2959 3414 3012 3469 in
3055 3414 3359 3471 Psalterio:
3392 3416 3595 3471 Vineam
3640 3431 3694 3469 ex

2130 3503 2361 3572 Ai'ggpto
2408 3505 2721 3559 transtulisti
2764 3505 2937 3576 (Psal.
2985 3509 3219 3579 LXXIX);
3276 3510 3429 3564 vinea
3483 3507 3692 3563 ﬁdelium

2129 3596 2299 3664 plebs,
2346 3606 2402 3650 ut
2446 3598 2499 3651 in
2535 3597 2867 3653 Salomone:
2902 3597 3081 3669 Capite
3111 3603 3261 3655 nobis
3294 3600 3465 3671 vulpes
3496 3597 3694 3670 pusillas

2129 3690 2530 3743 exterminantes
2580 3690 2752 3744 vineas
2803 3688 2979 3762 (Cant.
3030 3691 3112 3762 ιι).
3184 3691 3411 3756 Vineae,
3457 3695 3693 3747 bonorum

2129 3796 2352 3850 Operam
2384 3782 2645 3847 actiones,
2672 3791 2731 3836 ut
2759 3782 2813 3837 in
2842 3785 3144 3854 propheta:
3177 3784 3247 3838 Et
3290 3784 3589 3854 plantabunt
3633 3781 3695 3835 vi-

2131 3887 2255 3924 ncas
2284 3869 2418 3942 (Isa.
2454 3870 2614 3943 va);
2644 3873 2774 3927 etin
2813 3874 2972 3927 aliam
2996 3883 3229 3943 partem,
3265 3876 3402 3929 utin
3429 3874 3694 3929 Salomone

2131 3963 2361 4033 legitur:
2396 3961 2635 4017 Transivi
2676 3981 2767 4034 per
2799 3965 3003 4019 vineam
3042 3967 3139 4020 viri
3167 3967 3338 4031 stulti,
3378 3978 3424 4021 et
3455 3982 3564 4020 ecce
3595 3980 3695 4018 om-

2132 4056 2219 4109 nia
2246 4055 2565 4126 repleverunt
2587 4056 2767 4109 urtica:
2800 4054 2982 4126 (Prov.
3023 4058 3191 4128 xstv).
3254 4057 3512 4113 Torcular
3553 4056 3697 4127 (sicut

2130 4162 2293 4215 supra
2317 4147 2574 4219 diximus)
2603 4146 2776 4201 altare
2802 4148 3072 4219 signiﬁcat
3095 4149 3164 4203 ab
3187 4166 3274 4211 eo,
3308 4151 3450 4218 quod
3479 4149 3545 4203 ibi
3570 4145 3695 4202 obla-

2133 4239 2329 4303 tiones,
2358 4248 2614 4308 tanquam
2657 4237 2883 4303 l‘ructus,
2931 4226 3280 4294 conferantur
3305 4259 3318 4293 :
3345 4248 3398 4294 ct
3422 4240 3572 4293 aliter
3602 4245 3695 4290 ιοιό

2131 4331 2283 4386 cular
2311 4330 2719 4384 tribulationum
2756 4345 3065 4400 pressuram
3104 4333 3399 4402 signiﬁcat,
3435 4334 3483 4387 in
3524 4346 3623 4401 qua
3644 4329 3696 4383 li—

2131 4422 2279 4477 dcles
2313 4423 2627 4492 probantur.
2689 4421 2839 4477 Unde
2881 4423 2933 4475 iu
2987 4423 3142 4477 titulo
3184 4426 3536 4493 quorumdam
3571 4421 3696 4491 psal-

2137 4530 2347 4569 morum
2381 4515 2640 4583 scriptuin
2662 4522 2743 4567 cst
2770 4531 2783 4566 :
2814 4512 2875 4566 In
2900 4514 3058 4580 ﬁnem
3082 4530 3176 4583 pro
3201 4515 3568 4568 torcularibus.

2758 4628 2985 4683 CAPUT
3028 4629 3089 4682 V.

2726 4698 2802 4751 De
2831 4699 3125 4753 arboribus.

2206 4790 2473 4844 Arborum
2505 4806 2698 4843 nomen
2730 4791 2842 4843 sive
2870 4790 3158 4844 herbarum
3192 4792 3263 4846 ab
3289 4793 3436 4846 arvis
3466 4773 3702 4845 inﬂexumI

2136 4884 2395 4947 creditur,
2429 4894 2493 4935 eo
2539 4882 2680 4951 quod
2716 4882 2876 4935 terris
2921 4882 3045 4937 ﬁxis
3085 4884 3358 4938 radicibus
3385 4884 3648 4938 adhairent
3682 4921 3692 4933 .

2135 4982 2361 5042 utraque
2391 4983 2570 5025 autem
2600 4972 2718 5026 ideo
2749 4972 2849 5026 sibi
2886 4988 3023 5041 pene
3054 4973 3251 5027 similia
3280 4983 3407 5029 sunt
3441 4992 3452 5027 :
3490 4973 3607 5043 quia
3636 4986 3693 5024 ex

2134 5080 2241 5118 uno
2265 5064 2496 5117 alterum
2525 5062 2777 5133 gignitur.
2804 5060 2938 5116 Nam
2961 5063 3086 5117 dum
3113 5074 3409 5119 sementem
3437 5065 3486 5118 in
3512 5072 3694 5117 terrain

2128 5156 2345 5226 jeceris,
2376 5154 2540 5208 herba
2570 5154 2718 5222 prius
2750 5153 2922 5206 oritur
2954 5170 2966 5205 :
2993 5152 3188 5208 dehinc
3214 5154 3429 5209 conlota
3458 5151 3622 5221 surgit
3648 5149 3691 5201 in

2136 5247 2411 5301 arborem:
2432 5254 2486 5300 et
2512 5244 2652 5299 infra
2678 5260 2903 5314 parvum
2938 5253 3168 5314 tempus,
3194 5262 3355 5315 quam
3379 5247 3593 5300 herbam
3619 5243 3690 5293 vi-

2136 5336 2608 5402 deras,arbustnm
2630 5335 2876 5405 suscipis.
2912 5335 3207 5390 Arbustuin
3236 5338 3401 5391 arbor
3426 5333 3622 5389 novella
3642 5338 3689 5383 ct

2137 5438 2341 5492 tenera,
2366 5427 2417 5481 in
2441 5441 2547 5496 qua
2576 5424 2799 5479 iusertio
2825 5424 2938 5479 ﬁeri
2962 5434 3140 5493 potest
3171 5443 3183 5479 :
3209 5434 3266 5481 et
3288 5426 3431 5480 dicta
3465 5423 3688 5477 arbusta.

2134 5521 2287 5589 quasi
2331 5519 2544 5573 arboris
2575 5518 2747 5572 hasta.
2798 5515 2902 5570 Alii
2934 5517 3213 5571 arbustum
3256 5518 3462 5579 locum,
3508 5515 3559 5568 in
3594 5525 3691 5581 quo

2136 5611 2357 5665 arbores
2379 5619 2520 5671 sunt,
2554 5608 2737 5663 volunt
2766 5606 3029 5676 accipere,
3060 5606 3200 5662 sicut
3230 5607 3472 5662 salictum
3499 5623 3510 5658 :
3545 5603 3618 5657 sic
3641 5608 3689 5651 Cl

2136 5704 2419 5766 vircctnm,
2452 5701 2539 5755 ubi
2573 5699 2816 5766 virgulta:
2848 5698 3069 5754 novella:
3100 5700 3333 5755 virentes
3363 5706 3504 5754 sunt.
3532 5693 3687 5749 Arbor
