3974 6188
292 345 406 402 509

1277 347 1364 402 DE
1403 346 1751 405 UNIVERSO
1788 351 1963 407 LIBRI
2005 352 2163 407 XXII.
2201 384 2271 394 —
2310 353 2437 409 LIB.
2475 353 2615 410 XIX.

3466 359 3574 417 .‘iIO

291 473 481 517 autem
535 462 831 516 humanum
881 474 1050 532 genus
1102 461 1412 530 signiﬁcat,
1465 472 1527 519 ut
1572 474 1657 520 est
1706 466 1835 522 illud
1868 486 1882 522 :
1912 485 1959 539 Α
1990 472 2161 527 saltus
2204 471 2428 541 mystice
2455 479 2644 543 gentes
2684 471 3020 543 signiﬁcant,
3050 474 3134 529 vel
3164 478 3327 530 etiam
3354 492 3570 533 sacram

288 556 548 609 Arborem
589 553 677 622 ﬁci
706 552 922 625 quidam
947 551 1126 605 habuit
1153 552 1448 623 plantatam
1472 555 1529 609 in
1554 555 1700 610 vinea
1729 557 1881 627 (Luc.

290 659 422 711 xm;
452 642 647 697 Matth.
678 657 776 708 vn,
800 640 919 713 xu).
944 640 1076 696 Item
1105 641 1269 697 arbor
1293 643 1433 698 bona
1468 644 1667 698 dicitur
1714 645 1887 703 bonus

288 733 479 799 homo,
507 742 565 789 et
592 732 733 787 mala
761 733 946 797 arbor,
999 732 1176 789 malus
1221 734 1403 789 homo.
1436 734 1664 801 Quidam
1699 737 1751 790 in
1784 739 1886 793 hoc

292 825 610 879 testimonio
629 824 881 879 arborem
908 822 1240 878 voluntatem
1264 824 1499 880 hominis
1527 826 1700 896 magis
1721 842 1882 895 quam

290 917 468 985 ipsum
526 915 801 970 hominem
832 915 1204 984 accipiendum
1236 926 1431 986 putant
1494 935 1506 970 :
1548 926 1605 972 et
1649 918 1880 973 fructum

292 1008 517 1069 bonum,
546 1006 687 1061 bona
710 1019 874 1075 opera
903 1023 916 1058 :
946 1005 1146 1059 malum
1175 1022 1304 1061 vero
1330 1007 1470 1061 mala
1493 1023 1676 1078 opera.
1711 1010 1881 1064 ltadix

291 1104 472 1151 autem
504 1096 770 1167 originem
800 1096 1023 1165 mystice
1051 1096 1357 1167 signiﬁcat:
1384 1099 1523 1153 unde
1545 1099 1598 1152 in
1625 1101 1882 1169 Apostolo

290 1186 558 1256 scriptum
588 1194 673 1241 est
703 1200 718 1239 :
750 1184 905 1251 Quod
931 1187 975 1240 si
1006 1188 1161 1241 radix
1206 1198 1410 1254 sancta,
1443 1199 1492 1243 et
1523 1193 1656 1245 rami
1697 1190 1875 1261 (Rom.

292 1277 389 1344 si).
427 1277 566 1333 Item
615 1278 682 1332 de
724 1286 1012 1347 peccatore
1063 1279 1296 1333 dicitur:
1342 1279 1583 1335 Destruet
1606 1292 1655 1335 te
1700 1282 1878 1349 Deus,

294 1370 346 1422 in
367 1367 530 1437 ﬁnem
552 1366 729 1423 evellet
771 1377 842 1433 te,
867 1378 915 1421 et
955 1369 1227 1438 emigrabit
1255 1369 1319 1423 de
1345 1370 1682 1426 tabernaculo
1704 1381 1813 1438 tuo,
1829 1384 1879 1428 et

298 1464 525 1517 radicem
563 1472 709 1516 tuam
754 1461 819 1515 de
859 1471 999 1515 terra
1031 1462 1306 1516 viventium
1354 1459 1526 1534 (Psal.
1580 1462 1674 1535 LI).
1719 1464 1876 1520 Rami

294 1568 422 1608 vero
467 1553 817 1623 propaginem
873 1552 1159 1624 cujuslibet
1207 1555 1549 1622 exprimunt,
1597 1554 1651 1608 in
1680 1555 1876 1611 bonam

293 1654 503 1716 partem
523 1645 637 1699 sive
662 1645 717 1699 in
741 1643 940 1699 malam
969 1644 1302 1699 translatam.
1338 1644 1393 1699 In
1424 1644 1622 1701 bonam
1649 1686 1665 1712 ,
1708 1656 1770 1702 ut
1794 1657 1880 1703 est

296 1739 421 1795 illud
451 1740 507 1794 in
535 1738 825 1810 Evangelia
852 1738 918 1794 de
945 1754 1115 1809 grano
1137 1739 1362 1809 sinapis,
1387 1739 1453 1793 de
1481 1754 1589 1809 quo
1616 1740 1876 1796 Dominus

1987 564 2320 632 Scriptorum
2363 564 2670 634 allegoricis
2709 565 3034 621 testimoniis
3066 566 3464 635 obumbratam,
3509 575 3568 626 ut

1982 666 2066 713 est
2096 656 2228 711 illud
2261 674 2273 709 :
2305 656 2446 711 Deus
2481 674 2514 711 a
2545 657 2744 712 Libano
2770 659 2949 722 veniet,
2980 668 3026 713 et
3052 669 3263 715 sanctus
3292 661 3356 715 de
3396 672 3568 719 monte

1983 749 2224 802 umbroso
2258 755 2306 800 et
2335 747 2596 802 condenso
2620 747 2794 818 (Psal.
2824 748 3031 820 cxxxr).
3055 751 3131 804 De
3150 765 3258 821 quo
3278 751 3331 805 in
3354 750 3568 807 Psalmo

1980 836 2240 904 scriptum
2267 844 2352 891 est
2383 854 2396 890 :
2425 835 2723 892 Invenintus
2751 854 2865 892 eam
2894 840 2946 893 in
2968 841 3163 910 campis
3186 840 3349 895 silvia.
3381 841 3565 911 Campi

1980 945 2111 984 vero
2137 931 2284 986 silva:
2312 934 2552 987 indicant
2577 934 2739 988 corda
2767 936 3069 1005 gentilium,
3099 953 3219 1006 qua:
3244 952 3311 992 ex
3332 939 3568 1006 peccatis

1979 1023 2133 1091 quasi
2164 1023 2502 1078 silvestribus
2548 1040 2613 1079 ac
2651 1026 2892 1081 dumosis
2936 1026 3090 1093 locis,
3121 1030 3413 1083 mundante
3460 1028 3565 1082 Do-

1980 1114 2127 1168 mino
2153 1155 2168 1179 ,
2220 1116 2515 1184 campestri
2562 1117 2801 1185 puritate
2845 1126 3156 1188 patuerunt.
3191 1118 3266 1173 De
3297 1119 3383 1174 his
3413 1118 3567 1174 silvis

1979 1204 2183 1275 egressi
2208 1214 2333 1259 sunt
2360 1206 2465 1260 duo
2495 1206 2610 1260 ursi
2640 1222 2794 1277 reges
2822 1207 3070 1262 videlicet
3100 1208 3465 1263 Romanorum
3495 1208 3563 1263 ad

1979 1303 2304 1365 praeceptum
2335 1296 2497 1366 typici
2544 1296 2754 1363 Elismi,
2801 1306 2857 1352 et
2885 1306 3008 1367 post
3032 1298 3388 1368 quadraginta
3432 1298 3567 1352 duos

1980 1401 2151 1441 annos
2199 1387 2534 1442 ascensionis
2592 1387 2709 1457 ejus
2758 1388 2826 1443 ad
2860 1389 3026 1444 caalos
3070 1389 3322 1445 Iudaicos
3368 1404 3565 1459 pueros

1978 1477 2347 1532 comederunt.
2384 1476 2543 1533 Silvae
2572 1487 2761 1548 gentes
2796 1488 2940 1544 sunt,
2972 1488 3031 1533 ut
3071 1480 3125 1533 iu
3152 1480 3367 1534 Psalmo
3398 1498 3411 1534 :
3444 1480 3563 1533 Er-

1977 1567 2270 1622 terminavit
2298 1584 2414 1621 eam
2433 1584 2558 1638 aper
2583 1568 2647 1622 de
2675 1567 2803 1622 silva
2833 1566 3007 1639 (Psal.
3036 1568 3244 1643 uxrx).
3280 1570 3562 1625 Condensa

1977 1667 2178 1722 autem,
2208 1659 2308 1713 hoc
2338 1668 2442 1722 est,
2466 1675 2636 1729 opaca
2659 1659 2949 1724 silvestria,
2971 1676 3092 1731 qua:
3122 1662 3238 1717 loca
3260 1662 3563 1734 signiﬁcant

1977 1748 2172 1803 divina:
2215 1748 2510 1819 Scriptura:
2538 1751 2747 1805 occulta
2781 1759 2879 1805 :ut
2916 1762 2997 1807 est
3035 1753 3164 1809 illud
3202 1755 3258 1808 in
3300 1753 3512 1809 Psalmo
3548 1774 3559 1808 :

297 1832 367 1886 ait
390 1846 407 1886 :
441 1829 535 1885 Fit
564 1831 740 1895 arbor,
770 1832 845 1884 ita
865 1841 922 1885 ut
942 1831 1149 1885 veniant
1170 1829 1403 1886 volucres
1422 1830 1554 1895 creti,
1580 1841 1628 1885 et
1645 1831 1877 1886 habitent
1905 1840 1952 1898 B
1984 1836 2245 1892 Revelavit
2270 1839 2526 1894 Dominus
2551 1841 2810 1895 condensa
2841 1856 2859 1893 :
2887 1852 2935 1897 et
2955 1844 3009 1897 in
3030 1844 3220 1913 templo
3244 1845 3357 1914 ejus
3386 1862 3562 1900 omnes

295 1924 347 1977 in
377 1923 540 1976 ramis
567 1922 682 1992 ejus
710 1920 925 1992 (Matth.
958 1920 1101 1991 xm).
1146 1920 1277 1975 Item
1303 1918 1359 1976 in
1388 1921 1548 1975 aliam
1575 1930 1786 1991 partem
1821 1922 1876 1976 in

295 2010 512 2065 Daniele
561 2010 822 2080 scriptum
856 2017 939 2064 est
969 2027 982 2064 :
1014 2007 1296 2064 Prtccidite
1334 2011 1573 2065 arborem
1616 2021 1665 2065 et
1704 2029 1878 2066 ramos

293 2101 404 2170 ejus
433 2099 596 2171 (Dan.
622 2100 717 2171 tv).
746 2101 813 2155 Et
840 2101 893 2155 in
919 2100 1246 2156 Salomone:
1272 2100 1341 2155 Et
1359 2103 1721 2172 prtccidanlur
1742 2107 1876 2160 rami

292 2192 697 2245 inconsummati
750 2191 905 2263 (Sap.
962 2191 1059 2264 ιν).
1113 2191 1324 2247 Folium
1388 2208 1517 2248 vero
1573 2207 1877 2251 sermonem

295 2282 554 2336 doctrinm
576 2281 875 2352 significat;
908 2284 1049 2337 unde
1078 2283 1130 2337 in
1158 2283 1365 2353 psalmo
1390 2285 1648 2354 scriptum
1691 2295 1775 2342 est
1812 2288 1877 2342 de

294 2372 436 2444 ligno
467 2372 558 2427 illo
588 2373 819 2428 mirablli
849 2374 990 2444 quod
1023 2373 1317 2444 plantatum
1353 2385 1428 2430 est
1450 2392 1597 2431 secus
1627 2377 1877 2433 decursus

294 2477 574 2532 aquarum,
604 2461 743 2532 quod
773 2461 1001 2531 fructum
1039 2479 1193 2516 suum
1240 2463 1383 2518 dabit
1411 2465 1468 2517 in
1494 2475 1720 2535 tempore
1747 2484 1873 2531 suo,

296 2563 342 2605 et
371 2551 565 2621 folium
598 2553 712 2623 ejus
735 2570 837 2616 non
858 2553 1058 2609 decidet
1090 2552 1261 2626 (Psal.
1288 2555 1349 2624 l).
1374 2555 1485 2612 Hoc
1507 2558 1648 2612 enim
1672 2558 1876 2629 lignum

292 2642 560 2712 signiﬁcat
638 2642 921 2699 Dominum
984 2655 1228 2700 nostrum
1301 2644 1484 2701 Iesum
1546 2647 1823 2703 Christum
1857 2690 1874 2715 ,

292 2746 514 2807 propter
551 2738 861 2808 passionem
910 2740 1120 2803 crucis,
1166 2740 1322 2811 cujus
1352 2740 1618 2795 virtutum
1665 2741 1877 2798 fruetus

292 2831 487 2902 pabula
525 2841 655 2888 sunt
694 2831 1049 2898 credentium,
1080 2833 1233 2904 cujus
1259 2832 1384 2888 folia
1428 2849 1536 2889 non
1566 2834 1820 2890 decidunt
1857 2853 1870 2889 :

294 2918 416 2993 quis
449 2924 597 2980 nullo
626 2939 756 2979 casu
781 2923 944 2978 verba
967 2924 1083 2994 ejus
1102 2940 1131 2978 a
1160 2924 1392 2979 veritate
1414 2924 1713 2979 discedunt.
1746 2923 1875 2980 Haac

293 3027 417 3073 sunt
443 3033 601 3087 aqua:
631 3016 941 3087 spiritales:
968 3018 1082 3072 haec
1113 3015 1239 3093 folia
1274 3017 1552 3083 salutaria,
1585 3018 1651 3072 de
1679 3019 1875 3087 quibus

294 3111 344 3167 in
365 3110 688 3182 Apocalypsi
715 3111 908 3165 beatus
949 3108 1184 3164 Joannes
1223 3108 1373 3164 dicit:
1400 3107 1469 3163 Et
1501 3109 1724 3163 ostendit
1745 3109 1875 3163 mihi

1979 1929 2149 1982 dicent
2178 1929 2398 1999 gloriam
2439 1928 2612 2001 (Psal.
2643 1931 2857 2004 xxvnl).
2905 1933 3186 1990 Revelavit
3226 1936 3369 1990 enim
3402 1937 3562 1990 timor

1979 2017 2188 2073 Domini
2226 2020 2527 2087 condensa,
2579 2024 2792 2092 quando
2821 2024 3161 2094 ignoratione
3203 2026 3445 2096 deposita
3494 2028 3561 2080 a;l

1980 2110 2389 2182 intelligentiam
2412 2113 2604 2168 divinae
2626 2113 2757 2184 legis
2781 2115 2959 2169 devoti
2973 2116 3151 2185 populi
3171 2127 3558 2171 convenerunt.

1977 2201 2084 2257 Pro
2107 2218 2211 2273 qua
2238 2204 2374 2258 rein
2398 2204 2638 2259 Ecclesia
2661 2206 2778 2275 ejus
2800 2219 2989 2260 omnes
3016 2204 3259 2261 referunt
3283 2206 3510 2275 gloriam
3542 2224 3555 2258 :

1978 2300 2137 2360 prout
2167 2292 2538 2362 unusquisque
2577 2293 2789 2363 prmfati
2817 2294 3039 2363 spiritus
3069 2295 3399 2364 septiformis
3420 2294 3557 2348 dona

1976 2381 2201 2451 suscipit
2241 2381 2452 2451 :gloria
2503 2382 2646 2436 enim
2675 2382 2834 2453 (sicut
2886 2384 3087 2438 dictum
3126 2399 3267 2454 smpc
3308 2386 3556 2441 memini-

1976 2471 2117 2543 mus)
2174 2472 2290 2527 laus
2336 2481 2418 2528 est
2467 2472 2607 2527 facta
2651 2473 3010 2529 celebratione
3059 2476 3367 2530 multormu.
3424 2477 3556 2532 Item

1977 2560 2144 2616 saltus
2193 2560 2462 2631 signiﬁcat
2508 2562 2763 2632 populum
2793 2562 3069 2628 ecclesiae,
3102 2565 3167 2618 de
3196 2580 3302 2635 quo
3330 2565 3381 2618 in
3433 2563 3559 2620 Pro-

1976 2653 2135 2721 pheta
2166 2653 2425 2722 scriptum
2450 2662 2536 2709 est
2584 2672 2597 2707 :
2632 2653 2736 2720 Qui
2773 2655 3011 2709 habitant
3040 2656 3095 2710 in
3130 2656 3362 2722 deserto,
3390 2659 3558 2711 securi

1975 2744 2230 2798 dormient
2260 2745 2317 2797 in
2345 2743 2561 2799 saltibus
2616 2743 2830 2817 (Ezech.
2883 2745 3093 2818 xxxrv).
3120 2746 3347 2803 .Rursus
3388 2747 3557 2803 saltus

1977 2833 2306 2888 meridianus
2330 2842 2514 2906 typum
2546 2843 2695 2891 tenet
2723 2835 2902 2905 pepuli
2935 2834 3241 2892 Iudaeorum
3272 2852 3287 2890 :
3320 2839 3459 2892 unde
3502 2837 3555 2891 in

1977 2922 2226 2977 Ezechiel
2267 2922 2397 2977 dicit
2441 2940 2455 2977 :
2488 2922 2619 2978 ch
2648 2924 2775 2977 dicit
2819 2924 3073 2979 Dominus
3116 2925 3185 2978 ad
3212 2924 3403 2979 saltum
3445 2928 3558 2995 agri

1975 3014 2255 3070 meridiani
2285 3030 2303 3067 :
2334 3015 2468 3070 Ecce
2491 3032 2583 3085 ego
2611 3015 2924 3071 succendam
2954 3017 3125 3086 ignem
3146 3019 3201 3071 in
3226 3028 3294 3082 te,
3336 3028 3381 3071 et
3406 3017 3559 3071 devo-

1979 3109 2111 3162 rabit
2159 3125 2310 3162 omne
2350 3108 2551 3178 lignum
2599 3107 2786 3175 viride,
2835 3116 2883 3161 et
2924 3123 3074 3162 omne
3100 3107 3298 3178 lignum
3349 3108 3558 3162 aridum

291 3203 487 3271 [tamen
527 3216 678 3272 aqua:
715 3200 836 3255 vita:
877 3198 1241 3270 splendidum,
1273 3210 1521 3270 tanquam
1543 3199 1867 3270 crystallum,
1899 3184 1942 3245 C
1975 3198 2190 3269 (Ezech.
2224 3198 2339 3269 xx).
2376 3199 2547 3269 Ligna
2574 3199 2739 3264 dicta,
2769 3199 2897 3269 quia
2922 3199 3139 3254 incensa
3171 3209 3563 3254 convertuntur

290 3293 465 3347 exiens
493 3291 559 3345 de
586 3292 773 3359 throno
796 3290 894 3345 Dei
921 3300 971 3345 et
1000 3292 1144 3361 agni,
1174 3291 1229 3345 in
1259 3292 1430 3346 medio
1448 3291 1635 3362 plateas
1655 3293 1792 3362 ejus,
1823 3302 1873 3345 et

291 3398 354 3435 ex
398 3392 623 3453 utraque
648 3390 796 3451 parte
836 3381 1069 3450 ﬂuminis
1116 3383 1354 3435 arborem
1400 3382 1552 3445 vitaz,
1602 3399 1720 3453 quas
1745 3383 1873 3452 facit

292 3470 544 3539 fructum,
572 3471 848 3525 duodecies
870 3471 1089 3541 singulis
1112 3471 1374 3525 mensibus
1399 3471 1617 3525 reddens
1642 3472 1872 3542 fructum

293 3579 467 3627 suum,
497 3571 547 3615 et
571 3559 702 3631 folia
726 3559 870 3615 illius
891 3560 1092 3614 arboris
1113 3572 1233 3615 sunt
1258 3562 1313 3615 in
1340 3563 1618 3615 sanitatem
1642 3565 1873 3633 gentium

293 3655 541 3724 deputata
564 3653 746 3724 (Apoc.
792 3652 951 3724 χιιι).
996 3652 1122 3708 Flos
1160 3654 1302 3707 enim
1332 3652 1606 3708 Christum
1648 3655 1875 3726 mystice

295 3746 562 3817 signiﬁcat
587 3746 678 3817 qui
708 3746 762 3800 in
793 3745 1019 3802 Cantieo
1049 3747 1382 3803 canticorum
1412 3747 1542 3802 dicit
1574 3767 1586 3801 :
1623 3748 1734 3819 Ego
1773 3752 1872 3820 flos

295 3836 481 3904 campi,
496 3844 546 3891 et
566 3834 736 3889 liliunt
749 3836 1063 3891 convallium
1079 3835 1252 3907 (Cant.
1270 3840 1353 3908 ιι).
1371 3838 1555 3894 Flores
1567 3840 1874 3910 signiﬁcant

297 3927 411 3981 incr
443 3935 626 3981 menta
640 3927 793 3982 bona:
803 3928 1247 3994 conversationis,
1263 3937 1322 3983 ut
1336 3937 1418 3984 est
1437 3929 1564 3984 illud
1583 3931 1637 3984 in
1653 3931 1874 3987 Cantico

296 4017 629 4072 canticorum
663 4035 678 4074 :
710 4016 895 4073 Flores
921 4030 1275 4090 apparuerunt
1309 4021 1364 4074 in
1398 4029 1538 4075 terra
1566 4021 1777 4093 (Ibid),
1821 4023 1875 4078 id

296 4116 407 4173 est,
453 4108 608 4163 initia
654 4108 774 4164 ﬁdei
820 4117 876 4164 et
919 4108 1145 4177 justitize
1192 4110 1488 4167 ﬂoruerunt
1535 4114 1589 4167 in
1638 4114 1872 4179 mundo,

297 4209 575 4255 crescente
614 4200 854 4257 Ecclesia
899 4203 1120 4258 Christi.
1176 4204 1305 4259 Item
1351 4204 1448 4259 llos
1484 4204 1651 4275 gloria
1692 4204 1872 4260 saeculi

298 4294 472 4364 hujus.
505 4296 561 4351 In
592 4296 729 4352 Isaia
761 4312 777 4352 :
802 4295 1007 4362 Omnis,
1035 4298 1232 4368 inquit,
1254 4316 1377 4353 caro
1404 4299 1601 4367 fenum,
1628 4307 1677 4352 et
1705 4297 1873 4352 omnis

298 4390 461 4456 gloria
490 4388 606 4458 ejus
633 4389 785 4458 quasi
803 4390 900 4459 [los
937 4388 1042 4456 feni
1065 4388 1199 4459 (Isa.
1228 4389 1340 4459 ιιι).
1373 4388 1538 4444 Poma
1566 4388 1875 4458 signiﬁcant

303 4475 506 4533 fructus
548 4487 860 4533 sanctorum
908 4479 961 4533 in
1003 4479 1294 4533 virtutibus
1325 4520 1339 4542 ,
1388 4488 1449 4532 ut
1501 4486 1585 4532 est
1634 4477 1762 4532 illud
1817 4477 1870 4530 in

1977 3289 2029 3342 in
2055 3289 2233 3344 lumen
2265 3306 2280 3356 ;
2314 3290 2458 3344 unde
2486 3299 2540 3345 et
2565 3288 2819 3362 lychnum
2850 3290 3066 3354 dicitur,
3083 3291 3225 3359 quod
3253 3290 3429 3344 lumen
3449 3291 3556 3345 det.

1976 3380 2198 3435 Hasmla
2236 3396 2267 3433 a
2314 3379 2552 3434 tollendo
2584 3388 2912 3449 nuncupata.
2946 3379 3141 3434 Fomes
3187 3390 3272 3434 est
3306 3380 3515 3435 hastula
3544 3420 3557 3441 ,

1975 3485 2096 3539 qmc
2143 3470 2211 3523 ah
2250 3469 2535 3523 arboribus
2561 3469 2832 3525 excutitur
2872 3470 3178 3524 recisione:
3219 3469 3561 3525 anthastulm

1974 3560 2256 3624 ambustae,
2282 3568 2377 3613 aut
2399 3560 2540 3631 ligna
2565 3568 2774 3626 cavata,
2796 3576 2827 3615 a
2856 3559 3035 3629 fungis
3057 3563 3274 3616 nomine
3297 3570 3519 3632 accepto
3543 3578 3555 3614 :

1974 3655 2116 3726 quod
2146 3655 2221 3709 ita
2243 3655 2421 3725 capiat
2446 3655 2647 3726 ignem,
2672 3657 2739 3711 de
2767 3671 2874 3725 quo
2897 3654 3154 3728 Virgilius
3184 3675 3197 3710 :

2162 3754 2437 3818 lispuitque
2459 3758 2510 3805 in
2536 3756 2704 3806 fomite
2730 3757 2990 3806 ﬂammam.

1974 3839 2138 3909 Ligna
2160 3839 2304 3894 enim
2339 3839 2468 3894 etin
2497 3839 2692 3894 bonam
2722 3848 2929 3908 partem
2959 3850 3015 3894 et
3055 3841 3107 3894 in
3139 3841 3331 3895 malam
3381 3840 3559 3910 posita

1976 3929 2360 3999 reperiuntur:
2414 3929 2467 3983 in
2495 3930 2722 3993 bonam,
2774 3937 2833 3983 ut
2878 3938 2963 3984 est
3001 3929 3131 3985 illud
3184 3948 3197 3984 :
3246 3930 3558 3985 Gaudebant

1973 4017 2172 4087 campi,
2199 4026 2247 4070 et
2291 4016 2466 4070 omnia
2492 4016 2635 4087 ligna
2675 4016 2929 4071 silvarum
2954 4026 3076 4071 ante
3103 4017 3289 4086 faciem
3326 4018 3556 4083 Domini,

1972 4106 2220 4176 quoniam
2269 4107 2403 4160 venit
2435 4105 2605 4177 (Psal.
2659 4107 2802 4179 xcv).
2851 4107 2906 4161 In
2948 4108 3142 4161 malum
3173 4124 3322 4173 vero,
3373 4118 3430 4161 ut
3475 4118 3559 4174 cst

1974 4198 2102 4252 illud
2131 4198 2187 4252 in
2233 4198 2559 4252 Ecclesiaste
2590 4215 2602 4250 :
2652 4198 2754 4264 Qui
2783 4198 2970 4252 scindit
3001 4198 3142 4267 ligna
3180 4197 3560 4268 periclitabitur

1971 4288 2026 4340 in
2050 4289 2124 4341 eis
2158 4286 2356 4359 (Eccle.
2377 4286 2454 4359 x);
2486 4288 2609 4356 quia
2624 4287 3223 4356 quicunqueexsecutor
3250 4295 3334 4342 est
3364 4303 3556 4355 perca-

1974 4385 2182 4441 torum,
2224 4384 2428 4431 :eterno
2457 4375 2704 4430 incendio
2732 4376 3094 4445 deputabitur.
3131 4376 3263 4429 Item
3295 4375 3433 4446 ligna
3461 4392 3557 4429 an-

1974 4469 2078 4539 geli
2106 4477 2161 4523 ut
2190 4468 2408 4538 quidam
2451 4452 2655 4537 putant
2690 4468 2833 4523 sicut
2868 4469 2922 4522 in
2964 4469 3249 4523 Ezechiele
3296 4471 3555 4539 propheta

301 4566 519 4623 Cantica
549 4568 883 4623 canticorum
911 4587 922 4621 :
955 4568 1024 4622 Et
1052 4569 1326 4623 manducet
1350 4569 1577 4638 fructum
1597 4584 1871 4639 pomorum
1899 4557 1948 4616 D
1976 4576 2072 4630 pro
2101 4559 2317 4615 diabolo
2350 4560 2550 4615 dicitur
2593 4577 2607 4613 :
2641 4558 2808 4614 Omne
2844 4561 3042 4631 lignum
3070 4562 3307 4631 paradisi
3347 4580 3449 4617 non
3480 4575 3555 4618 est

300 4674 508 4711 suorum
538 4656 717 4728 (Cant.
756 4658 851 4730 ιν).
886 4659 1016 4713 Item
1047 4675 1244 4729 sponsa
1273 4660 1339 4714 ad
1373 4658 1641 4729 Sponsum
1683 4659 1813 4714 dicit
1853 4676 1865 4712 :

305 4748 490 4805 Omnia
519 4768 675 4822 poma
721 4768 851 4807 nova
889 4762 936 4806 et
967 4763 1155 4818 vetera,
1201 4751 1385 4806 dilecte
1409 4752 1499 4817 mi,
1532 4753 1729 4805 servavi
1778 4752 1871 4805 tibi

303 4837 472 4907 (Cant.
528 4840 649 4913 vn).
698 4840 860 4897 Poma
898 4857 1035 4897 nova
1084 4851 1139 4898 et
1187 4852 1408 4906 vetera,
1439 4852 1706 4912 prlecepta
1760 4842 1873 4895 sive

300 4930 556 4997 promissa
582 4939 709 4986 sunt
728 4930 860 4985 Novi
884 4930 1208 4988 Testamenti
1231 4941 1285 4988 et
1305 4930 1536 4996 Veteris,
1550 4946 1670 5000 qua:
1690 4931 1871 4984 omnia

300 5015 364 5070 ad
415 5017 615 5073 Christi
671 5021 901 5090 gratiam
946 5022 1152 5077 referre
1195 5021 1477 5077 ecclesiam
1526 5020 1870 5075 manifestum

299 5113 396 5167 est.
428 5105 661 5162 Rursum
706 5125 863 5178 poma
893 5111 1119 5165 dulcedo
1158 5110 1366 5180 peccati
1399 5128 1411 5163 :
1442 5110 1582 5164 unde
1608 5110 1662 5162 in
1708 5109 1870 5163 Amos

296 5192 528 5265 legitur:
560 5197 688 5266 quid
742 5207 799 5252 tu
853 5200 1015 5266 vides,
1058 5201 1250 5254 Amos?
1292 5200 1359 5258 Et
1389 5201 1501 5254 dixi
1539 5214 1557 5252 :
1606 5200 1867 5255 Uncinum

295 5301 563 5346 pomorum
592 5287 772 5358 (Amos
799 5288 940 5360 vm),
965 5290 1067 5346 hoc
1087 5300 1191 5357 est,
1221 5290 1479 5362 supplicia
1501 5299 1865 5360 peccatorum.

296 5372 500 5428 Matura
532 5376 806 5444 dicuntur,
839 5380 979 5449 quod
1008 5388 1131 5450 apta
1176 5389 1303 5435 sunt
1343 5379 1411 5434 ad
1454 5380 1812 5434 mandendmn
1852 5393 1866 5431 :

295 5463 372 5518 sic
396 5472 453 5519 et
482 5465 791 5534 immatura,
822 5471 946 5538 quia
971 5472 1282 5541 priusquam
1310 5479 1521 5524 matura
1552 5470 1704 5533 ﬁant,
1734 5468 1867 5523 dura

297 5564 420 5609 sunt
462 5558 528 5610 ad
557 5559 936 5615 mandendum.
971 5561 1268 5632 Allcgorice
1313 5569 1490 5615 autem
1531 5568 1741 5615 matura
1780 5561 1863 5613 di.

295 5655 493 5701 cuntur
516 5648 629 5715 illa,
662 5666 783 5720 qua:
822 5652 1056 5720 perfecta
1100 5661 1271 5707 sunt:
1316 5652 1603 5705 immatura
1649 5659 1861 5711 autem,

296 5753 411 5806 quae
439 5740 748 5809 imperfecta
779 5759 896 5797 esse
926 5744 1296 5799 dinoscuntur.
1344 5741 1503 5796 Silva:
1530 5751 1709 5797 autem
1750 5741 1863 5795 sive

1974 4651 2321 4705 assimilatum
2348 4652 2394 4704 ei
2424 4650 2642 4723 (Ezech.
2672 4651 2864 4719 un).
2904 4651 2969 4705 Et
2998 4662 3119 4722 post
3144 4668 3313 4722 pauca
3357 4672 3369 4707 :
3401 4653 3557 4709 Codri

1974 4758 2077 4795 non
2102 4741 2312 4810 fuerunt
2340 4739 2552 4794 altiores
2574 4739 2679 4793 illis
2702 4739 2912 4811 (Ibid.).
2931 4740 3420 4810 LignumChristns
3443 4743 3556 4797 sivo

1974 4832 2168 4897 sancti,
2220 4831 2273 4885 in
2310 4831 2517 4901 psalmo
2553 4849 2565 4884 :
2599 4830 2664 4884 Et
2709 4832 2807 4884 erit
2851 4841 3101 4902 tanquam
3143 4832 3371 4903 lignum,
3414 4832 3555 4903 quod

1973 4927 2266 4996 plantatum
2294 4936 2368 4980 est
2396 4943 2543 4982 secus
2565 4925 2815 4979 decursus
2838 4942 3095 4995 aquarum
3123 4923 3293 4997 (Psal.
3321 4922 3381 4994 ι).
3408 4924 3476 4976 Ει
3498 4924 3550 4978 in

1978 5016 2306 5084 Evangelio:
2350 5015 2409 5070 Si
2452 5017 2505 5070 in
2549 5016 2700 5069 viridi
2733 5015 2873 5085 ligno
2901 5016 3011 5068 lucc
3053 5015 3274 5083 faciunt,
3303 5014 3357 5067 in
3399 5014 3551 5066 arida

1968 5109 2093 5179 quid
2121 5108 2209 5176 ﬁet
2232 5109 2257 5161 ?
2302 5107 2454 5177 (Luc.
2490 5108 2671 5179 χχιιι.)
2698 5107 2925 5177 Lignum
2954 5106 3143 5167 homo,
3175 5112 3233 5157 ut
3263 5104 3315 5157 in
3361 5103 3547 5157 Eccle-

1969 5199 2133 5252 siaste
2166 5215 2178 5250 :
2210 5197 2267 5252 Si
2292 5198 2533 5251 ceciderit
2560 5197 2756 5267 lignum
2782 5195 2853 5248 ad
2874 5204 3135 5259 austrum,
3161 5195 3265 5246 sive
3295 5192 3364 5245 ad
3393 5193 3532 5262 aqui-

1968 5286 2137 5340 lonem
2169 5286 2365 5357 (Eccle.
2402 5287 2502 5356 ιιι),
2536 5286 2588 5341 id
2618 5294 2730 5347 est,
2782 5285 2836 5337 in
2876 5284 3074 5338 bonam
3122 5282 3203 5335 vel
3247 5286 3300 5338 in
3351 5282 3544 5337 malam

1971 5384 2198 5445 partem,
2227 5375 2519 5445 ubicunque
2539 5373 2798 5437 ceciderit,
2825 5370 2897 5424 ibi
2914 5372 3031 5424 erit.
3051 5370 3216 5441 Ligna
3244 5371 3547 5426 testimonia

1972 5465 2370 5533 Scripturarum
2399 5464 2452 5517 in
2477 5462 2716 5516 Levitico
2739 5477 2754 5515 :
2788 5460 2934 5531 Ignis
2959 5470 3132 5513 autent
3158 5462 3211 5514 in
3237 5460 3393 5513 altari
3420 5477 3550 5515 scm-

1969 5575 2061 5627 per
2088 5557 2287 5612 ardebit
2314 5596 2329 5619 ,
2375 5572 2527 5626 quem
2579 5554 2768 5607 nutriet
2797 5552 3039 5607 sacerdos
3086 5553 3362 5623 subjiciens
3402 5551 3547 5623 ligna

1970 5667 2119 5703 mane
2162 5666 2254 5719 per
2280 5646 2513 5719 singulos
2540 5647 2650 5700 dics
2692 5643 2878 5717 (Lavit.
2917 5644 3011 5715 vl).
3053 5644 3189 5699 IIuic
3238 5643 3542 5699 testimonio

1970 5741 2274 5797 Salomonis
2299 5741 2566 5796 sententia
2588 5736 2855 5809 congruit,
2888 5736 2939 5791 in
2970 5753 3073 5806 qua
3099 5738 3173 5792 ait
3205 5755 3215 5789 :
3253 5735 3355 5802 Qui
3394 5735 3538 5788 addit
