3950 6192
451 281 552 338 5|!

1087 274 1148 329 Β.
1188 273 1439 328 RABANI
1479 273 1697 328 MAURI
1734 271 2053 328 ARCHIEP.
2097 272 2404 332 MOCUN'I’.
2447 277 2732 334 OPERUM
2775 279 2953 336 PARS
2987 282 3050 337 ll.

3611 288 3714 345 SB.

448 395 742 458 scientiam,
794 392 941 446 addit
996 389 1227 445 dolorem
1267 388 1464 464 (Eccle.
1513 389 1576 461 ι).
1624 389 1850 460 Lignum
1895 404 2026 443 crux
2059 389 2107 447 Δ
2132 389 2366 457 Ilorelu't,
2417 391 2550 445 sicut
2584 393 2770 447 cedrus
2817 393 3004 449 Libani
3049 395 3484 466 multiplicabftur
3529 397 3712 470 (Psal.

449 483 654 558 Christi
697 484 751 538 in
777 482 916 537 libro
946 479 1232 552 Sapientia:
1270 497 1282 534 :
1315 477 1652 532 Benedictum
1695 479 1916 548 lignum,
1939 495 2031 548 per

449 577 588 649 quod
610 577 668 644 ﬁt
706 575 917 646 justitia
943 572 1089 642 (Sap.
1119 572 1252 644 xw).
1295 571 1360 625 Et
1388 571 1441 624 in
1475 571 1681 640 psalmo
1717 584 1732 624 :
1779 571 2030 626 Dominus

451 668 682 738 regnavit
709 665 898 736 uligno
923 661 1095 734 (Psal.
1125 661 1270 732 xcv).
1306 663 1472 734 Ligna
1499 654 1720 732 peccata
1751 663 1804 716 in
1829 662 2028 716 Dente-

449 759 696 816 ronomio
719 741 734 812 :
758 757 816 813 Si
836 758 951 828 quis
979 756 1163 810 abierit
1192 772 1309 811 cum
1338 755 1578 826 proximo
1605 769 1700 808 suo
1725 753 2031 822 simpliciter

447 849 502 904 in
525 850 709 904 silvam
729 848 798 904 ad
815 835 964 915 ligna
979 845 1225 900 credenda
1250 843 1428 916 (Deut.
1453 844 1588 916 xm).
1620 844 1808 899 Torris
1826 843 2027 915 lignum

447 945 699 999 adustum
717 981 733 1006 ,
765 955 925 1010 quem
951 937 1141 1012 vulgus
1170 937 1416 992 titionem
1443 936 1680 1006 appellat
1721 944 2026 992 extractum

447 1033 567 1089 foco
615 1032 930 1088 semiustum
973 1038 1030 1086 et
1073 1029 1392 1084 extinctum.
1447 1027 1762 1097 Quisquiliaa
1815 1027 2029 1097 stipula:

444 1111 696 1180 immista:
741 1120 974 1176 surculis
1012 1135 1076 1175 ac
1101 1117 1246 1174 loliis
1285 1118 1490 1173 aridis:
1523 1125 1650 1173 sunt
1690 1125 1870 1172 autem
1898 1131 2030 1186 pur-

443 1223 694 1288 gamenta
746 1221 1036 1268 terrarum.
1080 1210 1306 1282 Mystice
1347 1195 1529 1266 autem
1575 1211 1740 1266 torris
1769 1210 1854 1266 vel
1905 1211 2028 1266 titio

443 1300 714 1370 signiﬁcat
757 1299 1076 1368 sapientiam
1123 1313 1351 1363 vanam,
1403 1311 1526 1368 quae
1554 1311 1697 1352 verre
1748 1296 2028 1367 sapientia:

443 1391 713 1446 contraria
738 1399 818 1444 est
847 1407 860 1444 :
895 1390 1037 1445 unde
1058 1388 1254 1461 legitur
1281 1389 1334 1444 in
1356 1388 1492 1443 lsaia
1513 1389 1776 1459 propheta
1796 1427 1811 1452 ,
1839 1387 2021 1443 Domi-

443 1497 571 1538 num
631 1465 832 1535 dixisse
883 1481 949 1535 ad
997 1479 1172 1552 ipsum
1221 1480 1540 1551 prophetam
1589 1493 1604 1532 :
1655 1477 1920 1549 Egredere
1971 1480 2024 1534 in

442 1589 713 1628 occursum
737 1572 935 1637 Acltaz,
973 1581 1051 1637 tu,
1076 1579 1124 1649 et
1151 1571 1240 1642 qui
1268 1570 1546 1626 derelictus
1572 1578 1648 1625 est
1676 1568 1845 1625 lasub
1881 1569 2024 1639 ﬁlius

440 1673 581 1728 tuus,
613 1663 682 1717 ad
710 1672 996 1717 extremum
1027 1661 1364 1733 aqureductus
1387 1662 1600 1732 piscina:
1639 1661 1924 1732 superioris
1969 1661 2024 1716 in

440 1755 522 1810 via
545 1753 898 1824 agrifullonis,
934 1765 980 1810 et
1005 1755 1144 1829 dices
1166 1754 1234 1808 ad
1253 1771 1370 1808 eum
1403 1767 1420 1805 :
1452 1752 1604 1816 Vide,
1629 1771 1692 1808 ne
1712 1752 1891 1817 sileas,
1915 1753 2023 1807 noli

440 1845 638 1911 timere,
693 1854 740 1900 et
788 1863 878 1899 cor
901 1860 1047 1922 tuum
1100 1862 1162 1900 ne
1203 1845 1446 1915 formidet
1497 1861 1530 1898 a
1586 1845 1792 1899 duabus
1837 1844 2022 1899 caudis

437 1937 682 1991 titionum
728 1923 1096 2006 fumigantium
1143 1937 1362 1990 istorum
1405 1936 1461 1990 in
1502 1935 1589 1988 ira
1629 1934 1825 2004 furoris
1859 1934 2023 1988 Rasin

439 2027 572 2096 regis
598 2026 792 2096 Syria',
817 2037 865 2080 et
887 2025 985 2096 lilii
1010 2025 1274 2104 Romeli'ar,
1302 2043 1362 2080 eo
1383 2025 1522 2096 quod
1547 2024 1824 2079 consilium
1847 2024 2021 2079 inierit

437 2127 619 2171 contra
643 2128 690 2172 te
723 2117 880 2188 Syria
907 2119 962 2172 in
990 2117 1187 2172 malum
1217 2115 1466 2188 Eﬂraim,
1491 2129 1540 2173 et
1571 2119 1718 2188 ﬁlius
1754 2117 2017 2185 Remelia',

438 2211 663 2265 dicentes
694 2231 710 2266 :
751 2211 1105 2266 Ascendamus
1132 2211 1202 2265 ad
1224 2195 1426 2266 Iudam
1463 2220 1512 2266 et
1539 2213 1850 2266 suscitemus
1879 2227 2019 2277 eum,

435 2312 484 2358 et
508 2301 784 2357 evellamus
807 2320 926 2357 eum
972 2301 1042 2356 ad
1089 2319 1181 2356 nas
1208 2303 1342 2374 (Isa.
1371 2301 1490 2372 vti).
1521 2303 1665 2358 Duas
1691 2311 1868 2357 autem
1893 2317 2024 2358 cau-

439 2391 536 2446 das
585 2391 812 2446 torrium
858 2385 1234 2462 fumigantium
1273 2391 1354 2463 (ut
1385 2392 1535 2462 prius
1563 2391 1818 2464 diximus)
1866 2399 2024 2448 vocat

441 2481 762 2551 sapientiam
821 2481 1158 2546 saecularem,
1210 2483 1634 2552 hazreticumque
1681 2496 2019 2547 sermonem,

440 2569 670 2640 quorum
703 2571 825 2625 linis
853 2569 1065 2625 exustio
1099 2579 1184 2626 est
1223 2587 1238 2627 :
1269 2572 1360 2640 qui
1388 2569 1588 2626 fruStra
1619 2572 1856 2626 inierunt
1895 2587 2023 2627 con-

437 2660 640 2726 silium,
665 2668 725 2714 ut
749 2659 1104 2715 ascenderent
1130 2668 1314 2738 contra
1341 2658 1556 2725 Judam,
1583 2671 1640 2716 et
1667 2661 1819 2730 quasi
1855 2659 2023 2730 negli-

438 2759 653 2824 gentem
699 2759 752 2806 et
797 2750 1155 2822 dormientem
1189 2759 1472 2822 caperent,
1517 2759 1574 2807 et
1607 2752 1720 2807 suis
1745 2750 2022 2805 erroribus

437 2840 772 2912 cupularent.
803 2835 989 2896 Caries
1023 2839 1252 2912 putredo
1298 2841 1567 2913 lignorum
1601 2861 1614 2896 :
1661 2841 1862 2894 dictum
1917 2839 2020 2894 hoc

439 2947 656 2997 nomen,
680 2933 820 3002 quod
847 2933 1059 2987 eveniat
1081 2931 1242 3004 lignis
1263 2932 1464 2986 virtute
1479 2931 1805 2986 carentibus.
1832 2929 2022 2986 Caries

439 3035 618 3081 autem
669 3025 974 3096 signiﬁcare
1013 3032 1192 3095 potest
1215 3023 1552 3096 putredinem
1599 3017 1948 3094 peccatorum
2001 3043 2014 3080 :

438 3118 582 3194 unde
640 3119 886 3174 homines
939 3108 1188 3172 carnales
1240 3116 1516 3194 vermibus
1571 3117 2018 3187 concupiscentia:

433 3209 582 3264 exesi
609 3194 874 3288 inhabiles
899 3207 1200 3263 el‘liciuntnr
1222 3205 1450 3288 nidiﬁcia
1471 3200 1698 3276 spiritali
1726 3207 2018 3277 pertinenti

437 3298 505 3352 ad
536 3299 809 3354 civitatem
839 3285 957 3353 Dei.
1284 3285 1288 3288 ’
1373 3285 1379 3288 ⁷
1675 3305 1680 3311 ·

1047 3389 1274 3448 CAPUT
1312 3389 1398 3446 Vl.

753 3481 831 3536 De
855 3484 1078 3556 propriis
1105 3484 1401 3540 nominibus
1425 3485 1694 3540 arborum.

504 3570 688 3627 Palma
721 3573 885 3637 dicta,
917 3573 1040 3643 quia
1089 3589 1280 3632 manus
1321 3573 1562 3630 victricis
1601 3583 1828 3631 ornatus
1876 3581 1962 3630 est
1999 3593 2014 3627 :

437 3661 523 3717 vel
593 3649 752 3732 quod:
789 3669 1060 3733 oppansus
1104 3671 1189 3718 est
1235 3661 1403 3718 ramis
1451 3663 1505 3718 in
1558 3665 1776 3720 modum
1825 3663 2018 3734 palmae

437 3751 688 3806 hominis.
725 3749 822 3806 Est
848 3750 996 3806 enim
1019 3753 1180 3807 arbor
1201 3753 1413 3824 insigne
1444 3753 1712 3815 victoriae,
1759 3767 2014 3824 procero-

436 3859 542 3916 que
563 3858 626 3899 ac
655 3845 852 3900 decoro
885 3827 1138 3918 virgulto,
1173 3843 1546 3917 diuturnisque
1571 3845 1764 3901 vestita
1808 3845 2013 3900 frondi-

435 3937 557 4001 bus,
601 3945 656 3992 ct
696 3922 820 3992 folia
845 3953 942 3993 sua
985 3939 1102 3992 sine
1132 3938 1238 3993 ulla
1275 3923 1618 3994 successione
1661 3951 2010 3992 conservans.

440 4025 592 4082 llanc
617 4027 790 4084 ϐττιξεί
823 4028 1135 4084 Phoenicem
1166 4029 1371 4094 dicunt,
1403 4028 1545 4100 quod
1573 4027 1662 4084 diu
1705 4029 1900 4092 durat,
1946 4043 2010 4084 ex

436 4117 653 4172 nomine
679 4118 794 4173 avis
825 4118 968 4173 illius
995 4112 1264 4183 Arabicae,
1288 4134 1408 4187 qua:
1437 4117 1618 4172 multis
1641 4117 1799 4172 annis
1833 4117 2016 4172 vivere

436 4207 768 4277 perhibetur.
795 4209 926 4276 Quae
965 4209 1090 4264 dum
1121 4207 1174 4263 in
1205 4207 1388 4264 multis
1426 4195 1873 4271 lecis'nascatnr,
1907 4223 2014 4262 non

439 4296 492 4350 in
519 4297 770 4354 omnibus
793 4297 1000 4354 fructus
1024 4298 1234 4368 perﬁcit
1259 4295 1626 4352 maturitatem
1659 4315 1671 4351 :
1701 4296 2014 4366 frequenter

2133 477 2264 548 xei).
2314 479 2382 533 Et
2435 480 2486 534 in
2511 479 2737 536 Cantico
2783 483 3122 538 canticorum
3160 499 3354 554 sponsa
3401 485 3470 540 de
3520 503 3718 556 sponso

2131 569 2262 624 dicit
2292 588 2304 623 :
2337 571 2516 624 Coma:
2539 573 2654 642 ejus
2679 575 2816 626 sicut
2844 575 2998 626 eldtrr
3025 575 3346 644 palmarum,
3378 575 3541 646 nigrm
3565 581 3717 649 quasi

2131 678 2314 716 corvus
2340 661 2515 733 (Cant.
2546 663 2621 735 v).
2645 663 2826 719 Coma:
2849 674 3082 720 caterva:
3106 675 3438 732 salictorum,
3463 685 3585 736 quae
3611 669 3718 725 Deo

2131 752 2273 807 ﬁdeli
2299 752 2558 808 famulatu
2587 756 2864 810 adhazrent
2889 756 3081 812 :‘elata:
3101 757 3290 828 palma:
3311 770 3534 828 promer
3553 771 3718 831 caput

2130 845 2344 900 Domini
2373 859 2387 899 :
2413 847 2579 917 nigra:
2603 856 2824 917 propter
2846 848 3243 918 despectionem
3267 851 3404 921 apud
3429 850 3712 906 homines:

2133 935 2220 990 vel
2247 935 2405 990 elata:
2429 937 2500 992 ob
2529 938 2808 992 victoriam
2843 956 2858 992 :
2889 938 3057 1008 nigra:
3083 938 3154 994 ob
3175 955 3478 1010 presseras.
3508 941 3718 996 Laurus

2131 1041 2162 1081 a
2192 1027 2360 1082 verbo
2397 1027 2567 1084 laudis
2596 1030 2736 1084 dicta
2772 1044 2787 1084 :
2829 1031 2931 1084 hac
2953 1030 3096 1084 enim
3123 1046 3246 1086 cum
3276 1031 3522 1088 laudibus
3545 1033 3721 1089 victo-

2131 1133 2251 1172 rum
2315 1119 2490 1189 capita
2550 1119 2965 1174 eoronabantnr.
3023 1120 3176 1189 Apud
3225 1122 3478 1190 antiquos
3531 1134 3717 1180 autem

2128 1207 2320 1264 laudea
2375 1209 2753 1264 nominabatur
2801 1229 2813 1263 :
2859 1210 3108 1279 postead
3162 1210 3340 1266 littera
3389 1213 3718 1279 subl.:ta,et

2128 1301 2421 1370 subrogata
2445 1318 2472 1354 r
2497 1302 2642 1356 dicta
2671 1311 2756 1356 est
2804 1302 2990 1357 laurus
3019 1321 3032 1356 :
3065 1309 3126 1356 ut
3175 1302 3229 1357 in
3259 1303 3518 1358 auriculis
3537 1346 3555 1367 ,
3593 1322 3719 1376 qua:

2127 1389 2187 1446 in
2219 1390 2374 1446 initio
2399 1391 2661 1446 audicnlae
2683 1391 2839 1446 dictae
2867 1399 2992 1446 sunt
3023 1409 3038 1445 :
3067 1399 3122 1446 et
3148 1391 3429 1456 medidies,
3454 1393 3546 1464 qui
3573 1410 3719 1449 "Illic

2129 1480 2387 1536 meridies
2409 1481 2626 1536 dicitur.
2655 1481 2808 1536 Hanc
2835 1482 3086 1538 arborem
3107 1480 3280 1538 (ἔνωεί
3313 1483 3582 1555 daphnem
3616 1501 3714 1539 vo-

2128 1577 2256 1626 cant
2293 1587 2306 1624 :
2341 1571 2484 1640 quod
2513 1587 2786 1641 nunquam
2814 1571 3050 1641 deponat
3087 1572 3436 1639 viriditatem,
3468 1576 3595 1630 inde
3623 1576 3638 1630 i
3667 1577 3718 1630 la

2127 1661 2310 1730 potius
2337 1660 2573 1716 victores
2601 1662 3038 1717 coronabantur:
3075 1661 3188 1718 sola
3219 1678 3434 1734 quoque
3475 1665 3592 1718 luce
3621 1681 3718 1718 ar-

2057 1732 2098 1792 Β
2125 1751 2227 1806 bor
2262 1750 2471 1822 fulgore
2500 1751 2774 1808 fulminari
2807 1753 3032 1809 minime
3067 1732 3328 1810 creditur.
3350 1732 3359 1734 ἡ
3379 1755 3505 1812 Haec
3548 1757 3720 1812 arbor

2121 1841 2260 1897 bene
2281 1841 2780 1912 potestsignillcare
2807 1851 3106 1915 martyrum
3121 1845 3376 1901 victorias
3402 1853 3459 1901 et
3482 1862 3722 1902 coronas

2121 1925 2636 1988 immarcescibiles:
2667 1932 2867 1988 malum
2895 1949 2924 1987 a
2951 1933 3154 1994 Graecis
3201 1936 3424 1998 dictum,
3465 1937 3607 2006 quod
3640 1939 3727 1992 sit-

2120 2024 2330 2080 l'ructus
2357 2024 2474 2094 ejus
2497 2037 2778 2096 pomorum
2801 2027 3042 2080 omnium
3075 2027 3494 2084 rotundissimus
3522 2047 3536 2082 :
3567 2031 3720 2085 unde

2121 2122 2177 2170 et
2223 2115 2338 2171 haec
2376 2122 2502 2170 suat
2532 2129 2658 2170 vera
2710 2116 2887 2182 mala,
2937 2131 3057 2186 quae
3096 2118 3446 2173 vehementer
3475 2120 3715 2176 rotunda

2121 2211 2264 2259 sunt.
2287 2203 2426 2258 Mala
2449 2203 2685 2258 Matiana
2707 2219 2738 2258 a
2769 2205 2885 2260 loco
2907 2214 3118 2269 vocata,
3143 2207 3285 2261 unde
3304 2208 3454 2278 prius
3480 2211 3715 2264 advecta

2121 2303 2266 2350 Sunt.
2283 2294 2422 2350 Nam
2433 2295 2617 2350 multa:
2639 2295 2862 2350 arbores
2887 2296 3104 2350 nomina
3133 2311 3196 2351 ex
3219 2297 3511 2367 provinciis
3532 2299 3618 2354 vel
3635 2300 3725 2356 ci-

2121 2384 2402 2451 vitatibus,
2419 2385 2488 2440 de
2513 2385 2712 2456 quibus
2727 2385 2903 2441 allata:
2920 2395 3064 2451 sunt,
3085 2381 3427 2459 acceperunt.
3455 2388 3723 2461 Virgilius

2121 2477 2461 2543 amantibus,
2483 2477 2614 2548 quid
2642 2490 2710 2534 ex
2735 2478 2878 2533 malo
2899 2478 3066 2547 quaeri
3095 2477 3268 2534 soleat
3287 2478 3542 2534 ostendit.
3567 2480 3713 2556 Mala
3799 2465 3810 2472 ’

2120 2565 2360 2638 Cydonia
2387 2578 2583 2623 nomen
2625 2577 2970 2638 sumpserunt
3015 2567 3085 2623 ab
3134 2567 3332 2638 oppido
3374 2585 3494 2638 qua:
3538 2572 3716 2624 estin

2125 2658 2309 2714 Insula
2361 2657 2542 2724 Creta,
2593 2661 2659 2716 de
2707 2675 2815 2730 qua
2841 2658 3014 2716 Graeci
3050 2660 3232 2716 dicere
3273 2660 3448 2717 solent
3486 2662 3717 2718 urbium

2119 2747 2460 2805 Cretensium
2483 2749 3134 2822 matrem'Cydoniam,ex
3155 2749 3310 2822 cujus
3338 2765 3498 2822 pomo
3527 2750 3713 2822 Cydo-

2120 2839 2295 2896 nitum
2323 2839 2628 2897 cenﬁcitur.
2672 2840 2764 2896 Fit
2800 2855 3017 2912 quoque
3037 2856 3104 2896 ex
3133 2856 3199 2897 ea
3237 2851 3294 2897 et
3327 2835 3512 2898 vinum
3532 2882 3548 2905 ,
3593 2858 3718 2912 quo

2120 2931 2504 3002 languentium
2541 2931 2809 2987 desideria
2854 2930 3113 2986 falluntur
3166 2950 3180 2988 :
3232 2948 3358 2987 nam
3400 2932 3614 3003 Specie,
3653 2942 3712 2988 ct

2119 3030 2278 3092 gustu
2305 3062 2320 3088 ,
2367 3030 2423 3078 et
2469 3023 2638 3079 odore
2692 3021 2978 3092 cujuslibet
3007 3024 3116 3079 vini
3165 3025 3365 3080 veteris
3411 3025 3714 3096 imaginem

2118 3122 2494 3183 repraesentat.
2547 3114 2870 3170 Melimelum
2917 3131 2948 3170 a
3001 3115 3284 3172 dulcedine
3337 3118 3710 3188 appellatum,

2118 3203 2204 3259 vel
2252 3205 2395 3274 quod
2447 3205 2656 3260 fructus
2702 3205 2820 3275 ejus
2860 3204 3034 3261 mellis
3061 3221 3310 3278 saporem
3345 3209 3568 3274 habeat,
3617 3208 3711 3266 vel

2117 3299 2260 3368 quod
2311 3300 2366 3354 in
2414 3299 2574 3355 melle
2623 3307 2890 3356 servetur.
2944 3299 3140 3355 Malum
3186 3311 3366 3357 autem
3417 3302 3712 3375 allegorice

2119 3389 2391 3462 signiﬁcat
2420 3390 2708 3444 Dominum
2738 3388 3014 3446 Christum
3043 3409 3058 3445 :
3088 3391 3230 3448 unde
3254 3407 3450 3462 sponsa
3482 3392 3536 3447 in
3558 3393 3707 3449 Can-

2119 3481 2226 3537 tico
2247 3481 2581 3536 canticorum
2621 3481 2754 3537 dicit
2781 3498 2797 3538 :
2840 3480 2986 3536 Sicut
3011 3481 3181 3537 malus
3211 3483 3348 3537 inter
3373 3483 3515 3553 ligna
3538 3485 3706 3539 silva-

2119 3587 2256 3634 rum,
2283 3571 2359 3625 sic
2389 3569 2608 3625 dilectus
2641 3587 2786 3625 meus
2813 3572 2950 3626 inter
2973 3571 3116 3642 ﬁlias
3157 3587 3176 3624 :
3203 3573 3300 3628 sub
3331 3573 3512 3628 umbra
3557 3575 3704 3628 illius

2114 3678 2268 3732 quem
2291 3661 2649 3716 desiderabam
2669 3662 2780 3716 sedi
2805 3675 2822 3714 :
2853 3671 2900 3716 et
2935 3663 3138 3729 [ructus
3164 3664 3280 3736 ejus
3303 3657 3472 3718 dulcis
3496 3669 3712 3734 gutturi

2114 3767 2228 3806 meo
2256 3749 2435 3822 (Cant.
2464 3751 2548 3822 n);
2577 3752 2680 3806 hoc
2717 3760 2823 3816 est,
2860 3753 3002 3808 sicut
3034 3754 3234 3808 malum
3262 3755 3402 3820 visu,
3448 3757 3618 3810 odore
3647 3766 3708 3812 et

2114 3851 2272 3916 gustu
2303 3844 2572 3898 antecedit
2619 3843 2763 3915 ligna
2792 3843 3060 3899 silvestria
3091 3863 3105 3899 :
3149 3845 3229 3899 sic
3267 3845 3517 3900 Christus
3543 3858 3700 3902 ante-

2113 3936 2258 3992 cellit
2291 3949 2482 3991 omnes
2524 3942 2784 4000 sanctos,
2835 3934 2928 4004 qui
2979 3934 3073 3990 ﬁlii
3105 3934 3199 3989 Dei
3251 3935 3552 3990 dicuntur:
3604 3939 3708 3991 sed

2099 4029 2307 4100 gratia,
2343 4027 2432 4082 ille
2469 4027 2615 4082 solus
2645 4034 2862 4092 natura,
2888 4034 2943 4082 et
2963 4027 3154 4100 eodem
3179 4027 3508 4098 prodeunte,
3536 4043 3702 4098 quem

2111 4136 2326 4190 semper
2349 4119 2538 4175 adesse
2557 4118 2800 4188 quaesivi,
2823 4119 3044 4189 quiesco
3065 4133 3129 4174 ac
3153 4133 3345 4174 secura
3364 4133 3661 4188 permaneo
3683 4135 3702 4172 :

2112 4211 2236 4280 quia
2267 4209 2454 4280 gratia:
2476 4224 2586 4263 sua:
2611 4208 2818 4264 cmlesti
2849 4208 3130 4278 dulcedine
3159 4222 3244 4262 me
3275 4207 3469 4263 relicit.
3497 4207 3704 4261 Malum

2115 4299 2375 4354 Punicum
2397 4297 2502 4352 dici
2531 4312 2632 4361 eo,
2657 4296 2800 4366 quod
2841 4295 3138 4378 ex_Puuica
3168 4296 3387 4366 regione
3431 4295 3501 4350 sit
3528 4311 3708 4366 genus

439 4398 618 4441 autem
651 4389 702 4443 in
725 4385 958 4460 IEgypto
977 4398 1032 4444 et
1053 4389 1232 4460 Syria,
1256 4388 1464 4444 fructus
1479 4395 1658 4443 autem
1681 4385 1798 4455 ejus
1815 4385 2012 4458 dactyli
2042 4426 2092 4485 Β
2116 4389 2232 4458 ejus
2273 4388 2591 4444 translatum
2620 4403 2634 4439 :
2670 4387 2810 4442 idem
2836 4394 2893 4441 et
2921 4385 3429 4455 malumgranatum,
3457 4399 3522 4438 eo
3553 4385 3702 4454 quod

438 4494 470 4534 a
492 4479 781 4550 digitorum
799 4480 1152 4535 similitudine
1176 4480 1465 4550 nuncupati
1490 4487 1634 4534 sunt.
1659 4477 1845 4532 Palma
1865 4477 2010 4532 enim

440 4571 583 4627 dicta
639 4580 741 4637 est,
789 4573 944 4644 quasi
975 4573 1125 4642 pacis
1153 4571 1314 4636 alma,
1343 4587 1463 4642 qua:
1501 4571 1782 4640 praemium
1826 4581 1911 4625 est
1956 4570 2010 4625 in

439 4678 608 4733 agone
632 4662 989 4727 vincentibus,
1013 4663 1153 4718 sicut
1169 4660 1457 4732 Apostolus
1482 4661 1650 4716 dicit:
1679 4661 1834 4716 Nunc
1857 4663 2012 4716 tendo

439 4754 508 4808 ad
529 4753 756 4822 palmam
787 4768 1026 4823 superna:
1059 4752 1340 4807 vocationis
1371 4749 1537 4823 (Phil.
1562 4752 1667 4822 ιιι).
1696 4751 1823 4808 Haec
1849 4768 2012 4824 super

440 4844 612 4902 terras
628 4845 835 4916 hispida
848 4851 950 4907 est,
969 4851 1025 4899 et
1046 4841 1364 4912 quibusdam
1383 4831 1686 4898 tumoribus
1699 4843 2007 4914 inaequalis:

438 4938 530 4994 sed
561 4938 648 4992 ubi
685 4937 753 4991 ad
781 4950 1010 5005 superna
1040 4934 1392 5006 processerit,
1441 4934 1870 5015 dulcissimorum
1896 4933 2011 4989 frn-

437 5045 620 5090 ctuum
642 5032 904 5088 suavitate
921 5029 1237 5100 completur,
1256 5037 1311 5084 et
1330 5029 1484 5100 quasi
1506 5027 1825 5098 quibusdam
1850 5027 2015 5082 radiis

437 5137 626 5183 ornata
656 5125 980 5182 distenditur
1011 5143 1023 5180 :
1058 5124 1136 5180 sic
1160 5121 1424 5192 iustorum
1449 5120 1789 5178 conversatio
1823 5121 1878 5176 in
1909 5120 2014 5176 hoc

435 5217 638 5275 mundo
665 5217 814 5272 duris
855 5226 941 5272 est
979 5215 1255 5296 laboribus
1282 5215 1436 5284 plena
1471 5231 1484 5269 :
1517 5212 1612 5269 sed
1661 5209 1714 5266 in
1764 5211 2014 5282 supernis

435 5305 702 5381 probatur
719 5324 840 5364 esse
873 5306 1252 5378 pulcherrima.
1283 5305 1466 5360 Palma
1495 5313 1676 5360 autem
1706 5301 2012 5376 signiﬁcare

439 5381 612 5462 potest
639 5397 882 5452 homines
912 5397 1168 5452 virtutum
1198 5396 1392 5453 decore
1415 5411 1628 5466 semper
1647 5395 1914 5457 virentes,
1954 5399 2012 5447 et

440 5489 721 5546 dictoriam
744 5493 810 5546 de
838 5491 984 5546 vitiis
1011 5493 1260 5546 omnibus
1287 5489 1652 5561 Spirilnalibus
1689 5487 1964 5556 capientes
1991 5501 2007 5539 :

442 5581 584 5634 unde
606 5581 882 5650 prmmium
909 5596 1120 5638 coronm
1145 5592 1359 5636 auorum
1396 5595 1425 5633 a
1455 5578 1680 5633 Domino
1718 5576 2008 5646 accipiunt,

446 5677 648 5743 dequo
696 5673 749 5727 in
796 5674 999 5744 psalmo
1025 5675 1280 5744 scriptum
1314 5683 1396 5729 est
1441 5693 1452 5728 :
1496 5673 1679 5726 Justus
1730 5680 1784 5724 ut
1837 5668 2012 5740 palma

2119 4484 2260 4538 intra
2285 4481 2502 4538 corticis
2517 4479 2898 4535 rotunditatem
2913 4493 3200 4548 granorum
3224 4476 3500 4532 contineat
3512 4476 3700 4531 multi-

2119 4573 2376 4630 tudinem.
2399 4569 2537 4624 Mala
2553 4569 2756 4624 Punica
2771 4567 3012 4624 Ecclesia
3032 4576 3118 4623 est
3134 4567 3248 4621 sive
3270 4565 3449 4621 unitas
3475 4566 3624 4632 ﬁdei,
3646 4577 3704 4620 et

2115 4664 2264 4733 pacis
2277 4660 2588 4725 concordia,
2601 4659 2672 4716 ob
2687 4659 2838 4730 cujus
2853 4657 3078 4729 ﬁguram
3090 4649 3370 4712 lsraelitici
3381 4655 3697 4724 explorato-

2118 4754 2272 4809 resin
2293 4753 2432 4808 libro
2446 4751 2662 4806 Numeri
2681 4749 2872 4824 (Num.
2889 4749 3008 4826 rut)
3022 4750 3089 4804 de
3101 4741 3244 4804 terra
3263 4747 3698 4817 repromissionis

2117 4844 2318 4900 malum
2344 4842 2602 4898 Punicum
2626 4856 2748 4896 cum
2771 4841 2928 4896 botro
2953 4840 3156 4910 pariter
3169 4831 3223 4893 et
3245 4836 3359 4892 ﬁcis
3381 4837 3696 4906 portabant.

2118 4936 2185 4990 Et
2200 4936 2252 4990 in
2269 4933 2470 4995 Exodo,
2491 4933 2548 4988 In
2563 4939 2880 4986 ornamento
2899 4929 3200 4985 sacerdotis
3221 4927 3359 4983 mala
3375 4926 3576 4980 Punica
3594 4927 3697 4980 tin—

2119 5023 2414 5080 tinnabulis
2447 5022 2628 5078 aureis
2657 5019 2906 5092 conjungi
2935 5019 3338 5092 praecipiuntur.
3368 5009 3568 5071 Malum
3601 5031 3697 5070 au-

2118 5125 2223 5172 tem
2251 5114 2505 5186 punicum
2547 5109 2813 5182 signiﬁcat
2841 5117 3044 5163 emtum
3071 5117 3381 5163 sanctorum
3404 5117 3463 5160 et
3488 5104 3694 5160 electo-

2119 5223 2238 5262 rum
2266 5207 2502 5260 virorum
2533 5216 2548 5256 :
2577 5201 2718 5256 unde
2748 5215 2945 5270 sponsa
2981 5199 3049 5253 ad
3077 5200 3334 5267 sponsum
3383 5195 3438 5250 in
3468 5193 3700 5251 Cantica

2113 5300 2445 5356 canticorum
2469 5295 2629 5352 dicit:
2656 5292 2800 5348 Sicut
2821 5301 2999 5346 cortea:
3022 5289 3150 5344 mali
3171 5288 3672 5356 Punici,gen¢r‘tuar

2113 5393 2306 5461 absque
2328 5388 2542 5444 occultis
2571 5388 2674 5441 tuis
2701 5383 2878 5458 (.Cant.
2901 5381 3000 5455 vn).
3022 5382 3189 5438 Genu:
3215 5386 3414 5434 sancta:
3439 5375 3694 5432 Ecclesna:

2111 5481 2384 5552 spiritales
2405 5486 2529 5534 sunt
2555 5485 2738 5548 patres
2769 5492 2782 5529 :
2809 5473 2900 5544 qui
2936 5472 3225 5553 virtutibus
3247 5477 3373 5524 sunt
3394 5465 3696 5529 mirabiles,

2111 5582 2169 5628 et
2205 5570 2448 5626 moribus
2489 5565 2844 5629 venerabiles,
2885 5573 2940 5620 ct
2981 5564 3035 5618 in
3057 5575 3220 5617 cruce
3245 5557 3446 5615 Christi
3473 5555 3690 5628 gloriari

2113 5678 2222 5718 non
2266 5661 2666 5717 erubescentes.
2697 5657 2762 5711 Et
2789 5657 2903 5712 lucc
2942 5669 3133 5724 magna
3175 5658 3301 5709 sunt
3345 5648 3540 5712 valde,
3576 5659 3691 5716 qius
