  <div class='ocr_page' id='page_1' title='image "/cluster/home/n/w/nwhite01/storage/ocr_20150623/111/hvd.32044054759766/262.png"; bbox 0 0 3950 6192; ppageno 0'>
   <div class='ocr_carea' id='block_1_1' title="bbox 268 312 377 371">
    <p class='ocr_par' dir='ltr' id='par_1_1' title="bbox 268 312 377 371">
     <span class='ocr_line' id='line_1_1' title="bbox 268 312 377 371; baseline 0 0"><span class='ocrx_word' id='word_1_1' title='bbox 268 312 377 371; x_wconf 69' lang='grc' dir='ltr'>διδ</span> 
     </span>
    </p>
   </div>
   <div class='ocr_carea' id='block_1_2' title="bbox 1283 266 2619 397">
    <p class='ocr_par' dir='ltr' id='par_1_2' title="bbox 1283 266 2619 397">
     <span class='ocr_line' id='line_1_2' title="bbox 1283 266 2619 397; baseline 0.001 -33"><span class='ocrx_word' id='word_1_2' title='bbox 1283 311 1370 364; x_wconf 73' lang='grc' dir='ltr'><strong>[ιε</strong></span> <span class='ocrx_word' id='word_1_3' title='bbox 1410 266 1753 397; x_wconf 50' lang='lat' dir='ltr'><strong>uuit’unso</strong></span> <span class='ocrx_word' id='word_1_4' title='bbox 1790 276 1964 365; x_wconf 75' lang='lat' dir='ltr'><strong>Linm</strong></span> <span class='ocrx_word' id='word_1_5' title='bbox 2007 284 2164 365; x_wconf 64' lang='lat' dir='ltr'><strong>&#39;xxn.</strong></span> <span class='ocrx_word' id='word_1_6' title='bbox 2210 341 2273 350; x_wconf 90' lang='grc'><strong><em>--</em></strong></span> <span class='ocrx_word' id='word_1_7' title='bbox 2314 310 2439 365; x_wconf 81' lang='lat' dir='ltr'><strong>un.</strong></span> <span class='ocrx_word' id='word_1_8' title='bbox 2478 296 2619 366; x_wconf 58' lang='grc' dir='ltr'>ιιι.</span> 
     </span>
    </p>
   </div>
   <div class='ocr_carea' id='block_1_3' title="bbox 3437 313 3541 369">
    <p class='ocr_par' dir='ltr' id='par_1_3' title="bbox 3437 313 3541 369">
     <span class='ocr_line' id='line_1_3' title="bbox 3437 313 3541 369; baseline -0.01 0"><span class='ocrx_word' id='word_1_9' title='bbox 3437 313 3541 369; x_wconf 73' lang='grc' dir='ltr'>διι</span> 
     </span>
    </p>
   </div>
   <div class='ocr_carea' id='block_1_4' title="bbox 266 416 3540 499">
    <p class='ocr_par' dir='ltr' id='par_1_4' title="bbox 266 416 3540 499">
     <span class='ocr_line' id='line_1_4' title="bbox 266 416 3540 499; baseline 0.002 -24"><span class='ocrx_word' id='word_1_10' title='bbox 266 423 524 477; x_wconf 77' lang='lat' dir='ltr'><strong>videnlur</strong></span> <span class='ocrx_word' id='word_1_11' title='bbox 546 420 601 475; x_wconf 91' lang='lat' dir='ltr'><strong>iu</strong></span> <span class='ocrx_word' id='word_1_12' title='bbox 628 436 691 475; x_wconf 92' lang='lat' dir='ltr'><strong>ea</strong></span> <span class='ocrx_word' id='word_1_13' title='bbox 719 439 731 475; x_wconf 89' lang='lat'>:</span> <span class='ocrx_word' id='word_1_14' title='bbox 763 420 856 477; x_wconf 82' lang='lat' dir='ltr'><strong>sed</strong></span> <span class='ocrx_word' id='word_1_15' title='bbox 884 420 1054 477; x_wconf 89' lang='lat' dir='ltr'><strong>multo</strong></span> <span class='ocrx_word' id='word_1_16' title='bbox 1080 421 1303 489; x_wconf 79' lang='lat' dir='ltr'><strong>majora,</strong></span> <span class='ocrx_word' id='word_1_17' title='bbox 1326 439 1453 492; x_wconf 58' lang='lat' dir='ltr'><strong>qua:</strong></span> <span class='ocrx_word' id='word_1_18' title='bbox 1476 441 1579 487; x_wconf 88' lang='lat' dir='ltr'><strong>non</strong></span> <span class='ocrx_word' id='word_1_19' title='bbox 1610 424 1860 479; x_wconf 75' lang='lat' dir='ltr'><strong>videnlur</strong></span> <span class='ocrx_word' id='word_1_20' title='bbox 1889 433 1931 486; x_wconf 74' lang='grc' dir='ltr'><strong>Α</strong></span> <span class='ocrx_word' id='word_1_21' title='bbox 1961 425 2090 478; x_wconf 88' lang='lat' dir='ltr'><strong>Item</strong></span> <span class='ocrx_word' id='word_1_22' title='bbox 2124 425 2176 499; x_wconf 88' lang='lat' dir='ltr'><strong>in</strong></span> <span class='ocrx_word' id='word_1_23' title='bbox 2214 426 2406 480; x_wconf 86' lang='lat' dir='ltr'><strong>bonam</strong></span> <span class='ocrx_word' id='word_1_24' title='bbox 2456 434 2664 495; x_wconf 91' lang='lat' dir='ltr'><strong>partem</strong></span> <span class='ocrx_word' id='word_1_25' title='bbox 2696 439 2710 479; x_wconf 92' lang='lat'><strong>:</strong></span> <span class='ocrx_word' id='word_1_26' title='bbox 2744 426 2986 480; x_wconf 70' lang='lat' dir='ltr'><strong>Ascendit</strong></span> <span class='ocrx_word' id='word_1_27' title='bbox 3016 416 3270 480; x_wconf 77' lang='lat' dir='ltr'><strong>Zaclta’us</strong></span> <span class='ocrx_word' id='word_1_28' title='bbox 3302 432 3355 483; x_wconf 80' lang='lat' dir='ltr'><strong>in</strong></span> <span class='ocrx_word' id='word_1_29' title='bbox 3382 433 3540 485; x_wconf 82' lang='lat' dir='ltr'><strong>arbo-</strong></span> 
     </span>
    </p>
   </div>
   <div class='ocr_carea' id='block_1_5' title="bbox 267 508 1861 586">
    <p class='ocr_par' dir='ltr' id='par_1_5' title="bbox 267 508 1861 586">
     <span class='ocr_line' id='line_1_5' title="bbox 267 508 1861 586; baseline 0.003 -21"><span class='ocrx_word' id='word_1_30' title='bbox 267 510 411 565; x_wconf 85' lang='lat' dir='ltr'><strong>etin</strong></span> <span class='ocrx_word' id='word_1_31' title='bbox 453 508 635 576; x_wconf 88' lang='lat' dir='ltr'><strong>futura</strong></span> <span class='ocrx_word' id='word_1_32' title='bbox 673 519 1037 581; x_wconf 72' lang='lat' dir='ltr'><strong>reservantur.</strong></span> <span class='ocrx_word' id='word_1_33' title='bbox 1070 511 1251 566; x_wconf 86' lang='lat' dir='ltr'><strong>Potest</strong></span> <span class='ocrx_word' id='word_1_34' title='bbox 1295 521 1347 567; x_wconf 92' lang='lat' dir='ltr'><strong>et</strong></span> <span class='ocrx_word' id='word_1_35' title='bbox 1398 513 1455 577; x_wconf 86' lang='lat' dir='ltr'><strong>in</strong></span> <span class='ocrx_word' id='word_1_36' title='bbox 1497 515 1861 586; x_wconf 85' lang='lat' dir='ltr'><strong>malogranato</strong></span> 
     </span>
    </p>
   </div>
   <div class='ocr_carea' id='block_1_6' title="bbox 272 599 1862 673">
    <p class='ocr_par' dir='ltr' id='par_1_6' title="bbox 272 599 1862 673">
     <span class='ocr_line' id='line_1_6' title="bbox 272 599 1862 673; baseline 0.003 -18"><span class='ocrx_word' id='word_1_37' title='bbox 272 599 501 670; x_wconf 77' lang='lat' dir='ltr'><strong>intelligi</strong></span> <span class='ocrx_word' id='word_1_38' title='bbox 518 599 761 656; x_wconf 82' lang='lat' dir='ltr'><strong>Ecclesia</strong></span> <span class='ocrx_word' id='word_1_39' title='bbox 780 599 845 653; x_wconf 90' lang='lat' dir='ltr'><strong>de</strong></span> <span class='ocrx_word' id='word_1_40' title='bbox 861 599 1043 659; x_wconf 82' lang='lat' dir='ltr'><strong>inultis</strong></span> <span class='ocrx_word' id='word_1_41' title='bbox 1056 601 1305 670; x_wconf 81' lang='lat' dir='ltr'><strong>gentibus</strong></span> <span class='ocrx_word' id='word_1_42' title='bbox 1317 613 1636 673; x_wconf 85' lang='lat' dir='ltr'><strong>congregata</strong></span> <span class='ocrx_word' id='word_1_43' title='bbox 1654 605 1767 659; x_wconf 82' lang='lat' dir='ltr'><strong>sive</strong></span> <span class='ocrx_word' id='word_1_44' title='bbox 1784 605 1862 659; x_wconf 84' lang='lat' dir='ltr'><strong>di-</strong></span> 
     </span>
    </p>
   </div>
   <div class='ocr_carea' id='block_1_7' title="bbox 268 690 1862 760">
    <p class='ocr_par' dir='ltr' id='par_1_7' title="bbox 268 690 1862 760">
     <span class='ocr_line' id='line_1_7' title="bbox 268 690 1862 760; baseline 0.004 -16"><span class='ocrx_word' id='word_1_45' title='bbox 268 704 463 745; x_wconf 80' lang='lat' dir='ltr'><strong>versas</strong></span> <span class='ocrx_word' id='word_1_46' title='bbox 483 691 536 743; x_wconf 90' lang='lat' dir='ltr'><strong>in</strong></span> <span class='ocrx_word' id='word_1_47' title='bbox 559 704 619 744; x_wconf 92' lang='lat' dir='ltr'><strong>se</strong></span> <span class='ocrx_word' id='word_1_48' title='bbox 639 690 845 760; x_wconf 90' lang='lat' dir='ltr'><strong>gratias</strong></span> <span class='ocrx_word' id='word_1_49' title='bbox 864 691 1099 750; x_wconf 79' lang='lat' dir='ltr'><strong>habens:</strong></span> <span class='ocrx_word' id='word_1_50' title='bbox 1116 691 1258 755; x_wconf 83' lang='lat' dir='ltr'><strong>unde</strong></span> <span class='ocrx_word' id='word_1_51' title='bbox 1276 692 1332 753; x_wconf 87' lang='lat' dir='ltr'><strong>in</strong></span> <span class='ocrx_word' id='word_1_52' title='bbox 1356 692 1596 759; x_wconf 83' lang='lat' dir='ltr'><strong>Cantieis</strong></span> <span class='ocrx_word' id='word_1_53' title='bbox 1621 696 1862 757; x_wconf 76' lang='lat' dir='ltr'><strong>cantico-</strong></span> 
     </span>
    </p>
   </div>
   <div class='ocr_carea' id='block_1_8' title="bbox 272 768 1860 857">
    <p class='ocr_par' dir='ltr' id='par_1_8' title="bbox 272 768 1860 857">
     <span class='ocr_line' id='line_1_8' title="bbox 272 768 1860 857; baseline 0.002 -17"><span class='ocrx_word' id='word_1_54' title='bbox 272 801 393 840; x_wconf 84' lang='lat' dir='ltr'><strong>rum</strong></span> <span class='ocrx_word' id='word_1_55' title='bbox 412 785 479 839; x_wconf 91' lang='lat' dir='ltr'><strong>de</strong></span> <span class='ocrx_word' id='word_1_56' title='bbox 500 800 563 839; x_wconf 90' lang='lat' dir='ltr'><strong>ea</strong></span> <span class='ocrx_word' id='word_1_57' title='bbox 588 784 850 854; x_wconf 89' lang='lat' dir='ltr'><strong>scriptum</strong></span> <span class='ocrx_word' id='word_1_58' title='bbox 877 785 1075 854; x_wconf 89' lang='lat' dir='ltr'><strong>legitur</strong></span> <span class='ocrx_word' id='word_1_59' title='bbox 1090 801 1104 839; x_wconf 90' lang='lat'>:</span> <span class='ocrx_word' id='word_1_60' title='bbox 1120 785 1441 843; x_wconf 80' lang='lat' dir='ltr'><strong>Emissianes</strong></span> <span class='ocrx_word' id='word_1_61' title='bbox 1456 797 1568 848; x_wconf 74' lang='lat' dir='ltr'><strong>tua:</strong></span> <span class='ocrx_word' id='word_1_62' title='bbox 1581 768 1860 857; x_wconf 71' lang='lat' dir='ltr'><strong>paradisus</strong></span> 
     </span>
    </p>
   </div>
   <div class='ocr_carea' id='block_1_9' title="bbox 270 874 1858 946">
    <p class='ocr_par' dir='ltr' id='par_1_9' title="bbox 270 874 1858 946">
     <span class='ocr_line' id='line_1_9' title="bbox 270 874 1858 946; baseline 0.002 -18"><span class='ocrx_word' id='word_1_63' title='bbox 270 876 535 929; x_wconf 81' lang='lat' dir='ltr'><strong>malorum</strong></span> <span class='ocrx_word' id='word_1_64' title='bbox 558 885 901 943; x_wconf 72' lang='lat' dir='ltr'><strong>granatorztm</strong></span> <span class='ocrx_word' id='word_1_65' title='bbox 923 890 1040 927; x_wconf 84' lang='lat' dir='ltr'><strong>cum</strong></span> <span class='ocrx_word' id='word_1_66' title='bbox 1063 874 1238 942; x_wconf 80' lang='lat' dir='ltr'><strong>fructu</strong></span> <span class='ocrx_word' id='word_1_67' title='bbox 1258 891 1529 944; x_wconf 84' lang='lat' dir='ltr'><strong>pomorum</strong></span> <span class='ocrx_word' id='word_1_68' title='bbox 1551 875 1727 946; x_wconf 83' lang='lat' dir='ltr'><strong>(Cant.</strong></span> <span class='ocrx_word' id='word_1_69' title='bbox 1760 880 1858 945; x_wconf 84' lang='lat' dir='ltr'><strong>tv).</strong></span> 
     </span>
    </p>
   </div>
   <div class='ocr_carea' id='block_1_10' title="bbox 272 962 1858 1038">
    <p class='ocr_par' dir='ltr' id='par_1_10' title="bbox 272 962 1858 1038">
     <span class='ocr_line' id='line_1_10' title="bbox 272 962 1858 1038; baseline 0.003 -20"><span class='ocrx_word' id='word_1_70' title='bbox 272 966 439 1020; x_wconf 84' lang='lat' dir='ltr'><strong>Ficus</strong></span> <span class='ocrx_word' id='word_1_71' title='bbox 460 964 658 1019; x_wconf 92' lang='lat' dir='ltr'><strong>Latine</strong></span> <span class='ocrx_word' id='word_1_72' title='bbox 673 979 704 1018; x_wconf 89' lang='lat' dir='ltr'><strong>a</strong></span> <span class='ocrx_word' id='word_1_73' title='bbox 725 962 1056 1038; x_wconf 79' lang='lat' dir='ltr'><strong>fecunditate</strong></span> <span class='ocrx_word' id='word_1_74' title='bbox 1078 973 1300 1025; x_wconf 83' lang='lat' dir='ltr'><strong>vocatur</strong></span> <span class='ocrx_word' id='word_1_75' title='bbox 1324 983 1336 1025; x_wconf 87' lang='lat'>;</span> <span class='ocrx_word' id='word_1_76' title='bbox 1364 964 1593 1020; x_wconf 88' lang='lat' dir='ltr'><strong>feracior</strong></span> <span class='ocrx_word' id='word_1_77' title='bbox 1607 977 1692 1027; x_wconf 86' lang='lat' dir='ltr'><strong>est</strong></span> <span class='ocrx_word' id='word_1_78' title='bbox 1717 968 1858 1022; x_wconf 88' lang='lat' dir='ltr'><strong>enim</strong></span> 
     </span>
    </p>
   </div>
   <div class='ocr_carea' id='block_1_11' title="bbox 272 1053 1860 1126">
    <p class='ocr_par' dir='ltr' id='par_1_11' title="bbox 272 1053 1860 1126">
     <span class='ocr_line' id='line_1_11' title="bbox 272 1053 1860 1126; baseline 0.003 -18"><span class='ocrx_word' id='word_1_79' title='bbox 272 1054 564 1109; x_wconf 82' lang='lat' dir='ltr'><strong>arboribus</strong></span> <span class='ocrx_word' id='word_1_80' title='bbox 594 1053 815 1113; x_wconf 70' lang='lat' dir='ltr'><strong>ueteris,</strong></span> <span class='ocrx_word' id='word_1_81' title='bbox 849 1067 864 1107; x_wconf 86' lang='lat'><strong>:</strong></span> <span class='ocrx_word' id='word_1_82' title='bbox 895 1069 1021 1109; x_wconf 88' lang='lat' dir='ltr'><strong>nam</strong></span> <span class='ocrx_word' id='word_1_83' title='bbox 1054 1062 1136 1109; x_wconf 90' lang='lat' dir='ltr'><strong>ter</strong></span> <span class='ocrx_word' id='word_1_84' title='bbox 1164 1062 1477 1123; x_wconf 41' lang='lat' dir='ltr'><strong>quaterque.</strong></span> <span class='ocrx_word' id='word_1_85' title='bbox 1498 1071 1594 1125; x_wconf 84' lang='lat' dir='ltr'><strong>per</strong></span> <span class='ocrx_word' id='word_1_86' title='bbox 1622 1057 1860 1126; x_wconf 79' lang='lat' dir='ltr'><strong>singulos</strong></span> 
     </span>
    </p>
   </div>
   <div class='ocr_carea' id='block_1_12' title="bbox 271 1143 1860 1223">
    <p class='ocr_par' dir='ltr' id='par_1_12' title="bbox 271 1143 1860 1223">
     <span class='ocr_line' id='line_1_12' title="bbox 271 1143 1860 1223; baseline 0.003 -23"><span class='ocrx_word' id='word_1_87' title='bbox 271 1161 445 1200; x_wconf 68' lang='lat' dir='ltr'><strong>annos</strong></span> <span class='ocrx_word' id='word_1_88' title='bbox 497 1156 722 1214; x_wconf 79' lang='lat' dir='ltr'><strong>generat</strong></span> <span class='ocrx_word' id='word_1_89' title='bbox 752 1143 1018 1211; x_wconf 87' lang='lat' dir='ltr'><strong>fructum,</strong></span> <span class='ocrx_word' id='word_1_90' title='bbox 1050 1154 1214 1215; x_wconf 84' lang='lat' dir='ltr'><strong>atque</strong></span> <span class='ocrx_word' id='word_1_91' title='bbox 1241 1146 1412 1201; x_wconf 89' lang='lat' dir='ltr'><strong>altero</strong></span> <span class='ocrx_word' id='word_1_92' title='bbox 1461 1155 1860 1223; x_wconf 75' lang='lat' dir='ltr'><strong>maturescente</strong></span> 
     </span>
    </p>
   </div>
   <div class='ocr_carea' id='block_1_13' title="bbox 272 1235 1861 1311">
    <p class='ocr_par' dir='ltr' id='par_1_13' title="bbox 272 1235 1861 1311">
     <span class='ocr_line' id='line_1_13' title="bbox 272 1235 1861 1311; baseline 0.001 -20"><span class='ocrx_word' id='word_1_93' title='bbox 272 1238 412 1291; x_wconf 82' lang='lat' dir='ltr'><strong>alter</strong></span> <span class='ocrx_word' id='word_1_94' title='bbox 457 1237 707 1291; x_wconf 85' lang='lat' dir='ltr'><strong>oboritur</strong></span> <span class='ocrx_word' id='word_1_95' title='bbox 754 1252 781 1311; x_wconf 22' lang='lat'><strong>:1</strong></span> <span class='ocrx_word' id='word_1_96' title='bbox 816 1235 942 1291; x_wconf 88' lang='lat' dir='ltr'><strong>hinc</strong></span> <span class='ocrx_word' id='word_1_97' title='bbox 985 1244 1041 1291; x_wconf 88' lang='lat' dir='ltr'><strong>et</strong></span> <span class='ocrx_word' id='word_1_98' title='bbox 1064 1236 1258 1305; x_wconf 70' lang='lat' dir='ltr'><strong>carica:</strong></span> <span class='ocrx_word' id='word_1_99' title='bbox 1284 1251 1329 1295; x_wconf 84' lang='lat' dir='ltr'><strong>a</strong></span> <span class='ocrx_word' id='word_1_100' title='bbox 1372 1238 1537 1308; x_wconf 24' lang='lat' dir='ltr'><strong>copia.</strong></span> <span class='ocrx_word' id='word_1_101' title='bbox 1570 1239 1861 1293; x_wconf 76' lang='lat' dir='ltr'><strong>nominatze</strong></span> 
     </span>
    </p>
   </div>
   <div class='ocr_carea' id='block_1_14' title="bbox 271 1324 1856 1396">
    <p class='ocr_par' dir='ltr' id='par_1_14' title="bbox 271 1324 1856 1396">
     <span class='ocr_line' id='line_1_14' title="bbox 271 1324 1856 1396; baseline 0.001 -17"><span class='ocrx_word' id='word_1_102' title='bbox 271 1334 416 1380; x_wconf 89' lang='lat' dir='ltr'><strong>sunt.</strong></span> <span class='ocrx_word' id='word_1_103' title='bbox 450 1324 612 1381; x_wconf 83' lang='lat' dir='ltr'><strong>Ficus</strong></span> <span class='ocrx_word' id='word_1_104' title='bbox 640 1324 863 1396; x_wconf 79' lang='lat' dir='ltr'><strong>mystice</strong></span> <span class='ocrx_word' id='word_1_105' title='bbox 885 1324 1154 1395; x_wconf 88' lang='lat' dir='ltr'><strong>signiﬁcat</strong></span> <span class='ocrx_word' id='word_1_106' title='bbox 1178 1340 1504 1396; x_wconf 85' lang='lat' dir='ltr'><strong>synagogam</strong></span> <span class='ocrx_word' id='word_1_107' title='bbox 1530 1325 1856 1393; x_wconf 61' lang='lat' dir='ltr'><strong>Iudaeorum,</strong></span> 
     </span>
    </p>
   </div>
   <div class='ocr_carea' id='block_1_15' title="bbox 269 1400 1862 1493">
    <p class='ocr_par' dir='ltr' id='par_1_15' title="bbox 269 1400 1862 1493">
     <span class='ocr_line' id='line_1_15' title="bbox 269 1400 1862 1493; baseline 0.001 -22"><span class='ocrx_word' id='word_1_108' title='bbox 269 1428 329 1472; x_wconf 91' lang='lat' dir='ltr'><strong>ut</strong></span> <span class='ocrx_word' id='word_1_109' title='bbox 352 1427 437 1472; x_wconf 81' lang='lat' dir='ltr'><strong>est</strong></span> <span class='ocrx_word' id='word_1_110' title='bbox 463 1416 594 1471; x_wconf 91' lang='lat' dir='ltr'><strong>illud</strong></span> <span class='ocrx_word' id='word_1_111' title='bbox 619 1417 673 1471; x_wconf 90' lang='lat' dir='ltr'><strong>in</strong></span> <span class='ocrx_word' id='word_1_112' title='bbox 702 1416 992 1487; x_wconf 84' lang='lat' dir='ltr'><strong>Evangelio</strong></span> <span class='ocrx_word' id='word_1_113' title='bbox 1025 1433 1040 1470; x_wconf 92' lang='lat'><strong>:</strong></span> <span class='ocrx_word' id='word_1_114' title='bbox 1066 1416 1314 1486; x_wconf 74' lang='lat' dir='ltr'><strong>Arefacta</strong></span> <span class='ocrx_word' id='word_1_115' title='bbox 1340 1429 1413 1471; x_wconf 84' lang='lat' dir='ltr'><strong>est</strong></span> <span class='ocrx_word' id='word_1_116' title='bbox 1443 1400 1685 1493; x_wconf 77' lang='lat' dir='ltr'><strong>continuo</strong></span> <span class='ocrx_word' id='word_1_117' title='bbox 1710 1419 1862 1488; x_wconf 78' lang='lat' dir='ltr'><strong>ﬁcul-</strong></span> 
     </span>
    </p>
   </div>
   <div class='ocr_carea' id='block_1_16' title="bbox 214 1498 1859 1585">
    <p class='ocr_par' dir='ltr' id='par_1_16' title="bbox 214 1498 1859 1585">
     <span class='ocr_line' id='line_1_16' title="bbox 214 1498 1859 1585; baseline 0.001 -21"><span class='ocrx_word' id='word_1_118' title='bbox 214 1498 219 1502; x_wconf 58' lang='grc'><strong>’</strong></span> <span class='ocrx_word' id='word_1_119' title='bbox 270 1527 371 1564; x_wconf 82' lang='lat' dir='ltr'><strong>nea</strong></span> <span class='ocrx_word' id='word_1_120' title='bbox 398 1508 616 1579; x_wconf 77' lang='lat' dir='ltr'><strong>(Matth.</strong></span> <span class='ocrx_word' id='word_1_121' title='bbox 650 1508 788 1581; x_wconf 70' lang='grc' dir='ltr'>ιικι).</span> <span class='ocrx_word' id='word_1_122' title='bbox 813 1508 880 1563; x_wconf 87' lang='grc' dir='ltr'>Ει</span> <span class='ocrx_word' id='word_1_123' title='bbox 900 1509 960 1585; x_wconf 84' lang='lat' dir='ltr'><strong>in</strong></span> <span class='ocrx_word' id='word_1_124' title='bbox 991 1507 1247 1570; x_wconf 82' lang='lat' dir='ltr'><strong>Habacuc</strong></span> <span class='ocrx_word' id='word_1_125' title='bbox 1274 1527 1287 1563; x_wconf 87' lang='lat'><strong>:</strong></span> <span class='ocrx_word' id='word_1_126' title='bbox 1316 1507 1501 1574; x_wconf 82' lang='lat' dir='ltr'><strong>Ficus,</strong></span> <span class='ocrx_word' id='word_1_127' title='bbox 1531 1509 1723 1579; x_wconf 84' lang='lat' dir='ltr'><strong>inquit,</strong></span> <span class='ocrx_word' id='word_1_128' title='bbox 1755 1527 1859 1565; x_wconf 87' lang='lat' dir='ltr'><strong>non</strong></span> 
     </span>
    </p>
   </div>
   <div class='ocr_carea' id='block_1_17' title="bbox 269 1602 1854 1673">
    <p class='ocr_par' dir='ltr' id='par_1_17' title="bbox 269 1602 1854 1673">
     <span class='ocr_line' id='line_1_17' title="bbox 269 1602 1854 1673; baseline 0.001 -17"><span class='ocrx_word' id='word_1_129' title='bbox 269 1605 453 1673; x_wconf 65' lang='lat' dir='ltr'><strong>aﬁ‘eret</strong></span> <span class='ocrx_word' id='word_1_130' title='bbox 485 1603 740 1672; x_wconf 73' lang='lat' dir='ltr'><strong>fructum,</strong></span> <span class='ocrx_word' id='word_1_131' title='bbox 774 1612 970 1659; x_wconf 51' lang='lat'><strong>31.1130&quot;</strong></span> <span class='ocrx_word' id='word_1_132' title='bbox 995 1602 1090 1661; x_wconf 80' lang='lat' dir='ltr'><strong>erit</strong></span> <span class='ocrx_word' id='word_1_133' title='bbox 1133 1602 1401 1671; x_wconf 61' lang='lat' dir='ltr'><strong>generatio,</strong></span> <span class='ocrx_word' id='word_1_134' title='bbox 1426 1603 1480 1655; x_wconf 87' lang='lat' dir='ltr'><strong>in</strong></span> <span class='ocrx_word' id='word_1_135' title='bbox 1517 1603 1699 1668; x_wconf 76' lang='lat' dir='ltr'><strong>vineis,</strong></span> <span class='ocrx_word' id='word_1_136' title='bbox 1747 1611 1854 1669; x_wconf 83' lang='lat' dir='ltr'><strong>etc.</strong></span> 
     </span>
    </p>
   </div>
   <div class='ocr_carea' id='block_1_18' title="bbox 272 1691 1855 1764">
    <p class='ocr_par' dir='ltr' id='par_1_18' title="bbox 272 1691 1855 1764">
     <span class='ocr_line' id='line_1_18' title="bbox 272 1691 1855 1764; baseline 0.001 -14"><span class='ocrx_word' id='word_1_137' title='bbox 272 1697 434 1750; x_wconf 79' lang='lat' dir='ltr'><strong>Ficus</strong></span> <span class='ocrx_word' id='word_1_138' title='bbox 482 1695 705 1759; x_wconf 58' lang='lat' dir='ltr'><strong>vineas,</strong></span> <span class='ocrx_word' id='word_1_139' title='bbox 735 1702 797 1755; x_wconf 76' lang='lat' dir='ltr'><strong>et</strong></span> <span class='ocrx_word' id='word_1_140' title='bbox 830 1693 973 1749; x_wconf 84' lang='lat' dir='ltr'><strong>oliva</strong></span> <span class='ocrx_word' id='word_1_141' title='bbox 1018 1703 1138 1759; x_wconf 81' lang='lat' dir='ltr'><strong>erat</strong></span> <span class='ocrx_word' id='word_1_142' title='bbox 1188 1709 1457 1764; x_wconf 77' lang='lat' dir='ltr'><strong>synagoga</strong></span> <span class='ocrx_word' id='word_1_143' title='bbox 1505 1691 1810 1757; x_wconf 71' lang='lat' dir='ltr'><strong>Judzcornm</strong></span> <span class='ocrx_word' id='word_1_144' title='bbox 1840 1734 1855 1757; x_wconf 84' lang='lat'><strong>,</strong></span> 
     </span>
    </p>
   </div>
   <div class='ocr_carea' id='block_1_19' title="bbox 273 1866 1856 1951">
    <p class='ocr_par' dir='ltr' id='par_1_19' title="bbox 273 1866 1856 1951">
     <span class='ocr_line' id='line_1_19' title="bbox 273 1866 1856 1951; baseline -0.003 -18"><span class='ocrx_word' id='word_1_145' title='bbox 273 1877 496 1933; x_wconf 70' lang='lat' dir='ltr'><strong>fervida:</strong></span> <span class='ocrx_word' id='word_1_146' title='bbox 519 1866 845 1939; x_wconf 66' lang='lat' dir='ltr'><strong>dilectionis,</strong></span> <span class='ocrx_word' id='word_1_147' title='bbox 870 1872 1246 1951; x_wconf 83' lang='lat' dir='ltr'><strong>pinguedinem</strong></span> <span class='ocrx_word' id='word_1_148' title='bbox 1275 1872 1436 1931; x_wconf 89' lang='lat' dir='ltr'><strong>animi</strong></span> <span class='ocrx_word' id='word_1_149' title='bbox 1467 1873 1856 1941; x_wconf 81' lang='lat' dir='ltr'><strong>misericordis,</strong></span> 
     </span>
    </p>
   </div>
   <div class='ocr_carea' id='block_1_20' title="bbox 275 1963 1857 2036">
    <p class='ocr_par' dir='ltr' id='par_1_20' title="bbox 275 1963 1857 2036">
     <span class='ocr_line' id='line_1_20' title="bbox 275 1963 1857 2036; baseline -0.003 -14"><span class='ocrx_word' id='word_1_150' title='bbox 275 1969 386 2022; x_wconf 88' lang='lat' dir='ltr'><strong>Deo</strong></span> <span class='ocrx_word' id='word_1_151' title='bbox 431 1966 628 2023; x_wconf 87' lang='lat' dir='ltr'><strong>devota</strong></span> <span class='ocrx_word' id='word_1_152' title='bbox 672 1965 985 2036; x_wconf 81' lang='lat' dir='ltr'><strong>proferebat</strong></span> <span class='ocrx_word' id='word_1_153' title='bbox 1016 1982 1028 2018; x_wconf 89' lang='lat'><strong>:</strong></span> <span class='ocrx_word' id='word_1_154' title='bbox 1059 1964 1153 2020; x_wconf 89' lang='lat' dir='ltr'><strong>sed</strong></span> <span class='ocrx_word' id='word_1_155' title='bbox 1196 1964 1311 2019; x_wconf 69' lang='lat' dir='ltr'><strong>lucc</strong></span> <span class='ocrx_word' id='word_1_156' title='bbox 1338 1963 1493 2031; x_wconf 89' lang='lat' dir='ltr'><strong>ﬁcus,</strong></span> <span class='ocrx_word' id='word_1_157' title='bbox 1535 1964 1762 2033; x_wconf 80' lang='lat' dir='ltr'><strong>Domino</strong></span> <span class='ocrx_word' id='word_1_158' title='bbox 1791 1964 1857 2019; x_wconf 89' lang='lat' dir='ltr'><strong>ad</strong></span> 
     </span>
    </p>
   </div>
   <div class='ocr_carea' id='block_1_21' title="bbox 271 2055 1862 2135">
    <p class='ocr_par' dir='ltr' id='par_1_21' title="bbox 271 2055 1862 2135">
     <span class='ocr_line' id='line_1_21' title="bbox 271 2055 1862 2135; baseline -0.002 -22"><span class='ocrx_word' id='word_1_159' title='bbox 271 2075 392 2114; x_wconf 86' lang='lat' dir='ltr'><strong>eam</strong></span> <span class='ocrx_word' id='word_1_160' title='bbox 444 2060 609 2113; x_wconf 86' lang='lat' dir='ltr'><strong>tertio</strong></span> <span class='ocrx_word' id='word_1_161' title='bbox 656 2058 939 2129; x_wconf 29' lang='lat' dir='ltr'><strong>veniente],</strong></span> <span class='ocrx_word' id='word_1_162' title='bbox 988 2057 1089 2112; x_wconf 89' lang='lat' dir='ltr'><strong>hoc</strong></span> <span class='ocrx_word' id='word_1_163' title='bbox 1121 2064 1237 2135; x_wconf 74' lang='lat' dir='ltr'><strong>est,</strong></span> <span class='ocrx_word' id='word_1_164' title='bbox 1291 2055 1726 2126; x_wconf 86' lang='lat' dir='ltr'><strong>inlegislatione</strong></span> <span class='ocrx_word' id='word_1_165' title='bbox 1764 2072 1862 2128; x_wconf 90' lang='lat' dir='ltr'><strong>per</strong></span> 
     </span>
    </p>
   </div>
   <div class='ocr_carea' id='block_1_22' title="bbox 274 2149 1862 2229">
    <p class='ocr_par' dir='ltr' id='par_1_22' title="bbox 274 2149 1862 2229">
     <span class='ocr_line' id='line_1_22' title="bbox 274 2149 1862 2229; baseline -0.001 -24"><span class='ocrx_word' id='word_1_166' title='bbox 274 2150 513 2221; x_wconf 78' lang='lat' dir='ltr'><strong>Moysen,</strong></span> <span class='ocrx_word' id='word_1_167' title='bbox 535 2150 606 2203; x_wconf 93' lang='lat' dir='ltr'><strong>.in</strong></span> <span class='ocrx_word' id='word_1_168' title='bbox 638 2149 831 2205; x_wconf 85' lang='lat' dir='ltr'><strong>sedula</strong></span> <span class='ocrx_word' id='word_1_169' title='bbox 868 2149 1233 2222; x_wconf 79' lang='lat' dir='ltr'><strong>increpatione</strong></span> <span class='ocrx_word' id='word_1_170' title='bbox 1254 2158 1309 2203; x_wconf 90' lang='lat' dir='ltr'><strong>et</strong></span> <span class='ocrx_word' id='word_1_171' title='bbox 1351 2149 1724 2229; x_wconf 76' lang='lat' dir='ltr'><strong>exhortatione</strong></span> <span class='ocrx_word' id='word_1_172' title='bbox 1764 2165 1862 2220; x_wconf 87' lang='lat' dir='ltr'><strong>per</strong></span> 
     </span>
    </p>
   </div>
   <div class='ocr_carea' id='block_1_23' title="bbox 274 2241 1862 2319">
    <p class='ocr_par' dir='ltr' id='par_1_23' title="bbox 274 2241 1862 2319">
     <span class='ocr_line' id='line_1_23' title="bbox 274 2241 1862 2319; baseline 0 -23"><span class='ocrx_word' id='word_1_173' title='bbox 274 2241 691 2312; x_wconf 78' lang='lat' dir='ltr'><strong>Prophetas...in</strong></span> <span class='ocrx_word' id='word_1_174' title='bbox 721 2241 992 2299; x_wconf 86' lang='lat' dir='ltr'><strong>oblatione</strong></span> <span class='ocrx_word' id='word_1_175' title='bbox 1013 2241 1615 2319; x_wconf 77' lang='lat' dir='ltr'><strong>gratiaeperscipsum,</strong></span> <span class='ocrx_word' id='word_1_176' title='bbox 1645 2241 1862 2308; x_wconf 84' lang='lat' dir='ltr'><strong>virtutis</strong></span> 
     </span>
    </p>
   </div>
   <div class='ocr_carea' id='block_1_24' title="bbox 274 2327 1860 2403">
    <p class='ocr_par' dir='ltr' id='par_1_24' title="bbox 274 2327 1860 2403">
     <span class='ocr_line' id='line_1_24' title="bbox 274 2327 1860 2403; baseline -0.001 -16"><span class='ocrx_word' id='word_1_177' title='bbox 274 2327 510 2387; x_wconf 75' lang='lat' dir='ltr'><strong>fructum</strong></span> <span class='ocrx_word' id='word_1_178' title='bbox 559 2330 702 2389; x_wconf 79' lang='lat' dir='ltr'><strong>ferre</strong></span> <span class='ocrx_word' id='word_1_179' title='bbox 738 2331 971 2403; x_wconf 74' lang='lat' dir='ltr'><strong>neglexit</strong></span> <span class='ocrx_word' id='word_1_180' title='bbox 1012 2348 1025 2389; x_wconf 86' lang='lat'><strong>:</strong></span> <span class='ocrx_word' id='word_1_181' title='bbox 1074 2341 1301 2402; x_wconf 15' lang='lat' dir='ltr'><strong>propter,</strong></span> <span class='ocrx_word' id='word_1_182' title='bbox 1345 2331 1489 2401; x_wconf 92' lang='lat' dir='ltr'><strong>quod</strong></span> <span class='ocrx_word' id='word_1_183' title='bbox 1532 2332 1597 2387; x_wconf 88' lang='lat' dir='ltr'><strong>ad</strong></span> <span class='ocrx_word' id='word_1_184' title='bbox 1636 2331 1860 2396; x_wconf 85' lang='lat' dir='ltr'><strong>maledi-</strong></span> 
     </span>
    </p>
   </div>
   <div class='ocr_carea' id='block_1_25' title="bbox 274 2422 1858 2493">
    <p class='ocr_par' dir='ltr' id='par_1_25' title="bbox 274 2422 1858 2493">
     <span class='ocr_line' id='line_1_25' title="bbox 274 2422 1858 2493; baseline 0 -15"><span class='ocrx_word' id='word_1_185' title='bbox 274 2425 510 2479; x_wconf 87' lang='lat' dir='ltr'><strong>ctionem</strong></span> <span class='ocrx_word' id='word_1_186' title='bbox 532 2423 654 2493; x_wconf 84' lang='lat' dir='ltr'><strong>ejus</strong></span> <span class='ocrx_word' id='word_1_187' title='bbox 674 2433 879 2481; x_wconf 64' lang='lat' dir='ltr'><strong>aeterna</strong></span> <span class='ocrx_word' id='word_1_188' title='bbox 895 2422 1147 2479; x_wconf 82' lang='lat' dir='ltr'><strong>ariditate</strong></span> <span class='ocrx_word' id='word_1_189' title='bbox 1162 2423 1417 2485; x_wconf 88' lang='lat' dir='ltr'><strong>damnata</strong></span> <span class='ocrx_word' id='word_1_190' title='bbox 1434 2432 1536 2477; x_wconf 84' lang='lat' dir='ltr'><strong>est.</strong></span> <span class='ocrx_word' id='word_1_191' title='bbox 1553 2422 1683 2487; x_wconf 86' lang='lat' dir='ltr'><strong>Item</strong></span> <span class='ocrx_word' id='word_1_192' title='bbox 1698 2423 1858 2489; x_wconf 86' lang='lat' dir='ltr'><strong>ﬁcus,</strong></span> 
     </span>
    </p>
   </div>
   <div class='ocr_carea' id='block_1_26' title="bbox 273 2511 1862 2587">
    <p class='ocr_par' dir='ltr' id='par_1_26' title="bbox 273 2511 1862 2587">
     <span class='ocr_line' id='line_1_26' title="bbox 273 2511 1862 2587; baseline -0.002 -18"><span class='ocrx_word' id='word_1_193' title='bbox 273 2515 451 2584; x_wconf 83' lang='lat' dir='ltr'><strong>prisca</strong></span> <span class='ocrx_word' id='word_1_194' title='bbox 481 2514 570 2572; x_wconf 76' lang='lat' dir='ltr'><strong>lex</strong></span> <span class='ocrx_word' id='word_1_195' title='bbox 595 2513 775 2587; x_wconf 84' lang='lat' dir='ltr'><strong>:unde</strong></span> <span class='ocrx_word' id='word_1_196' title='bbox 794 2512 991 2567; x_wconf 89' lang='lat' dir='ltr'><strong>dicitur</strong></span> <span class='ocrx_word' id='word_1_197' title='bbox 1014 2511 1065 2565; x_wconf 91' lang='lat' dir='ltr'><strong>in</strong></span> <span class='ocrx_word' id='word_1_198' title='bbox 1089 2511 1379 2582; x_wconf 78' lang='lat' dir='ltr'><strong>Evangelia</strong></span> <span class='ocrx_word' id='word_1_199' title='bbox 1406 2531 1418 2565; x_wconf 89' lang='lat'><strong>:</strong></span> <span class='ocrx_word' id='word_1_200' title='bbox 1452 2511 1623 2574; x_wconf 82' lang='lat' dir='ltr'><strong>Homo</strong></span> <span class='ocrx_word' id='word_1_201' title='bbox 1647 2513 1862 2582; x_wconf 85' lang='lat' dir='ltr'><strong>quidam</strong></span> 
     </span>
    </p>
   </div>
   <div class='ocr_carea' id='block_1_27' title="bbox 272 2602 1864 2677">
    <p class='ocr_par' dir='ltr' id='par_1_27' title="bbox 272 2602 1864 2677">
     <span class='ocr_line' id='line_1_27' title="bbox 272 2602 1864 2677; baseline 0 -19"><span class='ocrx_word' id='word_1_202' title='bbox 272 2606 529 2677; x_wconf 73' lang='lat' dir='ltr'><strong>plantat-it</strong></span> <span class='ocrx_word' id='word_1_203' title='bbox 556 2607 794 2669; x_wconf 60' lang='lat' dir='ltr'><strong>tineam,</strong></span> <span class='ocrx_word' id='word_1_204' title='bbox 840 2605 945 2659; x_wconf 90' lang='lat' dir='ltr'><strong>hoc</strong></span> <span class='ocrx_word' id='word_1_205' title='bbox 973 2613 1078 2669; x_wconf 89' lang='lat' dir='ltr'><strong>est,</strong></span> <span class='ocrx_word' id='word_1_206' title='bbox 1107 2604 1318 2673; x_wconf 85' lang='lat' dir='ltr'><strong>plebem</strong></span> <span class='ocrx_word' id='word_1_207' title='bbox 1346 2602 1661 2668; x_wconf 74' lang='lat' dir='ltr'><strong>Judaicam,</strong></span> <span class='ocrx_word' id='word_1_208' title='bbox 1712 2614 1758 2677; x_wconf 84' lang='lat' dir='ltr'><strong>et</strong></span> <span class='ocrx_word' id='word_1_209' title='bbox 1808 2604 1864 2659; x_wconf 87' lang='lat' dir='ltr'><strong>in</strong></span> 
     </span>
    </p>
   </div>
   <div class='ocr_carea' id='block_1_28' title="bbox 272 2693 1863 2767">
    <p class='ocr_par' dir='ltr' id='par_1_28' title="bbox 272 2693 1863 2767">
     <span class='ocr_line' id='line_1_28' title="bbox 272 2693 1863 2767; baseline 0 -16"><span class='ocrx_word' id='word_1_210' title='bbox 272 2697 424 2751; x_wconf 69' lang='lat' dir='ltr'><strong>vinea</strong></span> <span class='ocrx_word' id='word_1_211' title='bbox 454 2695 714 2767; x_wconf 75' lang='lat' dir='ltr'><strong>plantavit</strong></span> <span class='ocrx_word' id='word_1_212' title='bbox 742 2695 901 2764; x_wconf 79' lang='lat' dir='ltr'><strong>ﬁcum</strong></span> <span class='ocrx_word' id='word_1_213' title='bbox 948 2693 1164 2766; x_wconf 75' lang='lat' dir='ltr'><strong>(Matth.</strong></span> <span class='ocrx_word' id='word_1_214' title='bbox 1200 2710 1310 2759; x_wconf 69' lang='grc' dir='ltr'>χιιι,</span> <span class='ocrx_word' id='word_1_215' title='bbox 1356 2694 1485 2748; x_wconf 87' lang='lat' dir='ltr'><strong>Luc.</strong></span> <span class='ocrx_word' id='word_1_216' title='bbox 1536 2697 1677 2766; x_wconf 76' lang='lat' dir='ltr'><strong>xm).</strong></span> <span class='ocrx_word' id='word_1_217' title='bbox 1712 2695 1863 2751; x_wconf 89' lang='lat' dir='ltr'><strong>Folia</strong></span> 
     </span>
    </p>
   </div>
   <div class='ocr_carea' id='block_1_29' title="bbox 274 2784 1864 2857">
    <p class='ocr_par' dir='ltr' id='par_1_29' title="bbox 274 2784 1864 2857">
     <span class='ocr_line' id='line_1_29' title="bbox 274 2784 1864 2857; baseline 0.002 -16"><span class='ocrx_word' id='word_1_218' title='bbox 274 2784 428 2849; x_wconf 85' lang='lat' dir='ltr'><strong>ﬁcus,</strong></span> <span class='ocrx_word' id='word_1_219' title='bbox 458 2785 727 2855; x_wconf 88' lang='lat' dir='ltr'><strong>asperitas</strong></span> <span class='ocrx_word' id='word_1_220' title='bbox 756 2792 838 2840; x_wconf 89' lang='lat' dir='ltr'><strong>est</strong></span> <span class='ocrx_word' id='word_1_221' title='bbox 863 2785 1015 2856; x_wconf 90' lang='lat' dir='ltr'><strong>legis,</strong></span> <span class='ocrx_word' id='word_1_222' title='bbox 1042 2786 1131 2841; x_wconf 86' lang='lat' dir='ltr'><strong>vel</strong></span> <span class='ocrx_word' id='word_1_223' title='bbox 1159 2786 1380 2857; x_wconf 85' lang='lat' dir='ltr'><strong>prurigo</strong></span> <span class='ocrx_word' id='word_1_224' title='bbox 1407 2786 1682 2842; x_wconf 90' lang='lat' dir='ltr'><strong>vitiorum.</strong></span> <span class='ocrx_word' id='word_1_225' title='bbox 1712 2787 1864 2855; x_wconf 71' lang='lat' dir='ltr'><strong>illnc</strong></span> 
     </span>
    </p>
   </div>
   <div class='ocr_carea' id='block_1_30' title="bbox 276 2875 1883 2953">
    <p class='ocr_par' dir='ltr' id='par_1_30' title="bbox 276 2875 1883 2953">
     <span class='ocr_line' id='line_1_30' title="bbox 276 2875 1883 2953; baseline -0.004 -20"><span class='ocrx_word' id='word_1_226' title='bbox 276 2886 357 2933; x_wconf 86' lang='lat' dir='ltr'><strong>est</strong></span> <span class='ocrx_word' id='word_1_227' title='bbox 381 2877 511 2933; x_wconf 90' lang='lat' dir='ltr'><strong>illud</strong></span> <span class='ocrx_word' id='word_1_228' title='bbox 541 2878 592 2932; x_wconf 91' lang='lat' dir='ltr'><strong>in</strong></span> <span class='ocrx_word' id='word_1_229' title='bbox 616 2875 813 2953; x_wconf 77' lang='lat' dir='ltr'><strong>Genesi</strong></span> <span class='ocrx_word' id='word_1_230' title='bbox 846 2894 860 2928; x_wconf 90' lang='lat'><strong>:</strong></span> <span class='ocrx_word' id='word_1_231' title='bbox 895 2876 960 2943; x_wconf 84' lang='lat' dir='ltr'><strong>Et</strong></span> <span class='ocrx_word' id='word_1_232' title='bbox 990 2887 1319 2937; x_wconf 80' lang='lat' dir='ltr'><strong>sumpserunt</strong></span> <span class='ocrx_word' id='word_1_233' title='bbox 1353 2877 1481 2947; x_wconf 77' lang='lat' dir='ltr'><strong>[alia</strong></span> <span class='ocrx_word' id='word_1_234' title='bbox 1524 2878 1676 2946; x_wconf 81' lang='lat' dir='ltr'><strong>ﬁcus,</strong></span> <span class='ocrx_word' id='word_1_235' title='bbox 1708 2890 1754 2934; x_wconf 92' lang='lat' dir='ltr'><strong>et</strong></span> <span class='ocrx_word' id='word_1_236' title='bbox 1782 2880 1883 2950; x_wconf 85' lang='lat' dir='ltr'><strong>fe-.</strong></span> 
     </span>
    </p>
   </div>
   <div class='ocr_carea' id='block_1_31' title="bbox 276 2964 1862 3039">
    <p class='ocr_par' dir='ltr' id='par_1_31' title="bbox 276 2964 1862 3039">
     <span class='ocr_line' id='line_1_31' title="bbox 276 2964 1862 3039; baseline 0.001 -16"><span class='ocrx_word' id='word_1_237' title='bbox 276 2979 452 3023; x_wconf 69' lang='lat' dir='ltr'><strong>terunt</strong></span> <span class='ocrx_word' id='word_1_238' title='bbox 482 2966 584 3022; x_wconf 79' lang='lat' dir='ltr'><strong>sibi</strong></span> <span class='ocrx_word' id='word_1_239' title='bbox 599 2967 922 3037; x_wconf 75' lang='lat' dir='ltr'><strong>perizomata</strong></span> <span class='ocrx_word' id='word_1_240' title='bbox 949 2964 1099 3039; x_wconf 83' lang='lat' dir='ltr'><strong>(Gen.</strong></span> <span class='ocrx_word' id='word_1_241' title='bbox 1127 2966 1228 3039; x_wconf 88' lang='grc' dir='ltr'>ιιι).</span> <span class='ocrx_word' id='word_1_242' title='bbox 1256 2968 1359 3023; x_wconf 88' lang='lat' dir='ltr'><strong>hoc</strong></span> <span class='ocrx_word' id='word_1_243' title='bbox 1379 2976 1481 3033; x_wconf 87' lang='lat' dir='ltr'><strong>est,</strong></span> <span class='ocrx_word' id='word_1_244' title='bbox 1503 2970 1862 3025; x_wconf 90' lang='lat' dir='ltr'><strong>suecinctoria</strong></span> 
     </span>
    </p>
   </div>
   <div class='ocr_carea' id='block_1_32' title="bbox 275 3058 1860 3133">
    <p class='ocr_par' dir='ltr' id='par_1_32' title="bbox 275 3058 1860 3133">
     <span class='ocr_line' id='line_1_32' title="bbox 275 3058 1860 3133; baseline 0.001 -18"><span class='ocrx_word' id='word_1_245' title='bbox 275 3059 616 3133; x_wconf 85' lang='lat' dir='ltr'><strong>genitalium.</strong></span> <span class='ocrx_word' id='word_1_246' title='bbox 648 3058 949 3129; x_wconf 81' lang='lat' dir='ltr'><strong>Capriﬁcus</strong></span> <span class='ocrx_word' id='word_1_247' title='bbox 994 3059 1260 3130; x_wconf 89' lang='lat' dir='ltr'><strong>appellata</strong></span> <span class='ocrx_word' id='word_1_248' title='bbox 1292 3074 1380 3126; x_wconf 91' lang='lat' dir='ltr'><strong>eo,</strong></span> <span class='ocrx_word' id='word_1_249' title='bbox 1423 3059 1567 3130; x_wconf 89' lang='lat' dir='ltr'><strong>quod</strong></span> <span class='ocrx_word' id='word_1_250' title='bbox 1605 3060 1860 3130; x_wconf 86' lang='lat' dir='ltr'><strong>parietes,</strong></span> 
     </span>
    </p>
   </div>
   <div class='ocr_carea' id='block_1_33' title="bbox 276 3152 1861 3224">
    <p class='ocr_par' dir='ltr' id='par_1_33' title="bbox 276 3152 1861 3224">
     <span class='ocr_line' id='line_1_33' title="bbox 276 3152 1861 3224; baseline 0.001 -18"><span class='ocrx_word' id='word_1_251' title='bbox 276 3153 474 3223; x_wconf 85' lang='lat' dir='ltr'><strong>quibus</strong></span> <span class='ocrx_word' id='word_1_252' title='bbox 502 3152 822 3215; x_wconf 89' lang='lat' dir='ltr'><strong>innascitur,</strong></span> <span class='ocrx_word' id='word_1_253' title='bbox 852 3161 1043 3222; x_wconf 83' lang='lat' dir='ltr'><strong>carpat</strong></span> <span class='ocrx_word' id='word_1_254' title='bbox 1072 3169 1085 3206; x_wconf 89' lang='lat'><strong>:</strong></span> <span class='ocrx_word' id='word_1_255' title='bbox 1116 3154 1315 3224; x_wconf 89' lang='lat' dir='ltr'><strong>rumpit</strong></span> <span class='ocrx_word' id='word_1_256' title='bbox 1343 3154 1486 3209; x_wconf 88' lang='lat' dir='ltr'><strong>enim</strong></span> <span class='ocrx_word' id='word_1_257' title='bbox 1511 3160 1568 3209; x_wconf 90' lang='lat' dir='ltr'><strong>et</strong></span> <span class='ocrx_word' id='word_1_258' title='bbox 1592 3153 1766 3223; x_wconf 87' lang='lat' dir='ltr'><strong>prodit</strong></span> <span class='ocrx_word' id='word_1_259' title='bbox 1794 3170 1861 3208; x_wconf 79' lang='lat' dir='ltr'><strong>ex</strong></span> 
     </span>
    </p>
   </div>
   <div class='ocr_carea' id='block_1_34' title="bbox 276 3238 1863 3314">
    <p class='ocr_par' dir='ltr' id='par_1_34' title="bbox 276 3238 1863 3314">
     <span class='ocr_line' id='line_1_34' title="bbox 276 3238 1863 3314; baseline 0.001 -20"><span class='ocrx_word' id='word_1_260' title='bbox 276 3239 535 3303; x_wconf 80' lang='lat' dir='ltr'><strong>latebris,</strong></span> <span class='ocrx_word' id='word_1_261' title='bbox 565 3240 761 3309; x_wconf 86' lang='lat' dir='ltr'><strong>quibus</strong></span> <span class='ocrx_word' id='word_1_262' title='bbox 782 3249 1044 3310; x_wconf 85' lang='lat' dir='ltr'><strong>concepta</strong></span> <span class='ocrx_word' id='word_1_263' title='bbox 1066 3249 1169 3297; x_wconf 90' lang='lat' dir='ltr'><strong>est.</strong></span> <span class='ocrx_word' id='word_1_264' title='bbox 1199 3241 1306 3296; x_wconf 87' lang='lat' dir='ltr'><strong>Alii</strong></span> <span class='ocrx_word' id='word_1_265' title='bbox 1331 3238 1642 3312; x_wconf 85' lang='lat' dir='ltr'><strong>capriﬁcum</strong></span> <span class='ocrx_word' id='word_1_266' title='bbox 1672 3249 1863 3314; x_wconf 90' lang='lat' dir='ltr'><strong>putant</strong></span> 
     </span>
    </p>
   </div>
   <div class='ocr_carea' id='block_1_35' title="bbox 276 3328 1857 3399">
    <p class='ocr_par' dir='ltr' id='par_1_35' title="bbox 276 3328 1857 3399">
     <span class='ocr_line' id='line_1_35' title="bbox 276 3328 1857 3399; baseline 0.002 -16"><span class='ocrx_word' id='word_1_267' title='bbox 276 3329 504 3395; x_wconf 87' lang='lat' dir='ltr'><strong>dictum,</strong></span> <span class='ocrx_word' id='word_1_268' title='bbox 532 3330 677 3398; x_wconf 88' lang='lat' dir='ltr'><strong>quod</strong></span> <span class='ocrx_word' id='word_1_269' title='bbox 721 3328 859 3399; x_wconf 82' lang='lat' dir='ltr'><strong>ﬁcus</strong></span> <span class='ocrx_word' id='word_1_270' title='bbox 903 3332 1066 3385; x_wconf 89' lang='lat' dir='ltr'><strong>arbor</strong></span> <span class='ocrx_word' id='word_1_271' title='bbox 1094 3329 1213 3399; x_wconf 85' lang='lat' dir='ltr'><strong>ejus</strong></span> <span class='ocrx_word' id='word_1_272' title='bbox 1243 3331 1481 3387; x_wconf 88' lang='lat' dir='ltr'><strong>remedio</strong></span> <span class='ocrx_word' id='word_1_273' title='bbox 1520 3330 1857 3388; x_wconf 90' lang='lat' dir='ltr'><strong>fecundetur.</strong></span> 
     </span>
    </p>
   </div>
   <div class='ocr_carea' id='block_1_36' title="bbox 279 3408 1859 3493">
    <p class='ocr_par' dir='ltr' id='par_1_36' title="bbox 279 3408 1859 3493">
     <span class='ocr_line' id='line_1_36' title="bbox 279 3408 1859 3493; baseline 0.003 -20"><span class='ocrx_word' id='word_1_274' title='bbox 279 3420 460 3475; x_wconf 77' lang='lat' dir='ltr'><strong>Morus</strong></span> <span class='ocrx_word' id='word_1_275' title='bbox 483 3436 515 3474; x_wconf 90' lang='lat' dir='ltr'><strong>a</strong></span> <span class='ocrx_word' id='word_1_276' title='bbox 534 3419 739 3475; x_wconf 78' lang='lat' dir='ltr'><strong>Graecis</strong></span> <span class='ocrx_word' id='word_1_277' title='bbox 752 3429 956 3487; x_wconf 84' lang='lat' dir='ltr'><strong>vocata,</strong></span> <span class='ocrx_word' id='word_1_278' title='bbox 974 3436 1136 3491; x_wconf 91' lang='lat' dir='ltr'><strong>quam</strong></span> <span class='ocrx_word' id='word_1_279' title='bbox 1157 3421 1334 3478; x_wconf 87' lang='lat' dir='ltr'><strong>Latini</strong></span> <span class='ocrx_word' id='word_1_280' title='bbox 1357 3424 1548 3478; x_wconf 90' lang='lat' dir='ltr'><strong>ruhum</strong></span> <span class='ocrx_word' id='word_1_281' title='bbox 1570 3408 1859 3493; x_wconf 85' lang='lat' dir='ltr'><strong>appellant,</strong></span> 
     </span>
    </p>
   </div>
   <div class='ocr_carea' id='block_1_37' title="bbox 279 3509 1861 3589">
    <p class='ocr_par' dir='ltr' id='par_1_37' title="bbox 279 3509 1861 3589">
     <span class='ocr_line' id='line_1_37' title="bbox 279 3509 1861 3589; baseline 0 -22"><span class='ocrx_word' id='word_1_282' title='bbox 279 3527 342 3567; x_wconf 93' lang='lat' dir='ltr'><strong>co</strong></span> <span class='ocrx_word' id='word_1_283' title='bbox 366 3512 516 3581; x_wconf 87' lang='lat' dir='ltr'><strong>quod</strong></span> <span class='ocrx_word' id='word_1_284' title='bbox 543 3510 747 3566; x_wconf 82' lang='lat' dir='ltr'><strong>fructus</strong></span> <span class='ocrx_word' id='word_1_285' title='bbox 776 3509 894 3589; x_wconf 83' lang='lat' dir='ltr'><strong>ejus</strong></span> <span class='ocrx_word' id='word_1_286' title='bbox 931 3511 1077 3566; x_wconf 84' lang='lat' dir='ltr'><strong>velut</strong></span> <span class='ocrx_word' id='word_1_287' title='bbox 1105 3512 1321 3588; x_wconf 73' lang='lat' dir='ltr'><strong>virgulti</strong></span> <span class='ocrx_word' id='word_1_288' title='bbox 1354 3514 1567 3572; x_wconf 84' lang='lat' dir='ltr'><strong>rubent.</strong></span> <span class='ocrx_word' id='word_1_289' title='bbox 1593 3512 1690 3567; x_wconf 87' lang='lat' dir='ltr'><strong>Est</strong></span> <span class='ocrx_word' id='word_1_290' title='bbox 1717 3512 1861 3571; x_wconf 90' lang='lat' dir='ltr'><strong>enim</strong></span> 
     </span>
    </p>
   </div>
   <div class='ocr_carea' id='block_1_38' title="bbox 279 3601 1865 3675">
    <p class='ocr_par' dir='ltr' id='par_1_38' title="bbox 279 3601 1865 3675">
     <span class='ocr_line' id='line_1_38' title="bbox 279 3601 1865 3675; baseline 0.002 -20"><span class='ocrx_word' id='word_1_291' title='bbox 279 3618 463 3657; x_wconf 88' lang='lat' dir='ltr'><strong>morus</strong></span> <span class='ocrx_word' id='word_1_292' title='bbox 494 3601 761 3675; x_wconf 80' lang='lat' dir='ltr'><strong>silvestris</strong></span> <span class='ocrx_word' id='word_1_293' title='bbox 802 3601 1010 3659; x_wconf 88' lang='lat' dir='ltr'><strong>fructus</strong></span> <span class='ocrx_word' id='word_1_294' title='bbox 1041 3601 1291 3668; x_wconf 78' lang='lat' dir='ltr'><strong>aﬁ&#39;erens,</strong></span> <span class='ocrx_word' id='word_1_295' title='bbox 1320 3603 1516 3673; x_wconf 89' lang='lat' dir='ltr'><strong>quibus</strong></span> <span class='ocrx_word' id='word_1_296' title='bbox 1562 3604 1613 3656; x_wconf 91' lang='lat' dir='ltr'><strong>in</strong></span> <span class='ocrx_word' id='word_1_297' title='bbox 1650 3603 1865 3658; x_wconf 90' lang='lat' dir='ltr'><strong>deserto</strong></span> 
     </span>
    </p>
   </div>
   <div class='ocr_carea' id='block_1_39' title="bbox 279 3693 1863 3769">
    <p class='ocr_par' dir='ltr' id='par_1_39' title="bbox 279 3693 1863 3769">
     <span class='ocr_line' id='line_1_39' title="bbox 279 3693 1863 3769; baseline 0 -22"><span class='ocrx_word' id='word_1_298' title='bbox 279 3705 559 3764; x_wconf 87' lang='lat' dir='ltr'><strong>pastorum</strong></span> <span class='ocrx_word' id='word_1_299' title='bbox 594 3694 763 3769; x_wconf 83' lang='lat' dir='ltr'><strong>fames</strong></span> <span class='ocrx_word' id='word_1_300' title='bbox 791 3709 856 3749; x_wconf 90' lang='lat' dir='ltr'><strong>ac</strong></span> <span class='ocrx_word' id='word_1_301' title='bbox 882 3695 1106 3765; x_wconf 88' lang='lat' dir='ltr'><strong>penuria</strong></span> <span class='ocrx_word' id='word_1_302' title='bbox 1147 3694 1460 3750; x_wconf 80' lang='lat' dir='ltr'><strong>confovetur</strong></span> <span class='ocrx_word' id='word_1_303' title='bbox 1488 3711 1502 3748; x_wconf 92' lang='lat'>:</span> <span class='ocrx_word' id='word_1_304' title='bbox 1538 3693 1695 3761; x_wconf 86' lang='lat' dir='ltr'><strong>hujus</strong></span> <span class='ocrx_word' id='word_1_305' title='bbox 1737 3693 1863 3748; x_wconf 88' lang='lat' dir='ltr'><strong>folia</strong></span> 
     </span>
    </p>
   </div>
   <div class='ocr_carea' id='block_1_40' title="bbox 277 3785 1864 3857">
    <p class='ocr_par' dir='ltr' id='par_1_40' title="bbox 277 3785 1864 3857">
     <span class='ocr_line' id='line_1_40' title="bbox 277 3785 1864 3857; baseline -0.001 -16"><span class='ocrx_word' id='word_1_306' title='bbox 277 3785 647 3857; x_wconf 77' lang='lat' dir='ltr'><strong>superiactata</strong></span> <span class='ocrx_word' id='word_1_307' title='bbox 667 3787 904 3856; x_wconf 87' lang='lat' dir='ltr'><strong>serpenti</strong></span> <span class='ocrx_word' id='word_1_308' title='bbox 925 3785 1497 3841; x_wconf 86' lang='lat' dir='ltr'><strong>feruntnrinterimere</strong></span> <span class='ocrx_word' id='word_1_309' title='bbox 1509 3800 1653 3840; x_wconf 90' lang='lat' dir='ltr'><strong>cum.</strong></span> <span class='ocrx_word' id='word_1_310' title='bbox 1679 3785 1864 3842; x_wconf 73' lang='lat' dir='ltr'><strong>llubus</strong></span> 
     </span>
    </p>
   </div>
   <div class='ocr_carea' id='block_1_41' title="bbox 279 3876 1865 3964">
    <p class='ocr_par' dir='ltr' id='par_1_41' title="bbox 279 3876 1865 3964">
     <span class='ocr_line' id='line_1_41' title="bbox 279 3876 1865 3964; baseline 0.001 -33"><span class='ocrx_word' id='word_1_311' title='bbox 279 3893 408 3949; x_wconf 84' lang='lat' dir='ltr'><strong>ergo</strong></span> <span class='ocrx_word' id='word_1_312' title='bbox 435 3880 521 3948; x_wconf 83' lang='lat' dir='ltr'><strong>(ut</strong></span> <span class='ocrx_word' id='word_1_313' title='bbox 548 3877 777 3964; x_wconf 58' lang='lat' dir='ltr'><strong>quidam~</strong></span> <span class='ocrx_word' id='word_1_314' title='bbox 796 3876 1107 3948; x_wconf 88' lang='lat' dir='ltr'><strong>opinantur)</strong></span> <span class='ocrx_word' id='word_1_315' title='bbox 1144 3877 1327 3934; x_wconf 72' lang='lat' dir='ltr'><strong>Maria:</strong></span> <span class='ocrx_word' id='word_1_316' title='bbox 1354 3878 1582 3950; x_wconf 80' lang='lat' dir='ltr'><strong>virginis</strong></span> <span class='ocrx_word' id='word_1_317' title='bbox 1614 3878 1865 3949; x_wconf 67' lang='lat' dir='ltr'><strong>praeﬁgu-</strong></span> 
     </span>
    </p>
   </div>
   <div class='ocr_carea' id='block_1_42' title="bbox 281 3968 1862 4044">
    <p class='ocr_par' dir='ltr' id='par_1_42' title="bbox 281 3968 1862 4044">
     <span class='ocr_line' id='line_1_42' title="bbox 281 3968 1862 4044; baseline 0 -20"><span class='ocrx_word' id='word_1_318' title='bbox 281 3971 493 4025; x_wconf 88' lang='lat' dir='ltr'><strong>ratione</strong></span> <span class='ocrx_word' id='word_1_319' title='bbox 524 3968 909 4042; x_wconf 78' lang='lat' dir='ltr'><strong>[przcliguratio</strong></span> <span class='ocrx_word' id='word_1_320' title='bbox 944 3968 1047 4044; x_wconf 91' lang='lat' dir='ltr'><strong>est]</strong></span> <span class='ocrx_word' id='word_1_321' title='bbox 1085 3985 1150 4026; x_wconf 93' lang='lat' dir='ltr'><strong>eo</strong></span> <span class='ocrx_word' id='word_1_322' title='bbox 1177 3972 1317 4043; x_wconf 88' lang='lat' dir='ltr'><strong>quod</strong></span> <span class='ocrx_word' id='word_1_323' title='bbox 1354 3971 1508 4041; x_wconf 90' lang='lat' dir='ltr'><strong>quasi</strong></span> <span class='ocrx_word' id='word_1_324' title='bbox 1553 3972 1619 4025; x_wconf 88' lang='lat' dir='ltr'><strong>de</strong></span> <span class='ocrx_word' id='word_1_325' title='bbox 1640 3971 1862 4026; x_wconf 89' lang='lat' dir='ltr'><strong>humani</strong></span> 
     </span>
    </p>
   </div>
   <div class='ocr_carea' id='block_1_43' title="bbox 283 4060 1863 4133">
    <p class='ocr_par' dir='ltr' id='par_1_43' title="bbox 283 4060 1863 4133">
     <span class='ocr_line' id='line_1_43' title="bbox 283 4060 1863 4133; baseline 0 -18"><span class='ocrx_word' id='word_1_326' title='bbox 283 4066 529 4130; x_wconf 73' lang='lat' dir='ltr'><strong>corporis</strong></span> <span class='ocrx_word' id='word_1_327' title='bbox 555 4060 712 4125; x_wconf 89' lang='lat' dir='ltr'><strong>rubo,</strong></span> <span class='ocrx_word' id='word_1_328' title='bbox 744 4060 1079 4115; x_wconf 86' lang='lat' dir='ltr'><strong>Salvatorcm</strong></span> <span class='ocrx_word' id='word_1_329' title='bbox 1116 4068 1374 4133; x_wconf 79' lang='lat' dir='ltr'><strong>tanquam</strong></span> <span class='ocrx_word' id='word_1_330' title='bbox 1415 4077 1593 4117; x_wconf 85' lang='lat' dir='ltr'><strong>rosam</strong></span> <span class='ocrx_word' id='word_1_331' title='bbox 1617 4102 1634 4130; x_wconf 86' lang='lat'><strong>,</strong></span> <span class='ocrx_word' id='word_1_332' title='bbox 1664 4062 1863 4117; x_wconf 88' lang='lat' dir='ltr'><strong>emise-</strong></span> 
     </span>
    </p>
   </div>
   <div class='ocr_carea' id='block_1_44' title="bbox 284 4148 1866 4221">
    <p class='ocr_par' dir='ltr' id='par_1_44' title="bbox 284 4148 1866 4221">
     <span class='ocr_line' id='line_1_44' title="bbox 284 4148 1866 4221; baseline 0.001 -18"><span class='ocrx_word' id='word_1_333' title='bbox 284 4150 355 4204; x_wconf 87' lang='lat' dir='ltr'><strong>rit</strong></span> <span class='ocrx_word' id='word_1_334' title='bbox 385 4171 398 4203; x_wconf 85' lang='lat'><strong>-.</strong></span> <span class='ocrx_word' id='word_1_335' title='bbox 429 4159 526 4203; x_wconf 92' lang='lat' dir='ltr'><strong>aut</strong></span> <span class='ocrx_word' id='word_1_336' title='bbox 563 4148 705 4219; x_wconf 89' lang='lat' dir='ltr'><strong>quod</strong></span> <span class='ocrx_word' id='word_1_337' title='bbox 731 4149 837 4204; x_wconf 85' lang='lat' dir='ltr'><strong>vim</strong></span> <span class='ocrx_word' id='word_1_338' title='bbox 873 4150 1037 4205; x_wconf 89' lang='lat' dir='ltr'><strong>divini</strong></span> <span class='ocrx_word' id='word_1_339' title='bbox 1085 4148 1311 4221; x_wconf 85' lang='lat' dir='ltr'><strong>fulgoris</strong></span> <span class='ocrx_word' id='word_1_340' title='bbox 1355 4150 1584 4207; x_wconf 87' lang='lat' dir='ltr'><strong>sinesui</strong></span> <span class='ocrx_word' id='word_1_341' title='bbox 1615 4166 1866 4206; x_wconf 91' lang='lat' dir='ltr'><strong>consum-</strong></span> 
     </span>
    </p>
   </div>
   <div class='ocr_carea' id='block_1_45' title="bbox 286 4239 1864 4317">
    <p class='ocr_par' dir='ltr' id='par_1_45' title="bbox 286 4239 1864 4317">
     <span class='ocr_line' id='line_1_45' title="bbox 286 4239 1864 4317; baseline -0.001 -23"><span class='ocrx_word' id='word_1_342' title='bbox 286 4242 467 4311; x_wconf 84' lang='lat' dir='ltr'><strong>ptione</strong></span> <span class='ocrx_word' id='word_1_343' title='bbox 494 4240 801 4315; x_wconf 69' lang='lat' dir='ltr'><strong>pertulerit.</strong></span> <span class='ocrx_word' id='word_1_344' title='bbox 849 4239 1001 4313; x_wconf 83' lang='lat' dir='ltr'><strong>Unde</strong></span> <span class='ocrx_word' id='word_1_345' title='bbox 1028 4241 1084 4317; x_wconf 83' lang='lat' dir='ltr'><strong>in</strong></span> <span class='ocrx_word' id='word_1_346' title='bbox 1132 4241 1316 4317; x_wconf 81' lang='lat' dir='ltr'><strong>Exodo</strong></span> <span class='ocrx_word' id='word_1_347' title='bbox 1353 4241 1864 4316; x_wconf 74' lang='lat' dir='ltr'><strong>legiturtApparuil</strong></span> 
     </span>
    </p>
   </div>
   <div class='ocr_carea' id='block_1_46' title="bbox 286 4330 1865 4403">
    <p class='ocr_par' dir='ltr' id='par_1_46' title="bbox 286 4330 1865 4403">
     <span class='ocr_line' id='line_1_46' title="bbox 286 4330 1865 4403; baseline -0.001 -18"><span class='ocrx_word' id='word_1_348' title='bbox 286 4332 541 4387; x_wconf 85' lang='lat' dir='ltr'><strong>Dominus</strong></span> <span class='ocrx_word' id='word_1_349' title='bbox 572 4330 747 4401; x_wconf 76' lang='lat' dir='ltr'><strong>Moysi</strong></span> <span class='ocrx_word' id='word_1_350' title='bbox 796 4333 850 4386; x_wconf 86' lang='lat' dir='ltr'><strong>in</strong></span> <span class='ocrx_word' id='word_1_351' title='bbox 879 4333 1097 4403; x_wconf 70' lang='lat' dir='ltr'><strong>flamma</strong></span> <span class='ocrx_word' id='word_1_352' title='bbox 1125 4332 1260 4403; x_wconf 83' lang='lat' dir='ltr'><strong>ignis</strong></span> <span class='ocrx_word' id='word_1_353' title='bbox 1304 4332 1368 4386; x_wconf 89' lang='lat' dir='ltr'><strong>de</strong></span> <span class='ocrx_word' id='word_1_354' title='bbox 1396 4332 1566 4386; x_wconf 86' lang='lat' dir='ltr'><strong>medio</strong></span> <span class='ocrx_word' id='word_1_355' title='bbox 1610 4332 1726 4385; x_wconf 85' lang='lat' dir='ltr'><strong>rubi</strong></span> <span class='ocrx_word' id='word_1_356' title='bbox 1754 4344 1771 4383; x_wconf 89' lang='lat'><em>:</em></span> <span class='ocrx_word' id='word_1_357' title='bbox 1816 4341 1865 4384; x_wconf 85' lang='lat' dir='ltr'><strong>et</strong></span> 
     </span>
    </p>
   </div>
   <div class='ocr_carea' id='block_1_47' title="bbox 288 4420 1867 4492">
    <p class='ocr_par' dir='ltr' id='par_1_47' title="bbox 288 4420 1867 4492">
     <span class='ocr_line' id='line_1_47' title="bbox 288 4420 1867 4492; baseline 0.001 -18"><span class='ocrx_word' id='word_1_358' title='bbox 288 4421 485 4475; x_wconf 72' lang='lat' dir='ltr'><strong>videbat</strong></span> <span class='ocrx_word' id='word_1_359' title='bbox 560 4421 700 4492; x_wconf 85' lang='lat' dir='ltr'><strong>quod</strong></span> <span class='ocrx_word' id='word_1_360' title='bbox 775 4421 935 4475; x_wconf 84' lang='lat' dir='ltr'><strong>rubus</strong></span> <span class='ocrx_word' id='word_1_361' title='bbox 982 4420 1188 4475; x_wconf 84' lang='lat' dir='ltr'><strong>arderet</strong></span> <span class='ocrx_word' id='word_1_362' title='bbox 1237 4432 1283 4475; x_wconf 88' lang='lat' dir='ltr'><strong>et</strong></span> <span class='ocrx_word' id='word_1_363' title='bbox 1328 4438 1432 4475; x_wconf 86' lang='lat' dir='ltr'><strong>non</strong></span> <span class='ocrx_word' id='word_1_364' title='bbox 1478 4422 1867 4475; x_wconf 80' lang='lat' dir='ltr'><strong>combureretur</strong></span> 
     </span>
    </p>
   </div>
   <div class='ocr_carea' id='block_1_48' title="bbox 291 4498 1867 4593">
    <p class='ocr_par' dir='ltr' id='par_1_48' title="bbox 291 4498 1867 4593">
     <span class='ocr_line' id='line_1_48' title="bbox 291 4498 1867 4593; baseline 0.001 -29"><span class='ocrx_word' id='word_1_365' title='bbox 291 4510 484 4582; x_wconf 67' lang='lat' dir='ltr'><strong>(Exod.</strong></span> <span class='ocrx_word' id='word_1_366' title='bbox 517 4512 626 4583; x_wconf 86' lang='grc' dir='ltr'>ιιι).</span> <span class='ocrx_word' id='word_1_367' title='bbox 656 4498 1164 4593; x_wconf 68' lang='lat' dir='ltr'><strong>Syeomorus,sicut_</strong></span> <span class='ocrx_word' id='word_1_368' title='bbox 1182 4519 1238 4567; x_wconf 91' lang='lat' dir='ltr'><strong>et</strong></span> <span class='ocrx_word' id='word_1_369' title='bbox 1257 4528 1461 4576; x_wconf 89' lang='lat' dir='ltr'><strong>morus,</strong></span> <span class='ocrx_word' id='word_1_370' title='bbox 1485 4510 1671 4568; x_wconf 67' lang='lat' dir='ltr'><strong>Grmea</strong></span> <span class='ocrx_word' id='word_1_371' title='bbox 1695 4513 1867 4567; x_wconf 91' lang='lat' dir='ltr'><strong>nomi-</strong></span> 
     </span>
    </p>
   </div>
   <div class='ocr_carea' id='block_1_49' title="bbox 291 4590 1865 4679">
    <p class='ocr_par' dir='ltr' id='par_1_49' title="bbox 291 4590 1865 4679">
     <span class='ocr_line' id='line_1_49' title="bbox 291 4590 1865 4679; baseline 0.002 -22"><span class='ocrx_word' id='word_1_372' title='bbox 291 4616 357 4656; x_wconf 84' lang='lat' dir='ltr'><strong>na</strong></span> <span class='ocrx_word' id='word_1_373' title='bbox 382 4612 548 4657; x_wconf 90' lang='lat' dir='ltr'><strong>sunt:</strong></span> <span class='ocrx_word' id='word_1_374' title='bbox 578 4601 725 4665; x_wconf 85' lang='lat' dir='ltr'><strong>dicta</strong></span> <span class='ocrx_word' id='word_1_375' title='bbox 746 4613 927 4679; x_wconf 88' lang='lat' dir='ltr'><strong>autem</strong></span> <span class='ocrx_word' id='word_1_376' title='bbox 953 4590 1253 4677; x_wconf 75' lang='lat' dir='ltr'><strong>sicomorns</strong></span> <span class='ocrx_word' id='word_1_377' title='bbox 1290 4620 1356 4660; x_wconf 91' lang='lat' dir='ltr'><strong>eo</strong></span> <span class='ocrx_word' id='word_1_378' title='bbox 1406 4604 1549 4675; x_wconf 90' lang='lat' dir='ltr'><strong>quod</strong></span> <span class='ocrx_word' id='word_1_379' title='bbox 1594 4605 1702 4661; x_wconf 93' lang='lat' dir='ltr'><strong>sint</strong></span> <span class='ocrx_word' id='word_1_380' title='bbox 1740 4605 1865 4660; x_wconf 78' lang='lat' dir='ltr'><strong>folia</strong></span> 
     </span>
    </p>
   </div>
   <div class='ocr_carea' id='block_1_50' title="bbox 290 4686 1868 4768">
    <p class='ocr_par' dir='ltr' id='par_1_50' title="bbox 290 4686 1868 4768">
     <span class='ocr_line' id='line_1_50' title="bbox 290 4686 1868 4768; baseline 0.003 -20"><span class='ocrx_word' id='word_1_381' title='bbox 290 4692 404 4762; x_wconf 86' lang='lat' dir='ltr'><strong>ejus</strong></span> <span class='ocrx_word' id='word_1_382' title='bbox 431 4694 631 4749; x_wconf 86' lang='lat' dir='ltr'><strong>similia</strong></span> <span class='ocrx_word' id='word_1_383' title='bbox 673 4711 841 4752; x_wconf 90' lang='lat' dir='ltr'><strong>moro.</strong></span> <span class='ocrx_word' id='word_1_384' title='bbox 872 4695 1023 4752; x_wconf 84' lang='lat' dir='ltr'><strong>Hanc</strong></span> <span class='ocrx_word' id='word_1_385' title='bbox 1044 4697 1223 4752; x_wconf 85' lang='lat' dir='ltr'><strong>Latini</strong></span> <span class='ocrx_word' id='word_1_386' title='bbox 1258 4698 1456 4753; x_wconf 88' lang='lat' dir='ltr'><strong>celsam</strong></span> <span class='ocrx_word' id='word_1_387' title='bbox 1497 4686 1770 4768; x_wconf 86' lang='lat' dir='ltr'><strong>appellant</strong></span> <span class='ocrx_word' id='word_1_388' title='bbox 1800 4699 1868 4753; x_wconf 93' lang='lat' dir='ltr'><strong>ab</strong></span> 
     </span>
    </p>
   </div>
   <div class='ocr_carea' id='block_1_51' title="bbox 293 4784 1866 4856">
    <p class='ocr_par' dir='ltr' id='par_1_51' title="bbox 293 4784 1866 4856">
     <span class='ocr_line' id='line_1_51' title="bbox 293 4784 1866 4856; baseline 0.001 -16"><span class='ocrx_word' id='word_1_389' title='bbox 293 4784 594 4851; x_wconf 85' lang='lat' dir='ltr'><strong>altitudine,</strong></span> <span class='ocrx_word' id='word_1_390' title='bbox 620 4787 746 4856; x_wconf 88' lang='lat' dir='ltr'><strong>quia</strong></span> <span class='ocrx_word' id='word_1_391' title='bbox 774 4802 877 4841; x_wconf 94' lang='lat' dir='ltr'><strong>non</strong></span> <span class='ocrx_word' id='word_1_392' title='bbox 902 4795 984 4851; x_wconf 84' lang='lat' dir='ltr'><strong>est</strong></span> <span class='ocrx_word' id='word_1_393' title='bbox 1011 4788 1212 4851; x_wconf 89' lang='lat' dir='ltr'><strong>brevis,</strong></span> <span class='ocrx_word' id='word_1_394' title='bbox 1241 4796 1300 4841; x_wconf 89' lang='lat' dir='ltr'><strong>ut</strong></span> <span class='ocrx_word' id='word_1_395' title='bbox 1321 4803 1523 4841; x_wconf 89' lang='lat' dir='ltr'><strong>morus.</strong></span> <span class='ocrx_word' id='word_1_396' title='bbox 1552 4787 1656 4841; x_wconf 82' lang='lat' dir='ltr'><strong>Alii</strong></span> <span class='ocrx_word' id='word_1_397' title='bbox 1685 4796 1866 4842; x_wconf 90' lang='lat' dir='ltr'><strong>autem</strong></span> 
     </span>
    </p>
   </div>
   <div class='ocr_carea' id='block_1_52' title="bbox 295 4860 1869 4953">
    <p class='ocr_par' dir='ltr' id='par_1_52' title="bbox 295 4860 1869 4953">
     <span class='ocr_line' id='line_1_52' title="bbox 295 4860 1869 4953; baseline 0 -20"><span class='ocrx_word' id='word_1_398' title='bbox 295 4878 475 4933; x_wconf 85' lang='lat' dir='ltr'><strong>dicunt</strong></span> <span class='ocrx_word' id='word_1_399' title='bbox 498 4894 618 4933; x_wconf 86' lang='lat' dir='ltr'><strong>eam</strong></span> <span class='ocrx_word' id='word_1_400' title='bbox 646 4876 807 4933; x_wconf 88' lang='lat' dir='ltr'><strong>ﬁcum</strong></span> <span class='ocrx_word' id='word_1_401' title='bbox 836 4894 956 4933; x_wconf 89' lang='lat' dir='ltr'><strong>esse</strong></span> <span class='ocrx_word' id='word_1_402' title='bbox 993 4877 1501 4951; x_wconf 64' lang='lat' dir='ltr'><strong>silvestrem.,Unde</strong></span> <span class='ocrx_word' id='word_1_403' title='bbox 1541 4860 1709 4953; x_wconf 81' lang='lat' dir='ltr'><strong>Amos</strong></span> <span class='ocrx_word' id='word_1_404' title='bbox 1737 4878 1869 4933; x_wconf 84' lang='lat' dir='ltr'><strong>Pro-</strong></span> 
     </span>
    </p>
   </div>
   <div class='ocr_carea' id='block_1_53' title="bbox 295 4956 1871 5037">
    <p class='ocr_par' dir='ltr' id='par_1_53' title="bbox 295 4956 1871 5037">
     <span class='ocr_line' id='line_1_53' title="bbox 295 4956 1871 5037; baseline 0.001 -16"><span class='ocrx_word' id='word_1_405' title='bbox 295 4969 450 5037; x_wconf 86' lang='lat' dir='ltr'><strong>pheta</strong></span> <span class='ocrx_word' id='word_1_406' title='bbox 482 4969 549 5022; x_wconf 86' lang='lat' dir='ltr'><strong>ad</strong></span> <span class='ocrx_word' id='word_1_407' title='bbox 574 4967 847 5022; x_wconf 83' lang='lat' dir='ltr'><strong>Amasiam</strong></span> <span class='ocrx_word' id='word_1_408' title='bbox 874 4967 985 5022; x_wconf 90' lang='lat' dir='ltr'><strong>ait:</strong></span> <span class='ocrx_word' id='word_1_409' title='bbox 1016 4965 1137 5029; x_wconf 86' lang='lat' dir='ltr'><strong>Non</strong></span> <span class='ocrx_word' id='word_1_410' title='bbox 1167 4983 1284 5021; x_wconf 82' lang='lat' dir='ltr'><strong>sum</strong></span> <span class='ocrx_word' id='word_1_411' title='bbox 1311 4967 1580 5037; x_wconf 84' lang='lat' dir='ltr'><strong>propheta,</strong></span> <span class='ocrx_word' id='word_1_412' title='bbox 1610 4956 1702 5022; x_wconf 81' lang='lat' dir='ltr'><strong>nec</strong></span> <span class='ocrx_word' id='word_1_413' title='bbox 1728 4968 1871 5037; x_wconf 81' lang='lat' dir='ltr'><strong>ﬁlius</strong></span> 
     </span>
    </p>
   </div>
   <div class='ocr_carea' id='block_1_54' title="bbox 295 5060 1870 5129">
    <p class='ocr_par' dir='ltr' id='par_1_54' title="bbox 295 5060 1870 5129">
     <span class='ocr_line' id='line_1_54' title="bbox 295 5060 1870 5129; baseline 0.002 -17"><span class='ocrx_word' id='word_1_414' title='bbox 295 5060 552 5129; x_wconf 68' lang='lat' dir='ltr'><strong>praplieta’</strong></span> <span class='ocrx_word' id='word_1_415' title='bbox 580 5072 599 5112; x_wconf 90' lang='lat'><strong><em>:</em></strong></span> <span class='ocrx_word' id='word_1_416' title='bbox 627 5060 716 5115; x_wconf 83' lang='lat' dir='ltr'><strong>sed</strong></span> <span class='ocrx_word' id='word_1_417' title='bbox 745 5076 863 5127; x_wconf 80' lang='lat' dir='ltr'><strong>cum</strong></span> <span class='ocrx_word' id='word_1_418' title='bbox 906 5077 1071 5115; x_wconf 81' lang='lat' dir='ltr'><strong>essem</strong></span> <span class='ocrx_word' id='word_1_419' title='bbox 1096 5061 1481 5128; x_wconf 84' lang='lat' dir='ltr'><strong>armentarius,</strong></span> <span class='ocrx_word' id='word_1_420' title='bbox 1530 5071 1577 5116; x_wconf 88' lang='lat' dir='ltr'><strong>et</strong></span> <span class='ocrx_word' id='word_1_421' title='bbox 1622 5062 1870 5115; x_wconf 88' lang='lat' dir='ltr'><strong>ruborum</strong></span> 
     </span>
    </p>
   </div>
   <div class='ocr_carea' id='block_1_55' title="bbox 297 5140 1871 5224">
    <p class='ocr_par' dir='ltr' id='par_1_55' title="bbox 297 5140 1871 5224">
     <span class='ocr_line' id='line_1_55' title="bbox 297 5140 1871 5224; baseline 0.005 -24"><span class='ocrx_word' id='word_1_422' title='bbox 297 5165 440 5202; x_wconf 87' lang='lat' dir='ltr'><strong>mora</strong></span> <span class='ocrx_word' id='word_1_423' title='bbox 460 5150 789 5220; x_wconf 69' lang='lat' dir='ltr'><strong>stringere-tn,</strong></span> <span class='ocrx_word' id='word_1_424' title='bbox 819 5150 936 5205; x_wconf 85' lang='lat' dir='ltr'><strong>tulit</strong></span> <span class='ocrx_word' id='word_1_425' title='bbox 984 5168 1066 5205; x_wconf 89' lang='lat' dir='ltr'><strong>me</strong></span> <span class='ocrx_word' id='word_1_426' title='bbox 1090 5150 1344 5206; x_wconf 87' lang='lat' dir='ltr'><strong>Dominus</strong></span> <span class='ocrx_word' id='word_1_427' title='bbox 1370 5162 1662 5224; x_wconf 81' lang='lat' dir='ltr'><strong>sequentem</strong></span> <span class='ocrx_word' id='word_1_428' title='bbox 1694 5140 1871 5224; x_wconf 81' lang='lat' dir='ltr'><strong>greges</strong></span> 
     </span>
    </p>
   </div>
   <div class='ocr_carea' id='block_1_56' title="bbox 299 5240 1871 5313">
    <p class='ocr_par' dir='ltr' id='par_1_56' title="bbox 299 5240 1871 5313">
     <span class='ocr_line' id='line_1_56' title="bbox 299 5240 1871 5313; baseline 0.001 -19"><span class='ocrx_word' id='word_1_429' title='bbox 299 5241 472 5310; x_wconf 76' lang='lat' dir='ltr'><strong>(Amos</strong></span> <span class='ocrx_word' id='word_1_430' title='bbox 497 5241 616 5312; x_wconf 81' lang='lat' dir='ltr'><strong>vn).</strong></span> <span class='ocrx_word' id='word_1_431' title='bbox 662 5240 773 5296; x_wconf 86' lang='lat' dir='ltr'><strong>Hoc</strong></span> <span class='ocrx_word' id='word_1_432' title='bbox 796 5242 1080 5297; x_wconf 89' lang='lat' dir='ltr'><strong>dicendum</strong></span> <span class='ocrx_word' id='word_1_433' title='bbox 1108 5250 1208 5308; x_wconf 89' lang='lat' dir='ltr'><strong>est,</strong></span> <span class='ocrx_word' id='word_1_434' title='bbox 1237 5242 1377 5312; x_wconf 88' lang='lat' dir='ltr'><strong>quod</strong></span> <span class='ocrx_word' id='word_1_435' title='bbox 1403 5243 1658 5297; x_wconf 88' lang='lat' dir='ltr'><strong>humilem</strong></span> <span class='ocrx_word' id='word_1_436' title='bbox 1689 5253 1871 5313; x_wconf 85' lang='lat' dir='ltr'><strong>pasto-</strong></span> 
     </span>
    </p>
   </div>
   <div class='ocr_carea' id='block_1_57' title="bbox 298 5318 1877 5404">
    <p class='ocr_par' dir='ltr' id='par_1_57' title="bbox 298 5318 1877 5404">
     <span class='ocr_line' id='line_1_57' title="bbox 298 5318 1877 5404; baseline -0.001 -16"><span class='ocrx_word' id='word_1_437' title='bbox 298 5348 409 5388; x_wconf 84' lang='lat' dir='ltr'><strong>rem</strong></span> <span class='ocrx_word' id='word_1_438' title='bbox 453 5343 510 5387; x_wconf 89' lang='lat' dir='ltr'><strong>et</strong></span> <span class='ocrx_word' id='word_1_439' title='bbox 541 5334 803 5389; x_wconf 91' lang='lat' dir='ltr'><strong>rusticum</strong></span> <span class='ocrx_word' id='word_1_440' title='bbox 858 5318 1210 5404; x_wconf 86' lang='lat' dir='ltr'><strong>assumpserit</strong></span> <span class='ocrx_word' id='word_1_441' title='bbox 1241 5335 1529 5398; x_wconf 88' lang='lat' dir='ltr'><strong>Dominus,</strong></span> <span class='ocrx_word' id='word_1_442' title='bbox 1571 5343 1627 5389; x_wconf 90' lang='lat' dir='ltr'><strong>et</strong></span> <span class='ocrx_word' id='word_1_443' title='bbox 1668 5335 1877 5389; x_wconf 88' lang='lat' dir='ltr'><strong>miserit</strong></span> 
     </span>
    </p>
   </div>
   <div class='ocr_carea' id='block_1_58' title="bbox 298 5423 1881 5496">
    <p class='ocr_par' dir='ltr' id='par_1_58' title="bbox 298 5423 1881 5496">
     <span class='ocr_line' id='line_1_58' title="bbox 298 5423 1881 5496; baseline 0.003 -21"><span class='ocrx_word' id='word_1_444' title='bbox 298 5423 364 5478; x_wconf 89' lang='lat' dir='ltr'><strong>ad</strong></span> <span class='ocrx_word' id='word_1_445' title='bbox 390 5423 643 5494; x_wconf 89' lang='lat' dir='ltr'><strong>populum</strong></span> <span class='ocrx_word' id='word_1_446' title='bbox 674 5439 831 5478; x_wconf 91' lang='lat' dir='ltr'><strong>suum</strong></span> <span class='ocrx_word' id='word_1_447' title='bbox 857 5424 1042 5489; x_wconf 84' lang='lat' dir='ltr'><strong>lsrael,</strong></span> <span class='ocrx_word' id='word_1_448' title='bbox 1071 5434 1127 5479; x_wconf 86' lang='lat' dir='ltr'><strong>et</strong></span> <span class='ocrx_word' id='word_1_449' title='bbox 1162 5425 1481 5496; x_wconf 69' lang='lat' dir='ltr'><strong>prmceperit</strong></span> <span class='ocrx_word' id='word_1_450' title='bbox 1520 5424 1589 5489; x_wconf 90' lang='lat' dir='ltr'><strong>ei,</strong></span> <span class='ocrx_word' id='word_1_451' title='bbox 1623 5433 1682 5478; x_wconf 92' lang='lat' dir='ltr'><strong>ut</strong></span> <span class='ocrx_word' id='word_1_452' title='bbox 1728 5438 1881 5493; x_wconf 85' lang='lat' dir='ltr'><strong>egre-</strong></span> 
     </span>
    </p>
   </div>
   <div class='ocr_carea' id='block_1_59' title="bbox 300 5512 1877 5589">
    <p class='ocr_par' dir='ltr' id='par_1_59' title="bbox 300 5512 1877 5589">
     <span class='ocr_line' id='line_1_59' title="bbox 300 5512 1877 5589; baseline 0.004 -22"><span class='ocrx_word' id='word_1_453' title='bbox 300 5512 518 5568; x_wconf 87' lang='lat' dir='ltr'><strong>deretur</strong></span> <span class='ocrx_word' id='word_1_454' title='bbox 542 5515 607 5569; x_wconf 89' lang='lat' dir='ltr'><strong>de</strong></span> <span class='ocrx_word' id='word_1_455' title='bbox 657 5523 801 5570; x_wconf 89' lang='lat' dir='ltr'><strong>terra</strong></span> <span class='ocrx_word' id='word_1_456' title='bbox 831 5531 950 5581; x_wconf 90' lang='lat' dir='ltr'><strong>sua,</strong></span> <span class='ocrx_word' id='word_1_457' title='bbox 995 5525 1050 5570; x_wconf 90' lang='lat' dir='ltr'><strong>et</strong></span> <span class='ocrx_word' id='word_1_458' title='bbox 1097 5515 1400 5573; x_wconf 89' lang='lat' dir='ltr'><strong>Samariam</strong></span> <span class='ocrx_word' id='word_1_459' title='bbox 1434 5525 1703 5589; x_wconf 89' lang='lat' dir='ltr'><strong>pergeret.</strong></span> <span class='ocrx_word' id='word_1_460' title='bbox 1744 5517 1877 5573; x_wconf 89' lang='lat' dir='ltr'><strong>Item</strong></span> 
     </span>
    </p>
   </div>
   <div class='ocr_carea' id='block_1_60' title="bbox 301 5594 1878 5687">
    <p class='ocr_par' dir='ltr' id='par_1_60' title="bbox 301 5594 1878 5687">
     <span class='ocr_line' id='line_1_60' title="bbox 301 5594 1878 5687; baseline 0 -26"><span class='ocrx_word' id='word_1_461' title='bbox 301 5619 614 5687; x_wconf 68' lang='lat' dir='ltr'><strong>sycomorns</strong></span> <span class='ocrx_word' id='word_1_462' title='bbox 644 5594 781 5663; x_wconf 85' lang='lat' dir='ltr'><strong>vana</strong></span> <span class='ocrx_word' id='word_1_463' title='bbox 834 5608 1079 5663; x_wconf 89' lang='lat' dir='ltr'><strong>scientia.</strong></span> <span class='ocrx_word' id='word_1_464' title='bbox 1126 5607 1186 5664; x_wconf 92' lang='lat' dir='ltr'><strong>In</strong></span> <span class='ocrx_word' id='word_1_465' title='bbox 1215 5607 1447 5664; x_wconf 73' lang='lat' dir='ltr'><strong>Ieremia</strong></span> <span class='ocrx_word' id='word_1_466' title='bbox 1494 5623 1510 5662; x_wconf 90' lang='lat'><strong>:</strong></span> <span class='ocrx_word' id='word_1_467' title='bbox 1553 5607 1878 5663; x_wconf 80' lang='lat' dir='ltr'><strong>Habitabant</strong></span> 
     </span>
    </p>
   </div>
   <div class='ocr_carea' id='block_1_61' title="bbox 302 5697 1873 5774">
    <p class='ocr_par' dir='ltr' id='par_1_61' title="bbox 302 5697 1873 5774">
     <span class='ocr_line' id='line_1_61' title="bbox 302 5697 1873 5774; baseline 0.002 -25"><span class='ocrx_word' id='word_1_468' title='bbox 302 5697 574 5763; x_wconf 77' lang='lat' dir='ltr'><strong>dracones,</strong></span> <span class='ocrx_word' id='word_1_469' title='bbox 590 5701 690 5755; x_wconf 86' lang='lat' dir='ltr'><strong>hoc</strong></span> <span class='ocrx_word' id='word_1_470' title='bbox 701 5712 807 5765; x_wconf 89' lang='lat' dir='ltr'><strong>est,</strong></span> <span class='ocrx_word' id='word_1_471' title='bbox 819 5702 1109 5766; x_wconf 67' lang='lat' dir='ltr'><strong>diemones,</strong></span> <span class='ocrx_word' id='word_1_472' title='bbox 1124 5718 1242 5757; x_wconf 85' lang='lat' dir='ltr'><strong>cum</strong></span> <span class='ocrx_word' id='word_1_473' title='bbox 1257 5701 1420 5774; x_wconf 78' lang='lat' dir='ltr'><strong>fatuis</strong></span> <span class='ocrx_word' id='word_1_474' title='bbox 1433 5702 1631 5773; x_wconf 82' lang='lat' dir='ltr'><strong>ﬁcariis</strong></span> <span class='ocrx_word' id='word_1_475' title='bbox 1648 5700 1873 5774; x_wconf 56' lang='lat'><strong>(1813].).</strong></span> 
     </span>
    </p>
   </div>
   <div class='ocr_carea' id='block_1_62' title="bbox 1962 504 3540 589">
    <p class='ocr_par' dir='ltr' id='par_1_62' title="bbox 1962 504 3540 589">
     <span class='ocr_line' id='line_1_62' title="bbox 1962 504 3540 589; baseline 0.006 -24"><span class='ocrx_word' id='word_1_476' title='bbox 1962 529 2068 589; x_wconf 82' lang='lat' dir='ltr'><strong>rem</strong></span> <span class='ocrx_word' id='word_1_477' title='bbox 2098 504 2420 583; x_wconf 74' lang='lat' dir='ltr'><strong>sycomorum</strong></span> <span class='ocrx_word' id='word_1_478' title='bbox 2452 514 2603 585; x_wconf 82' lang='lat' dir='ltr'><strong>(Luc.</strong></span> <span class='ocrx_word' id='word_1_479' title='bbox 2635 516 2769 577; x_wconf 68' lang='lat' dir='ltr'><strong>XIX).</strong></span> <span class='ocrx_word' id='word_1_480' title='bbox 2803 514 2916 585; x_wconf 76' lang='lat' dir='ltr'><strong>Nux</strong></span> <span class='ocrx_word' id='word_1_481' title='bbox 2950 517 3213 589; x_wconf 81' lang='lat' dir='ltr'><strong>appellata</strong></span> <span class='ocrx_word' id='word_1_482' title='bbox 3248 519 3389 586; x_wconf 90' lang='lat' dir='ltr'><strong>quod</strong></span> <span class='ocrx_word' id='word_1_483' title='bbox 3418 536 3540 574; x_wconf 92' lang='lat' dir='ltr'><strong>um-</strong></span> 
     </span>
    </p>
   </div>
   <div class='ocr_carea' id='block_1_63' title="bbox 1962 604 3537 683">
    <p class='ocr_par' dir='ltr' id='par_1_63' title="bbox 1962 604 3537 683">
     <span class='ocr_line' id='line_1_63' title="bbox 1962 604 3537 683; baseline 0.005 -25"><span class='ocrx_word' id='word_1_484' title='bbox 1962 605 2056 658; x_wconf 89' lang='lat' dir='ltr'><strong>bra</strong></span> <span class='ocrx_word' id='word_1_485' title='bbox 2085 605 2165 657; x_wconf 73' lang='lat' dir='ltr'><strong>vel</strong></span> <span class='ocrx_word' id='word_1_486' title='bbox 2198 605 2525 683; x_wconf 58' lang='lat' dir='ltr'><strong>stillicidium</strong></span> <span class='ocrx_word' id='word_1_487' title='bbox 2561 604 2809 659; x_wconf 83' lang='lat' dir='ltr'><strong>foliorum</strong></span> <span class='ocrx_word' id='word_1_488' title='bbox 2844 607 2958 678; x_wconf 87' lang='lat' dir='ltr'><strong>ejus</strong></span> <span class='ocrx_word' id='word_1_489' title='bbox 2988 607 3276 662; x_wconf 87' lang='lat' dir='ltr'><strong>arboribus</strong></span> <span class='ocrx_word' id='word_1_490' title='bbox 3302 619 3490 664; x_wconf 90' lang='lat' dir='ltr'><strong>noceat</strong></span> <span class='ocrx_word' id='word_1_491' title='bbox 3524 629 3537 666; x_wconf 92' lang='lat'>:</span> 
     </span>
    </p>
   </div>
   <div class='ocr_carea' id='block_1_64' title="bbox 1961 680 3545 772">
    <p class='ocr_par' dir='ltr' id='par_1_64' title="bbox 1961 680 3545 772">
     <span class='ocr_line' id='line_1_64' title="bbox 1961 680 3545 772; baseline 0.004 -22"><span class='ocrx_word' id='word_1_492' title='bbox 1961 694 2101 751; x_wconf 88' lang='lat' dir='ltr'><strong>hanc</strong></span> <span class='ocrx_word' id='word_1_493' title='bbox 2153 694 2257 748; x_wconf 88' lang='lat' dir='ltr'><strong>alio</strong></span> <span class='ocrx_word' id='word_1_494' title='bbox 2308 680 2521 772; x_wconf 77' lang='lat' dir='ltr'><strong>nomine</strong></span> <span class='ocrx_word' id='word_1_495' title='bbox 2561 696 2738 750; x_wconf 90' lang='lat' dir='ltr'><strong>Latini</strong></span> <span class='ocrx_word' id='word_1_496' title='bbox 2775 697 3086 768; x_wconf 78' lang='lat' dir='ltr'><strong>jnglandem</strong></span> <span class='ocrx_word' id='word_1_497' title='bbox 3129 698 3335 764; x_wconf 89' lang='lat' dir='ltr'><strong>dicunt,</strong></span> <span class='ocrx_word' id='word_1_498' title='bbox 3388 700 3545 769; x_wconf 90' lang='lat' dir='ltr'><strong>quasi</strong></span> 
     </span>
    </p>
   </div>
   <div class='ocr_carea' id='block_1_65' title="bbox 1959 778 3542 855">
    <p class='ocr_par' dir='ltr' id='par_1_65' title="bbox 1959 778 3542 855">
     <span class='ocr_line' id='line_1_65' title="bbox 1959 778 3542 855; baseline 0.003 -17"><span class='ocrx_word' id='word_1_499' title='bbox 1959 782 2107 838; x_wconf 81' lang='lat' dir='ltr'><strong>Jovis</strong></span> <span class='ocrx_word' id='word_1_500' title='bbox 2126 778 2378 854; x_wconf 78' lang='lat' dir='ltr'><strong>glandem</strong></span> <span class='ocrx_word' id='word_1_501' title='bbox 2408 804 2419 837; x_wconf 87' lang='lat'>:</span> <span class='ocrx_word' id='word_1_502' title='bbox 2449 784 2545 839; x_wconf 84' lang='lat' dir='ltr'><strong>fuit</strong></span> <span class='ocrx_word' id='word_1_503' title='bbox 2566 787 2709 843; x_wconf 90' lang='lat' dir='ltr'><strong>enim</strong></span> <span class='ocrx_word' id='word_1_504' title='bbox 2736 787 2853 841; x_wconf 62' lang='lat' dir='ltr'><strong>haec</strong></span> <span class='ocrx_word' id='word_1_505' title='bbox 2881 788 3042 841; x_wconf 86' lang='lat' dir='ltr'><strong>arbor</strong></span> <span class='ocrx_word' id='word_1_506' title='bbox 3067 778 3381 842; x_wconf 21' lang='lat' dir='ltr'><strong>coInSecrata</strong></span> <span class='ocrx_word' id='word_1_507' title='bbox 3402 787 3542 855; x_wconf 83' lang='lat' dir='ltr'><strong>Jovi,</strong></span> 
     </span>
    </p>
   </div>
   <div class='ocr_carea' id='block_1_66' title="bbox 1960 866 3549 946">
    <p class='ocr_par' dir='ltr' id='par_1_66' title="bbox 1960 866 3549 946">
     <span class='ocr_line' id='line_1_66' title="bbox 1960 866 3549 946; baseline 0.002 -14"><span class='ocrx_word' id='word_1_508' title='bbox 1960 875 2113 945; x_wconf 89' lang='lat' dir='ltr'><strong>cujus</strong></span> <span class='ocrx_word' id='word_1_509' title='bbox 2165 893 2382 946; x_wconf 89' lang='lat' dir='ltr'><strong>pomum</strong></span> <span class='ocrx_word' id='word_1_510' title='bbox 2433 888 2634 932; x_wconf 89' lang='lat' dir='ltr'><strong>tantam</strong></span> <span class='ocrx_word' id='word_1_511' title='bbox 2665 879 2770 933; x_wconf 90' lang='lat' dir='ltr'><strong>vim</strong></span> <span class='ocrx_word' id='word_1_512' title='bbox 2812 866 2991 943; x_wconf 81' lang='lat' dir='ltr'><strong>habet,</strong></span> <span class='ocrx_word' id='word_1_513' title='bbox 3041 888 3100 945; x_wconf 84' lang='grc' dir='ltr'><strong>ιιι</strong></span> <span class='ocrx_word' id='word_1_514' title='bbox 3146 881 3368 933; x_wconf 90' lang='lat' dir='ltr'><strong>missum</strong></span> <span class='ocrx_word' id='word_1_515' title='bbox 3407 879 3549 935; x_wconf 89' lang='lat' dir='ltr'><strong>inter</strong></span> 
     </span>
    </p>
   </div>
   <div class='ocr_carea' id='block_1_67' title="bbox 1962 967 3546 1038">
    <p class='ocr_par' dir='ltr' id='par_1_67' title="bbox 1962 967 3546 1038">
     <span class='ocr_line' id='line_1_67' title="bbox 1962 967 3546 1038; baseline 0.004 -20"><span class='ocrx_word' id='word_1_516' title='bbox 1962 976 2239 1035; x_wconf 79' lang='lat' dir='ltr'><strong>suspectos</strong></span> <span class='ocrx_word' id='word_1_517' title='bbox 2262 968 2551 1021; x_wconf 87' lang='lat' dir='ltr'><strong>herbarum</strong></span> <span class='ocrx_word' id='word_1_518' title='bbox 2584 968 2665 1020; x_wconf 79' lang='lat' dir='ltr'><strong>vel</strong></span> <span class='ocrx_word' id='word_1_519' title='bbox 2688 967 2970 1036; x_wconf 78' lang='lat' dir='ltr'><strong>longorum</strong></span> <span class='ocrx_word' id='word_1_520' title='bbox 3004 968 3175 1033; x_wconf 87' lang='lat' dir='ltr'><strong>cibos,</strong></span> <span class='ocrx_word' id='word_1_521' title='bbox 3203 969 3460 1038; x_wconf 89' lang='lat' dir='ltr'><strong>quidquid</strong></span> <span class='ocrx_word' id='word_1_522' title='bbox 3494 971 3546 1024; x_wconf 88' lang='lat' dir='ltr'><strong>in</strong></span> 
     </span>
    </p>
   </div>
   <div class='ocr_carea' id='block_1_68' title="bbox 1959 1056 3546 1129">
    <p class='ocr_par' dir='ltr' id='par_1_68' title="bbox 1959 1056 3546 1129">
     <span class='ocr_line' id='line_1_68' title="bbox 1959 1056 3546 1129; baseline 0.003 -21"><span class='ocrx_word' id='word_1_523' title='bbox 1959 1056 2039 1119; x_wconf 81' lang='lat' dir='ltr'><strong>eis</strong></span> <span class='ocrx_word' id='word_1_524' title='bbox 2065 1056 2390 1110; x_wconf 86' lang='lat' dir='ltr'><strong>virulentum</strong></span> <span class='ocrx_word' id='word_1_525' title='bbox 2440 1067 2541 1120; x_wconf 88' lang='lat' dir='ltr'><strong>est,</strong></span> <span class='ocrx_word' id='word_1_526' title='bbox 2590 1057 2773 1122; x_wconf 88' lang='lat' dir='ltr'><strong>elidat,</strong></span> <span class='ocrx_word' id='word_1_527' title='bbox 2808 1059 2999 1126; x_wconf 81' lang='lat' dir='ltr'><strong>rapiat,</strong></span> <span class='ocrx_word' id='word_1_528' title='bbox 3029 1067 3192 1128; x_wconf 90' lang='lat' dir='ltr'><strong>atque</strong></span> <span class='ocrx_word' id='word_1_529' title='bbox 3218 1060 3546 1129; x_wconf 69' lang='lat' dir='ltr'><strong>exsxinguat.</strong></span> 
     </span>
    </p>
   </div>
   <div class='ocr_carea' id='block_1_69' title="bbox 1960 1144 3546 1218">
    <p class='ocr_par' dir='ltr' id='par_1_69' title="bbox 1960 1144 3546 1218">
     <span class='ocr_line' id='line_1_69' title="bbox 1960 1144 3546 1218; baseline 0.002 -19"><span class='ocrx_word' id='word_1_530' title='bbox 1960 1144 2137 1200; x_wconf 89' lang='lat' dir='ltr'><strong>Nuces</strong></span> <span class='ocrx_word' id='word_1_531' title='bbox 2174 1154 2353 1200; x_wconf 88' lang='lat' dir='ltr'><strong>autem</strong></span> <span class='ocrx_word' id='word_1_532' title='bbox 2384 1146 2711 1217; x_wconf 83' lang='lat' dir='ltr'><strong>generaliter</strong></span> <span class='ocrx_word' id='word_1_533' title='bbox 2742 1147 2927 1202; x_wconf 91' lang='lat' dir='ltr'><strong>dicunt</strong></span> <span class='ocrx_word' id='word_1_534' title='bbox 2970 1148 3152 1202; x_wconf 90' lang='lat' dir='ltr'><strong>omnia</strong></span> <span class='ocrx_word' id='word_1_535' title='bbox 3195 1164 3355 1218; x_wconf 89' lang='lat' dir='ltr'><strong>poma</strong></span> <span class='ocrx_word' id='word_1_536' title='bbox 3406 1156 3546 1217; x_wconf 77' lang='lat' dir='ltr'><strong>tecta</strong></span> 
     </span>
    </p>
   </div>
   <div class='ocr_carea' id='block_1_70' title="bbox 1900 1237 3547 1309">
    <p class='ocr_par' dir='ltr' id='par_1_70' title="bbox 1900 1237 3547 1309">
     <span class='ocr_line' id='line_1_70' title="bbox 1900 1237 3547 1309; baseline -0.002 -14"><span class='ocrx_word' id='word_1_537' title='bbox 1900 1302 1905 1307; x_wconf 56' lang='grc'>,</span> <span class='ocrx_word' id='word_1_538' title='bbox 1960 1237 2108 1295; x_wconf 88' lang='lat' dir='ltr'><strong>corio</strong></span> <span class='ocrx_word' id='word_1_539' title='bbox 2135 1237 2395 1292; x_wconf 90' lang='lat' dir='ltr'><strong>duriore:</strong></span> <span class='ocrx_word' id='word_1_540' title='bbox 2437 1247 2497 1292; x_wconf 88' lang='lat' dir='ltr'><strong>ut</strong></span> <span class='ocrx_word' id='word_1_541' title='bbox 2523 1238 2716 1309; x_wconf 65' lang='lat' dir='ltr'><strong>pineae,</strong></span> <span class='ocrx_word' id='word_1_542' title='bbox 2748 1253 2933 1301; x_wconf 91' lang='lat' dir='ltr'><strong>nuces,</strong></span> <span class='ocrx_word' id='word_1_543' title='bbox 2984 1237 3262 1304; x_wconf 85' lang='lat' dir='ltr'><strong>avellanae,</strong></span> <span class='ocrx_word' id='word_1_544' title='bbox 3305 1238 3547 1309; x_wconf 86' lang='lat' dir='ltr'><strong>glandes,</strong></span> 
     </span>
    </p>
   </div>
   <div class='ocr_carea' id='block_1_71' title="bbox 1960 1330 3548 1402">
    <p class='ocr_par' dir='ltr' id='par_1_71' title="bbox 1960 1330 3548 1402">
     <span class='ocr_line' id='line_1_71' title="bbox 1960 1330 3548 1402; baseline -0.003 -13"><span class='ocrx_word' id='word_1_545' title='bbox 1960 1340 2247 1397; x_wconf 75' lang='lat' dir='ltr'><strong>castaneze,</strong></span> <span class='ocrx_word' id='word_1_546' title='bbox 2274 1331 2571 1402; x_wconf 69' lang='lat' dir='ltr'><strong>amygdala:</strong></span> <span class='ocrx_word' id='word_1_547' title='bbox 2602 1348 2614 1384; x_wconf 89' lang='lat'><strong>:</strong></span> <span class='ocrx_word' id='word_1_548' title='bbox 2639 1330 2768 1386; x_wconf 92' lang='lat' dir='ltr'><strong>hinc</strong></span> <span class='ocrx_word' id='word_1_549' title='bbox 2791 1339 2848 1386; x_wconf 89' lang='lat' dir='ltr'><strong>et</strong></span> <span class='ocrx_word' id='word_1_550' title='bbox 2869 1330 3044 1385; x_wconf 77' lang='lat' dir='ltr'><strong>nuclei</strong></span> <span class='ocrx_word' id='word_1_551' title='bbox 3073 1331 3225 1396; x_wconf 88' lang='lat' dir='ltr'><strong>dicti,</strong></span> <span class='ocrx_word' id='word_1_552' title='bbox 3250 1331 3393 1400; x_wconf 89' lang='lat' dir='ltr'><strong>quod</strong></span> <span class='ocrx_word' id='word_1_553' title='bbox 3420 1341 3548 1385; x_wconf 89' lang='lat' dir='ltr'><strong>sunt</strong></span> 
     </span>
    </p>
   </div>
   <div class='ocr_carea' id='block_1_72' title="bbox 1960 1419 3546 1490">
    <p class='ocr_par' dir='ltr' id='par_1_72' title="bbox 1960 1419 3546 1490">
     <span class='ocr_line' id='line_1_72' title="bbox 1960 1419 3546 1490; baseline -0.001 -15"><span class='ocrx_word' id='word_1_554' title='bbox 1960 1421 2099 1475; x_wconf 91' lang='lat' dir='ltr'><strong>duro</strong></span> <span class='ocrx_word' id='word_1_555' title='bbox 2127 1420 2280 1475; x_wconf 89' lang='lat' dir='ltr'><strong>corio</strong></span> <span class='ocrx_word' id='word_1_556' title='bbox 2318 1421 2464 1475; x_wconf 87' lang='lat' dir='ltr'><strong>tecti.</strong></span> <span class='ocrx_word' id='word_1_557' title='bbox 2493 1420 2564 1473; x_wconf 85' lang='lat' dir='ltr'><strong>At</strong></span> <span class='ocrx_word' id='word_1_558' title='bbox 2586 1429 2771 1476; x_wconf 89' lang='lat' dir='ltr'><strong>contra</strong></span> <span class='ocrx_word' id='word_1_559' title='bbox 2800 1435 2958 1490; x_wconf 78' lang='lat' dir='ltr'><strong>poma</strong></span> <span class='ocrx_word' id='word_1_560' title='bbox 2987 1419 3167 1474; x_wconf 90' lang='lat' dir='ltr'><strong>omnia</strong></span> <span class='ocrx_word' id='word_1_561' title='bbox 3198 1420 3378 1474; x_wconf 89' lang='lat' dir='ltr'><strong>mollia</strong></span> <span class='ocrx_word' id='word_1_562' title='bbox 3405 1419 3546 1474; x_wconf 90' lang='lat' dir='ltr'><strong>mala</strong></span> 
     </span>
    </p>
   </div>
   <div class='ocr_carea' id='block_1_73' title="bbox 1959 1511 3547 1582">
    <p class='ocr_par' dir='ltr' id='par_1_73' title="bbox 1959 1511 3547 1582">
     <span class='ocr_line' id='line_1_73' title="bbox 1959 1511 3547 1582; baseline 0.001 -16"><span class='ocrx_word' id='word_1_563' title='bbox 1959 1512 2125 1578; x_wconf 89' lang='lat' dir='ltr'><strong>dicta,</strong></span> <span class='ocrx_word' id='word_1_564' title='bbox 2156 1512 2252 1566; x_wconf 89' lang='lat' dir='ltr'><strong>sed</strong></span> <span class='ocrx_word' id='word_1_565' title='bbox 2296 1528 2418 1566; x_wconf 90' lang='lat' dir='ltr'><strong>cum</strong></span> <span class='ocrx_word' id='word_1_566' title='bbox 2442 1511 2741 1581; x_wconf 75' lang='lat' dir='ltr'><strong>adiectione</strong></span> <span class='ocrx_word' id='word_1_567' title='bbox 2767 1523 3034 1567; x_wconf 88' lang='lat' dir='ltr'><strong>terrarum</strong></span> <span class='ocrx_word' id='word_1_568' title='bbox 3066 1511 3119 1566; x_wconf 91' lang='lat' dir='ltr'><strong>in</strong></span> <span class='ocrx_word' id='word_1_569' title='bbox 3147 1511 3345 1582; x_wconf 91' lang='lat' dir='ltr'><strong>quibus</strong></span> <span class='ocrx_word' id='word_1_570' title='bbox 3390 1521 3547 1567; x_wconf 88' lang='lat' dir='ltr'><strong>antea</strong></span> 
     </span>
    </p>
   </div>
   <div class='ocr_carea' id='block_1_74' title="bbox 1960 1585 3544 1677">
    <p class='ocr_par' dir='ltr' id='par_1_74' title="bbox 1960 1585 3544 1677">
     <span class='ocr_line' id='line_1_74' title="bbox 1960 1585 3544 1677; baseline 0.001 -21"><span class='ocrx_word' id='word_1_571' title='bbox 1960 1585 2085 1677; x_wconf 80' lang='lat' dir='ltr'><strong>nata</strong></span> <span class='ocrx_word' id='word_1_572' title='bbox 2118 1610 2274 1657; x_wconf 88' lang='lat' dir='ltr'><strong>sunt:</strong></span> <span class='ocrx_word' id='word_1_573' title='bbox 2297 1612 2353 1655; x_wconf 89' lang='lat' dir='ltr'><strong>ut</strong></span> <span class='ocrx_word' id='word_1_574' title='bbox 2381 1602 2850 1667; x_wconf 85' lang='lat' dir='ltr'><strong>Persica,Punica,</strong></span> <span class='ocrx_word' id='word_1_575' title='bbox 2877 1601 3128 1667; x_wconf 86' lang='lat' dir='ltr'><strong>Matiana,</strong></span> <span class='ocrx_word' id='word_1_576' title='bbox 3154 1602 3414 1674; x_wconf 86' lang='lat' dir='ltr'><strong>Cydonia,</strong></span> <span class='ocrx_word' id='word_1_577' title='bbox 3437 1611 3544 1657; x_wconf 89' lang='lat' dir='ltr'><strong>etc.</strong></span> 
     </span>
    </p>
   </div>
   <div class='ocr_carea' id='block_1_75' title="bbox 1904 1694 3546 1769">
    <p class='ocr_par' dir='ltr' id='par_1_75' title="bbox 1904 1694 3546 1769">
     <span class='ocr_line' id='line_1_75' title="bbox 1904 1694 3546 1769; baseline 0.003 -21"><span class='ocrx_word' id='word_1_578' title='bbox 1904 1756 1909 1757; x_wconf 19' lang='grc' dir='ltr'>ί</span> <span class='ocrx_word' id='word_1_579' title='bbox 1964 1694 2186 1766; x_wconf 74' lang='lat' dir='ltr'><strong>Mystice</strong></span> <span class='ocrx_word' id='word_1_580' title='bbox 2236 1708 2415 1750; x_wconf 84' lang='lat' dir='ltr'><strong>autem</strong></span> <span class='ocrx_word' id='word_1_581' title='bbox 2469 1697 2621 1752; x_wconf 89' lang='lat' dir='ltr'><strong>nucis</strong></span> <span class='ocrx_word' id='word_1_582' title='bbox 2650 1697 3105 1766; x_wconf 61' lang='lat' dir='ltr'><strong>ariorsignilicat</strong></span> <span class='ocrx_word' id='word_1_583' title='bbox 3146 1697 3428 1769; x_wconf 88' lang='lat' dir='ltr'><strong>ecclesiam</strong></span> <span class='ocrx_word' id='word_1_584' title='bbox 3460 1698 3546 1753; x_wconf 89' lang='lat' dir='ltr'><strong>vel</strong></span> 
     </span>
    </p>
   </div>
   <div class='ocr_carea' id='block_1_76' title="bbox 271 1772 1929 1863">
    <p class='ocr_par' dir='ltr' id='par_1_76' title="bbox 271 1772 1929 1863">
     <span class='ocr_line' id='line_1_76' title="bbox 271 1772 1929 1863; baseline 0 -26"><span class='ocrx_word' id='word_1_585' title='bbox 271 1787 489 1857; x_wconf 78' lang='lat' dir='ltr'><strong>quanle</strong></span> <span class='ocrx_word' id='word_1_586' title='bbox 519 1784 860 1843; x_wconf 85' lang='lat' dir='ltr'><strong>dulcedinem</strong></span> <span class='ocrx_word' id='word_1_587' title='bbox 907 1785 1083 1863; x_wconf 72' lang='lat' dir='ltr'><strong>bonae</strong></span> <span class='ocrx_word' id='word_1_588' title='bbox 1115 1783 1478 1853; x_wconf 72' lang='lat' dir='ltr'><strong>operationis,</strong></span> <span class='ocrx_word' id='word_1_589' title='bbox 1520 1782 1851 1854; x_wconf 79' lang='lat' dir='ltr'><strong>ﬂagrantiam</strong></span> <span class='ocrx_word' id='word_1_590' title='bbox 1885 1772 1929 1829; x_wconf 82' lang='grc' dir='ltr'><strong>Β</strong></span> 
     </span>
    </p>
   </div>
   <div class='ocr_carea' id='block_1_77' title="bbox 1960 1788 3543 1857">
    <p class='ocr_par' dir='ltr' id='par_1_77' title="bbox 1960 1788 3543 1857">
     <span class='ocr_line' id='line_1_77' title="bbox 1960 1788 3543 1857; baseline 0 -12"><span class='ocrx_word' id='word_1_591' title='bbox 1960 1797 2211 1845; x_wconf 81' lang='lat' dir='ltr'><strong>sanctum</strong></span> <span class='ocrx_word' id='word_1_592' title='bbox 2265 1789 2447 1851; x_wconf 85' lang='lat' dir='ltr'><strong>virum</strong></span> <span class='ocrx_word' id='word_1_593' title='bbox 2497 1789 2833 1857; x_wconf 85' lang='lat' dir='ltr'><strong>dulcedinem</strong></span> <span class='ocrx_word' id='word_1_594' title='bbox 2880 1789 3151 1849; x_wconf 80' lang='lat' dir='ltr'><strong>fructuum</strong></span> <span class='ocrx_word' id='word_1_595' title='bbox 3181 1788 3439 1844; x_wconf 86' lang='lat' dir='ltr'><strong>virtutum</strong></span> <span class='ocrx_word' id='word_1_596' title='bbox 3491 1791 3543 1845; x_wconf 90' lang='lat' dir='ltr'><strong>in</strong></span> 
     </span>
    </p>
   </div>
   <div class='ocr_carea' id='block_1_78' title="bbox 1960 1876 3547 1950">
    <p class='ocr_par' dir='ltr' id='par_1_78' title="bbox 1960 1876 3547 1950">
     <span class='ocr_line' id='line_1_78' title="bbox 1960 1876 3547 1950; baseline 0.004 -20"><span class='ocrx_word' id='word_1_597' title='bbox 1960 1876 2143 1932; x_wconf 85' lang='lat' dir='ltr'><strong>abdito</strong></span> <span class='ocrx_word' id='word_1_598' title='bbox 2197 1879 2376 1934; x_wconf 86' lang='lat' dir='ltr'><strong>cordis</strong></span> <span class='ocrx_word' id='word_1_599' title='bbox 2425 1888 2747 1950; x_wconf 86' lang='lat' dir='ltr'><strong>gestantem.</strong></span> <span class='ocrx_word' id='word_1_600' title='bbox 2795 1877 2948 1935; x_wconf 90' lang='lat' dir='ltr'><strong>Unde</strong></span> <span class='ocrx_word' id='word_1_601' title='bbox 2995 1895 3191 1950; x_wconf 87' lang='lat' dir='ltr'><strong>sponsa</strong></span> <span class='ocrx_word' id='word_1_602' title='bbox 3238 1880 3292 1934; x_wconf 91' lang='lat' dir='ltr'><strong>in</strong></span> <span class='ocrx_word' id='word_1_603' title='bbox 3321 1879 3547 1936; x_wconf 87' lang='lat' dir='ltr'><strong>Cantico</strong></span> 
     </span>
    </p>
   </div>
   <div class='ocr_carea' id='block_1_79' title="bbox 1960 1967 3547 2033">
    <p class='ocr_par' dir='ltr' id='par_1_79' title="bbox 1960 1967 3547 2033">
     <span class='ocr_line' id='line_1_79' title="bbox 1960 1967 3547 2033; baseline 0.003 -15"><span class='ocrx_word' id='word_1_604' title='bbox 1960 1967 2292 2025; x_wconf 86' lang='lat' dir='ltr'><strong>canticorum</strong></span> <span class='ocrx_word' id='word_1_605' title='bbox 2331 1968 2462 2022; x_wconf 90' lang='lat' dir='ltr'><strong>dicit</strong></span> <span class='ocrx_word' id='word_1_606' title='bbox 2508 1982 2523 2020; x_wconf 89' lang='lat'><strong>:</strong></span> <span class='ocrx_word' id='word_1_607' title='bbox 2569 1967 2821 2021; x_wconf 83' lang='lat' dir='ltr'><strong>Descendi</strong></span> <span class='ocrx_word' id='word_1_608' title='bbox 2877 1969 2945 2022; x_wconf 85' lang='lat' dir='ltr'><strong>ad</strong></span> <span class='ocrx_word' id='word_1_609' title='bbox 2979 1970 3187 2021; x_wconf 86' lang='lat' dir='ltr'><strong>hortum</strong></span> <span class='ocrx_word' id='word_1_610' title='bbox 3220 1985 3446 2033; x_wconf 88' lang='lat' dir='ltr'><strong>nucum,</strong></span> <span class='ocrx_word' id='word_1_611' title='bbox 3490 1979 3547 2023; x_wconf 89' lang='lat' dir='ltr'><strong>ut</strong></span> 
     </span>
    </p>
   </div>
   <div class='ocr_carea' id='block_1_80' title="bbox 1962 2056 3544 2130">
    <p class='ocr_par' dir='ltr' id='par_1_80' title="bbox 1962 2056 3544 2130">
     <span class='ocr_line' id='line_1_80' title="bbox 1962 2056 3544 2130; baseline -0.001 -18"><span class='ocrx_word' id='word_1_612' title='bbox 1962 2058 2184 2112; x_wconf 85' lang='lat' dir='ltr'><strong>viderem</strong></span> <span class='ocrx_word' id='word_1_613' title='bbox 2214 2074 2368 2127; x_wconf 83' lang='lat' dir='ltr'><strong>poma</strong></span> <span class='ocrx_word' id='word_1_614' title='bbox 2408 2056 2718 2110; x_wconf 83' lang='lat' dir='ltr'><strong>convallium</strong></span> <span class='ocrx_word' id='word_1_615' title='bbox 2753 2056 2929 2128; x_wconf 88' lang='lat' dir='ltr'><strong>(Cant.</strong></span> <span class='ocrx_word' id='word_1_616' title='bbox 2959 2057 3057 2130; x_wconf 80' lang='lat' dir='ltr'><strong>vi).</strong></span> <span class='ocrx_word' id='word_1_617' title='bbox 3109 2056 3309 2112; x_wconf 81' lang='lat' dir='ltr'><strong>Hortus</strong></span> <span class='ocrx_word' id='word_1_618' title='bbox 3345 2059 3544 2113; x_wconf 87' lang='lat' dir='ltr'><strong>etenim</strong></span> 
     </span>
    </p>
   </div>
   <div class='ocr_carea' id='block_1_81' title="bbox 1961 2149 3544 2218">
    <p class='ocr_par' dir='ltr' id='par_1_81' title="bbox 1961 2149 3544 2218">
     <span class='ocr_line' id='line_1_81' title="bbox 1961 2149 3544 2218; baseline 0 -14"><span class='ocrx_word' id='word_1_619' title='bbox 1961 2166 2156 2205; x_wconf 90' lang='lat' dir='ltr'><strong>nucum</strong></span> <span class='ocrx_word' id='word_1_620' title='bbox 2181 2149 2409 2204; x_wconf 88' lang='lat' dir='ltr'><strong>ecclesia</strong></span> <span class='ocrx_word' id='word_1_621' title='bbox 2441 2157 2526 2204; x_wconf 92' lang='lat' dir='ltr'><strong>est</strong></span> <span class='ocrx_word' id='word_1_622' title='bbox 2550 2164 2806 2218; x_wconf 74' lang='lat' dir='ltr'><strong>przesens,</strong></span> <span class='ocrx_word' id='word_1_623' title='bbox 2828 2149 2920 2203; x_wconf 90' lang='lat' dir='ltr'><strong>ubi</strong></span> <span class='ocrx_word' id='word_1_624' title='bbox 2952 2157 3167 2202; x_wconf 89' lang='lat' dir='ltr'><strong>nostras</strong></span> <span class='ocrx_word' id='word_1_625' title='bbox 3185 2149 3544 2204; x_wconf 88' lang='lat' dir='ltr'><strong>conscientias</strong></span> 
     </span>
    </p>
   </div>
   <div class='ocr_carea' id='block_1_82' title="bbox 1961 2228 3544 2309">
    <p class='ocr_par' dir='ltr' id='par_1_82' title="bbox 1961 2228 3544 2309">
     <span class='ocr_line' id='line_1_82' title="bbox 1961 2228 3544 2309; baseline -0.001 -13"><span class='ocrx_word' id='word_1_626' title='bbox 1961 2241 2278 2296; x_wconf 89' lang='lat' dir='ltr'><strong>alterutrum</strong></span> <span class='ocrx_word' id='word_1_627' title='bbox 2316 2240 2538 2294; x_wconf 84' lang='lat' dir='ltr'><strong>minime</strong></span> <span class='ocrx_word' id='word_1_628' title='bbox 2566 2240 2843 2295; x_wconf 90' lang='lat' dir='ltr'><strong>videamus</strong></span> <span class='ocrx_word' id='word_1_629' title='bbox 2876 2257 2888 2293; x_wconf 91' lang='lat'>:</span> <span class='ocrx_word' id='word_1_630' title='bbox 2935 2239 3027 2294; x_wconf 90' lang='lat' dir='ltr'><strong>sed</strong></span> <span class='ocrx_word' id='word_1_631' title='bbox 3076 2240 3246 2294; x_wconf 89' lang='lat' dir='ltr'><strong>fracta</strong></span> <span class='ocrx_word' id='word_1_632' title='bbox 3281 2254 3380 2309; x_wconf 89' lang='lat' dir='ltr'><strong>per</strong></span> <span class='ocrx_word' id='word_1_633' title='bbox 3422 2228 3544 2295; x_wconf 86' lang='lat' dir='ltr'><strong>ten-</strong></span> 
     </span>
    </p>
   </div>
   <div class='ocr_carea' id='block_1_83' title="bbox 1962 2329 3547 2401">
    <p class='ocr_par' dir='ltr' id='par_1_83' title="bbox 1962 2329 3547 2401">
     <span class='ocr_line' id='line_1_83' title="bbox 1962 2329 3547 2401; baseline 0.001 -16"><span class='ocrx_word' id='word_1_634' title='bbox 1962 2330 2220 2387; x_wconf 89' lang='lat' dir='ltr'><strong>tationem</strong></span> <span class='ocrx_word' id='word_1_635' title='bbox 2251 2338 2388 2385; x_wconf 89' lang='lat' dir='ltr'><strong>testa</strong></span> <span class='ocrx_word' id='word_1_636' title='bbox 2412 2329 2678 2401; x_wconf 91' lang='lat' dir='ltr'><strong>corporis,</strong></span> <span class='ocrx_word' id='word_1_637' title='bbox 2697 2330 2975 2399; x_wconf 88' lang='lat' dir='ltr'><strong>apparebit</strong></span> <span class='ocrx_word' id='word_1_638' title='bbox 3000 2331 3223 2385; x_wconf 78' lang='lat' dir='ltr'><strong>internze</strong></span> <span class='ocrx_word' id='word_1_639' title='bbox 3246 2330 3547 2387; x_wconf 87' lang='lat' dir='ltr'><strong>dulcedinis</strong></span> 
     </span>
    </p>
   </div>
   <div class='ocr_carea' id='block_1_84' title="bbox 1961 2408 3544 2492">
    <p class='ocr_par' dir='ltr' id='par_1_84' title="bbox 1961 2408 3544 2492">
     <span class='ocr_line' id='line_1_84' title="bbox 1961 2408 3544 2492; baseline 0.001 -18"><span class='ocrx_word' id='word_1_640' title='bbox 1961 2429 2169 2492; x_wconf 89' lang='lat' dir='ltr'><strong>gustus.</strong></span> <span class='ocrx_word' id='word_1_641' title='bbox 2201 2419 2365 2474; x_wconf 87' lang='lat' dir='ltr'><strong>Poma</strong></span> <span class='ocrx_word' id='word_1_642' title='bbox 2395 2408 2654 2475; x_wconf 81' lang='lat' dir='ltr'><strong>convallis</strong></span> <span class='ocrx_word' id='word_1_643' title='bbox 2680 2412 2886 2474; x_wconf 83' lang='lat' dir='ltr'><strong>fructus</strong></span> <span class='ocrx_word' id='word_1_644' title='bbox 2923 2428 3008 2475; x_wconf 87' lang='lat' dir='ltr'><strong>est</strong></span> <span class='ocrx_word' id='word_1_645' title='bbox 3046 2419 3413 2489; x_wconf 80' lang='lat' dir='ltr'><strong>humilitatis:</strong></span> <span class='ocrx_word' id='word_1_646' title='bbox 3446 2408 3544 2475; x_wconf 80' lang='lat' dir='ltr'><strong>de-</strong></span> 
     </span>
    </p>
   </div>
   <div class='ocr_carea' id='block_1_85' title="bbox 1963 2498 3543 2589">
    <p class='ocr_par' dir='ltr' id='par_1_85' title="bbox 1963 2498 3543 2589">
     <span class='ocr_line' id='line_1_85' title="bbox 1963 2498 3543 2589; baseline -0.001 -23"><span class='ocrx_word' id='word_1_647' title='bbox 1963 2511 2171 2566; x_wconf 88' lang='lat' dir='ltr'><strong>scendit</strong></span> <span class='ocrx_word' id='word_1_648' title='bbox 2198 2498 2384 2566; x_wconf 84' lang='lat' dir='ltr'><strong>sancta</strong></span> <span class='ocrx_word' id='word_1_649' title='bbox 2408 2510 2651 2566; x_wconf 87' lang='lat' dir='ltr'><strong>Ecclesia</strong></span> <span class='ocrx_word' id='word_1_650' title='bbox 2681 2525 2780 2579; x_wconf 88' lang='lat' dir='ltr'><strong>per</strong></span> <span class='ocrx_word' id='word_1_651' title='bbox 2809 2510 3059 2566; x_wconf 89' lang='lat' dir='ltr'><strong>doctores</strong></span> <span class='ocrx_word' id='word_1_652' title='bbox 3084 2520 3302 2589; x_wconf 89' lang='lat' dir='ltr'><strong>sanctos</strong></span> <span class='ocrx_word' id='word_1_653' title='bbox 3332 2529 3345 2564; x_wconf 91' lang='lat'><strong>:</strong></span> <span class='ocrx_word' id='word_1_654' title='bbox 3376 2520 3435 2565; x_wconf 93' lang='lat' dir='ltr'><strong>ut</strong></span> <span class='ocrx_word' id='word_1_655' title='bbox 3459 2511 3543 2565; x_wconf 83' lang='lat' dir='ltr'><strong>vi-</strong></span> 
     </span>
    </p>
   </div>
   <div class='ocr_carea' id='block_1_86' title="bbox 1964 2594 3549 2677">
    <p class='ocr_par' dir='ltr' id='par_1_86' title="bbox 1964 2594 3549 2677">
     <span class='ocr_line' id='line_1_86' title="bbox 1964 2594 3549 2677; baseline -0.002 -19"><span class='ocrx_word' id='word_1_656' title='bbox 1964 2603 2107 2667; x_wconf 88' lang='lat' dir='ltr'><strong>deat,</strong></span> <span class='ocrx_word' id='word_1_657' title='bbox 2139 2601 2229 2672; x_wconf 90' lang='lat' dir='ltr'><strong>qui</strong></span> <span class='ocrx_word' id='word_1_658' title='bbox 2258 2601 2546 2673; x_wconf 89' lang='lat' dir='ltr'><strong>proﬁciant</strong></span> <span class='ocrx_word' id='word_1_659' title='bbox 2585 2602 2651 2656; x_wconf 91' lang='lat' dir='ltr'><strong>ad</strong></span> <span class='ocrx_word' id='word_1_660' title='bbox 2683 2602 2891 2656; x_wconf 90' lang='lat' dir='ltr'><strong>fructus</strong></span> <span class='ocrx_word' id='word_1_661' title='bbox 2918 2594 3091 2656; x_wconf 91' lang='lat' dir='ltr'><strong>bonos</strong></span> <span class='ocrx_word' id='word_1_662' title='bbox 3129 2620 3141 2655; x_wconf 95' lang='lat'>:</span> <span class='ocrx_word' id='word_1_663' title='bbox 3182 2600 3343 2677; x_wconf 67' lang='lat' dir='ltr'><strong>quire</strong></span> <span class='ocrx_word' id='word_1_664' title='bbox 3371 2602 3549 2655; x_wconf 88' lang='lat' dir='ltr'><strong>adhuc</strong></span> 
     </span>
    </p>
   </div>
   <div class='ocr_carea' id='block_1_87' title="bbox 1964 2687 3545 2769">
    <p class='ocr_par' dir='ltr' id='par_1_87' title="bbox 1964 2687 3545 2769">
     <span class='ocr_line' id='line_1_87' title="bbox 1964 2687 3545 2769; baseline -0.006 -18"><span class='ocrx_word' id='word_1_665' title='bbox 1964 2691 2239 2764; x_wconf 89' lang='lat' dir='ltr'><strong>indigeant</strong></span> <span class='ocrx_word' id='word_1_666' title='bbox 2274 2692 2532 2746; x_wconf 81' lang='lat' dir='ltr'><strong>doctrinae</strong></span> <span class='ocrx_word' id='word_1_667' title='bbox 2573 2691 2908 2762; x_wconf 89' lang='lat' dir='ltr'><strong>irrigatione.</strong></span> <span class='ocrx_word' id='word_1_668' title='bbox 2938 2687 3068 2746; x_wconf 86' lang='lat' dir='ltr'><strong>Item</strong></span> <span class='ocrx_word' id='word_1_669' title='bbox 3099 2706 3265 2769; x_wconf 84' lang='lat' dir='ltr'><strong>nuces</strong></span> <span class='ocrx_word' id='word_1_670' title='bbox 3290 2690 3545 2744; x_wconf 88' lang='lat' dir='ltr'><strong>incarna-</strong></span> 
     </span>
    </p>
   </div>
   <div class='ocr_carea' id='block_1_88' title="bbox 1966 2778 3545 2851">
    <p class='ocr_par' dir='ltr' id='par_1_88' title="bbox 1966 2778 3545 2851">
     <span class='ocr_line' id='line_1_88' title="bbox 1966 2778 3545 2851; baseline -0.004 -15"><span class='ocrx_word' id='word_1_671' title='bbox 1966 2783 2165 2836; x_wconf 89' lang='lat' dir='ltr'><strong>tionem</strong></span> <span class='ocrx_word' id='word_1_672' title='bbox 2223 2782 2436 2837; x_wconf 90' lang='lat' dir='ltr'><strong>Domini</strong></span> <span class='ocrx_word' id='word_1_673' title='bbox 2466 2780 2786 2846; x_wconf 87' lang='lat' dir='ltr'><strong>Salvatoris,</strong></span> <span class='ocrx_word' id='word_1_674' title='bbox 2844 2778 2959 2835; x_wconf 88' lang='lat' dir='ltr'><strong>sive</strong></span> <span class='ocrx_word' id='word_1_675' title='bbox 2996 2779 3312 2851; x_wconf 89' lang='lat' dir='ltr'><strong>mysterium</strong></span> <span class='ocrx_word' id='word_1_676' title='bbox 3345 2787 3545 2833; x_wconf 72' lang='lat' dir='ltr'><strong>sanctae</strong></span> 
     </span>
    </p>
   </div>
   <div class='ocr_carea' id='block_1_89' title="bbox 1965 2869 3548 2951">
    <p class='ocr_par' dir='ltr' id='par_1_89' title="bbox 1965 2869 3548 2951">
     <span class='ocr_line' id='line_1_89' title="bbox 1965 2869 3548 2951; baseline -0.004 -22"><span class='ocrx_word' id='word_1_677' title='bbox 1965 2874 2248 2929; x_wconf 87' lang='lat' dir='ltr'><strong>Trinitatis</strong></span> <span class='ocrx_word' id='word_1_678' title='bbox 2279 2874 2360 2951; x_wconf 91' lang='lat' dir='ltr'><strong>(ut</strong></span> <span class='ocrx_word' id='word_1_679' title='bbox 2405 2875 2621 2944; x_wconf 86' lang='lat' dir='ltr'><strong>quidam</strong></span> <span class='ocrx_word' id='word_1_680' title='bbox 2667 2872 2879 2943; x_wconf 86' lang='lat' dir='ltr'><strong>putant)</strong></span> <span class='ocrx_word' id='word_1_681' title='bbox 2913 2870 3240 2944; x_wconf 87' lang='lat' dir='ltr'><strong>signiﬁcant.</strong></span> <span class='ocrx_word' id='word_1_682' title='bbox 3296 2871 3447 2926; x_wconf 88' lang='lat' dir='ltr'><strong>Un&#39;e</strong></span> <span class='ocrx_word' id='word_1_683' title='bbox 3494 2869 3548 2923; x_wconf 92' lang='lat' dir='ltr'><strong>in</strong></span> 
     </span>
    </p>
   </div>
   <div class='ocr_carea' id='block_1_90' title="bbox 1965 2954 3550 3037">
    <p class='ocr_par' dir='ltr' id='par_1_90' title="bbox 1965 2954 3550 3037">
     <span class='ocr_line' id='line_1_90' title="bbox 1965 2954 3550 3037; baseline -0.003 -19"><span class='ocrx_word' id='word_1_684' title='bbox 1965 2966 2104 3020; x_wconf 91' lang='lat' dir='ltr'><strong>libro</strong></span> <span class='ocrx_word' id='word_1_685' title='bbox 2131 2965 2352 3021; x_wconf 86' lang='lat' dir='ltr'><strong>Numeri</strong></span> <span class='ocrx_word' id='word_1_686' title='bbox 2378 2966 2443 3020; x_wconf 88' lang='lat' dir='ltr'><strong>de</strong></span> <span class='ocrx_word' id='word_1_687' title='bbox 2472 2966 2621 3037; x_wconf 87' lang='lat' dir='ltr'><strong>virga</strong></span> <span class='ocrx_word' id='word_1_688' title='bbox 2650 2954 2831 3019; x_wconf 69' lang='lat' dir='ltr'><strong>Aaron</strong></span> <span class='ocrx_word' id='word_1_689' title='bbox 2864 2963 2936 3017; x_wconf 90' lang='lat' dir='ltr'><strong>ita</strong></span> <span class='ocrx_word' id='word_1_690' title='bbox 2972 2963 3171 3034; x_wconf 84' lang='lat' dir='ltr'><strong>legitur</strong></span> <span class='ocrx_word' id='word_1_691' title='bbox 3200 2978 3215 3016; x_wconf 90' lang='lat'><strong>:</strong></span> <span class='ocrx_word' id='word_1_692' title='bbox 3265 2961 3333 3015; x_wconf 87' lang='lat' dir='ltr'><strong>Et</strong></span> <span class='ocrx_word' id='word_1_693' title='bbox 3360 2962 3550 3032; x_wconf 85' lang='lat' dir='ltr'><strong>germi-</strong></span> 
     </span>
    </p>
   </div>
   <div class='ocr_carea' id='block_1_91' title="bbox 1967 3051 3547 3127">
    <p class='ocr_par' dir='ltr' id='par_1_91' title="bbox 1967 3051 3547 3127">
     <span class='ocr_line' id='line_1_91' title="bbox 1967 3051 3547 3127; baseline -0.004 -18"><span class='ocrx_word' id='word_1_694' title='bbox 1967 3054 2106 3109; x_wconf 81' lang='lat' dir='ltr'><strong>navit</strong></span> <span class='ocrx_word' id='word_1_695' title='bbox 2137 3071 2292 3109; x_wconf 81' lang='lat' dir='ltr'><strong>nuces</strong></span> <span class='ocrx_word' id='word_1_696' title='bbox 2322 3053 2696 3127; x_wconf 69' lang='lat' dir='ltr'><strong>(Num.‘xvn).</strong></span> <span class='ocrx_word' id='word_1_697' title='bbox 2732 3052 3029 3125; x_wconf 68' lang='lat' dir='ltr'><strong>Amygdala</strong></span> <span class='ocrx_word' id='word_1_698' title='bbox 3056 3051 3301 3107; x_wconf 75' lang='lat' dir='ltr'><strong>Grzecum</strong></span> <span class='ocrx_word' id='word_1_699' title='bbox 3326 3064 3547 3116; x_wconf 88' lang='lat' dir='ltr'><strong>nomen,</strong></span> 
     </span>
    </p>
   </div>
   <div class='ocr_carea' id='block_1_92' title="bbox 1891 3126 3547 3218">
    <p class='ocr_par' dir='ltr' id='par_1_92' title="bbox 1891 3126 3547 3218">
     <span class='ocr_line' id='line_1_92' title="bbox 1891 3126 3547 3218; baseline -0.004 -17"><span class='ocrx_word' id='word_1_700' title='bbox 1891 3126 1934 3187; x_wconf 76' lang='lat' dir='ltr'><strong>C</strong></span> <span class='ocrx_word' id='word_1_701' title='bbox 1967 3163 2087 3218; x_wconf 69' lang='lat' dir='ltr'><strong>qua;</strong></span> <span class='ocrx_word' id='word_1_702' title='bbox 2125 3134 2316 3203; x_wconf 78' lang='lat' dir='ltr'><strong>Latine</strong></span> <span class='ocrx_word' id='word_1_703' title='bbox 2347 3163 2451 3200; x_wconf 76' lang='lat' dir='ltr'><strong>nux</strong></span> <span class='ocrx_word' id='word_1_704' title='bbox 2498 3126 2903 3217; x_wconf 4' lang='lat' dir='ltr'><strong>longalvocatur</strong></span> <span class='ocrx_word' id='word_1_705' title='bbox 2931 3161 2944 3199; x_wconf 91' lang='lat'><strong>:</strong></span> <span class='ocrx_word' id='word_1_706' title='bbox 2977 3144 3117 3199; x_wconf 89' lang='lat' dir='ltr'><strong>hanc</strong></span> <span class='ocrx_word' id='word_1_707' title='bbox 3159 3143 3248 3199; x_wconf 87' lang='lat' dir='ltr'><strong>alii</strong></span> <span class='ocrx_word' id='word_1_708' title='bbox 3280 3141 3547 3197; x_wconf 87' lang='lat' dir='ltr'><strong>nuciclam</strong></span> 
     </span>
    </p>
   </div>
   <div class='ocr_carea' id='block_1_93' title="bbox 1962 3218 3473 3306">
    <p class='ocr_par' dir='ltr' id='par_1_93' title="bbox 1962 3218 3473 3306">
     <span class='ocr_line' id='line_1_93' title="bbox 1962 3218 3473 3306; baseline -0.003 -15"><span class='ocrx_word' id='word_1_709' title='bbox 1962 3244 2179 3301; x_wconf 83' lang='lat' dir='ltr'><strong>vocant,</strong></span> <span class='ocrx_word' id='word_1_710' title='bbox 2212 3237 2364 3306; x_wconf 89' lang='lat' dir='ltr'><strong>quasi</strong></span> <span class='ocrx_word' id='word_1_711' title='bbox 2402 3228 2663 3291; x_wconf 83' lang='lat' dir='ltr'><strong>minorem</strong></span> <span class='ocrx_word' id='word_1_712' title='bbox 2691 3251 2884 3291; x_wconf 91' lang='lat' dir='ltr'><strong>nucem</strong></span> <span class='ocrx_word' id='word_1_713' title='bbox 2906 3277 2920 3301; x_wconf 96' lang='lat'><strong>,</strong></span> <span class='ocrx_word' id='word_1_714' title='bbox 2946 3235 3013 3291; x_wconf 92' lang='lat' dir='ltr'><strong>de</strong></span> <span class='ocrx_word' id='word_1_715' title='bbox 3037 3250 3141 3305; x_wconf 89' lang='lat' dir='ltr'><strong>qua</strong></span> <span class='ocrx_word' id='word_1_716' title='bbox 3172 3218 3431 3305; x_wconf 75' lang='lat' dir='ltr'><strong>Virgilius</strong></span> <span class='ocrx_word' id='word_1_717' title='bbox 3459 3251 3473 3286; x_wconf 91' lang='lat'><strong>:</strong></span> 
     </span>
    </p>
   </div>
   <div class='ocr_carea' id='block_1_94' title="bbox 2150 3314 3119 3411">
    <p class='ocr_par' dir='ltr' id='par_1_94' title="bbox 2150 3314 3119 3411">
     <span class='ocr_line' id='line_1_94' title="bbox 2150 3314 3119 3411; baseline -0.001 -13"><span class='ocrx_word' id='word_1_718' title='bbox 2150 3382 2168 3411; x_wconf 61' lang='grc' dir='ltr'>ε</span> <span class='ocrx_word' id='word_1_719' title='bbox 2306 3384 2322 3398; x_wconf 93' lang='grc'><strong>.</strong></span> <span class='ocrx_word' id='word_1_720' title='bbox 2361 3385 2373 3398; x_wconf 94' lang='grc'><strong><em>.</em></strong></span> <span class='ocrx_word' id='word_1_721' title='bbox 2410 3322 2606 3398; x_wconf 61' lang='lat' dir='ltr'><strong>rum-se</strong></span> <span class='ocrx_word' id='word_1_722' title='bbox 2629 3326 2725 3398; x_wconf 81' lang='lat' dir='ltr'><strong>nux</strong></span> <span class='ocrx_word' id='word_1_723' title='bbox 2755 3314 2958 3411; x_wconf 72' lang='lat' dir='ltr'><strong>pliirima</strong></span> <span class='ocrx_word' id='word_1_724' title='bbox 2984 3348 3119 3399; x_wconf 82' lang='lat' dir='ltr'><strong>silvis</strong></span> 
     </span>
    </p>
   </div>
   <div class='ocr_carea' id='block_1_95' title="bbox 2150 3409 2806 3460">
    <p class='ocr_par' dir='ltr' id='par_1_95' title="bbox 2150 3409 2806 3460">
     <span class='ocr_line' id='line_1_95' title="bbox 2150 3409 2806 3460; baseline 0.003 -2"><span class='ocrx_word' id='word_1_725' title='bbox 2150 3409 2316 3460; x_wconf 84' lang='lat' dir='ltr'><strong>Induit</strong></span> <span class='ocrx_word' id='word_1_726' title='bbox 2338 3411 2387 3459; x_wconf 89' lang='lat' dir='ltr'><strong>in</strong></span> <span class='ocrx_word' id='word_1_727' title='bbox 2408 3411 2598 3460; x_wconf 83' lang='lat' dir='ltr'><strong>ﬂorem.</strong></span> <span class='ocrx_word' id='word_1_728' title='bbox 2637 3446 2651 3460; x_wconf 95' lang='lat'><strong>.</strong></span> <span class='ocrx_word' id='word_1_729' title='bbox 2688 3446 2700 3457; x_wconf 93' lang='lat'><strong>.</strong></span> <span class='ocrx_word' id='word_1_730' title='bbox 2738 3409 2768 3459; x_wconf 14' lang='grc' dir='ltr'><strong>,ἡ</strong></span> <span class='ocrx_word' id='word_1_731' title='bbox 2792 3446 2806 3460; x_wconf 93' lang='grc'><strong>.</strong></span> 
     </span>
    </p>
   </div>
   <div class='ocr_carea' id='block_1_96' title="bbox 1963 3508 3553 3585">
    <p class='ocr_par' dir='ltr' id='par_1_96' title="bbox 1963 3508 3553 3585">
     <span class='ocr_line' id='line_1_96' title="bbox 1963 3508 3553 3585; baseline -0.002 -17"><span class='ocrx_word' id='word_1_732' title='bbox 1963 3513 2184 3568; x_wconf 87' lang='lat' dir='ltr'><strong>Cunctis</strong></span> <span class='ocrx_word' id='word_1_733' title='bbox 2197 3514 2339 3568; x_wconf 89' lang='lat' dir='ltr'><strong>enim</strong></span> <span class='ocrx_word' id='word_1_734' title='bbox 2355 3513 2638 3568; x_wconf 88' lang='lat' dir='ltr'><strong>arboribus</strong></span> <span class='ocrx_word' id='word_1_735' title='bbox 2652 3512 2801 3585; x_wconf 88' lang='lat' dir='ltr'><strong>prior</strong></span> <span class='ocrx_word' id='word_1_736' title='bbox 2814 3527 2871 3567; x_wconf 90' lang='lat' dir='ltr'><strong>se</strong></span> <span class='ocrx_word' id='word_1_737' title='bbox 2884 3509 3014 3567; x_wconf 84' lang='lat' dir='ltr'><strong>ﬂore</strong></span> <span class='ocrx_word' id='word_1_738' title='bbox 3027 3509 3285 3567; x_wconf 89' lang='lat' dir='ltr'><strong>convestit</strong></span> <span class='ocrx_word' id='word_1_739' title='bbox 3298 3552 3313 3576; x_wconf 93' lang='lat'><strong>,</strong></span> <span class='ocrx_word' id='word_1_740' title='bbox 3326 3520 3380 3565; x_wconf 83' lang='lat' dir='ltr'><strong>et</strong></span> <span class='ocrx_word' id='word_1_741' title='bbox 3391 3508 3455 3565; x_wconf 89' lang='lat' dir='ltr'><strong>ad</strong></span> <span class='ocrx_word' id='word_1_742' title='bbox 3471 3509 3553 3566; x_wconf 89' lang='lat' dir='ltr'><strong>in-</strong></span> 
     </span>
    </p>
   </div>
   <div class='ocr_carea' id='block_1_97' title="bbox 1966 3598 3550 3672">
    <p class='ocr_par' dir='ltr' id='par_1_97' title="bbox 1966 3598 3550 3672">
     <span class='ocr_line' id='line_1_97' title="bbox 1966 3598 3550 3672; baseline -0.001 -16"><span class='ocrx_word' id='word_1_743' title='bbox 1966 3602 2186 3661; x_wconf 81' lang='lat' dir='ltr'><strong>ferenda</strong></span> <span class='ocrx_word' id='word_1_744' title='bbox 2223 3618 2384 3672; x_wconf 89' lang='lat' dir='ltr'><strong>poma</strong></span> <span class='ocrx_word' id='word_1_745' title='bbox 2420 3604 2637 3657; x_wconf 88' lang='lat' dir='ltr'><strong>arbusta</strong></span> <span class='ocrx_word' id='word_1_746' title='bbox 2679 3602 2954 3671; x_wconf 80' lang='lat' dir='ltr'><strong>sequentia</strong></span> <span class='ocrx_word' id='word_1_747' title='bbox 2985 3600 3265 3671; x_wconf 65' lang='lat' dir='ltr'><strong>prtevenit.</strong></span> <span class='ocrx_word' id='word_1_748' title='bbox 3299 3598 3452 3654; x_wconf 91' lang='lat' dir='ltr'><strong>Unde</strong></span> <span class='ocrx_word' id='word_1_749' title='bbox 3491 3608 3550 3654; x_wconf 79' lang='lat' dir='ltr'><strong>et</strong></span> 
     </span>
    </p>
   </div>
   <div class='ocr_carea' id='block_1_98' title="bbox 1963 3691 3551 3765">
    <p class='ocr_par' dir='ltr' id='par_1_98' title="bbox 1963 3691 3551 3765">
     <span class='ocr_line' id='line_1_98' title="bbox 1963 3691 3551 3765; baseline -0.004 -15"><span class='ocrx_word' id='word_1_750' title='bbox 1963 3694 2293 3765; x_wconf 90' lang='lat' dir='ltr'><strong>primitivam</strong></span> <span class='ocrx_word' id='word_1_751' title='bbox 2310 3694 2629 3758; x_wconf 72' lang='lat' dir='ltr'><strong>Ecclesium,</strong></span> <span class='ocrx_word' id='word_1_752' title='bbox 2658 3708 2776 3762; x_wconf 79' lang='lat' dir='ltr'><strong>qua:</strong></span> <span class='ocrx_word' id='word_1_753' title='bbox 2798 3709 2861 3747; x_wconf 81' lang='lat' dir='ltr'><strong>ex</strong></span> <span class='ocrx_word' id='word_1_754' title='bbox 2889 3691 3089 3747; x_wconf 71' lang='lat' dir='ltr'><strong>Judmis</strong></span> <span class='ocrx_word' id='word_1_755' title='bbox 3112 3691 3361 3757; x_wconf 89' lang='lat' dir='ltr'><strong>credidit,</strong></span> <span class='ocrx_word' id='word_1_756' title='bbox 3380 3691 3551 3762; x_wconf 87' lang='lat' dir='ltr'><strong>signi-</strong></span> 
     </span>
    </p>
   </div>
   <div class='ocr_carea' id='block_1_99' title="bbox 1966 3780 3554 3855">
    <p class='ocr_par' dir='ltr' id='par_1_99' title="bbox 1966 3780 3554 3855">
     <span class='ocr_line' id='line_1_99' title="bbox 1966 3780 3554 3855; baseline -0.003 -16"><span class='ocrx_word' id='word_1_757' title='bbox 1966 3786 2094 3840; x_wconf 86' lang='lat' dir='ltr'><strong>ﬁcat</strong></span> <span class='ocrx_word' id='word_1_758' title='bbox 2125 3800 2139 3839; x_wconf 91' lang='lat'>:</span> <span class='ocrx_word' id='word_1_759' title='bbox 2171 3784 2238 3840; x_wconf 91' lang='lat' dir='ltr'><strong>de</strong></span> <span class='ocrx_word' id='word_1_760' title='bbox 2264 3801 2369 3855; x_wconf 89' lang='lat' dir='ltr'><strong>qua</strong></span> <span class='ocrx_word' id='word_1_761' title='bbox 2392 3783 2643 3839; x_wconf 91' lang='lat' dir='ltr'><strong>Salomon</strong></span> <span class='ocrx_word' id='word_1_762' title='bbox 2672 3784 2746 3837; x_wconf 88' lang='lat' dir='ltr'><strong>ait</strong></span> <span class='ocrx_word' id='word_1_763' title='bbox 2776 3798 2790 3837; x_wconf 88' lang='lat'><strong>:</strong></span> <span class='ocrx_word' id='word_1_764' title='bbox 2816 3780 3050 3837; x_wconf 87' lang='lat' dir='ltr'><strong>Florebit</strong></span> <span class='ocrx_word' id='word_1_765' title='bbox 3073 3780 3405 3852; x_wconf 82' lang='lat' dir='ltr'><strong>amygdalus,</strong></span> <span class='ocrx_word' id='word_1_766' title='bbox 3433 3796 3554 3850; x_wconf 72' lang='lat' dir='ltr'><strong>qua:</strong></span> 
     </span>
    </p>
   </div>
   <div class='ocr_carea' id='block_1_100' title="bbox 1966 3873 3550 3947">
    <p class='ocr_par' dir='ltr' id='par_1_100' title="bbox 1966 3873 3550 3947">
     <span class='ocr_line' id='line_1_100' title="bbox 1966 3873 3550 3947; baseline -0.004 -15"><span class='ocrx_word' id='word_1_767' title='bbox 1966 3877 2237 3932; x_wconf 89' lang='lat' dir='ltr'><strong>sententia</strong></span> <span class='ocrx_word' id='word_1_768' title='bbox 2276 3885 2331 3930; x_wconf 91' lang='lat' dir='ltr'><strong>et</strong></span> <span class='ocrx_word' id='word_1_769' title='bbox 2370 3876 2528 3930; x_wconf 88' lang='lat' dir='ltr'><strong>aliter</strong></span> <span class='ocrx_word' id='word_1_770' title='bbox 2558 3873 2712 3947; x_wconf 65' lang='lat' dir='ltr'><strong>juxta</strong></span> <span class='ocrx_word' id='word_1_771' title='bbox 2754 3874 3066 3944; x_wconf 85' lang='lat' dir='ltr'><strong>allegoriam</strong></span> <span class='ocrx_word' id='word_1_772' title='bbox 3093 3873 3318 3943; x_wconf 89' lang='lat' dir='ltr'><strong>intelligi</strong></span> <span class='ocrx_word' id='word_1_773' title='bbox 3352 3880 3550 3942; x_wconf 86' lang='lat' dir='ltr'><strong>potest.</strong></span> 
     </span>
    </p>
   </div>
   <div class='ocr_carea' id='block_1_101' title="bbox 1964 3962 3544 4032">
    <p class='ocr_par' dir='ltr' id='par_1_101' title="bbox 1964 3962 3544 4032">
     <span class='ocr_line' id='line_1_101' title="bbox 1964 3962 3544 4032; baseline -0.006 -10"><span class='ocrx_word' id='word_1_774' title='bbox 1964 3968 2106 4023; x_wconf 90' lang='lat' dir='ltr'><strong>Dicit</strong></span> <span class='ocrx_word' id='word_1_775' title='bbox 2135 3967 2277 4022; x_wconf 91' lang='lat' dir='ltr'><strong>enim</strong></span> <span class='ocrx_word' id='word_1_776' title='bbox 2331 3966 2687 4027; x_wconf 78' lang='lat' dir='ltr'><strong>Ecclesiastes</strong></span> <span class='ocrx_word' id='word_1_777' title='bbox 2715 3982 2728 4018; x_wconf 87' lang='lat'>:</span> <span class='ocrx_word' id='word_1_778' title='bbox 2761 3962 2994 4017; x_wconf 84' lang='lat' dir='ltr'><strong>Florcbit</strong></span> <span class='ocrx_word' id='word_1_779' title='bbox 3036 3962 3372 4032; x_wconf 83' lang='lat' dir='ltr'><strong>amygdalum</strong></span> <span class='ocrx_word' id='word_1_780' title='bbox 3394 4001 3410 4027; x_wconf 91' lang='lat'><strong>,</strong></span> <span class='ocrx_word' id='word_1_781' title='bbox 3452 3963 3544 4014; x_wconf 85' lang='lat' dir='ltr'><strong>im-</strong></span> 
     </span>
    </p>
   </div>
   <div class='ocr_carea' id='block_1_102' title="bbox 1964 4038 3551 4137">
    <p class='ocr_par' dir='ltr' id='par_1_102' title="bbox 1964 4038 3551 4137">
     <span class='ocr_line' id='line_1_102' title="bbox 1964 4038 3551 4137; baseline -0.008 -24"><span class='ocrx_word' id='word_1_782' title='bbox 1964 4038 2303 4137; x_wconf 80' lang='lat' dir='ltr'><strong>pinguabitur</strong></span> <span class='ocrx_word' id='word_1_783' title='bbox 2344 4044 2575 4121; x_wconf 72' lang='lat' dir='ltr'><strong>locusta,</strong></span> <span class='ocrx_word' id='word_1_784' title='bbox 2610 4065 2667 4119; x_wconf 6' lang='lat' dir='ltr'><strong>(et</strong></span> <span class='ocrx_word' id='word_1_785' title='bbox 2715 4048 3056 4124; x_wconf 64' lang='lat' dir='ltr'><strong>diSsipabitur</strong></span> <span class='ocrx_word' id='word_1_786' title='bbox 3104 4052 3347 4120; x_wconf 84' lang='lat' dir='ltr'><strong>capparis</strong></span> <span class='ocrx_word' id='word_1_787' title='bbox 3370 4067 3389 4105; x_wconf 89' lang='lat'><strong><em>:</em></strong></span> <span class='ocrx_word' id='word_1_788' title='bbox 3417 4066 3551 4120; x_wconf 84' lang='lat' dir='ltr'><strong>quo-</strong></span> 
     </span>
    </p>
   </div>
   <div class='ocr_carea' id='block_1_103' title="bbox 1968 4134 3551 4219">
    <p class='ocr_par' dir='ltr' id='par_1_103' title="bbox 1968 4134 3551 4219">
     <span class='ocr_line' id='line_1_103' title="bbox 1968 4134 3551 4219; baseline -0.006 -15"><span class='ocrx_word' id='word_1_789' title='bbox 1968 4151 2109 4204; x_wconf 86' lang='lat' dir='ltr'><strong>niam</strong></span> <span class='ocrx_word' id='word_1_790' title='bbox 2134 4149 2226 4202; x_wconf 84' lang='lat' dir='ltr'><strong>ibit</strong></span> <span class='ocrx_word' id='word_1_791' title='bbox 2249 4134 2402 4202; x_wconf 83' lang='lat' dir='ltr'><strong>Itomo</strong></span> <span class='ocrx_word' id='word_1_792' title='bbox 2423 4149 2479 4203; x_wconf 86' lang='lat' dir='ltr'><strong>in</strong></span> <span class='ocrx_word' id='word_1_793' title='bbox 2507 4134 3053 4219; x_wconf 73' lang='lat' dir='ltr'><strong>domumwternitatis</strong></span> <span class='ocrx_word' id='word_1_794' title='bbox 3068 4159 3178 4198; x_wconf 80' lang='lat' dir='ltr'><strong>sua:</strong></span> <span class='ocrx_word' id='word_1_795' title='bbox 3201 4142 3398 4214; x_wconf 85' lang='lat' dir='ltr'><strong>(Eccle.</strong></span> <span class='ocrx_word' id='word_1_796' title='bbox 3428 4142 3551 4214; x_wconf 81' lang='lat' dir='ltr'><strong>xu).</strong></span> 
     </span>
    </p>
   </div>
   <div class='ocr_carea' id='block_1_104' title="bbox 1967 4218 3555 4315">
    <p class='ocr_par' dir='ltr' id='par_1_104' title="bbox 1967 4218 3555 4315">
     <span class='ocr_line' id='line_1_104' title="bbox 1967 4218 3555 4315; baseline -0.004 -21"><span class='ocrx_word' id='word_1_797' title='bbox 1967 4239 2213 4295; x_wconf 87' lang='lat' dir='ltr'><strong>Tradunt</strong></span> <span class='ocrx_word' id='word_1_798' title='bbox 2233 4254 2331 4308; x_wconf 91' lang='lat' dir='ltr'><strong>per</strong></span> <span class='ocrx_word' id='word_1_799' title='bbox 2354 4232 2475 4301; x_wconf 70' lang='lat' dir='ltr'><strong>[nec</strong></span> <span class='ocrx_word' id='word_1_800' title='bbox 2490 4218 2854 4315; x_wconf 77' lang='lat' dir='ltr'><strong>humanorum</strong></span> <span class='ocrx_word' id='word_1_801' title='bbox 2873 4235 3238 4290; x_wconf 91' lang='lat' dir='ltr'><strong>membrorum</strong></span> <span class='ocrx_word' id='word_1_802' title='bbox 3255 4232 3372 4289; x_wconf 89' lang='lat' dir='ltr'><strong>ﬁeri</strong></span> <span class='ocrx_word' id='word_1_803' title='bbox 3388 4234 3555 4303; x_wconf 86' lang='lat' dir='ltr'><strong>signi-</strong></span> 
     </span>
    </p>
   </div>
   <div class='ocr_carea' id='block_1_105' title="bbox 1968 4314 3553 4405">
    <p class='ocr_par' dir='ltr' id='par_1_105' title="bbox 1968 4314 3553 4405">
     <span class='ocr_line' id='line_1_105' title="bbox 1968 4314 3553 4405; baseline -0.006 -19"><span class='ocrx_word' id='word_1_804' title='bbox 1968 4316 2242 4401; x_wconf 86' lang='lat' dir='ltr'><strong>ﬁcantiam</strong></span> <span class='ocrx_word' id='word_1_805' title='bbox 2276 4348 2288 4383; x_wconf 94' lang='lat'>:</span> <span class='ocrx_word' id='word_1_806' title='bbox 2324 4314 2449 4405; x_wconf 81' lang='lat' dir='ltr'><strong>nam</strong></span> <span class='ocrx_word' id='word_1_807' title='bbox 2472 4314 2549 4381; x_wconf 78' lang='lat' dir='ltr'><strong>in</strong></span> <span class='ocrx_word' id='word_1_808' title='bbox 2576 4314 2707 4397; x_wconf 81' lang='lat' dir='ltr'><strong>flore</strong></span> <span class='ocrx_word' id='word_1_809' title='bbox 2729 4321 2997 4398; x_wconf 76' lang='lat' dir='ltr'><strong>amygdali</strong></span> <span class='ocrx_word' id='word_1_810' title='bbox 3029 4340 3195 4379; x_wconf 89' lang='lat' dir='ltr'><strong>canos</strong></span> <span class='ocrx_word' id='word_1_811' title='bbox 3222 4323 3467 4393; x_wconf 86' lang='lat' dir='ltr'><strong>capillos,</strong></span> <span class='ocrx_word' id='word_1_812' title='bbox 3499 4323 3553 4377; x_wconf 92' lang='lat' dir='ltr'><strong>in</strong></span> 
     </span>
    </p>
   </div>
   <div class='ocr_carea' id='block_1_106' title="bbox 1972 4410 3556 4498">
    <p class='ocr_par' dir='ltr' id='par_1_106' title="bbox 1972 4410 3556 4498">
     <span class='ocr_line' id='line_1_106' title="bbox 1972 4410 3556 4498; baseline -0.009 -16"><span class='ocrx_word' id='word_1_813' title='bbox 1972 4410 2651 4498; x_wconf 42' lang='lat' dir='ltr'><strong>impinguatione&#39;locustze</strong></span> <span class='ocrx_word' id='word_1_814' title='bbox 2674 4423 2953 4476; x_wconf 89' lang='lat' dir='ltr'><strong>humorem</strong></span> <span class='ocrx_word' id='word_1_815' title='bbox 2982 4418 3175 4489; x_wconf 89' lang='lat' dir='ltr'><strong>pedum</strong></span> <span class='ocrx_word' id='word_1_816' title='bbox 3198 4457 3212 4481; x_wconf 92' lang='lat'><strong>,</strong></span> <span class='ocrx_word' id='word_1_817' title='bbox 3243 4417 3295 4470; x_wconf 92' lang='lat' dir='ltr'><strong>in</strong></span> <span class='ocrx_word' id='word_1_818' title='bbox 3326 4416 3556 4486; x_wconf 86' lang='lat' dir='ltr'><strong>dissipa-</strong></span> 
     </span>
    </p>
   </div>
   <div class='ocr_carea' id='block_1_107' title="bbox 1976 4503 3557 4586">
    <p class='ocr_par' dir='ltr' id='par_1_107' title="bbox 1976 4503 3557 4586">
     <span class='ocr_line' id='line_1_107' title="bbox 1976 4503 3557 4586; baseline -0.006 -13"><span class='ocrx_word' id='word_1_819' title='bbox 1976 4519 2120 4573; x_wconf 90' lang='lat' dir='ltr'><strong>tione</strong></span> <span class='ocrx_word' id='word_1_820' title='bbox 2156 4515 2406 4586; x_wconf 87' lang='lat' dir='ltr'><strong>capparis</strong></span> <span class='ocrx_word' id='word_1_821' title='bbox 2442 4503 2892 4584; x_wconf 69' lang='lat' dir='ltr'><strong>concupiscentim</strong></span> <span class='ocrx_word' id='word_1_822' title='bbox 2931 4510 3101 4580; x_wconf 78' lang='lat' dir='ltr'><strong>frigus</strong></span> <span class='ocrx_word' id='word_1_823' title='bbox 3138 4509 3409 4564; x_wconf 85' lang='lat' dir='ltr'><strong>ostendit:</strong></span> <span class='ocrx_word' id='word_1_824' title='bbox 3437 4523 3557 4577; x_wconf 77' lang='lat' dir='ltr'><strong>qnze</strong></span> 
     </span>
    </p>
   </div>
   <div class='ocr_carea' id='block_1_108' title="bbox 1973 4588 3556 4676">
    <p class='ocr_par' dir='ltr' id='par_1_108' title="bbox 1973 4588 3556 4676">
     <span class='ocr_line' id='line_1_108' title="bbox 1973 4588 3556 4676; baseline -0.007 -12"><span class='ocrx_word' id='word_1_825' title='bbox 1973 4625 2095 4665; x_wconf 90' lang='lat' dir='ltr'><strong>cum</strong></span> <span class='ocrx_word' id='word_1_826' title='bbox 2140 4607 2257 4664; x_wconf 90' lang='lat' dir='ltr'><strong>seni</strong></span> <span class='ocrx_word' id='word_1_827' title='bbox 2302 4594 2363 4660; x_wconf 21' lang='lat' dir='ltr'><strong>in.</strong></span> <span class='ocrx_word' id='word_1_828' title='bbox 2394 4588 2682 4676; x_wconf 72' lang='lat' dir='ltr'><strong>postremae</strong></span> <span class='ocrx_word' id='word_1_829' title='bbox 2720 4602 2893 4671; x_wconf 81' lang='lat' dir='ltr'><strong>aetatis</strong></span> <span class='ocrx_word' id='word_1_830' title='bbox 2936 4612 3178 4671; x_wconf 88' lang='lat' dir='ltr'><strong>tempore</strong></span> <span class='ocrx_word' id='word_1_831' title='bbox 3220 4600 3556 4665; x_wconf 86' lang='lat' dir='ltr'><strong>acciderunt,</strong></span> 
     </span>
    </p>
   </div>
   <div class='ocr_carea' id='block_1_109' title="bbox 1976 4686 3560 4765">
    <p class='ocr_par' dir='ltr' id='par_1_109' title="bbox 1976 4686 3560 4765">
     <span class='ocr_line' id='line_1_109' title="bbox 1976 4686 3560 4765; baseline -0.005 -10"><span class='ocrx_word' id='word_1_832' title='bbox 1976 4709 2103 4755; x_wconf 90' lang='lat' dir='ltr'><strong>tunc</strong></span> <span class='ocrx_word' id='word_1_833' title='bbox 2129 4713 2353 4754; x_wconf 87' lang='lat' dir='ltr'><strong>necesse</strong></span> <span class='ocrx_word' id='word_1_834' title='bbox 2374 4706 2481 4762; x_wconf 85' lang='lat' dir='ltr'><strong>est,</strong></span> <span class='ocrx_word' id='word_1_835' title='bbox 2513 4686 2571 4750; x_wconf 82' lang='lat' dir='ltr'><strong>ut</strong></span> <span class='ocrx_word' id='word_1_836' title='bbox 2599 4695 2650 4750; x_wconf 90' lang='lat' dir='ltr'><strong>in</strong></span> <span class='ocrx_word' id='word_1_837' title='bbox 2684 4704 2903 4760; x_wconf 86' lang='lat' dir='ltr'><strong>terram,</strong></span> <span class='ocrx_word' id='word_1_838' title='bbox 2935 4695 2986 4749; x_wconf 91' lang='lat' dir='ltr'><strong>id</strong></span> <span class='ocrx_word' id='word_1_839' title='bbox 3009 4703 3110 4758; x_wconf 90' lang='lat' dir='ltr'><strong>est,</strong></span> <span class='ocrx_word' id='word_1_840' title='bbox 3137 4694 3291 4765; x_wconf 82' lang='lat' dir='ltr'><strong>quasi</strong></span> <span class='ocrx_word' id='word_1_841' title='bbox 3321 4694 3374 4748; x_wconf 93' lang='lat' dir='ltr'><strong>in</strong></span> <span class='ocrx_word' id='word_1_842' title='bbox 3402 4705 3560 4748; x_wconf 59' lang='lat' dir='ltr'><strong>aeter-</strong></span> 
     </span>
    </p>
   </div>
   <div class='ocr_carea' id='block_1_110' title="bbox 1974 4778 3557 4858">
    <p class='ocr_par' dir='ltr' id='par_1_110' title="bbox 1974 4778 3557 4858">
     <span class='ocr_line' id='line_1_110' title="bbox 1974 4778 3557 4858; baseline -0.004 -12"><span class='ocrx_word' id='word_1_843' title='bbox 1974 4791 2161 4847; x_wconf 91' lang='lat' dir='ltr'><strong>nitatis</strong></span> <span class='ocrx_word' id='word_1_844' title='bbox 2182 4778 2292 4847; x_wconf 77' lang='lat' dir='ltr'><strong>suae</strong></span> <span class='ocrx_word' id='word_1_845' title='bbox 2314 4791 2534 4846; x_wconf 89' lang='lat' dir='ltr'><strong>domum</strong></span> <span class='ocrx_word' id='word_1_846' title='bbox 2562 4790 2766 4845; x_wconf 85' lang='lat' dir='ltr'><strong>redeat.</strong></span> <span class='ocrx_word' id='word_1_847' title='bbox 2798 4781 2941 4844; x_wconf 84' lang='lat' dir='ltr'><strong>Bene</strong></span> <span class='ocrx_word' id='word_1_848' title='bbox 2983 4804 3197 4858; x_wconf 89' lang='lat' dir='ltr'><strong>quoque</strong></span> <span class='ocrx_word' id='word_1_849' title='bbox 3233 4788 3373 4843; x_wconf 88' lang='lat' dir='ltr'><strong>hanc</strong></span> <span class='ocrx_word' id='word_1_850' title='bbox 3398 4797 3557 4841; x_wconf 74' lang='lat' dir='ltr'><strong>acter-</strong></span> 
     </span>
    </p>
   </div>
   <div class='ocr_carea' id='block_1_111' title="bbox 1974 4866 3559 4949">
    <p class='ocr_par' dir='ltr' id='par_1_111' title="bbox 1974 4866 3559 4949">
     <span class='ocr_line' id='line_1_111' title="bbox 1974 4866 3559 4949; baseline -0.007 -10"><span class='ocrx_word' id='word_1_851' title='bbox 1974 4884 2159 4939; x_wconf 84' lang='lat' dir='ltr'><strong>uitatis</strong></span> <span class='ocrx_word' id='word_1_852' title='bbox 2190 4866 2439 4949; x_wconf 87' lang='lat' dir='ltr'><strong>domum,</strong></span> <span class='ocrx_word' id='word_1_853' title='bbox 2472 4870 2616 4937; x_wconf 88' lang='lat' dir='ltr'><strong>illam</strong></span> <span class='ocrx_word' id='word_1_854' title='bbox 2648 4872 2882 4936; x_wconf 80' lang='lat' dir='ltr'><strong>futuram</strong></span> <span class='ocrx_word' id='word_1_855' title='bbox 2916 4889 3113 4936; x_wconf 90' lang='lat' dir='ltr'><strong>terram</strong></span> <span class='ocrx_word' id='word_1_856' title='bbox 3148 4878 3461 4948; x_wconf 85' lang='lat' dir='ltr'><strong>accipimus,</strong></span> <span class='ocrx_word' id='word_1_857' title='bbox 3490 4875 3559 4929; x_wconf 86' lang='lat' dir='ltr'><strong>de</strong></span> 
     </span>
    </p>
   </div>
   <div class='ocr_carea' id='block_1_112' title="bbox 1973 4968 3558 5042">
    <p class='ocr_par' dir='ltr' id='par_1_112' title="bbox 1973 4968 3558 5042">
     <span class='ocr_line' id='line_1_112' title="bbox 1973 4968 3558 5042; baseline -0.004 -19"><span class='ocrx_word' id='word_1_858' title='bbox 1973 4988 2079 5042; x_wconf 87' lang='lat' dir='ltr'><strong>qna</strong></span> <span class='ocrx_word' id='word_1_859' title='bbox 2113 4973 2371 5027; x_wconf 86' lang='lat' dir='ltr'><strong>scribitur</strong></span> <span class='ocrx_word' id='word_1_860' title='bbox 2416 4991 2428 5026; x_wconf 90' lang='lat'>:</span> <span class='ocrx_word' id='word_1_861' title='bbox 2474 4970 2695 5026; x_wconf 88' lang='lat' dir='ltr'><strong>Placebo</strong></span> <span class='ocrx_word' id='word_1_862' title='bbox 2737 4971 2961 5039; x_wconf 81' lang='lat' dir='ltr'><strong>Domino</strong></span> <span class='ocrx_word' id='word_1_863' title='bbox 2995 4969 3049 5023; x_wconf 86' lang='lat' dir='ltr'><strong>in</strong></span> <span class='ocrx_word' id='word_1_864' title='bbox 3081 4969 3305 5038; x_wconf 23' lang='lat' dir='ltr'><strong>regione,</strong></span> <span class='ocrx_word' id='word_1_865' title='bbox 3327 4968 3558 5020; x_wconf 81' lang='lat' dir='ltr'><strong>vivorum</strong></span> 
     </span>
    </p>
   </div>
   <div class='ocr_carea' id='block_1_113' title="bbox 1975 5056 3551 5139">
    <p class='ocr_par' dir='ltr' id='par_1_113' title="bbox 1975 5056 3551 5139">
     <span class='ocr_line' id='line_1_113' title="bbox 1975 5056 3551 5139; baseline -0.006 -24"><span class='ocrx_word' id='word_1_866' title='bbox 1975 5062 2147 5139; x_wconf 62' lang='lat' dir='ltr'><strong>(Paul.</strong></span> <span class='ocrx_word' id='word_1_867' title='bbox 2173 5066 2341 5135; x_wconf 74' lang='lat' dir='ltr'><strong>CXIV).</strong></span> <span class='ocrx_word' id='word_1_868' title='bbox 2394 5062 2617 5134; x_wconf 85' lang='lat' dir='ltr'><strong>Legitur</strong></span> <span class='ocrx_word' id='word_1_869' title='bbox 2652 5058 2804 5134; x_wconf 80' lang='lat' dir='ltr'><strong>(Cen.</strong></span> <span class='ocrx_word' id='word_1_870' title='bbox 2838 5060 2965 5130; x_wconf 81' lang='lat' dir='ltr'><strong>xxx)</strong></span> <span class='ocrx_word' id='word_1_871' title='bbox 2996 5056 3551 5127; x_wconf 86' lang='lat' dir='ltr'><strong>Jacobpatriarcham</strong></span> 
     </span>
    </p>
   </div>
   <div class='ocr_carea' id='block_1_114' title="bbox 1977 5145 3562 5222">
    <p class='ocr_par' dir='ltr' id='par_1_114' title="bbox 1977 5145 3562 5222">
     <span class='ocr_line' id='line_1_114' title="bbox 1977 5145 3562 5222; baseline -0.006 -16"><span class='ocrx_word' id='word_1_872' title='bbox 1977 5154 2162 5207; x_wconf 78' lang='lat' dir='ltr'><strong>tulisse</strong></span> <span class='ocrx_word' id='word_1_873' title='bbox 2211 5154 2391 5220; x_wconf 72' lang='lat' dir='ltr'><strong>virgas</strong></span> <span class='ocrx_word' id='word_1_874' title='bbox 2429 5153 2682 5222; x_wconf 90' lang='lat' dir='ltr'><strong>p0puleas</strong></span> <span class='ocrx_word' id='word_1_875' title='bbox 2727 5152 2944 5213; x_wconf 85' lang='lat' dir='ltr'><strong>virides,</strong></span> <span class='ocrx_word' id='word_1_876' title='bbox 2977 5157 3033 5203; x_wconf 92' lang='lat' dir='ltr'><strong>et</strong></span> <span class='ocrx_word' id='word_1_877' title='bbox 3069 5145 3456 5218; x_wconf 75' lang='lat' dir='ltr'><strong>amygdalinas,</strong></span> <span class='ocrx_word' id='word_1_878' title='bbox 3505 5151 3562 5197; x_wconf 89' lang='lat' dir='ltr'><strong>et</strong></span> 
     </span>
    </p>
   </div>
   <div class='ocr_carea' id='block_1_115' title="bbox 1974 5228 3557 5320">
    <p class='ocr_par' dir='ltr' id='par_1_115' title="bbox 1974 5228 3557 5320">
     <span class='ocr_line' id='line_1_115' title="bbox 1974 5228 3557 5320; baseline -0.008 -20"><span class='ocrx_word' id='word_1_879' title='bbox 1974 5261 2039 5300; x_wconf 80' lang='lat' dir='ltr'><strong>ex</strong></span> <span class='ocrx_word' id='word_1_880' title='bbox 2076 5246 2309 5316; x_wconf 83' lang='lat' dir='ltr'><strong>platanis</strong></span> <span class='ocrx_word' id='word_1_881' title='bbox 2338 5253 2500 5315; x_wconf 88' lang='lat' dir='ltr'><strong>atque</strong></span> <span class='ocrx_word' id='word_1_882' title='bbox 2530 5259 2598 5317; x_wconf 81' lang='lat' dir='ltr'><strong>ex</strong></span> <span class='ocrx_word' id='word_1_883' title='bbox 2632 5253 2784 5314; x_wconf 90' lang='lat' dir='ltr'><strong>parte</strong></span> <span class='ocrx_word' id='word_1_884' title='bbox 2817 5257 2912 5297; x_wconf 72' lang='lat' dir='ltr'><strong>eas</strong></span> <span class='ocrx_word' id='word_1_885' title='bbox 2959 5238 3340 5300; x_wconf 86' lang='lat' dir='ltr'><strong>decorticasse,</strong></span> <span class='ocrx_word' id='word_1_886' title='bbox 3375 5245 3431 5320; x_wconf 84' lang='lat' dir='ltr'><strong>et</strong></span> <span class='ocrx_word' id='word_1_887' title='bbox 3452 5228 3557 5305; x_wconf 55' lang='grc' dir='ltr'><strong>’μοι</strong></span> 
     </span>
    </p>
   </div>
   <div class='ocr_carea' id='block_1_116' title="bbox 1981 5334 3557 5401">
    <p class='ocr_par' dir='ltr' id='par_1_116' title="bbox 1981 5334 3557 5401">
     <span class='ocr_line' id='line_1_116' title="bbox 1981 5334 3557 5401; baseline -0.006 -10"><span class='ocrx_word' id='word_1_888' title='bbox 1981 5338 2153 5392; x_wconf 84' lang='lat' dir='ltr'><strong>suisse</strong></span> <span class='ocrx_word' id='word_1_889' title='bbox 2182 5338 2234 5391; x_wconf 90' lang='lat' dir='ltr'><strong>in</strong></span> <span class='ocrx_word' id='word_1_890' title='bbox 2253 5336 2550 5400; x_wconf 85' lang='lat' dir='ltr'><strong>canalibus,</strong></span> <span class='ocrx_word' id='word_1_891' title='bbox 2574 5336 2661 5390; x_wconf 90' lang='lat' dir='ltr'><strong>ubi</strong></span> <span class='ocrx_word' id='word_1_892' title='bbox 2684 5334 3062 5390; x_wconf 72' lang='lat' dir='ltr'><strong>ell‘undehatnr</strong></span> <span class='ocrx_word' id='word_1_893' title='bbox 3083 5347 3220 5401; x_wconf 91' lang='lat' dir='ltr'><strong>aqua</strong></span> <span class='ocrx_word' id='word_1_894' title='bbox 3244 5336 3369 5384; x_wconf 90' lang='lat' dir='ltr'><strong>ante</strong></span> <span class='ocrx_word' id='word_1_895' title='bbox 3388 5341 3519 5383; x_wconf 88' lang='lat' dir='ltr'><strong>oves</strong></span> <span class='ocrx_word' id='word_1_896' title='bbox 3542 5343 3557 5381; x_wconf 90' lang='lat'><strong>:</strong></span> 
     </span>
    </p>
   </div>
   <div class='ocr_carea' id='block_1_117' title="bbox 1981 5417 3562 5496">
    <p class='ocr_par' dir='ltr' id='par_1_117' title="bbox 1981 5417 3562 5496">
     <span class='ocr_line' id='line_1_117' title="bbox 1981 5417 3562 5496; baseline -0.006 -16"><span class='ocrx_word' id='word_1_897' title='bbox 1981 5436 2040 5481; x_wconf 90' lang='lat' dir='ltr'><strong>ut</strong></span> <span class='ocrx_word' id='word_1_898' title='bbox 2061 5443 2181 5481; x_wconf 89' lang='lat' dir='ltr'><strong>cum</strong></span> <span class='ocrx_word' id='word_1_899' title='bbox 2207 5427 2482 5482; x_wconf 77' lang='lat' dir='ltr'><strong>venissent</strong></span> <span class='ocrx_word' id='word_1_900' title='bbox 2510 5441 2695 5496; x_wconf 82' lang='lat' dir='ltr'><strong>greges</strong></span> <span class='ocrx_word' id='word_1_901' title='bbox 2731 5425 2796 5479; x_wconf 89' lang='lat' dir='ltr'><strong>ad</strong></span> <span class='ocrx_word' id='word_1_902' title='bbox 2823 5422 3136 5480; x_wconf 86' lang='lat' dir='ltr'><strong>bibendum.</strong></span> <span class='ocrx_word' id='word_1_903' title='bbox 3173 5434 3355 5475; x_wconf 89' lang='lat' dir='ltr'><strong>coram</strong></span> <span class='ocrx_word' id='word_1_904' title='bbox 3386 5432 3443 5474; x_wconf 88' lang='lat' dir='ltr'><strong>sc</strong></span> <span class='ocrx_word' id='word_1_905' title='bbox 3471 5417 3562 5472; x_wconf 84' lang='lat' dir='ltr'><strong>ha-</strong></span> 
     </span>
    </p>
   </div>
   <div class='ocr_carea' id='block_1_118' title="bbox 1980 5504 3561 5586">
    <p class='ocr_par' dir='ltr' id='par_1_118' title="bbox 1980 5504 3561 5586">
     <span class='ocr_line' id='line_1_118' title="bbox 1980 5504 3561 5586; baseline -0.008 -14"><span class='ocrx_word' id='word_1_906' title='bbox 1980 5518 2171 5572; x_wconf 84' lang='lat' dir='ltr'><strong>berent</strong></span> <span class='ocrx_word' id='word_1_907' title='bbox 2191 5517 2390 5586; x_wconf 85' lang='lat' dir='ltr'><strong>virgas,</strong></span> <span class='ocrx_word' id='word_1_908' title='bbox 2415 5525 2475 5571; x_wconf 91' lang='lat' dir='ltr'><strong>ut</strong></span> <span class='ocrx_word' id='word_1_909' title='bbox 2504 5516 2555 5570; x_wconf 91' lang='lat' dir='ltr'><strong>in</strong></span> <span class='ocrx_word' id='word_1_910' title='bbox 2581 5524 2799 5584; x_wconf 90' lang='lat' dir='ltr'><strong>aspectu</strong></span> <span class='ocrx_word' id='word_1_911' title='bbox 2825 5530 3010 5570; x_wconf 87' lang='lat' dir='ltr'><strong>earum</strong></span> <span class='ocrx_word' id='word_1_912' title='bbox 3034 5512 3397 5582; x_wconf 88' lang='lat' dir='ltr'><strong>conciperent.</strong></span> <span class='ocrx_word' id='word_1_913' title='bbox 3421 5504 3561 5575; x_wconf 81' lang='lat' dir='ltr'><strong>Quid</strong></span> 
     </span>
    </p>
   </div>
   <div class='ocr_carea' id='block_1_119' title="bbox 1980 5598 3561 5677">
    <p class='ocr_par' dir='ltr' id='par_1_119' title="bbox 1980 5598 3561 5677">
     <span class='ocr_line' id='line_1_119' title="bbox 1980 5598 3561 5677; baseline -0.006 -15"><span class='ocrx_word' id='word_1_914' title='bbox 1980 5616 2062 5662; x_wconf 88' lang='lat' dir='ltr'><strong>cst</strong></span> <span class='ocrx_word' id='word_1_915' title='bbox 2111 5606 2292 5676; x_wconf 85' lang='lat' dir='ltr'><strong>virgas</strong></span> <span class='ocrx_word' id='word_1_916' title='bbox 2335 5605 2538 5660; x_wconf 81' lang='lat' dir='ltr'><strong>virides</strong></span> <span class='ocrx_word' id='word_1_917' title='bbox 2583 5605 2984 5677; x_wconf 82' lang='lat' dir='ltr'><strong>amygdalinas,</strong></span> <span class='ocrx_word' id='word_1_918' title='bbox 3022 5610 3183 5674; x_wconf 88' lang='lat' dir='ltr'><strong>atque</strong></span> <span class='ocrx_word' id='word_1_919' title='bbox 3224 5618 3290 5657; x_wconf 74' lang='lat' dir='ltr'><strong>ex</strong></span> <span class='ocrx_word' id='word_1_920' title='bbox 3331 5598 3561 5672; x_wconf 75' lang='lat' dir='ltr'><strong>platanis</strong></span> 
     </span>
    </p>
   </div>
   <div class='ocr_carea' id='block_1_120' title="bbox 1981 5692 3559 5768">
    <p class='ocr_par' dir='ltr' id='par_1_120' title="bbox 1981 5692 3559 5768">
     <span class='ocr_line' id='line_1_120' title="bbox 1981 5692 3559 5768; baseline -0.004 -17"><span class='ocrx_word' id='word_1_921' title='bbox 1981 5707 2106 5752; x_wconf 91' lang='lat' dir='ltr'><strong>ante</strong></span> <span class='ocrx_word' id='word_1_922' title='bbox 2139 5695 2326 5751; x_wconf 86' lang='lat' dir='ltr'><strong>oculos</strong></span> <span class='ocrx_word' id='word_1_923' title='bbox 2354 5711 2572 5768; x_wconf 84' lang='lat' dir='ltr'><strong>gregum</strong></span> <span class='ocrx_word' id='word_1_924' title='bbox 2602 5711 2801 5767; x_wconf 87' lang='lat' dir='ltr'><strong>ponere</strong></span> <span class='ocrx_word' id='word_1_925' title='bbox 2837 5714 2850 5751; x_wconf 92' lang='lat'>:</span> <span class='ocrx_word' id='word_1_926' title='bbox 2890 5695 2993 5751; x_wconf 80' lang='lat' dir='ltr'><strong>nisi</strong></span> <span class='ocrx_word' id='word_1_927' title='bbox 3030 5711 3125 5765; x_wconf 88' lang='lat' dir='ltr'><strong>per</strong></span> <span class='ocrx_word' id='word_1_928' title='bbox 3161 5692 3452 5764; x_wconf 70' lang='lat' dir='ltr'><strong>Scriptura:</strong></span> <span class='ocrx_word' id='word_1_929' title='bbox 3472 5703 3559 5745; x_wconf 89' lang='lat' dir='ltr'><strong>se-</strong></span> 
     </span>
    </p>
   </div>
  </div>
