3950 6192
483 221 586 274 515
1119 213 1181 268 Β.
1223 211 1474 270 RABANI
1514 211 1729 269 MAUBI
1768 210 2044 268 ARHlEP.

483 331 636 394 riem,
686 327 1029 399 antiquorum
1081 335 1295 397 patrum
1347 327 1486 380 vitas
1533 324 1616 378 vel
1659 325 1958 380 sententias
2005 324 2059 378 in

478 418 782 489 exemplum
803 417 1012 488 populis
1037 416 1314 487 praebere?
1333 413 1464 482 Qute
1484 411 1738 469 nimiru'm
1761 415 1886 484 quia
1901 414 2056 486 juxta

479 511 709 568 rationis
761 524 989 564 examen
1037 516 1200 563 recta:
1246 516 1374 563 sunt
1417 527 1430 561 :
1479 508 1644 578 virgae
1687 507 2056 572 nominantur,

479 604 678 676 quibus
703 619 767 658 ex
804 609 958 673 parte
993 601 1250 656 corticem
1277 599 1548 655 subtrahit
1585 618 1598 654 :
1632 609 1692 654 ut
1713 600 1766 654 in
1799 600 1901 663 bis,
1938 615 2059 669 quae

479 695 866 766 exspoliantur,
901 693 1122 746 intimus
1151 691 1358 745 candor
1384 697 1642 760 appareat
1675 706 1688 742 :
1723 697 1779 744 et
1802 704 1870 744 ex
1905 698 2059 760 parte

479 787 736 844 corticem
766 791 1003 849 servant,
1036 785 1175 838 sicut
1204 782 1419 838 fuerant
1451 782 1724 848 exterius,
1754 783 1808 837 in
1831 783 2061 837 veritate

480 885 832 948 permaneant
872 893 885 929 :
945 875 1237 946 variusque
1277 875 1550 942 virgarum
1595 873 1745 929 color
1787 873 2018 928 ellieitur
2042 915 2056 937 ,

479 971 606 1024 dum
633 975 814 1023 cortex
845 981 911 1020 ex
950 975 1104 1035 parte
1139 965 1496 1028 subtrahitur,
1525 973 1580 1018 et
1601 979 1668 1018 ex
1690 973 1845 1034 parte
1868 965 2060 1018 retine-

481 1069 584 1113 tur.
614 1057 752 1112 Ante
779 1055 1228 1112 considerationis
1257 1054 1399 1109 enim
1431 1061 1631 1109 nostra:
1651 1055 1838 1109 oculos
1861 1069 2062 1123 prtece-

479 1152 716 1207 dentium
763 1159 974 1219 patrum
1024 1147 1304 1202 sententia:
1347 1147 1500 1216 quasi
1549 1147 1710 1216 virga:
1751 1147 1914 1200 variae
1960 1161 2059 1216 po-

479 1251 697 1296 nuntur.
721 1239 778 1294 In
801 1239 997 1309 quibus
1018 1238 1143 1291 dum
1168 1235 1484 1306 plerumque
1505 1237 1835 1291 intellectum
1862 1236 2060 1290 littem

478 1331 736 1402 fugimus,
775 1330 926 1399 quasi
965 1329 1218 1384 corticem
1253 1327 1666 1382 subtrahimus:
1701 1335 1756 1381 et
1786 1326 1910 1380 dum
1947 1325 2061 1394 ple—

478 1437 704 1491 rumque
726 1420 1054 1474 intellectum
1079 1419 1269 1473 littera:
1295 1419 1590 1488 sequimur,
1619 1418 1772 1488 quasi
1800 1419 2058 1472 corticem

478 1528 836 1568 reservamus.
869 1509 1112 1581 Dumque
1137 1511 1203 1565 ab
1227 1509 1357 1581 ipsis
1374 1520 1555 1565 cortex
1581 1510 1773 1564 littera:
1791 1509 2062 1564 subtrahi-

478 1615 594 1671 tur,
634 1603 902 1676 allcgorize
929 1603 1130 1658 candor
1155 1603 1380 1658 interior
1399 1602 1822 1667 demonstratur,
1851 1609 1906 1656 et
1931 1602 2056 1657 dum

477 1704 662 1752 cortex
697 1693 1018 1762 relinquitur
1057 1691 1344 1747 exterioris
1387 1690 1774 1761 intelligentia,
1822 1690 2052 1746 virentia

475 1784 720 1855 exempla
749 1790 1114 1838 monstrantur
1139 1800 1152 1835 :
1177 1795 1312 1852 quas
1339 1782 1476 1836 bene
1509 1779 1678 1838 Iacob
1701 1781 1753 1835 in
1781 1797 1934 1850 aqua:
1958 1797 2051 1836 ca-

477 1873 690 1930 nalibus
730 1874 908 1945 posuit
939 1890 952 1926 :
985 1873 1109 1942 quia
1149 1880 1205 1928 et
1257 1871 1582 1944 Redemptor
1612 1882 1795 1928 noster
1820 1873 1873 1926 in
1899 1871 2054 1927 libris

476 1983 569 2020 eas
597 1981 762 2021 sacra:
792 1964 1064 2024 scientiae,
1105 1963 1300 2032 quibus
1329 1979 1426 2018 nos
1454 1961 1779 2017 intrinsecus
1815 1961 2051 2017 infundi-

377 2121 390 2126 ν
475 2073 613 2119 mur,
650 2055 784 2109 ﬁxit.
809 2053 918 2108 llas
943 2054 1246 2125 aspicentes
1267 2053 1465 2108 arietes
1485 2068 1604 2108 cum
1620 2054 1811 2108 ovibus
1835 2061 2050 2120 coeunt,

473 2152 598 2222 quia
629 2149 972 2204 rationabiles
1012 2149 1182 2202 uestri
1228 2148 1450 2218 Spiritus
1493 2149 1797 2204 intellectus
1840 2150 1965 2203 dum
1999 2151 2050 2204 in

471 2257 656 2296 earum
715 2241 1013 2294 intentione
1056 2239 1216 2294 defixi
1270 2248 1427 2302 sunt,
1480 2239 1708 2309 singulis
1753 2240 2052 2310 quibusque

472 2331 778 2386 actionibus
804 2331 1217 2400 permiscentur,
1249 2338 1310 2384 ut
1340 2329 1473 2384 tales
1502 2329 1664 2385 ΐωιιιε
1686 2345 1908 2401 operum
1931 2345 2053 2399 pro—

473 2430 681 2487 creent,
737 2421 918 2491 qualia
967 2419 1212 2490 exempla
1262 2421 1680 2490 pnecedentium
1725 2421 1778 2474 in
1829 2422 2052 2476 vocibus

471 2521 862 2584 praeceptorum
897 2509 1098 2564 vident.
1124 2511 1445 2564 Castaneam
1477 2510 1651 2564 Latini
1688 2525 1718 2564 a
1739 2509 1928 2565 Grzeco
1957 2525 2052 2579 ap-

473 2601 676 2674 pellant
713 2599 973 2654 vocabulo
1003 2618 1016 2653 :
1045 2599 1185 2652 hanc
1217 2599 1362 2654 enim
1413 2599 1584 2654 Graeci
1641 2608 1900 2654 castanea
1953 2615 2051 2654 vo—

475 2701 622 2756 cant,
645 2697 862 2761 propter
891 2689 1033 2759 quod
1060 2687 1269 2742 fructus
1295 2687 1413 2758 ejus
1435 2687 1634 2756 gemini
1657 2687 1710 2740 in
1733 2687 1948 2742 modum
1981 2697 2055 2742 te-

473 2785 790 2842 sticulorum
830 2783 969 2837 intra
1004 2781 1300 2837 folliculum
1332 2779 1593 2836 reconditi
1620 2788 1765 2845 sunt,
1792 2779 1884 2850 qui
1922 2779 2050 2835 dum

391 2941 404 2956 .
471 2877 778 2948 ejiciuntur,
826 2874 983 2945 quasi
1033 2881 1359 2928 castrantur.
1408 2871 1533 2928 Haec
1579 2873 1739 2927 arbor
1785 2871 1946 2926 simul
1991 2881 2052 2926 ut

469 2969 652 3024 excisa
678 2967 857 3030 fuerit,
893 2976 1147 3036 tanquam
1187 2965 1342 3031 silva,
1381 2965 1714 3037 expullulare
1750 2965 2046 3020 consuevit.

2087 209 2396 270 MOGUNT.
2439 209 2733 268 OPERUM
2774 208 2954 267 PARS
2991 209 3058 267 II.
3597 213 3688 272 [illi

2088 332 2135 392 Α
2166 323 2482 386 fornicatio.
2509 331 2566 378 et
2599 323 2851 378 universa
2885 322 3012 376 vitia
3047 321 3163 377 haec
3199 320 3386 380 blanda
3413 330 3528 378 sunt
3555 332 3604 381 et
3625 325 3691 382 la—

2159 417 2328 482 sciva,
2387 423 2442 470 et
2471 429 2664 470 sensus
2699 412 3028 482 voluptatem
3056 406 3358 468 demulee'nt
3393 431 3406 467 :
3436 414 3692 485 statimque

2159 516 2218 561 ut
2258 513 2650 576 apparuerunt,
2717 504 2788 558 ad
2831 519 2985 558 usum
3039 503 3123 558 sui
3165 512 3451 574 provocant
3485 521 3498 558 :
3527 505 3694 575 quibus

2159 595 2286 651 ideo
2327 595 2633 651 luxuriosus
2686 593 2997 650 adolescens
3033 609 3140 648 non
3189 601 3393 664 poterat
3440 597 3690 650 saturari:

2155 686 2283 756 quia
2309 699 2522 756 semper
2555 683 2800 754 voluptas
2826 683 3024 739 famem
3053 683 3136 739 sui
3167 684 3354 747 habet,
3381 694 3432 738 ct
3455 691 3695 741 transacta

2161 789 2268 827 non
2299 776 2463 828 satiat
2489 791 2502 827 :
2531 783 2588 829 et
2617 773 2850 829 Satanas
2878 789 3000 829 cum
3021 773 3256 844 aliquem
3281 789 3373 828 sua
3395 783 3504 828 arte
3519 775 3696 844 ceperit

2157 875 2214 921 et
2246 867 2524 936 proprium
2563 867 2613 921 ei
2645 866 2962 937 imposuerit
2981 863 3170 936 jugum
3190 904 3206 932 ,
3231 865 3366 920 ultra
3387 866 3452 920 ad
3474 865 3696 920 vitiorum

2159 958 2550 1012 abundantiam
2594 971 2890 1027 provocare
2934 973 3043 1012 non
3089 967 3360 1028 procurat,
3399 957 3562 1013 sciens
3597 973 3698 1014 esse

2151 1045 2265 1116 jam
2295 1057 2566 1103 mortuum
2599 1063 2614 1102 :
2641 1049 2798 1105 sicuti
2828 1047 3024 1104 multos
3048 1048 3302 1104 idolatras
3320 1048 3548 1104 videmus
3565 1050 3700 1119 panis

2159 1137 2378 1193 miseria
2410 1146 2467 1192 et
2495 1147 2736 1209 egestate
2768 1137 3062 1194 confectos.
3103 1138 3232 1194 Item
3260 1139 3540 1194 damonum
3569 1139 3702 1194 cibus

2158 1235 2243 1283 est
2266 1228 2505 1282 carmina
2533 1240 2834 1300 poetarum,
2877 1229 3155 1285 saacularis
3185 1230 3462 1300 sapientia,
3498 1231 3699 1286 rhetori-

2157 1333 2346 1375 corum
2375 1333 2570 1389 pompa
2611 1319 2918 1374 verborum.
2965 1319 3095 1376 H320
3127 1335 3223 1375 sua
3253 1335 3436 1376 omnes
3466 1305 3702 1376 sti'avitate

2158 1411 2459 1475 delectant,
2487 1419 2542 1466 et
2569 1411 2693 1466 dum
2725 1426 2885 1467 aures
2917 1412 3168 1469 versibus
3203 1413 3340 1468 dulci
3371 1413 3700 1469 modulatione

2155 1503 2502 1559 currentibus
2543 1503 2796 1573 capiunt,
2823 1503 3060 1558 animam
3103 1520 3316 1575 quoque
3343 1513 3630 1575 penetrant,
3655 1515 3702 1559 et

2157 1593 2390 1664 pectoris
2429 1593 2640 1648 interna
2671 1593 2984 1649 devincunt.
3019 1594 3222 1650 Verum
3251 1593 3340 1649 ubi
3376 1609 3490 1650 cum
3518 1609 3701 1650 summo

2085 1678 2133 1736 Β
2161 1683 2338 1738 studio
2383 1681 2601 1738 fuerunt
2649 1698 2713 1738 ac
2758 1683 2946 1739 labore
2980 1683 3242 1755 perlecta,
3279 1683 3409 1740 nihil
3451 1683 3581 1740 aliud
3613 1683 3700 1739 nisi

2157 1775 2369 1830 inanem
2414 1790 2660 1830 somnum
2709 1774 2951 1850 [sonum]
3002 1786 3059 1832 et
3103 1793 3408 1833 sermonum
3452 1777 3700 1847 strepitum

2156 1865 2268 1920 suis
2305 1864 2600 1920 lectoribus
2619 1865 2898 1920 tribuunt:
2923 1866 3069 1922 nulla
3103 1869 3174 1922 ibi
3202 1867 3452 1924 saturitas
3469 1868 3699 1931 veritatis,

2155 1956 2300 2012 nulla
2335 1954 2560 2026 justitiaa
2594 1955 2817 2013 refectio
2851 1959 3127 2029 reperitur
3158 1977 3172 2014 :
3199 1959 3420 2016 studiosi
3449 1974 3616 2015 earum
3655 1960 3700 2013 in

2156 2046 2300 2103 fame
2337 2048 2451 2102 veri
2479 2057 2534 2103 et
2559 2047 2819 2104 virtutum
2847 2051 3077 2120 penuria
3106 2059 3470 2122 perseverant.
3495 2049 3696 2106 Pistacia

2154 2138 2372 2205 dicitur,
2417 2137 2560 2208 quod
2604 2148 2792 2194 cortex
2815 2141 2958 2211 pomi
2989 2139 3112 2210 ejus
3140 2141 3292 2198 nardi
3315 2141 3484 2212 pistici
3509 2139 3700 2196 odorem

2155 2231 2376 2298 referat,
2405 2233 2472 2287 de
2497 2248 2604 2303 quo
2627 2233 2682 2288 in
2713 2233 3068 2304 sequentibus
3089 2235 3349 2290 dicemus.
3390 2233 3546 2288 Pinus
3565 2232 3701 2286 arbor

2155 2325 2306 2396 picea
2336 2325 2406 2381 ab
2433 2327 2683 2382 acumine
2711 2327 2960 2382 foliorum
2987 2339 3182 2384 vocata
3215 2345 3228 2382 :
3260 2327 3439 2397 pinum
3464 2325 3594 2381 enim
3618 2341 3700 2378 an-

2157 2417 2290 2486 tiqui
2314 2426 2530 2472 acutum
2552 2417 2922 2474 nominabant.
2951 2416 3148 2472 Pinum
3171 2427 3350 2474 autem
3384 2415 3537 2471 aliam
3561 2414 3698 2486 pitin,

2154 2507 2315 2563 aliam
2349 2507 2522 2564 Graeci
2561 2509 2772 2580 peuken
2801 2518 3027 2576 vocant,
3058 2524 3224 2580 quam
3251 2524 3350 2565 nos
3379 2509 3573 2579 piceam
3593 2505 3698 2561 dici-

2152 2617 2293 2667 mus,
2337 2615 2402 2656 eo
2438 2603 2580 2672 quod
2622 2602 2847 2658 desudet
2879 2603 3053 2673 picem
3086 2619 3251 2658 :nam
3284 2611 3340 2658 et
3366 2601 3533 2672 specie
3569 2597 3696 2652 dill’e-

2153 2703 2297 2748 runt.
2321 2693 2379 2748 1n
2406 2693 2710 2750 Germaniae
2731 2703 2911 2751 autem
2936 2695 3131 2752 insulis
3152 2695 3312 2766 hujus
3333 2693 3531 2750 arboris
3553 2691 3700 2760 lacry-

2153 2799 2238 2838 ma
2265 2784 2527 2841 electrum
2563 2786 2732 2858 gignit
2761 2807 2774 2842 :
2811 2796 2961 2859 gutta
2990 2789 3138 2844 enim
3177 2787 3416 2844 defluens
3444 2786 3602 2857 rigore
3631 2780 3699 2836 vel

2157 2884 2340 2944 tepore
2389 2876 2442 2930 in
2487 2875 2812 2932 soliditatem
2855 2877 3114 2944 durescit,
3175 2887 3231 2934 et
3282 2891 3536 2950 gemmam
3575 2872 3696 2934 facit,

2155 2967 2221 3023 de
2266 2967 2528 3038 qualitate
2568 2983 2664 3022 sua
2707 2976 2764 3024 et
2791 2983 2986 3024 nomen
3015 2969 3320 3040 accipiens,
3351 2967 3402 3022 id
3425 2975 3521 3030 est,
3551 2961 3698 3019 succi.

472 3061 598 3116 llaec
638 3060 800 3114 arbor
841 3058 1232 3114 continentium
1271 3028 1470 3113 coetum
1507 3056 1811 3128 significare
1850 3065 2049 3128 potest,
2079 3028 2123 3090 Ο
2157 3028 2320 3122 num;
2369 3072 2434 3112 eo
2477 3057 2621 3127 quod
2659 3073 2853 3114 succus
2898 3059 2971 3114 sit
3008 3028 3242 3115 arboris.
3290 3058 3450 3113 Pinus
3493 3054 3699 3110 creditur

468 3152 562 3224 qui
596 3167 692 3221 per
721 3150 1030 3206 castitatem
1060 3148 1304 3220 corporis
1330 3148 1528 3204 mullos
1562 3149 1822 3204 virtutum
1841 3147 2052 3204 fructus

465 3241 646 3316 aﬂert.
699 3241 810 3298 llex
851 3241 920 3296 ab
963 3241 1137 3298 electo
1179 3251 1366 3296 vocata
1401 3258 1414 3295 :
1445 3239 1604 3309 hujus
1649 3241 1794 3296 enim
1843 3240 2052 3295 arboris

474 3337 704 3393 fructum
737 3335 988 3392 homines
1016 3336 1249 3404 primum
1285 3333 1348 3388 ad
1373 3333 1576 3389 victum
1605 3333 1707 3387 sibi
1729 3333 2006 3405 elegerunt
2035 3347 2048 3385 :

478 3430 619 3484 unde
648 3436 702 3482 et
731 3435 886 3497 poeta
917 3445 929 3479 :

595 3527 832 3578 Mertales
853 3525 994 3588 primi
1019 3523 1266 3573 multum
1291 3531 1488 3583 gutture
1505 3521 1750 3584 glandem.

461 3610 630 3679 Prius
653 3609 796 3664 enim
818 3649 834 3674 ,
863 3623 1024 3676 quam
1056 3605 1312 3660 frumenti
1347 3620 1476 3661 usus
1501 3613 1676 3669 esset,
1708 3605 1912 3674 antiqui
1955 3605 2052 3660 bo-

477 3700 653 3756 mines
695 3698 888 3769 glande
929 3698 1201 3751 vixerunt.
1249 3695 1354 3750 llex
1385 3711 1516 3750 vero
1557 3696 1870 3766 mysterium
1908 3704 2052 3751 tenet

469 3789 648 3845 crucis
673 3787 893 3844 Christi.
929 3785 1084 3842 Unde
1112 3785 1328 3856 legitur,
1363 3785 1508 3854 quod
1527 3784 1799 3838 Abraham
1841 3784 2050 3838 habita-

468 3879 610 3934 verit
635 3879 704 3934 ad
732 3877 909 3933 ilicem
941 3877 1178 3932 Mambre
1210 3894 1224 3930 :
1253 3877 1378 3947 quia
1409 3875 1464 3930 in
1503 3875 1760 3946 mysterio
1799 3874 2049 3946 praefigu-

469 3971 624 4026 rabat
659 3970 964 4041 passionem
1005 3967 1228 4024 Christi.
1271 3966 1448 4038 Fagus
1471 3975 1526 4021 et
1557 3966 1790 4022 aesculus
1828 3967 2051 4021 arbores

469 4061 782 4133 glandifera:
822 4061 942 4115 ideo
981 4069 1186 4115 vocata:
1235 4057 1550 4122 creduntur,
1597 4056 1741 4126 quod
1784 4054 2050 4135 fructibus

467 4169 651 4208 earum
681 4153 807 4208 olim
831 4153 1076 4208 homines
1101 4152 1354 4208 vixerunt
1375 4166 1440 4207 ac
1465 4151 1645 4207 cibum
1680 4157 2046 4220 sumpserunt,

467 4259 754 4314 escamque
791 4245 1115 4298 habuerunt.
1157 4241 1292 4297 Nam
1333 4241 1563 4298 aesculus
1606 4241 1674 4298 ab
1714 4256 1838 4296 esca
1883 4240 2047 4305 dicta,

2154 3147 2412 3218 prodesse
2449 3148 2690 3214 cunctis,
2719 3163 2840 3218 quae
2881 3150 2983 3204 sub
3021 3163 3085 3204 ea
3121 3159 3396 3215 seruntur,
3423 3148 3553 3203 sicut
3590 3145 3701 3198 ficus

2155 3254 2350 3294 nocere
2375 3241 2645 3295 omnibus.
2672 3239 2861 3296 Potest
2879 3251 3059 3296 autem
3083 3241 3248 3296 timor
3270 3241 3517 3312 gehennaz
3539 3253 3624 3308 per
3633 3235 3699 3306 pi-

2152 3348 2282 3386 num
2305 3343 2360 3388 et
2380 3334 2586 3403 piceam
2610 3335 2902 3404 significari
2923 3353 2936 3388 :
2961 3337 3087 3406 quia
3116 3337 3257 3392 sicut
3277 3335 3433 3407 pinus
3453 3331 3700 3388 arboribus

2153 3424 2397 3480 creditur
2419 3427 2678 3495 prodesse
2716 3426 2928 3481 cunctis
2947 3467 2966 3493 ,
2997 3441 3119 3496 qua:
3147 3428 3248 3482 sub
3285 3442 3348 3481 ea
3395 3423 3695 3480 consistunt:

2152 3517 2232 3573 sic
2266 3518 2428 3572 timor
2463 3519 2724 3590 gehennae
2767 3519 2870 3574 illis
2895 3521 3170 3591 proderit,
3201 3521 3298 3590 qui
3317 3525 3528 3590 propter
3561 3515 3696 3570 timo-

2152 3623 2266 3662 rem
2293 3624 2576 3678 pmnarum
2616 3618 2783 3681 agunt
2818 3611 3193 3680 paenitentiam
3225 3619 3558 3682 peccatorum
3593 3620 3699 3661 suo-

2154 3714 2294 3754 rum.
2329 3699 2371 3753 E
2395 3701 2673 3756 contrario
2706 3717 2836 3756 vero
2863 3701 3018 3769 ficus,
3047 3704 3154 3760 hoc
3182 3713 3286 3771 est,
3325 3701 3546 3759 carnalis
3569 3699 3699 3754 luxus

2151 3800 2311 3844 nocet
2350 3789 2602 3846 omnibus
2649 3793 2742 3862 qui
2790 3801 3112 3862 sequuntur,
3143 3802 3201 3850 et
3246 3794 3531 3849 abutuntur
3564 3789 3699 3845 rebus

2149 3879 2423 3936 concessis
2436 3896 2532 3950 per
2552 3880 2855 3936 illecebram
2877 3881 3237 3954 voluptatum.
3267 3882 3397 3939 Item
3411 3882 3559 3953 pinus
3578 3877 3699 3932 leves

2149 3973 2203 4028 in
2230 3973 2470 4028 Ecclesia
2496 3972 2798 4044 significat,
2829 3982 2883 4029 et
2915 3975 2982 4030 ad
3007 3991 3170 4031 omne
3191 3991 3326 4047 opus
3351 3976 3538 4030 bonum
3560 3983 3697 4042 para-

2149 4074 2234 4120 tos
2266 4083 2279 4117 :
2313 4064 2456 4119 unde
2486 4063 2542 4118 in
2571 4063 2707 4118 lsaia
2736 4064 2811 4118 ita
2846 4063 3044 4135 legitur
3075 4079 3089 4118 :
3115 4066 3272 4120 Abies
3298 4075 3346 4120 et
3381 4065 3542 4119 buxus
3563 4069 3605 4114 et
3626 4058 3696 4128 pi-

2151 4174 2248 4211 nus
2294 4155 2454 4210 simul
2503 4155 2637 4226 (Isa.
2689 4155 2802 4228 1.x).
2851 4156 3082 4212 Rursum
3119 4157 3281 4228 pinus
3319 4157 3507 4214 divites
3544 4148 3699 4208 δωρειιὶ

2149 4249 2309 4320 hujus
2338 4247 2701 4319 signifieat,ut
2737 4263 2919 4318 supra.
2951 4248 3051 4303 Pix
3082 4249 3538 4320 inquinamentum
3563 4237 3699 4299 ethi-

469 4334 624 4406 fagus
650 4351 773 4428 vero
793 4336 1027 4391 aGraeco
1047 4335 1367 4428 vocabulum
1398 4335 1582 4428 traxit.
1605 4334 1751 4428 Fage
1768 4333 2046 4428 [pbagein]
2077 4369 2128 4428 υ
2153 4343 2319 4412 grcdo
2361 4341 2703 4396 delictorum.
2749 4340 2806 4396 In
2837 4340 3126 4397 Salomone
3153 4359 3168 4396 :
3205 4341 3312 4408 Qui
3352 4339 3510 4408 tangit
3537 4335 3696 4428 picem,

469 4435 649 4480 autem
675 4425 860 4481 Graece
890 4426 1171 4481 comedere
1196 4425 1422 4490 dicitur,
1461 4426 1516 4480 in
1544 4441 1652 4496 quo
1693 4425 1837 4481 facto
1864 4426 2050 4480 admo-
2078 4425 2111 4428 ν
2138 4435 2510 4508 ἑηᾳιιὶηαὸἱιω·
2547 4434 2610 4488 ab
2654 4451 2716 4488 ea
2759 4433 2948 4506 (Eccli,
2997 4438 3142 4505 mu),
3186 4435 3350 4492 Abjcs
3383 4434 3540 4498 dicta,
3577 4425 3696 4498 quod

470 4530 666 4570 nemur
706 4516 1047 4570 abstinentia:
1085 4531 1306 4585 operam
1343 4516 1493 4581 dare,
1524 4524 1584 4569 ut
1625 4515 1795 4586 magis
1834 4513 2050 4570 studea-

470 4623 590 4662 mus
638 4623 802 4677 parco
855 4609 998 4662 victu
1047 4610 1286 4664 contenti
1337 4624 1479 4676 esse,
1533 4625 1696 4678 quam
1742 4609 2050 4665 carnalibus

466 4699 640 4770 epulis
663 4698 818 4753 avide
840 4699 1169 4755 incumbere.
1203 4700 1516 4772 Xyliglycon
1543 4715 1704 4770 quam
1726 4699 1902 4754 Latini
1927 4715 2048 4755 cor-

467 4801 625 4864 rapte
669 4791 918 4859 siliquam
958 4799 1184 4856 vocant,
1218 4790 1338 4844 ideo
1373 4807 1404 4846 a
1445 4790 1648 4847 Graecis
1701 4791 1804 4846 tale
1846 4807 2043 4846 nomen

466 4888 699 4959 accepit,
751 4903 816 4942 eo
843 4886 986 4956 quod
1026 4885 1154 4956 ligni
1193 4885 1312 4956 ejus
1354 4886 1558 4941 fructus
1587 4885 1656 4940 sit
1683 4885 1854 4941 dulcis
1887 4904 1900 4940 :
1943 4885 2044 4941 siln

467 4977 686 5053 [xylonj
715 4979 913 5048 quippe
941 4977 1126 5032 dicunt
1147 4975 1350 5047 lignum
1391 4994 1404 5030 :
1447 4975 1584 5030 licon
1616 4974 1820 5048 [glyky]
1865 4977 2038 5032 dulce.

463 5071 634 5144 Hujus
671 5071 883 5124 arboris
917 5067 1092 5139 pomis
1128 5083 1322 5123 succus
1349 5082 1638 5138 expressus
1682 5070 1863 5122 acacia
1903 5067 2040 5122 dici-

464 5173 550 5218 tur
578 5180 607 5217 a
640 5161 863 5218 Graecis.
894 5159 1115 5232 Mystice
1145 5167 1324 5214 autem
1361 5157 1555 5229 siliqua
1588 5167 1680 5212 aut
1713 5158 2038 5228 voluptatem

463 5253 669 5318 mundi,
721 5261 814 5307 aut
857 5251 1175 5322 sapientiam
1206 5249 1514 5306 sa:cularem
1555 5251 1826 5323 significat
1856 5271 1868 5306 ε
1901 5253 2042 5307 unde

465 5345 774 5399 luxuriosus
815 5341 954 5398 filius
1002 5343 1054 5398 in
1109 5341 1396 5412 Evangelio
1447 5340 1610 5414 (Luc.
1661 5342 1763 5414 xv)
1810 5343 2036 5414 legitur,

461 5433 588 5488 dum
618 5442 870 5503 pasceret
901 5449 1096 5504 porcos
1122 5442 1178 5488 et
1204 5442 1388 5504 egeret
1416 5433 1576 5498 fame,
1611 5435 1754 5504 quod
1783 5436 2040 5506 concupi-

465 5536 612 5578 ceret
661 5526 886 5594 siliquas
909 5565 925 5588 ,
969 5539 1105 5594 quas
1128 5525 1278 5595 porci
1317 5525 1752 5592 manducabant,
1791 5535 1848 5581 ct
1885 5541 2045 5580 nemo

465 5615 540 5671 illi
567 5616 750 5672 dabat.
778 5617 1091 5671 Daztnonum
1109 5616 1252 5671 enim
1270 5619 1421 5674 cibus
1435 5627 1516 5674 cst
1529 5619 1786 5684 ebrietas,
1810 5617 1934 5674 luxu
1944 5618 2040 5684 ria,

2146 4542 2258 4598 prae
2303 4525 2513 4580 caeteris
2568 4526 2854 4581 arboribus
2903 4525 3059 4597 longe
3109 4535 3199 4582 cat
3254 4535 3310 4583 et
3356 4527 3410 4580 in
3454 4521 3695 4580 excelsum

2144 4617 2449 4686 promineat
2477 4634 2489 4670 :
2523 4615 2681 4684 cujus
2701 4623 2892 4670 natura
2917 4631 3112 4688 expers
3133 4627 3218 4672 est
3237 4616 3437 4672 terreni
3462 4608 3693 4670 humoris,

2146 4725 2210 4764 ac
2231 4709 2454 4779 perinde
2482 4709 2676 4764 habilis
2701 4717 2863 4779 atque
2883 4709 3017 4764 levis
3045 4728 3058 4762 :
3091 4709 3159 4766 de
3189 4726 3295 4782 qua
3325 4707 3603 4779 Virgilius:

2272 4807 2336 4859 Et
2351 4820 2493 4857 casus
2515 4809 2654 4857 abies
2677 4809 2840 4858 visura
2863 4810 3092 4871 marinos,

2147 4893 2272 4963 quia
2319 4907 2386 4948 ex
2420 4907 2481 4947 ea
2525 4907 2690 4947 naves
2729 4891 2881 4946 fiunt.
2915 4891 3065 4948 lianc
3093 4893 3310 4964 quidam
3334 4889 3580 4946 Gallicum
3621 4895 3696 4938 vo-

2147 4992 2276 5039 cant
2307 4991 2528 5055 propter
2551 4984 2840 5040 caddorem
2871 5003 2884 5038 :
2917 4993 3002 5039 est
3028 4993 3208 5039 autem
3239 4986 3354 5040 sine
3382 4983 3532 5038 nodo.
3555 4975 3694 5034 Abies

2148 5091 2278 5131 vero
2300 5083 2522 5146 propter
2551 5075 2886 5131 altitudinem
2925 5076 3045 5142 sui,
3079 5086 3134 5133 et
3163 5077 3329 5133 robur
3350 5077 3436 5132 diu
3457 5069 3690 5130 durabile,

2147 5175 2381 5224 mentem
2422 5167 2714 5222 electorum
2765 5166 2948 5220 infima
2995 5182 3221 5238 quaeque
3269 5165 3525 5223 desideria
3563 5174 3695 5231 sper-

2145 5266 2384 5322 nentem,
2418 5265 2473 5312 et
2501 5257 2802 5312 caelestium
2837 5257 3272 5327 contemplationi
3311 5271 3517 5328 semper
3541 5254 3694 5307 inten-

2149 5359 2284 5413 tam,
2317 5349 2518 5402 virtute
2546 5362 2762 5418 quoque
2789 5349 3065 5418 patientiae
3088 5348 3433 5420 singulariter
3457 5342 3692 5402 excellere

2148 5451 2254 5496 tem
2281 5457 2387 5496 non
2415 5440 2706 5511 incongrue
2725 5441 3076 5496 demonstrat.
3103 5441 3254 5498 Unde
3271 5442 3324 5496 in
3353 5440 3484 5494 libro
3511 5437 3690 5505 Regum

2145 5532 2407 5600 scriptum
2436 5539 2521 5586 est
2561 5529 2626 5584 de
2668 5528 2954 5586 Salomone
2989 5546 3052 5584 ac
3100 5530 3280 5601 templi
3317 5527 3686 5586 aedificatione:

2151 5622 2215 5676 lz‘t
2247 5623 2396 5686 texit,
2419 5623 2613 5691 inquit,
2642 5624 2989 5692 pavimentum
3023 5622 3214 5676 tabulis
3235 5621 3484 5692 abiegnis,
3515 5611 3688 5672 vestivit
