3950 6192
423 233 531 293 519

1066 227 1127 284 Β.
1168 228 1419 286 MBAN]
1458 224 1676 286 MAUKI
1715 221 2030 282 ARCIIIEP.
2066 220 2376 280 MOGUNT.
2416 218 2701 278 OPERUM
2738 217 2918 276 PARS
2955 216 3016 274 ll.

3560 218 3652 274 520

419 345 796 419 mquanimiter
842 343 1025 399 omnia
1069 342 1268 400 ferunt.
1323 343 1427 399 Per
1461 355 1737 412 quercum,
1777 348 1840 395 ut
1865 338 1997 403 dixi,
2027 341 2078 399 Α
2104 335 2267 390 nimis
2290 348 2510 389 amarus
2538 341 2643 388 est.
2678 331 2804 388 llaec
2832 332 2994 386 arbor
3020 331 3071 385 in
3101 327 3389 386 solitudine
3407 337 3462 384 et
3481 344 3655 385 saxosa

421 439 598 495 sancti
638 437 742 493 fide
758 475 774 501 ,
802 444 963 504 atque
993 434 1283 489 virtutibus
1309 433 1514 489 robusti
1540 432 1593 486 in
1611 431 1746 486 lsaia
1770 428 2000 500 mystice

421 531 773 600 designantur
791 566 808 592 ,
834 526 924 580 ubi
952 526 1025 580 ita
1053 524 1250 594 legitur
1274 542 1287 578 :
1320 524 1390 578 Et
1425 525 1521 581 εει
1542 522 1833 577 ostensione
1864 520 1999 574 sicut

420 620 769 681 terebinthus,
821 627 868 672 et
909 617 1045 671 sicut
1089 633 1333 687 quercus,
1379 632 1497 688 qua:
1536 615 1784 685 expandit
1825 629 1999 668 ramos

420 729 544 767 suos
576 710 711 783 (Isa.
741 708 839 781 vt).
877 707 1009 763 ltem
1046 708 1099 762 in
1124 708 1284 763 aliam
1318 717 1527 779 partem
1560 721 1575 762 :
1610 707 1675 761 Et
1705 722 1861 777 super
1889 721 2000 759 om-

422 821 511 858 nes
536 818 776 873 quercus,
810 800 1002 869 inquit,
1032 798 1210 855 Basan
1236 799 1372 868 (Isa.
1401 799 1484 871 ιι).
1510 798 1781 854 Fraxinus
1814 795 1996 850 vocari

421 896 613 959 fertur,
654 894 796 965 quod
820 894 991 964 magis
1012 893 1065 947 in
1094 908 1284 963 aspera
1320 892 1436 947 loca
1467 899 1828 958 montanaque
1848 887 1999 958 fraga

421 999 698 1046 nascatur.
746 989 884 1045 Hinc
924 1003 1022 1057 per
1070 984 1456 1041 derivationem
1495 980 1768 1044 fraxinus,
1800 978 1943 1033 sicut
1968 993 1999 1032 a

421 1089 605 1136 monte
634 1089 962 1144 montanus;
997 1078 1062 1132 de
1081 1091 1187 1146 qua
1214 1074 1437 1130 Ovidius
1468 1086 1483 1125 :

579 1225 592 1239 .
631 1226 644 1239 .
681 1227 693 1239 .
733 1226 745 1239 .
785 1223 799 1238 .
834 1226 848 1238 .
885 1196 938 1237 et
961 1187 1179 1236 fraxinus
1198 1183 1332 1235 utilis
1354 1184 1529 1233 hastis.

421 1293 605 1348 Potest
654 1300 833 1346 autem
892 1289 1199 1361 significare
1250 1302 1400 1342 arma
1443 1286 1748 1349 virtutum,
1805 1282 2002 1352 quibus

423 1393 647 1438 utuntur
682 1382 853 1438 sancti
896 1389 1084 1436 contra
1115 1379 1298 1434 hostes
1336 1392 1480 1432 suos.
1518 1375 1700 1431 Taxus
1735 1380 2001 1428 venenata

424 1476 599 1539 arbor,
646 1476 786 1529 unde
822 1482 879 1527 et
915 1471 1091 1526 toxica
1128 1484 1335 1525 venena
1358 1467 1770 1537 exprimuntur;
1804 1480 1873 1519 ex
1900 1464 2003 1518 hac

384 1618 387 1619 ν
423 1583 581 1624 arcus
607 1567 793 1622 Parthi
825 1575 880 1621 et
919 1565 1036 1619 aliae
1061 1573 1252 1636 gentes
1279 1559 1505 1617 faciunt.
1537 1557 1692 1615 Unde
1720 1567 1776 1613 et
1797 1563 1954 1628 poeta
1984 1570 1999 1609 :

580 1714 593 1729 .
634 1716 645 1728 .
682 1713 697 1728 .
734 1715 747 1729 .
787 1714 799 1725 .
837 1714 847 1725 .
890 1677 1075 1739 ltyreos
1104 1685 1249 1725 taxus
1271 1668 1531 1736 torquetur
1558 1671 1603 1720 in
1627 1682 1783 1720 arcos.

424 1784 548 1840 llaec
577 1783 740 1837 arbor
765 1790 940 1853 potest
966 1780 1116 1835 dolos
1153 1786 1207 1833 et
1243 1772 1507 1832 venenata
1535 1768 1786 1842 dogmata
1828 1766 2001 1825 haere-

423 1875 649 1929 ticorum
672 1872 979 1942 exprimere
1014 1886 1133 1940 qua:
1154 1854 1389 1939 pariunt
1419 1875 1666 1928 mortem,
1690 1873 1745 1918 et
1772 1860 2004 1917 all‘eru'ut

422 1965 697 2019 interitum
722 1964 828 2028 his,
863 1948 953 2032 qui
983 1962 1034 2015 in
1059 1962 1125 2016 iis
1163 1960 1272 2015 lmsi
1306 1950 1525 2013 fuerint.
1562 1954 1731 2010 Alnus
1756 1958 2000 2019 vocatur,

421 2055 563 2127 quod
590 2055 764 2109 alatur
790 2070 977 2119 amne;
1001 2040 1246 2124 proxima
1271 2052 1415 2108 enim
1446 2066 1599 2121 aqua:
1619 2048 1879 2113 nascitur,
1904 2062 2005 2102 nec

425 2149 581 2205 facile
623 2159 776 2203 extra
822 2146 994 2202 undas
1021 2148 1172 2200 vivit.
1206 2132 1341 2200 llinc
1393 2154 1446 2199 et
1482 2154 1662 2199 tenera
1706 2150 1762 2197 et
1804 2140 2001 2206 mollis,

423 2239 547 2309 quia
578 2240 631 2294 in
665 2239 772 2294 huzi
796 2247 917 2293 ecto
946 2237 1063 2291 loco
1102 2238 1360 2291 nutritur.
1396 2235 1585 2291 Ulmus
1621 2248 1814 2288 nomen
1850 2247 2006 2286 acce-

423 2330 503 2400 pit
530 2330 673 2400 quod
715 2329 995 2399 uliginosis
1026 2328 1158 2382 locis
1183 2337 1237 2383 et
1273 2326 1509 2381 humidis
1540 2325 1731 2380 melius
1769 2325 2000 2395 proficit.

425 2420 561 2475 Nam
589 2421 641 2474 in
675 2424 946 2474 montanis
973 2427 1025 2471 et
1048 2419 1254 2488 asperis
1280 2419 1457 2473 minus
1487 2417 1607 2472 laeta
1639 2426 1743 2472 est.
1774 2416 2007 2473 Possunt

424 2523 604 2567 autem
637 2512 753 2566 hmc
775 2512 893 2565 dua:
922 2511 1146 2564 arbores
1186 2510 1306 2565 illos
1333 2509 1662 2579 significare,
1688 2509 1780 2579 qui
1818 2508 2004 2580 irriga-

426 2601 571 2657 tione
600 2615 879 2653 sacrarum
910 2598 1344 2666 Scripturarum,
1374 2606 1427 2652 et
1461 2600 1766 2654 humilitate
1791 2614 2003 2653 morum

427 2689 601 2758 magis
634 2689 956 2758 proficiunt,
988 2703 1151 2758 quam
1191 2688 1290 2753 illi,
1323 2688 1416 2759 qui
1445 2688 1496 2742 in
1517 2689 1755 2759 potentia
1783 2691 2003 2760 propria

427 2779 725 2835 confidunt.
762 2778 998 2849 Populus
1030 2778 1201 2842 dicta,
1228 2779 1371 2848 quod
1409 2792 1475 2833 ex
1506 2777 1623 2847 ejus
1646 2780 1794 2835 calce
1824 2780 2005 2835 multi-

427 2870 555 2926 tudo
584 2860 866 2936 nascatur;
907 2868 1061 2939 cujus
1093 2884 1261 2940 genus
1288 2869 1482 2940 duplex
1514 2878 1615 2926 est.
1654 2869 1790 2926 Nam
1831 2868 2003 2927 altera

424 2970 511 3019 est
556 2962 693 3025 alba,
738 2961 908 3017 altera
953 2961 1126 3032 nigra.
1171 2959 1306 3015 Alba
1347 2969 1528 3016 autem
1566 2961 1795 3032 populus
1834 2962 1999 3028 dicta,

422 3059 550 3128 quia
582 3057 710 3112 folia
753 3057 870 3126 ejus
906 3073 1012 3112 una
1041 3065 1194 3129 parte
1227 3068 1353 3112 sunt
1392 3056 1535 3121 alba,
1571 3056 1756 3120 altera,
1786 3055 1997 3110 viridia.
2029 3051 2074 3113 C

426 3151 551 3207 llaec
574 3166 703 3223 ergo
732 3151 959 3216 bicolor,
994 3150 1195 3204 habens
1225 3149 1380 3219 quasi
1411 3149 1587 3205 noctis
1607 3157 1663 3203 et
1687 3148 1793 3202 diei
1820 3157 1998 3212 notas,

424 3257 544 3313 qua:
584 3252 826 3313 tempora
856 3250 977 3296 ortu
1006 3240 1137 3295 solis
1169 3253 1476 3309 occasuque
1509 3248 1781 3295 constant.
1827 3238 2001 3293 Gene-

426 3343 549 3388 rant
597 3334 762 3387 etiam
800 3332 1037 3386 resinam
1074 3330 1220 3384 circa
1251 3329 1543 3384 Eridanum
1584 3328 1824 3395 fluvium,
1857 3328 2002 3383 velut

423 3424 513 3479 alii
538 3432 780 3487 narrant,
812 3424 864 3478 in
890 3420 1087 3476 finibus
1108 3420 1298 3492 Syriae.
1327 3419 1562 3491 Populus
1582 3421 1810 3492 virgulta
1839 3421 2003 3477 casti-

427 3516 584 3579 tatis,
625 3523 685 3569 ut
711 3514 932 3584 quidam
956 3514 1172 3578 volunt,
1204 3514 1257 3569 in
1288 3513 1531 3570 Levitico
1558 3514 1845 3586 significat,
1868 3523 1923 3569 et
1948 3516 2002 3569 in

426 3607 623 3661 malam
660 3616 867 3676 partem
902 3604 1029 3660 illud
1066 3592 1330 3675 accipitur
1357 3604 1413 3658 in
1442 3604 1602 3669 Osee,
1634 3604 1723 3658 ubi
1756 3605 1954 3659 dicitur
1985 3622 1999 3657 :
2032 3636 2053 3655 ς

424 3684 620 3752 Subtus
645 3695 896 3767 populum
917 3705 964 3749 et
994 3695 1337 3749 terebinthum
1357 3735 1372 3760 ,
1400 3695 1525 3766 quia
1550 3694 1684 3748 bona
1717 3704 1790 3749 est
1819 3695 2003 3749 umbra

345 3810 351 3817 α
422 3787 538 3855 ejus
563 3783 708 3857 (Ose.
738 3785 831 3857 tv).
862 3785 1056 3840 Tiliam
1082 3785 1271 3840 dicunt
1289 3793 1535 3840 vocatam
1568 3800 1655 3849 eo,
1682 3784 1822 3854 quod
1857 3785 2004 3839 utilis

424 3880 495 3933 sit
544 3880 612 3934 ad
666 3894 819 3934 usum
858 3876 1111 3944 telorum,
1162 3877 1338 3932 nitore
1374 3885 1429 3931 et
1462 3876 1676 3931 levitate
1707 3874 2000 3945 jaculandi.

424 3970 519 4025 Est
545 3970 689 4024 enim
715 3984 884 4041 genus
908 3969 1149 4024 materia":
1174 3968 1480 4034 levissimas,
1506 3982 1625 4036 qua:
1643 3975 1699 4022 et
1719 3967 1909 4037 apibus
1937 3967 2003 4022 ad

426 4061 530 4117 mel
565 4060 959 4117 conficiendum
989 4059 1278 4115 utilissima
1311 4066 1395 4115 est
1429 4074 1447 4113 :
1483 4058 1563 4114 sic
1584 4065 1640 4113 et
1682 4059 1735 4112 in
1766 4058 2001 4113 doctori-

424 4156 524 4209 bus
553 4151 909 4207 mansuetudo
933 4151 1217 4207 laudabilis
1255 4158 1372 4216 est,
1417 4160 1474 4206 et
1513 4149 1667 4204 valde
1707 4149 1889 4204 suavis
1919 4158 2005 4204 est

423 4243 740 4313 praedicatio
768 4242 937 4297 verbi.
969 4240 1117 4297 Salis
1146 4242 1319 4306 dicta,
1358 4242 1503 4313 quod
1539 4240 1791 4295 celeriter
1823 4239 2001 4305 saliat,

428 4334 532 4388 hoc
557 4342 670 4399 est,
698 4333 955 4388 velociter
982 4341 1193 4388 crescat
1223 4349 1238 4398 ;
1281 4336 1443 4389 arbor
1470 4332 1636 4397 lenta,
1667 4331 1868 4387 vitibus
1900 4332 2002 4387 ba-

421 4426 547 4481 bilis
573 4424 876 4480 vinciendis
900 4441 915 4490 ;
947 4423 1102 4493 cujus
1133 4424 1356 4480 seminis
1381 4425 1524 4480 hanc
1553 4423 1741 4479 dicunt
1763 4437 1886 4478 esse
1909 4438 2003 4477 na-

424 4524 600 4571 turam
625 4556 640 4581 ,
672 4524 734 4570 ut
772 4515 818 4570 si
861 4515 985 4584 quis
1022 4515 1151 4569 illud
1195 4516 1248 4569 in
1286 4516 1478 4585 poculo
1514 4516 1792 4581 hauserit,
1824 4513 2008 4569 liberis

426 4616 613 4664 careat
648 4624 661 4661 :
691 4607 784 4662 sed
828 4616 884 4662 et
932 4606 1164 4663 feminas
1210 4607 1527 4663 infecundas
1567 4605 1750 4663 edicit.
1800 4605 2008 4662 Salices

417 4702 575 4795 ju‘vta
597 4700 911 4770 mysterium
935 4699 1120 4754 fideles
1140 4700 1341 4754 suntin
1363 4698 1604 4754 Ecclesia
1624 4713 1790 4769 prope
1805 4696 2005 4752 fluenta

424 4788 620 4852 divina:
643 4790 1046 4864 praedicationis
1080 4790 1327 4856 radicati,
1357 4790 1410 4844 in
1438 4788 1598 4855 Isaia,
1632 4788 1723 4843 ubi
1752 4788 1954 4844 dicitur
1990 4806 2003 4842 :

423 4887 489 4941 Et
518 4886 669 4958 quasi
699 4883 884 4939 salices
906 4882 1064 4952 juxta
1087 4882 1305 4951 ﬂuentes
1333 4897 1498 4951 aquas
1526 4878 1639 4953 (lsa
1677 4878 1844 4950 κων).
1873 4879 2008 4935 Item

423 4980 619 5036 salices
669 4976 918 5032 homines
961 4971 1281 5028 infructuosi
1310 4979 1467 5035 sunt;
1512 4971 1655 5026 unde
1679 4979 1763 5026 est
1791 4970 1921 5026 illud
1952 4972 2006 5027 in

420 5067 522 5123 Job
565 5087 577 5122 :
620 5064 1031 5121 Circumdabunt
1066 5077 1205 5126 eum,
1248 5060 1350 5116 hoc
1390 5069 1504 5125 est,
1544 5060 1837 5125 diabolum,
1878 5060 2010 5114 sali-

422 5175 504 5212 ces
527 5158 770 5211 torrentis
793 5154 935 5228 (Job.
966 5152 1087 5226 XL);
1112 5160 1165 5207 et
1195 5151 1320 5206 alibi
1339 5170 1352 5206 :
1370 5151 1451 5205 Ad
1483 5160 1765 5205 torrentem
1793 5148 2006 5203 salicem

423 5248 678 5302 deducent
709 5264 795 5301 eos
823 5245 935 5300 Isa.
967 5246 1081 5317 xv).
1113 5243 1350 5314 Populus
1385 5251 1587 5307 autem,
1619 5251 1674 5296 et
1697 5241 1833 5296 salix
1856 5249 1910 5294 et
1938 5240 2004 5295 ti-

426 5336 497 5392 lia
528 5338 715 5392 uiolles
746 5338 984 5392 materia:
1009 5343 1136 5391 sunt
1156 5375 1170 5401 ,
1202 5346 1258 5389 et
1288 5334 1356 5389 ad
1384 5333 1710 5404 sculpturam
1740 5342 1896 5402 aptze.
1929 5332 2004 5387 De

424 5432 602 5504 populi
641 5442 818 5487 autem
849 5431 1241 5503 significatione
1266 5436 1323 5484 et
1359 5437 1675 5484 camerarum
1707 5424 1821 5494 jam
1850 5440 2007 5496 supe-

427 5524 542 5578 rius
591 5523 791 5577 dictum
846 5530 948 5576 est.
994 5521 1229 5592 Myrica,
1279 5535 1441 5590 quam
1496 5517 1673 5573 Latini
1712 5527 2003 5572 tamarcem

427 5623 642 5678 vocant,
671 5630 735 5668 cx
766 5613 1127 5667 amaritudine
1164 5613 1475 5676 nominata;
1503 5622 1691 5681 gustus
1724 5610 1865 5665 enim
1889 5609 2004 5678 ejus

2030 4393 2082 4453 D

2102 425 2267 480 humo
2306 423 2584 490 nascitur;
2625 437 2693 478 ex
2732 435 2839 492 qua
2874 421 3035 475 etiam
3061 421 3262 475 arbore
3300 417 3549 473 maleficis
3576 435 3659 473 ar-

2101 516 2245 571 tibus
2258 515 2542 580 misethra,
2565 514 2616 568 id
2642 525 2744 577 est,
2760 513 2881 569 odia
2904 500 3165 567 concitari
3189 510 3458 565 dicuntur.
3478 509 3551 565 De
3571 511 3662 567 hac

2099 607 2294 663 arbore
2315 605 2611 661 similitudo
2632 604 2830 661 dicitur
2846 604 2898 658 in
2919 600 3548 672 Jeremiaprdpheta,qui
3568 601 3661 655 ait:

2102 697 2231 753 Haec
2257 698 2382 750 dicit
2407 696 2663 750 Dominus
2688 709 2706 747 :
2733 693 3043 749 Maledictus
3066 694 3247 759 homo,
3270 692 3361 752 qui
3388 692 3592 762 conlidit
3615 694 3666 749 in

2099 788 2306 842 homine
2327 796 2375 842 et
2398 788 2543 857 ponit
2569 802 2781 839 carnem
2810 784 3078 838 brachium
3106 800 3260 837 suum
3279 823 3293 845 ,
3319 792 3366 836 et
3397 800 3429 836 a
3460 782 3665 837 Domino

2101 878 2300 932 recedet
2330 894 2420 931 cor
2450 876 2583 946 ejus.
2621 873 2737 929 Erit
2774 874 2913 929 enim
2943 875 3097 944 quasi
3131 874 3348 944 myrica:
3378 873 3431 927 in
3459 873 3663 936 deserto,

2098 976 2147 1021 et
2186 983 2292 1020 non
2330 960 2519 1020 uidebit
2543 1006 2558 1027 ,
2597 981 2715 1018 cum
2744 964 2937 1019 uenerit
2964 963 3177 1028 bonum,
3217 962 3309 1017 sed
3348 963 3586 1017 habitabit
3616 965 3667 1017 in

2099 1057 2331 1111 siccitate
2364 1058 2419 1111 in
2444 1057 2647 1110 deserto
2667 1096 2681 1120 ,
2714 1056 2771 1109 in
2796 1065 2935 1109 terra
2966 1054 3254 1124 salsuginis
3279 1064 3327 1107 et
3360 1054 3668 1108 inhabitabili

2102 1145 2233 1217 (ler.
2286 1148 2441 1217 xvu).
2496 1146 2610 1201 Hoc
2639 1148 2705 1201 de
2742 1144 2937 1215 popqu
2987 1146 3188 1201 dicitur
3227 1145 3547 1209 Judmorum,
3584 1147 3666 1216 qui

2104 1236 2348 1291 habitant
2375 1238 2427 1291 in
2465 1238 2701 1303 deserto,
2731 1235 3045 1307 fructusque
3073 1252 3181 1290 non
3222 1234 3454 1301 faciunt,
3479 1246 3532 1292 et
3556 1246 3670 1292 sunt

2102 1327 2158 1381 in
2202 1337 2348 1383 terra
2395 1327 2682 1397 salsuginis
2709 1368 2724 1392 ,
2778 1343 2899 1397 qua:
2936 1325 3112 1381 nullos
3168 1325 3375 1382 fructus
3419 1326 3574 1390 facit,
3620 1339 3668 1381 et

2103 1417 2477 1479 inhabitabili.
2522 1432 2642 1487 qua:
2688 1416 2955 1488 hospitem
2999 1418 3107 1470 non
3146 1416 3311 1471 habet
3354 1416 3536 1481 Deum,
3580 1430 3671 1470 nec

2104 1508 2418 1579 angelorum
2467 1507 2739 1578 prtesidia,
2794 1520 2896 1563 nec
2936 1507 3176 1578 Spiritus
3229 1509 3401 1563 sancti
3437 1508 3666 1578 gratiam,

2107 1616 2207 1656 nec
2254 1601 2539 1656 scientiam
2580 1601 2983 1672 magistrorum.
3024 1600 3234 1672 Myrtus
3271 1617 3302 1655 a
3346 1599 3477 1654 mari
3520 1599 3667 1662 dicta,

2027 1679 2075 1740 Β
2102 1707 2167 1747 eo
2188 1694 2332 1763 quod
2361 1694 2532 1764 magis
2559 1692 2772 1747 littorea
2803 1694 2963 1748 arbor
3009 1694 3110 1759 sit;
3144 1694 3290 1749 unde
3314 1702 3371 1748 et
3399 1691 3665 1764 Virgilius:

2477 1804 2655 1855 Littors
2676 1809 2846 1869 myrtis
2867 1805 3117 1856 laetissima
3140 1820 3155 1870 ;

2107 1884 2204 1930 et:

2302 1964 2535 2015 Amantcs
2558 1964 2716 2015 littora
2741 1973 2930 2027 myrte.

2107 2070 2245 2126 Hinc
2276 2077 2359 2125 est
2396 2069 2538 2139 quod
2568 2085 2597 2124 a
2629 2069 2834 2125 Graecis
2870 2069 3081 2141 myrine
3119 2067 3340 2124 dicitur.
3369 2067 3669 2124 Medicorum

2107 2170 2287 2243 autem
2302 2161 2421 2215 libri
2440 2161 2578 2215 hanc
2590 2160 2837 2214 arborem
2853 2170 3030 2230 aptam
3048 2160 3299 2215 scribunt
3312 2159 3582 2215 mulierum
3596 2173 3673 2213 ne-

2106 2252 2452 2308 cessitatibus
2470 2251 2748 2321 plurimis;
2781 2263 2988 2323 myrtus
3002 2252 3149 2306 enim
3177 2252 3430 2322 populum
3452 2251 3670 2323 gentium

2106 2344 2395 2417 significat.
2421 2344 2767 2414 Unde'hujus
2797 2344 3008 2398 arboris
3037 2345 3248 2398 mentio
3273 2343 3332 2397 fit
3352 2344 3404 2398 in
3431 2342 3671 2397 Zacharia

2106 2438 2388 2507 propheta,
2410 2435 2499 2490 ubi
2524 2436 2595 2490 ita
2622 2435 2816 2506 legitur
2840 2454 2852 2489 :
2886 2436 2952 2489 Et
2990 2452 3108 2491 ecce
3136 2437 3216 2491 vir
3236 2436 3512 2490 ascendens
3535 2449 3674 2505 super

2108 2543 2297 2599 equum
2331 2527 2534 2597 rufum,
2570 2536 2617 2581 et
2643 2528 2751 2596 ipse
2780 2526 2948 2580 stabat
2978 2527 3115 2580 inter
3140 2536 3513 2598 myrteta,qua:
3538 2532 3670 2579 erant

2104 2619 2162 2673 in
2202 2617 2484 2689 profundo,
2513 2625 2617 2672 etc.
2648 2614 2835 2689 (Zach.
2869 2616 2930 2686 ι).
2955 2616 3107 2672 liuuc
3131 2617 3310 2672 virum
3354 2614 3550 2671 Hebraei
3589 2612 3671 2669 Ili-

2106 2708 2349 2764 chaelem
2377 2707 2760 2779 archangelum
2807 2716 3018 2778 putant,
3056 2709 3149 2777 qui
3181 2708 3326 2763 ultor
3355 2706 3670 2778 iniquitatum

2105 2808 2162 2856 et
2188 2806 2533 2869 peccatorum
2568 2799 2639 2853 sit
2688 2799 2740 2852 in
2786 2797 2970 2862 Israel,
3002 2807 3057 2855 et
3109 2800 3258 2869 quod
3304 2798 3508 2852 steterit
3549 2796 3671 2850 inter

2104 2898 2357 2961 myrteta,
2382 2905 2502 2960 qua:
2526 2897 2681 2945 erant
2711 2889 2763 2944 in
2784 2889 3070 2960 profundo,
3104 2889 3333 2960 intelligi
3357 2888 3534 2943 volunt
3562 2900 3671 2957 pro-

2103 2976 2295 3054 phetas
2318 2992 2374 3037 et
2404 2990 2641 3047 sanctos,
2664 2980 2753 3050 qui
2792 2982 2846 3035 in
2888 2980 3066 3036 medio
3092 2982 3237 3051 capti
3264 2980 3437 3051 populi
3466 2993 3670 3037 conver-

2106 3073 2367 3128 sabantur
2390 3080 2445 3126 et
2467 3080 2627 3126 erant
2652 3071 2703 3125 in
2752 3070 3033 3142 profundo.
3066 3070 3127 3124 Ls
3145 3073 3376 3137 nliscus,
3405 3071 3537 3141 quod
3560 3084 3669 3125 cus-

2100 3163 2186 3233 pis
2210 3163 2380 3232 ipsius
2410 3162 2586 3217 lentus
2630 3162 2703 3216 sit
2732 3171 2787 3217 ct
2814 3162 2991 3218 mollis
3017 3181 3031 3217 :
3062 3178 3189 3216 nam
3218 3163 3419 3218 lentum
3447 3161 3669 3225 dicimus,

2102 3253 2362 3324 quidquid
2388 3251 2622 3308 ﬂexibile
2646 3261 2750 3307 est.
2786 3252 2939 3308 Unde
2976 3260 3033 3309 et
3078 3254 3284 3308 lentqu
3314 3254 3484 3307 vimen
3515 3259 3562 3305 ct
3599 3249 3670 3303 vi-

2103 3355 2203 3401 tes.
2241 3343 2535 3414 Virgilius:
2564 3353 2612 3398 et
2655 3341 2809 3398 lenta:
2855 3345 3006 3410 vites,
3054 3360 3155 3414 pro
3204 3344 3479 3399 flexibiles.
3523 3341 3670 3409 llujus

2101 3436 2311 3492 fructus
2328 3435 2506 3491 oleum
2536 3435 2779 3499 desudat,
2808 3446 2996 3490 cortex
3039 3434 3306 3501 resinam,
3349 3448 3465 3503 quae
3492 3430 3669 3488 mastix

2103 3529 2423 3602 appellatur,
2454 3526 2607 3597 cujus
2639 3526 2872 3599 plurima
2908 3535 2964 3581 et
3005 3527 3201 3594 melior
3252 3527 3307 3581 in
3336 3525 3467 3581 Chio
3512 3519 3669 3582 insula

2106 3620 2365 3691 gignitur.
2392 3617 2632 3674 Lentisei
2676 3617 2823 3672 enim
2848 3616 3051 3671 mentio
3073 3624 3158 3670 est
3190 3616 3244 3669 in
3272 3613 3505 3669 Danielis
3528 3610 3668 3673 libro,

2102 3709 2192 3763 ubi
2215 3709 2477 3764 Susanna:
2506 3708 2731 3763 historia
2760 3708 2962 3777 scripta
2991 3718 3106 3764 est:
3136 3716 3193 3764 et
3226 3708 3316 3762 ubi
3344 3708 3410 3763 de
3430 3705 3603 3763 schiuo
3624 3711 3670 3756 et

2102 3798 2259 3868 prino
2310 3798 2590 3868 responsio
2645 3799 3082 3871 presbyterorum
3139 3799 3459 3854 ostenditur.
3514 3791 3668 3849 Latini

2103 3889 2250 3944 enim
2278 3886 2524 3944 schiuum
2553 3896 2609 3944 et
2637 3889 2851 3959 prinum
2894 3889 3072 3945 ilicem
3112 3898 3168 3945 et
3201 3889 3482 3944 lentiscum
3524 3886 3672 3940 inter-

2103 3987 2407 4052 pretantur,
2435 3994 2666 4049 quorum
2688 3994 2883 4034 sensus
2908 3979 2981 4034 ibi
3011 3978 3411 4035 manifestatur.
3437 3974 3670 4033 Terebin—

2105 4070 2230 4126 thus
2260 4071 2445 4136 arbor,
2476 4068 2723 4127 Graecum
2773 4086 2995 4137 nomen,
3032 4085 3301 4141 generans
3327 4068 3551 4125 resinam
3573 4078 3670 4120 om-

2104 4163 2253 4217 nium
2278 4162 2579 4216 resinarum
2623 4162 3075 4232 praestantiorem.
3102 4160 3325 4233 Legitur
3348 4172 3403 4217 et
3425 4160 3477 4214 in
3507 4155 3667 4214 Gene-

2104 4267 2245 4316 seos,
2278 4252 2419 4322 quod
2463 4252 2771 4322 patriarcha
2808 4249 2974 4307 .lacob
3013 4260 3311 4307 convocata
3341 4250 3481 4306 omni
3528 4248 3668 4303 domo

2106 4356 2203 4396 sua
2235 4339 2390 4409 juxta
2415 4350 2744 4411 praeceptum
2784 4339 2999 4395 Domini
3046 4341 3246 4396 dixerit
3282 4342 3347 4395 ad
3375 4355 3504 4396 eos:
3543 4335 3670 4405 Adji—

2109 4428 2207 4482 cite
2242 4427 2377 4482 Deos
2400 4427 2620 4493 alienos,
2642 4429 2731 4499 qui
2777 4428 2833 4483 in
2861 4429 3031 4483 medio
3069 4431 3224 4483 uestri
3253 4438 3415 4484 sunt:
3459 4437 3503 4481 et
3530 4440 3664 4480 umn-

2110 4520 2310 4574 damini
2359 4537 2422 4574 ac
2456 4531 2666 4576 mutate"
2689 4521 2989 4576 uestimenta
3035 4531 3241 4577 uestra:
3268 4524 3486 4592 surgite,
3524 4528 3568 4573 et
3594 4532 3669 4569 as-

2110 4610 2395 4665 cendamus
2440 4611 2494 4665 in
2526 4610 2705 4666 Bethel
2738 4621 2796 4666 ut
2833 4611 3092 4681 faciamus
3120 4613 3194 4667 ibi
3224 4612 3391 4668 altare
3435 4609 3663 4669 Domino.

2109 4701 2199 4773 qui
2223 4700 2490 4756 exaudivit
2519 4718 2599 4755 me
2636 4702 2693 4756 in
2738 4701 2823 4756 die
2851 4701 3206 4758 tribulationis
3233 4720 3383 4768 mea',
3402 4711 3449 4755 et
3477 4699 3568 4770 fuit
3594 4712 3667 4751 so-

2111 4793 2221 4847 cius
2257 4792 2458 4846 itineris
2489 4792 2610 4846 mei.
2651 4791 2917 4847 Dederunt
2959 4810 3081 4864 ergo
3131 4793 3179 4848 ei
3204 4810 3379 4848 omnes
3406 4791 3534 4845 Deos
3556 4785 3666 4840 alie—

2108 4899 2223 4949 nos,
2255 4899 2383 4954 quos
2414 4881 2691 4948 habebant,
2720 4893 2767 4937 et
2807 4883 3017 4938 inaures
3043 4924 3059 4950 ,
3106 4900 3223 4955 qua:
3251 4891 3398 4938 erant
3446 4881 3497 4935 in
3541 4873 3667 4930 auri-

2109 4974 2201 5029 bus
2227 4990 2426 5028 eorum.
2455 4974 2520 5026 At
2537 4973 2624 5028 ille
2650 4974 2838 5045 infodit
2865 4992 2953 5029 eos
2979 4976 3157 5029 subter
3181 4975 3532 5037 terebinthum,
3564 4981 3664 5040 qua!

2106 5076 2181 5117 est
2230 5075 2342 5136 post
2393 5064 2569 5119 urbem
2605 5064 2809 5120 Sichem
2844 5064 2996 5138 (Gen.
3028 5054 3227 5138 ixxv);
3255 5066 3395 5137 quod
3422 5060 3665 5133 significat

2106 5155 2602 5211 ecclesiamomnia
2654 5157 2944 5212 simulacra
2981 5157 3258 5230 gentilium
3312 5154 3567 5225 alujicere,
3618 5155 3665 5202 el

2107 5261 2380 5321 perpetua:
2419 5250 2675 5307 oblivioni
2702 5251 3008 5308 damnando
3042 5251 3131 5307 illa
3158 5251 3387 5317 tradere,
3419 5255 3478 5302 ut
3516 5241 3662 5300 solius

2105 5350 2161 5396 et
2179 5341 2339 5396 unius
2369 5341 2481 5396 veri
2512 5339 2605 5397 Dei
2635 5341 2813 5397 cultus
2846 5338 3055 5413 ubique
3089 5341 3315 5397 celebris
3364 5338 3474 5393 flat.
3519 5332 3662 5388 Tere-

2107 5429 2327 5484 hinthus
2355 5430 2550 5496 sancti,
2569 5439 2629 5484 ut
2652 5431 2704 5484 in
2733 5431 2868 5484 lsaia
2896 5451 2907 5485 :
2953 5432 3015 5485 Et
3042 5433 3139 5486 erit
3166 5432 3220 5485 in
3240 5429 3519 5485 ostensione
3542 5421 3659 5476 sicut

2106 5520 2423 5575 terebinthus
2463 5520 2597 5593 (Isa.
2630 5521 2727 5591 vt).
2762 5520 2916 5576 Sicut
2954 5523 3005 5576 in
3048 5522 3209 5577 aliam
3261 5528 3486 5591 partem,
3516 5521 3569 5567 ut
3610 5508 3656 5561 in

2106 5612 2244 5668 Osce
2276 5631 2287 5666 :
2320 5613 2513 5667 Subtns
2567 5611 2811 5682 populum
2875 5624 2922 5667 et
2970 5615 3335 5678 terebinlhum,
3382 5608 3498 5682 quia
3541 5605 3654 5657 bona
