3950 6192
232 263 308 316 εις
1166 253 1254 308 DE
1297 245 1638 306 UNIV‘ERSO
1679 243 1855 298 LlBRl
1899 241 2055 295 XX“.
2099 270 2168 280 —-
2206 239 2332 292 LlB.
2378 235 2514 291 XIX.

3371 231 3478 286 5‘22

230 379 322 422 erat
353 367 534 420 umbra
562 365 674 433 ejus
705 361 848 433 ('Ose.
876 360 968 432 ιν).
998 359 1440 415 BuxusCrmcum
1472 370 1666 412 nomen
1692 363 1792 418 est,
1825 358 1866 416 Α
1899 359 2144 420 pungunt
2169 348 2367 403 illicitis
2396 345 2678 400 desideriis
2729 351 2964 396 mentem
2994 341 3304 406 humanam,
3330 349 3385 394 et
3409 356 3438 392 a
3466 341 3477 390 Ι

235 478 282 512 cx
307 466 459 528 parte
481 472 512 508 a
537 455 746 508 Latinis
772 461 1080 522 corruptum
1109 470 1120 504 :
1145 466 1312 521 pyxos
1334 450 1477 504 enim
1503 445 1800 518 appellatur

1903 439 2231 509 peccandum
2273 444 2587 508 provocant.
2622 433 2828 487 'l‘rihuli
2864 447 2994 486 vero
3023 430 3191 486 aculei
3225 431 3484 486 vitiorum

236 523 355 619 apud
378 563 491 609 eos,
533 547 696 600 arbor
724 559 940 613 semper
962 543 1140 597 virens
1164 582 1178 607 ,
1205 551 1259 596 et
1298 541 1518 596 leuitate
1562 539 1802 593 materia:

1931 530 1986 584 'el
2036 529 2391 585 tentationum
2435 526 2830 596 intelliguntur,
2876 533 2935 578 ut
2983 533 3067 579 est
3112 523 3240 578 illud
3286 525 3337 578 in
3384 523 3485 579 Gc-

235 642 607 696 clcmentorum
657 637 896 706 apicibus
950 643 1093 704 apta.
1129 635 1282 690 Unde
1319 644 1372 688 et
1409 633 1689 703 Scriptura
1719 631 1801 685 di-

233 732 329 783 cit:
363 727 546 783 Scribe
569 727 742 791 buxo,
793 734 842 778 et
880 723 1155 794 diligenter
1179 723 1232 777 in
1280 723 1411 776 libro
1459 737 1621 775 exora
1671 718 1802 774 illud

232 820 353 892 (Isa.
390 819 545 880 xxx).
574 817 756 870 Buxus
781 823 958 868 autem
988 813 1135 868 lenes
1160 813 1212 868 in
1242 812 1483 879 Ecclesia
1513 808 1805 879 signiﬁcat,

235 909 312 980 qui
341 908 471 962 licet
499 906 705 961 fructus
732 905 1003 976 spiritales
1050 904 1270 959 minime
1307 905 1570 969 habeant,
1624 908 1805 953 tamen

235 1011 482 1073 perpetua
518 999 637 1052 ﬁdei
666 997 1003 1051 confessione
1039 996 1254 1049 virent:
1287 994 1424 1048 unde
1455 1000 1537 1047 est
1581 989 1708 1044 illud
1750 989 1808 1042 in

236 1092 360 1146 lsaia
389 1108 402 1143 :
437 1089 587 1142 Abies
616 1097 663 1140 et
694 1087 862 1139 buxus
901 1094 950 1138 et
981 1085 1134 1154 pinus
1172 1081 1304 1153 (Isa.
1339 1080 1451 1155 ιχ).
1479 1080 1698 1134 Arundo
1729 1077 1810 1132 di-

236 1194 334 1246 cta,
369 1181 511 1252 quod
535 1180 643 1235 cito
668 1187 920 1234 arescat:
965 1178 1102 1230 hanc
1137 1182 1350 1229 veteres
1380 1187 1605 1228 cannam
1650 1185 1810 1224 voca-

239 1281 445 1337 verunt,
469 1270 792 1325 arundinem
849 1275 1038 1338 postea
1088 1266 1263 1321 Varro
1314 1264 1468 1318 dixit.
1518 1261 1809 1317 Sciendum

240 1379 378 1425 sane,
421 1362 562 1431 quod
582 1360 831 1414 Latinum
851 1372 1030 1412 canna
1054 1355 1120 1411 de
1154 1355 1332 1425 lingua
1364 1353 1586 1408 Hebraea
1613 1365 1810 1406 nomen

237 1452 499 1522 sumpsit:
538 1449 679 1519 apud
720 1462 814 1502 eos
871 1446 1017 1502 enim
1079 1444 1320 1500 calamus
1367 1456 1542 1498 canna
1590 1439 1808 1495 dicitur.

242 1543 454 1598 Arundo
474 1550 652 1596 autem
667 1537 936 1610 signiﬁcat
955 1536 1367 1594 mutabilitatem
1396 1535 1643 1589 humanae
1665 1545 1814 1585 men-

241 1635 318 1691 tis.
354 1633 511 1689 Unde
537 1631 799 1687 Dominus
824 1628 1041 1684 dicitde
1065 1624 1272 1682 Joanne
1299 1625 1364 1680 ad
1389 1622 1602 1678 Judteos
1626 1641 1639 1676 :
1673 1620 1814 1686 Quid

1907 624 2022 680 nesi
2049 644 2060 678 :
2097 621 2290 691 Spinas
2320 631 2370 676 et
2397 621 2616 674 tribulos
2649 617 2961 689 germinabit
2991 616 3081 669 tibi
3111 613 3261 687 (Gen.
3298 617 3398 688 In).
3425 617 3492 670 Et

1908 717 1961 771 in
1994 715 2298 786 propheta:
2338 711 2614 766 Peccatum
2643 753 2657 776 ,
2706 711 2898 778 inquit,
2923 708 3094 762 Israel
3117 707 3271 777 lappa
3312 719 3358 762 et
3399 710 3493 761 tri-

1910 803 2061 858 bulus
2093 801 2236 875 (Ose.
2272 802 2348 873 x).
2381 802 2582 869 Veprcs
2628 799 2830 854 ablatio
2858 808 3204 868 peccatorum
3237 798 3286 851 in
3317 798 3451 852 lsaia
3477 817 3490 851 :

1912 894 2102 951 Omnes
2137 906 2332 950 ntontes
2362 935 2376 961 ,
2412 895 2496 965 qui
2530 895 2584 947 in
2612 892 2821 947 sarculo
2847 894 3160 958 sarrientur,
3204 909 3305 946 non
3331 895 3496 946 veniet

1909 984 2037 1038 illuc
2071 997 2239 1038 terror
2283 985 2510 1054 veprium
2557 992 2607 1036 et
2658 983 2927 1052 spinarum
2979 982 3114 1054 (lsa.
3142 982 3262 1054 vu).
3297 983 3497 1039 Urtica:

1911 1074 2130 1144 prurigo
2156 1074 2379 1127 luxuria:
2409 1074 2461 1126 in
2491 1073 2626 1127 Isaia
2651 1092 2663 1126 :
2685 1073 2934 1127 Orientur
2953 1075 3008 1127 in
3030 1073 3269 1128 dantibus
3293 1091 3495 1139 eorum,

1913 1167 2016 1221 hoc
2040 1175 2153 1230 est,
2199 1166 2251 1220 in
2289 1165 2540 1219 cordibus
2587 1165 2963 1234 reproborum,
3009 1165 3173 1234 spinre
3219 1175 3268 1218 et
3318 1168 3496 1219 urtica:
3572 1189 3584 1199 -

1916 1255 2049 1325 (lsa.
2080 1254 2288 1326 xxxiv).
2315 1253 2560 1309 Oleaster
2595 1254 2771 1309 dictus
2799 1295 2814 1319 ,
2868 1255 3010 1323 quod
3055 1254 3126 1309 sit
3177 1254 3321 1310 foliis
3346 1256 3502 1311 olivas

1918 1347 2206 1411 similibus,
2235 1346 2330 1400 sed
2359 1345 2640 1400 latioribus
2669 1363 2681 1398 :
2714 1346 2876 1399 arbor
2904 1345 3189 1419 silvestris,
3213 1362 3398 1400 amara
3425 1356 3503 1400 at—

1915 1455 2019 1509 que
2045 1438 2379 1492 infructuosa
2405 1451 2420 1490 :
2458 1437 2544 1492 cui
2570 1437 2804 1492 insertus
2831 1437 2989 1492 olivae
3033 1454 3214 1494 ramus
3241 1440 3348 1494 vim
3379 1456 3505 1494 mu-

1917 1539 1996 1584 tat
2023 1529 2239 1594 radicis,
2269 1537 2325 1582 et
2371 1528 2529 1583 vertit
2572 1543 2692 1582 eam
2733 1527 2787 1583 in
2837 1529 3112 1599 propriam
3161 1529 3499 1599 qualitatem.

1917 1624 2181 1696 Lacryma
2214 1623 2435 1678 oleastri
2480 1614 2704 1677 arboris.
2729 1621 2945 1692 duplex.
2977 1621 3092 1676 Alia
3123 1622 3266 1677 enim
3300 1624 3503 1694 gummi

235 1725 411 1782 existis
459 1725 516 1776 in
571 1721 833 1776 desertum
881 1717 1094 1774 videre?
1121 1716 1428 1770 arundinem
1457 1722 1604 1766 vento
1649 1711 1816 1782 agita-
1850 1709 1893 1767 Β
1922 1717 2136 1773 simulat
2163 1717 2279 1773 sine
2309 1716 2418 1772 ullo
2446 1715 2724 1785 qualitatis
2776 1731 2960 1770 morsu
2986 1735 2998 1770 :
3033 1717 3136 1772 alia
3165 1717 3504 1781 ammoniaci

237 1817 382 1871 tam?
421 1814 638 1885 (Matth.
670 1810 770 1884 xi.)
795 1811 902 1866 Sed
924 1808 1160 1865 Joannes
1186 1806 1390 1861 arundo
1413 1811 1573 1859 vento
1618 1802 1817 1873 agitata

237 1923 341 1964 non
388 1913 546 1962 erat:
584 1903 676 1974 qui
721 1915 998 1972 nunquam
1053 1900 1106 1954 in
1143 1899 1370 1953 alteram
1418 1903 1628 1967 partem
1674 1893 1817 1948 ﬂecti

235 2005 466 2070 poterat,
496 2004 553 2052 et
578 2011 680 2050 nec
707 1994 955 2050 laudibus
984 1991 1138 2047 vanis
1177 1989 1408 2056 favebat,
1443 2002 1541 2043 nec
1575 1986 1818 2042 adversi—

238 2090 440 2147 tatibus
459 2088 706 2143 cedebat.
735 2083 956 2139 Arundo
981 2096 1146 2138 aurea
1177 2080 1605 2136 incarnationem
1629 2075 1818 2131 Salva-

239 2181 370 2239 tor-is
394 2179 682 2252 signiﬁcat,
709 2177 824 2232 sive
850 2175 1084 2232 divinam
1116 2171 1470 2243 Seripturam,
1500 2175 1558 2223 ut
1581 2167 1634 2222 in
1671 2165 1817 2236 Apo-

236 2269 440 2341 calypsi
471 2288 484 2322 :
521 2267 586 2322 Et
610 2268 666 2321 in
688 2283 848 2322 manu
879 2265 992 2336 ejus
1018 2261 1223 2318 arundo
1269 2277 1432 2315 aurea
1453 2258 1633 2330 (Apoc.
1679 2259 1815 2327 xxi).

240 2363 369 2416 Item
391 2359 636 2414 calamus
655 2356 965 2428 praedicatio
989 2362 1301 2410 sanctorum
1323 2358 1428 2415 est,
1455 2357 1514 2404 ut
1557 2349 1611 2403 in
1633 2346 1771 2402 Isaia
1803 2364 1816 2400 :

239 2449 457 2506 Orietur
484 2449 625 2503 uiror
644 2447 834 2502 calami
863 2454 911 2501 et
939 2435 1092 2516 junci
1121 2443 1256 2515 (Isa.
1297 2442 1484 2508 xxxv).
1510 2437 1717 2495 Iuncus
1764 2436 1825 2492 ﬁ-

240 2542 376 2598 delis
399 2550 486 2597 est
512 2541 566 2594 in
607 2540 850 2595 Ecclesia
877 2537 1031 2607 juxta
1069 2536 1266 2592 ﬂuenta
1296 2535 1490 2590 divina:
1516 2533 1649 2604 legis
1675 2547 1819 2588 sem-

244 2647 340 2703 per
361 2647 606 2694 morans,
637 2639 694 2684 ut
717 2631 768 2684 in
795 2628 896 2685 Job
920 2647 933 2683 :
967 2627 1220 2698 Nunquid
1245 2626 1411 2680 vivere
1431 2632 1592 2696 potest
1619 2623 1823 2694 scirpus

242 2725 438 2792 absque
481 2721 741 2775 humore?
784 2731 874 2774 aut
931 2720 1113 2774 crescit
1161 2728 1424 2774 carectum
1477 2719 1589 2772 sine
1647 2717 1826 2789 aqua?

241 2813 388 2882 (Job.
415 2810 560 2883 vin.)
588 2811 834 2867 Paliurus
860 2810 1027 2866 herba
1055 2808 1348 2878 asperrima
1373 2816 1428 2862 et
1457 2809 1693 2878 spinosa.
1721 2806 1826 2861 l’a-

243 2903 419 2958 liurus
465 2909 551 2957 est
594 2901 836 2958 defensio
871 2900 1081 2971 peccati
1119 2899 1234 2955 sive
1278 2899 1560 2970 impuritas
1607 2898 1824 2954 mentis.

249 2992 404 3049 Unde
425 2989 1058 3062 iupropbetiszPaliurus
1087 2989 1142 3044 in
1167 2991 1543 3045 munitionibus
1563 2991 1698 3061 ejus.
1726 2988 1829 3056 Qui

248 3093 421 3138 rectus
453 3050 530 3136 est
553 3050 611 3134 in
635 3081 708 3135 eis
732 3081 864 3135 sicut
888 3079 1150 3151 paliurus,
1176 3091 1224 3134 et
1251 3081 1383 3135 sicut
1422 3050 1671 3151 spinte'de
1712 3095 1830 3148 sepe
1856 3050 1902 3111 δ

250 3168 386 3243 (Isa.
420 3183 623 3235 xxxiv;
666 3166 830 3222 Hiclt.
880 3167 999 3239 vn).
1039 3168 1320 3224 Rhamnus
1351 3183 1518 3238 genus
1557 3175 1640 3223 est
1688 3165 1830 3233 rubi,

243 3274 408 3330 quam
453 3257 649 3329 vulgus
693 3258 953 3313 senticem
979 3259 1222 3313 ursinam
1265 3259 1530 3329 appellat,
1579 3273 1833 3328 asperum

245 3349 410 3403 nimis
438 3355 496 3403 et
524 3347 799 3418 spinosum
827 3361 842 3400 :
875 3347 1050 3402 sentix
1099 3348 1244 3402 dicta
1284 3363 1313 3401 a
1360 3348 1509 3410 situ,
1557 3347 1702 3416 quod
1751 3354 1836 3401 est

245 3451 392 3493 terra
427 3438 656 3504 inculta,
688 3438 743 3492 in
785 3453 890 3509 qua
921 3439 1154 3493 sentires
1198 3439 1471 3509 Spinccque
1516 3447 1831 3493 nascuntur.

245 3527 481 3598 Maiores
544 3537 722 3583 autem
773 3527 944 3583 nostri
987 3542 1202 3584 omnem
1252 3527 1501 3583 arborem
1561 3527 1834 3596 spinosam

245 3635 469 3691 veprem
492 3621 764 3685 dicebant,
789 3621 930 3689 quod
956 3620 1004 3674 vi
1029 3621 1293 3690 prendat:
1326 3621 1392 3676 de
1414 3621 1640 3676 rhamno
1673 3620 1838 3690 igitur

247 3712 321 3766 ita
349 3714 402 3767 in
430 3711 654 3768 Psalmo
693 3711 889 3782 legitur
923 3729 938 3765 :
980 3709 1298 3782 Priusquam
1341 3712 1631 3784 producant
1673 3713 1838 3784 spinae

248 3811 432 3856 vestrm
473 3802 746 3866 rhamnos,
769 3801 904 3855 sicut
926 3802 1169 3864 viventes,
1194 3803 1270 3856 sic
1291 3803 1348 3856 in
1373 3803 1455 3856 ira
1486 3802 1723 3857 absorbet
1751 3819 1836 3857 eos

248 3891 424 3964 (Psal.
465 3892 623 3964 ml).
674 3893 816 3964 Ergo
851 3894 1130 3959 rhamnus,
1171 3903 1230 3948 ut
1258 3894 1520 3959 diximus,
1561 3894 1837 3964 Spinarum

249 3997 422 4053 genus
447 3989 530 4038 est
562 3982 968 4052 permolestum,
997 3983 1140 4052 quod
1187 3983 1337 4053 prius
1367 3982 1422 4036 in
1454 3983 1676 4037 herbam
1708 3982 1839 4037 mol-

249 4071 518 4128 lissimam
541 4072 827 4142 pubescit:
859 4073 951 4127 sed
965 4071 1054 4126 ubi
1072 4072 1250 4127 adulta
1277 4080 1435 4128 aetate
1458 4072 1737 4137 coaluerit,
1753 4087 1840 4126 ra-

248 4162 530 4218 musculos
553 4163 804 4232 producit
829 4163 1184 4228 acuminatos,
1213 4173 1508 4233 posteaque
1535 4162 1651 4231 ejus
1680 4162 1840 4218 sudes

249 4251 552 4308 durescunt
575 4252 632 4306 in
655 4253 908 4307 arborum
946 4253 1276 4307 ﬁrmitatem.
1315 4253 1429 4309 Hoc
1463 4269 1594 4324 ergo
1642 4252 1840 4309 Judaeis

1919 1817 2125 1878 guttam
2163 1822 2230 1862 ex
2277 1805 2627 1862 distillatione
2657 1806 2938 1862 collectam
2983 1822 3045 1861 ac
3086 1807 3500 1863 remordentcm.

1919 1896 2068 1952 Oliva
2095 1897 2281 1953 Crmce
2311 1899 2480 1953 elaios
2509 1898 2728 1966 dicitur,
2776 1913 2845 1954 ex
2876 1913 2984 1969 quo
3035 1899 3088 1952 in
3118 1898 3370 1954 Latinum
3401 1909 3514 1954 tra-

1919 1997 2063 2043 ctum
2093 1996 2195 2054 est,
2224 1997 2284 2042 ut
2325 1987 2468 2043 oliva
2509 1988 2759 2042 dicatur:
2789 1988 2906 2043 olea
2954 1996 3133 2044 autem
3187 1989 3298 2058 ipsa
3349 1989 3510 2044 arbor

1919 2087 2043 2132 est:
2083 2075 2290 2132 fructus
2317 2077 2458 2133 oliva
2489 2095 2503 2132 λ
2535 2093 2727 2134 succus
2775 2079 2955 2134 oleum
2993 2087 3095 2134 est.
3142 2078 3321 2135 Arbor
3358 2081 3507 2150 pacis

1921 2167 2147 2237 insignis
2180 2166 2462 2240 [insigne],
2498 2167 2652 2236 cujus
2693 2168 2900 2223 fructus
2942 2169 3171 2225 diversis
3195 2171 3508 2226 nominibus

1923 2257 2240 2328 appellatur.
2270 2255 2512 2312 Oleaster
2551 2267 2732 2311 autem
2759 2255 3092 2313 infructuosa
3125 2260 3288 2314 arbor
3339 2261 3507 2332 signi-

1923 2348 2050 2403 ﬁcat
2076 2349 2320 2420 gentiles,
2369 2348 2459 2419 qui
2484 2349 2719 2420 quandiu
2749 2349 2867 2404 sine
2911 2348 3126 2406 Christo
3153 2361 3348 2417 erant,
3395 2352 3512 2408 fru-

1924 2445 2070 2492 ctum
2097 2447 2256 2494 recta:
2277 2438 2400 2494 ﬁdei
2425 2446 2479 2492 et
2499 2438 2766 2494 bonorum
2786 2453 3012 2508 operum
3040 2440 3257 2510 gignere
3285 2457 3391 2496 non
3417 2458 3514 2513 po-

1926 2536 2145 2583 terant:
2180 2535 2466 2599 postquam
2498 2537 2680 2583 autem
2712 2527 2782 2582 ab
2823 2543 3008 2583 errore
3031 2538 3244 2585 vetusto
3295 2532 3512 2600 abscisi,

1927 2620 1994 2673 ad
2017 2618 2218 2675 Christi
2248 2619 2406 2675 ﬁdem
2429 2619 2674 2675 conversi
2695 2629 2840 2686 sunt,
2883 2620 3049 2676 radici
3080 2622 3512 2692 patriarcharum

1927 2720 1979 2766 et
2022 2711 2406 2782 prophetarum
2431 2712 2678 2782 protinus
2724 2711 2912 2768 inserti
2951 2722 3106 2779 sunt,
3153 2725 3208 2769 et
3235 2715 3360 2771 facti
3391 2729 3516 2773 sunt

1929 2805 2058 2861 socii
2088 2805 2288 2862 radicis
2317 2814 2372 2860 et
2400 2805 2742 2877 pinguedinis
2764 2806 2918 2862 oliva:
2943 2822 2956 2860 :
2994 2808 3060 2862 de
3087 2824 3193 2877 quo
3228 2809 3516 2880 Apostolus

1929 2895 1996 2950 ad
2023 2895 2296 2951 Romanos
2326 2895 2567 2950 scribens
2598 2892 2771 2965 (Rom.
2805 2894 2904 2966 xi),
2932 2894 3206 2967 eleganter
3257 2899 3516 2968 disputat,

1930 2994 1984 3040 et
2010 2984 2277 3054 Propheta
2320 2984 2388 3040 de
2418 2983 2622 3039 Christi
2651 2999 2914 3054 corpore,
2966 2985 3110 3055 quod
3137 2995 3220 3041 est
3247 2987 3515 3055 Ecclesia.

1933 3092 2134 3133 canens
2162 3078 2216 3132 in
2245 3076 2509 3132 Psalterio
2536 3075 2642 3130 ait:
2674 3075 2790 3147 Ego
2814 3093 2930 3130 sum
2973 3079 3108 3131 sicut
3158 3079 3294 3134 oliva
3328 3081 3516 3151 fructi-

1935 3168 2048 3237 fera
2083 3169 2139 3222 in
2184 3168 2337 3222 domo
2371 3167 2624 3222 Domini:
2667 3168 2882 3239 speravi'
2921 3169 2978 3222 in
3009 3170 3366 3227 misericordia
3423 3175 3520 3229 Dei

1935 3260 2035 3312 mei
2080 3260 2136 3313 in
2185 3270 2477 3326 veternum,
2523 3269 2571 3314 et
2604 3261 2661 3314 in
2688 3259 2940 3315 sarculum
2971 3261 3152 3316 sceculi
3198 3261 3370 3334 (Psal.
3419 3268 3516 3335 ιι).

1935 3347 2122 3403 Oleum
2149 3348 2292 3403 enim
2323 3348 2611 3419 aliquando
2640 3349 2870 3420 gratiam
2894 3347 3129 3420 Spiritus
3155 3351 3328 3407 sancti
3356 3353 3522 3423 signi-

1937 3437 2100 3492 ﬁcat:
2136 3437 2424 3508 aliquando
2450 3438 2798 3503 charitatem,
2823 3445 2878 3492 et
2903 3438 3190 3508 aliquando
3213 3429 3522 3497 misericor-

1938 3529 2103 3596 diam,
2128 3537 2182 3583 et
2210 3543 2240 3584 e
2271 3528 2546 3584 contrario
2565 3527 2724 3583 aliam
2748 3528 3197 3599 signiﬁcationem
3218 3531 3404 3596 habet,
3430 3532 3520 3586 ubi

1937 3621 2220 3676 Psalmista
2246 3622 2322 3677 ait
2347 3641 2360 3676 :
2387 3620 2574 3677 Oleum
2596 3630 2772 3676 autem
2791 3623 3080 3693 peccatoris
3113 3640 3216 3678 non
3235 3624 3523 3695 impinguet

1939 3727 2091 3781 caput
2118 3728 2290 3766 meum
2321 3709 2492 3783 (Psal.
2523 3709 2669 3782 exc).
2700 3709 2800 3764 Est
2847 3710 2991 3767 enim
3023 3711 3198 3766 oleum
3240 3713 3295 3767 in
3324 3713 3525 3774 bonam

1939 3808 2148 3870 partem
2203 3815 2368 3855 causa
2416 3799 2737 3871 splendoris,
2776 3799 3033 3869 pabulum
3079 3799 3328 3866 luminis‘,
3380 3817 3522 3872 prae-

1941 3901 2092 3946 stans
2120 3891 2346 3948 nitorem
2373 3892 2579 3961 pariter
2597 3899 2654 3947 et
2676 3891 2926 3948 salutem.
2953 3891 3011 3946 In
3040 3892 3237 3948 malam
3260 3908 3386 3950 vero
3404 3909 3525 3964 par-

1944 3991 2050 4036 tem
2079 3983 2242 4048 (sicut
2267 3973 2356 4038 hic
2380 3983 2621 4056 ponitur)
2645 3982 2822 4039 oleum
2864 3985 3166 4054 peccatoris
3199 3992 3282 4039 est
3309 3985 3526 4041 dileCtio

1943 4073 2212 4140 simulata,
2244 4075 2639 4146 Verborumque
2661 4073 3064 4130 adulationibus
3091 4083 3144 4130 et
3191 4075 3527 4132 blandimen-

1943 4162 2011 4214 tis
2041 4163 2255 4217 nostras
2282 4171 2511 4230 mentes,
2539 4163 2684 4218 velut
2723 4162 2828 4218 olei
2855 4162 3158 4233 pinguedo,
3204 4163 3419 4222 leuiter
3443 4167 3527 4221 in-

1943 4253 2191 4324 grediens
2239 4255 2474 4326 rigorem
2517 4254 3014 4320 veritatis’emollit,
3045 4263 3100 4311 et
3125 4256 3193 4311 ad
3219 4257 3409 4314 noxias
3433 4274 3527 4316 co-

247 4356 495 4410 prtesens
509 4341 782 4452 sen‘tcntia
798 4342 1177 4407 comminatur,
1193 4343 1333 4413 quod
1353 4343 1501 4412 prius
1515 4342 1844 4398 absorbean—
1868 4392 1920 4452 Β
1944 4343 2231 4414 gitationes
2271 4345 2474 4400 amoris
2510 4344 2620 4400 ﬁcti
2657 4345 2836 4416 potius
2861 4346 3223 4402 ostentatione
3259 4349 3522 4418 perducit.

251 4439 366 4496 tur,
387 4445 554 4501 quam
602 4429 761 4501 longa
793 4440 953 4487 {etate
979 4446 1169 4487 eorum
1219 4432 1426 4486 malitia
1455 4433 1797 4489 convalescat
1825 4451 1838 4486 :

247 4522 399 4576 sicut
417 4532 472 4577 et
502 4523 557 4576 in
587 4521 694 4577 alio
729 4521 846 4578 loco
875 4524 941 4578 de
967 4522 1163 4578 talibus
1205 4522 1440 4578 dicitur:
1490 4522 1600 4577 Viri
1627 4525 1841 4595 sangui-

1947 4433 2097 4489 Oliva
2127 4433 2375 4489 Christus
2399 4434 2453 4489 in
2479 4434 2720 4490 Ecclesia
2747 4453 2760 4488 :
2794 4435 2939 4490 unde
2961 4443 3018 4490 et
3043 4435 3098 4490 in
3147 4435 3527 4495 Ecclesiastico

1945 4525 2181 4595 legitur:
2215 4523 2363 4580 Sicut
2400 4525 2588 4581 olivam
2638 4527 2925 4596 speciosam
2965 4525 3294 4598 fructiferam
3327 4531 3527 4584 vocavit

246 4629 382 4666 nam
401 4622 448 4667 et
463 4612 750 4668 dolosiuon
763 4614 1110 4669 dimidiabunt
1127 4615 1237 4670 dies
1254 4633 1376 4670 suos
1401 4614 1575 4688 (Psal.
1601 4616 1730 4687 LIV).
1751 4615 1846 4671 Se-
1945 4618 2203 4672 Dominus
2231 4634 2416 4672 nomen
2440 4629 2586 4673 tuum
2621 4618 2812 4691 (Eccli.
2841 4618 3012 4693 xxiv).
3063 4620 3129 4675 Et
3156 4630 3278 4692 post
3306 4637 3479 4692 pauca
3510 4643 3523 4678 :

256 4704 444 4774 {uitur
463 4704 717 4760 celeritas
738 4707 1056 4774 perditionis
1077 4721 1264 4762 eorum
1288 4724 1302 4761 :
1333 4706 1483 4784 Sicut
1507 4710 1744 4775 viventes,
1767 4709 1842 4762 sic

238 4793 315 4848 ἕιι
333 4793 418 4847 ira
441 4793 679 4848 absorbet
702 4809 815 4850 eos.
928 4796 1076 4852 Bene
1205 4793 1343 4849 dixit
1370 4835 1385 4862 ,
1426 4796 1558 4850 sicut
1582 4797 1799 4852 viventes
1822 4809 1841 4847 :

241 4883 385 4956 quia
399 4884 579 4940 vivere
602 4885 869 4950 videntur,
882 4896 938 4940 et
958 4885 1156 4940 mortui
1178 4893 1330 4940 sunt:
1356 4886 1534 4942 omnis
1553 4886 1693 4941 enim
1716 4902 1814 4957 pec
1827 4917 1844 4928 -

238 4985 417 5031 calor
457 4975 510 5030 in
549 4975 820 5046 pravitate
857 4976 1060 5047 degens
1090 4976 1304 5032 veritati
1353 4977 1600 5031 moritur.
1653 4976 1848 5047 Spinas

238 5068 411 5124 enim
436 5067 651 5123 divitias
683 5075 741 5122 et
766 5067 1152 5124 sollicitudines
1187 5069 1475 5125 saeculares
1507 5070 1621 5140 ipse
1661 5071 1845 5125 Domi-

235 5171 390 5221 nus,
403 5173 522 5212 cum
545 5159 881 5229 exposuisset
893 5160 1206 5229 parabolam
1223 5161 1503 5226 sementis,
1525 5163 1844 5232 interpreta-

234 5258 358 5303 tur
384 5248 434 5302 in
450 5248 755 5320 Evangelio,
775 5250 994 5306 dicens:
1021 5249 1174 5317 Quod
1195 5262 1369 5306 autem
1387 5253 1439 5306 in
1453 5253 1616 5323 spinis
1637 5254 1841 5320 cecidit,

230 5339 306 5392 1ιὶ
348 5349 490 5404 sunt,
518 5341 608 5410 qui
642 5340 921 5394 audierunt
953 5339 1253 5407 verbum,et
1279 5359 1311 5396 a
1331 5341 1772 5398 sollcitudinibus
1796 5353 1844 5398 et

231 5429 458 5482 divitiis
480 5439 527 5484 et
557 5428 902 5498 voluptatibus
931 5431 1053 5484 vitte
1086 5440 1264 5485 euntes
1301 5431 1629 5501 suﬁ'ocantur
1661 5443 1709 5486 et
1743 5450 1844 5488 non

233 5518 496 5584 referunt
530 5519 758 5589 fructum
812 5518 963 5590 (Luc.
995 5521 1136 5590 vni).
1167 5520 1431 5576 Similiter
1472 5523 1640 5592 spinae
1688 5521 1845 5592 juxta

232 5607 576 5684 allegoriam
604 5609 854 5663 vitiorum
897 5611 1086 5665 sordes
1117 5613 1424 5684 exprimere
1449 5623 1697 5684 possunt,
1728 5633 1846 5686 qua:

711 5701 982 5764 Psraoc.
1021 5703 1183 5766 CXI.

1948 4708 2161 4763 Exarsit
2188 4709 2322 4779 ignis
2349 4708 2404 4762 in
2445 4726 2526 4762 ea.
2557 4708 2746 4764 Oleum
2771 4710 2944 4780 gratia
2982 4708 3218 4781 Spiritus
3254 4715 3425 4768 sancti
3472 4715 3528 4768 in
3594 4743 3612 4766 ι

1946 4795 2366 4853 Deuteronomio
2392 4815 2406 4850 :
2437 4796 2701 4854 Suxerunt
2747 4799 2850 4854 mel
2877 4801 2941 4855 de
2975 4810 3154 4871 petra,
3202 4813 3250 4856 et
3273 4803 3440 4858 oleum
3463 4805 3529 4858 de

1952 4889 2255 4958 ﬁrmissima
2287 4899 2433 4961 petra
2469 4889 2656 4961 (Deut.
2705 4891 2932 4963 xxxii);
2979 4900 3035 4947 et
3079 4893 3135 4947 in
3174 4891 3313 4948 Job:
3368 4891 3528 4948 Petra

1953 4982 2078 5034 mihi
2122 4981 2370 5051 fundebat
2418 4983 2552 5036 rivos
2582 4981 2681 5036 olei
2705 4982 2846 5054 (Job.
2873 4982 3059 5055 xxrx);
3093 4992 3148 5039 et
3178 4984 3305 5038 alibi
3331 5002 3344 5037 :
3375 4981 3530 5037 Com-

1949 5082 2203 5142 putrescet
2245 5073 2438 5144 jugum
2473 5091 2505 5126 a
2543 5073 2678 5142 facie
2720 5072 2820 5127 olei
2862 5072 2998 5145 (Isa.
3028 5073 3106 5144 x).
3149 5071 3338 5129 Oleum
3366 5087 3528 5142 opera

1951 5162 2352 5228 misericordiae,
2382 5171 2442 5216 ut
2490 5162 2541 5216 in
2571 5163 2815 5233 psalmo:
2853 5162 2921 5217 Et
2947 5180 3071 5218 caro
3102 5179 3216 5217 mea
3254 5162 3531 5217 immutata

1951 5261 2025 5306 est
2079 5261 2288 5323 prapter
2339 5251 2510 5306 oleum
2570 5250 2742 5324 (Psal.
2770 5251 2942 5326 cvm).
2999 5252 3188 5309 Oleum
3215 5292 3232 5318 ,
3283 5252 3529 5316 hilaritas

1952 5344 2172 5408 mentis,
2201 5353 2260 5396 ut
2299 5343 2352 5398 in
2403 5343 2694 5414 Evangelio
2723 5362 2735 5397 :
2770 5341 2902 5397 Cum
2935 5343 3176 5414 jejunus,
3210 5359 3344 5414 unge
3374 5354 3526 5414 caput

1952 5444 2098 5489 tuum
2129 5433 2343 5506 (Matth.
2385 5435 2483 5507 γι).
2518 5435 2583 5488 Ει
2609 5436 2663 5490 in
2696 5435 3000 5492 Psalterio:
3042 5434 3109 5490 Ut
3163 5436 3416 5492 etc/citaret
3448 5437 3530 5506 fa-

1953 5525 2081 5578 ciem
2111 5523 2223 5593 ejus
2256 5526 2311 5578 in
2336 5524 2450 5580 oleo
2496 5522 2670 5597 (Psal.
2715 5526 2850 5597 cm).
2896 5527 3118 5594 Oleum,
3163 5530 3530 5585 testimonium

1954 5616 2299 5671 conscientia:
2325 5617 2508 5682 bonae,
2556 5625 2613 5670 ut
2656 5617 2708 5672 in
2745 5617 3074 5690 Evangelio:
3120 5617 3407 5676 Prudentes
3438 5638 3533 5674 au-

3027 5713 3100 5774 17
