3950 6192
517 183 621 240 5‘23

1151 178 1216 233 B.
1261 175 1512 233 RABANI
1550 175 1768 234 MAUlil
1805 171 2121 228 ARCHIEP.
2171 169 2481 226 MOGUNT.
2520 168 2808 227 OPERUM
2845 167 3026 224 PARS
3063 168 3123 222 ll.
3626 173 3712 230 εει

514 308 616 352 tem
655 302 980 364 sumpserunt
1031 289 1198 343 oleum
1248 293 1300 343 in
1351 289 1484 342 uasis
1534 289 1638 342 suis
1680 285 1892 358 (Matth.
1943 283 2088 356 xxv).
2126 286 2170 345 Α
2197 291 2381 338 monte
2417 281 2648 348 Arabim,
2677 282 2766 336 ubi
2803 280 2975 336 Sabaei
3023 289 3163 334 sunt.
3211 279 3342 334 Nam
3388 296 3526 336 mons
3559 297 3714 342 eorum

513 388 702 446 Oieum
727 399 907 442 sermo
929 381 1263 451 deceptoris,
1307 383 1366 435 in
1412 380 1656 450 psalmo:
1689 373 1872 433 Oleum
1919 389 2092 433 autem

514 477 798 548 peccatoris
848 491 950 528 non
997 473 1284 543 impinguet
1319 481 1472 540 caput
1518 487 1690 524 meum
1727 467 1897 542 (Psal.
1945 468 2090 535 exn).

516 569 722 632 Oleum,
756 563 1133 620 hazreticorum
1185 560 1397 616 subtilis
1449 567 1505 614 et
1562 559 1758 614 blanda
1811 559 2090 630 deceptio:

515 661 656 716 sicut
675 659 729 712 in
753 655 1041 711 Salomone
1071 651 1136 708 de
1169 653 1358 708 eadem
1391 667 1558 723 prava
1587 650 1830 706 doctrina
1855 650 2090 707 dicitur:

519 750 756 805 Nitidius
777 748 888 802 oleo
914 755 1094 818 guttur
1127 744 1241 816 ejus
1293 743 1477 816 (Prov.
1511 743 1586 816 v).
1619 743 1684 797 Et
1730 744 1782 798 in
1817 743 1954 799 Osee
1983 763 1996 798 :
2029 743 2095 798 Et

516 839 688 894 oleum
716 839 769 892 in
803 837 1034 909 IEgypto
1075 834 1306 907 ferebant
1353 833 1500 907 (Ose.
1551 834 1682 906 xu),
1718 834 1822 888 hoc
1867 842 1980 896 est,
2026 835 2093 889 ad

516 929 853 986 smcularium
901 937 1109 984 mentes
1133 925 1494 996 decipiendus.
1527 927 1869 998 Unguentum
1900 942 2092 982 nomen

519 1022 830 1078 Salvatoris.
857 1022 914 1076 In
940 1021 1226 1076 Salomone
1253 1039 1266 1074 :
1303 1018 1632 1091 Unguentum
1657 1021 1881 1089 e/j'usum
1908 1035 2094 1072 nomen

516 1125 662 1168 tuum
691 1113 866 1187 (Cant.
901 1111 962 1176 ι).
997 1112 1355 1183 Unguentum,
1385 1112 1557 1183 gratia
1584 1111 1819 1182 Spiritus
1845 1113 2016 1167 sancti
2040 1112 2094 1166 in

519 1207 836 1262 Salomone:
877 1205 1074 1258 Musca:
1096 1203 1386 1270 moriturae,
1409 1202 1462 1258 id
1484 1211 1587 1267 est,
1612 1202 1903 1268 «.lmntones,
1925 1212 2094 1257 exter-

515 1297 717 1351 minant
761 1304 1076 1366 unguentum
1113 1293 1389 1348 suavitatis
1419 1293 1614 1364 (Eccle.
1648 1292 1724 1366 κ).
1751 1294 2092 1366 Unguentum

515 1387 827 1441 chrismatis
854 1386 1058 1439 unctio.
1097 1383 1153 1438 ln
1197 1383 1493 1450 Psalterio,
1533 1391 1593 1437 ut
1622 1385 1837 1454 quidam
1863 1383 2048 1439 volunt
2077 1402 2088 1436 :

515 1480 556 1530 Α
593 1479 766 1548 fructu
803 1477 1049 1548 frumenti
1071 1486 1118 1529 et
1147 1475 1246 1529 olei
1277 1474 1610 1545 multiplicati
1633 1484 1751 1530 sunt
1777 1473 1948 1548 (Psal.
1979 1473 2089 1544 tv);

515 1578 569 1624 et
603 1570 653 1623 in
703 1569 887 1624 Exodo
925 1567 1151 1638 plurima
1183 1565 1248 1620 de
1301 1566 1404 1621 hoc
1436 1575 1744 1620 narrantur.
1795 1564 1983 1621 Oleum
2015 1565 2094 1621 fo-

2196 373 2432 427 Libanus
2458 373 2675 438 dicitur,
2699 371 2788 428 ubi
2843 372 3000 426 thura
3049 371 3382 440 colliguntur.
3412 371 3603 444 Myrrha
3639 391 3713 429 ar-

2194 465 2294 521 bor
2317 463 2552 529 Arabite,
2578 461 2878 518 altitudinis
2915 461 3152 531 quinque
3203 461 3524 528 cubitorum,
3557 463 3718 520 similis

2195 557 2362 628 spinae
2383 597 2398 622 ,
2453 571 2613 625 quam
2643 555 2914 609 achanton
2964 553 3166 607 dicunt.
3198 550 3360 620 Cujus
3394 561 3531 623 gutta
3562 554 3718 612 viridis

2195 655 2356 716 atque
2383 659 2568 698 amara
2599 661 2610 696 :
2641 643 2784 698 unde
2829 650 2885 698 et
2926 657 3121 696 nomen
3167 641 3368 712 accepit
3407 643 3638 712 myrrha:
3675 654 3720 700 et

2193 744 2342 806 gutta
2365 735 2481 803 ejus
2503 741 2694 805 sponte
2721 748 2948 788 manans
2975 733 3258 803 pretiosior
3280 741 3363 789 est
3385 750 3398 788 :
3443 734 3602 791 elicita
3623 752 3722 793 cor-

2194 826 2317 882 ticis
2343 826 2565 881 vulnere
2594 825 2752 882 vilior
2766 825 3062 896 iudicatur.
3091 826 3370 882 Sarmenta
3413 827 3520 896 ejus
3548 829 3721 886 Arabes

2194 915 2405 986 ignibus
2433 916 2653 972 fovent:
2685 930 2916 986 quorum
2957 914 3106 970 fumo
3153 916 3286 1004 satis
3328 918 3511 984 noxio,
3551 919 3638 974 nisi
3666 922 3720 973 ad

2193 1009 2414 1065 odorem
2463 1009 2690 1065 storacis
2737 1017 3048 1072 occurrant,
3095 1007 3402 1076 plerumque
3445 1009 3721 1063 insanabiles

2194 1101 2410 1156 morbos
2463 1101 2806 1155 contrahunt.
2840 1097 3057 1170 Myrrha
3085 1110 3260 1154 autem
3289 1099 3631 1171 Troglodytica
3667 1103 3721 1154 ab

2194 1195 2369 1252 insula
2393 1195 2606 1252 Arabia:
2635 1196 2800 1261 dicta,
2826 1195 2916 1250 ubi
2961 1193 3152 1251 melior
3174 1194 3437 1266 colligitur
3474 1203 3524 1249 et
3549 1195 3718 1264 purior.

2194 1286 2415 1342 Diversa
2444 1287 2588 1342 enim
2623 1295 2867 1342 aromata
2920 1285 3163 1341 diversas
3215 1285 3420 1354 species
3464 1285 3722 1366 signiﬁcant

2195 1379 2476 1444 virtutum,
2505 1380 2702 1450 quibus
2727 1388 2914 1435 saneta
2940 1379 3225 1434 decoratur
3251 1377 3498 1434 Ecclesia.
3525 1377 3654 1434 Unde
3679 1380 3722 1431 in

2193 1467 2416 1524 Cantico
2439 1469 2776 1525 canticorum
2807 1469 3068 1538 scriptum
3106 1478 3193 1524 est
3221 1487 3234 1521 :
3268 1467 3395 1534 Qua:
3427 1477 3497 1522 est
3525 1469 3722 1530 istoque:

2193 1559 2424 1614 ascendit
2453 1575 2544 1630 per
2571 1557 2833 1613 desertum
2856 1557 2990 1614 sicut
3019 1557 3222 1628 virgula
3251 1558 3404 1626 furni,
3425 1573 3489 1610 ex
3511 1557 3720 1611 aroma'i-

515 1669 752 1715 mentum
779 1657 1051 1714 blanditia:
1099 1657 1150 1710 in
1183 1655 1564 1726 prmdicatione
1595 1656 1795 1720 divina,
1838 1655 1889 1710 in
1917 1655 2092 1709 Evan-
2121 1657 2166 1716 B
2195 1649 2288 1704 bus
2317 1651 2542 1719 myrrha:
2567 1659 2616 1704 et
2663 1649 2852 1714 thuris,
2878 1659 2926 1701 et
2957 1648 3184 1703 universi
3219 1649 3436 1718 puli-eris
3478 1650 3720 1719 pigmentu—

515 1752 683 1822 gelio:
714 1751 778 1804 Et
803 1751 1117 1820 appropians
1145 1746 1377 1818 alligauit
1397 1746 1610 1800 uulnera
1636 1745 1748 1816 ejus
1771 1760 1789 1797 :
1815 1745 2094 1815 infundens

489 1845 690 1896 'vinum
719 1850 766 1894 et
805 1839 973 1892 oleum
1007 1837 1159 1910 (Luc.
1193 1836 1271 1907 χ).
1324 1836 1556 1890 Amurca
1595 1835 1700 1890 olei
1728 1852 1856 1906 pars
1895 1851 2094 1906 aquosa

515 1931 584 1985 ah
614 1927 936 1998 cmergendo
984 1925 1146 1987 dicta,
1180 1925 1230 1978 id
1261 1932 1363 1987 est,
1403 1921 1542 1992 quod
1581 1923 1649 1977 ab
1671 1923 1788 1977 oleo
1815 1937 1874 1978 se
1921 1938 2097 1978 cmer-

516 2029 627 2089 gat,
652 2025 708 2072 et
736 2018 833 2072 faex
858 2013 1058 2083 sitejus
1087 2027 1101 2066 :
1135 2016 1272 2068 hanc
1301 2013 1472 2068 Grtcci
1506 2027 1758 2081 amorgen
1785 2019 1998 2078 vocant,
2028 2027 2094 2066 ex

516 2107 710 2162 Latina
763 2105 945 2176 lingua
991 2103 1284 2156 trahentes.
1345 2101 1551 2156 Gnmen
1604 2101 1850 2158 Grtccum
1900 2116 2094 2156 nomen

513 2205 630 2250 est:
663 2197 764 2250 hoc
785 2194 925 2249 enim
957 2191 1034 2246 illi
1059 2193 1254 2246 commi
1298 2192 1501 2246 dicunt.
1529 2191 1782 2246 Resinam
1807 2191 1978 2247 αι’ωαί
2014 2207 2098 2246 re-

515 2287 662 2342 tineo
696 2293 928 2338 vocant:
957 2299 1088 2339 reon
1131 2283 1274 2337 enim
1323 2280 1511 2338 Greece
1561 2282 1790 2349 dicitur,
1838 2283 2096 2354 quidquid

515 2386 720 2434 malint.
749 2377 844 2430 Est
868 2376 1011 2430 enim
1032 2374 1270 2445 lacryma
1296 2374 1492 2429 sudore
1513 2374 1760 2429 exhalata
1787 2374 2052 2446 lignorum
2079 2393 2090 2427 :

517 2475 578 2522 ut
614 2467 804 2529 cerasi,
833 2465 1061 2530 lentisci,
1095 2465 1340 2522 balsami.
1370 2463 1451 2520 vel
1483 2465 1812 2535 reliquarum
1839 2467 2092 2520 arborum

517 2557 632 2610 sive
659 2555 1030 2626 virgultorum,
1060 2568 1180 2624 quae
1209 2555 1402 2609 sudare
1455 2555 1755 2624 produntur
1785 2573 1798 2607 :
1857 2556 1996 2609 sicut
2041 2563 2096 2610 ct

515 2644 738 2700 odorata
775 2641 1010 2700 Orientis
1029 2643 1192 2715 ligna,
1233 2643 1372 2698 sicut
1400 2651 1550 2714 gutta
1591 2643 1815 2698 balsami
1844 2659 1908 2699 ac
1951 2645 2096 2698 feru-

517 2737 693 2790 lrum
739 2731 826 2789 vel
881 2733 1246 2798 succinorum,
1285 2731 1439 2802 cujus
1485 2732 1725 2804 lacryma
1771 2734 2010 2790 durescit
2038 2735 2093 2792 in

511 2839 806 2896 gemmam.
857 2823 1036 2880 Prima
1072 2831 1156 2878 est
1207 2823 1386 2878 resina
1437 2825 1798 2880 terebinthina
1853 2825 2092 2880 omnium

515 2914 874 2985 praestantior.
889 2913 1124 2970 Aﬂ'ertur
1141 2921 1318 2967 autem
1341 2927 1406 2969 ex
1421 2912 1618 2968 Arabia
1639 2915 1813 2984 patria
1837 2914 2091 2990 [Petraea]

2197 1739 2300 1792 rii?
2326 1737 2504 1810 (Cant.
2531 1736 2638 1810 ιιι.)
2663 1737 2886 1792 Miratur
2915 1736 3225 1808 Synagoga,
3243 1738 3502 1808 quomodo
3525 1739 3722 1809 gentium

2195 1830 2422 1900 populus
2465 1830 2609 1884 nullo
2647 1830 3074 1884 circumcisionis
3124 1831 3382 1902 mysterio
3433 1830 3723 1889 emundatus,

2197 1920 2338 1974 nulla
2367 1922 2751 1992 prophetarum
2779 1921 3164 1994 admonitione
3188 1922 3447 1985 eruditus,
3491 1921 3645 1976 subito
3669 1922 3728 1974 ab

2195 2010 2398 2064 inlimis
2429 2011 2792 2081 voluptatibus
2810 2027 2909 2083 per
2937 2013 3212 2068 desertum
3252 2013 3554 2084 gentilitatis
3568 2021 3617 2068 et
3637 2011 3725 2064 ido-

2196 2101 2420 2156 lolatriae
2442 2101 2507 2156 ad
2531 2103 2638 2156 alta
2665 2104 2920 2156 virtutum
2945 2102 3182 2157 culmina
3209 2112 3266 2156 et
3293 2101 3466 2172 sponsi
3493 2099 3728 2170 amplexus

2195 2192 2543 2254 ascendisset,
2563 2191 2684 2262 igne
2704 2193 2908 2247 amoris
2931 2207 3184 2256 accensa,
3200 2195 3342 2248 omni
3373 2194 3486 2248 nisu
3511 2191 3726 2246 virtutum

2196 2284 2262 2338 ad
2291 2283 2532 2338 caelestia
2565 2285 2756 2350 tendit,
2792 2300 2860 2340 ex
2905 2283 3322 2340 mortiﬁcatione
3364 2281 3632 2339 carnalium
3653 2296 3725 2334 vo—

2196 2370 2480 2440 luptatum,
2509 2381 2564 2426 et
2593 2373 2829 2443 puritate
2854 2374 3164 2430 orationum
3185 2415 3200 2440 ,
3238 2381 3306 2428 et
3347 2372 3571 2427 omnium
3592 2369 3726 2424 virtus

2195 2471 2310 2516 tum
2331 2464 2512 2519 odore.
2543 2463 2680 2520 Hinc
2708 2465 2836 2520 item
2864 2465 3124 2535 scriptum
3151 2471 3238 2520 est
3265 2484 3279 2517 :
3317 2463 3508 2518 Vadam
3528 2461 3589 2515 ad
3607 2476 3728 2514 ιιιοιι-

2194 2563 2296 2610 tem
2334 2557 2583 2626 myrrhae,
2614 2566 2663 2612 et
2698 2557 2767 2612 ad
2807 2557 2991 2612 collem
3035 2558 3206 2612 thuris
3234 2556 3408 2628 (Cant.
3433 2555 3535 2626 1v);
3559 2553 3663 2622 quia
3688 2552 3728 2603 in

2196 2648 2412 2718 myrrha
2443 2647 2786 2702 mortiﬁcatio
2811 2649 3014 2712 carnis,
3044 2648 3098 2702 in
3145 2648 3304 2704 thure
3333 2640 3533 2703 devotio
3569 2642 3730 2698 oratio-

2197 2723 2640 2807 tiis'eXptimitur.
2691 2737 2830 2795 llinc
2886 2753 3101 2793 rursum
3129 2753 3366 2809 sponsus
3386 2736 3542 2792 dicit:
3570 2733 3732 2788 Musei

2193 2831 2461 2900 myrrham
2507 2846 2696 2893 meam,
2721 2847 2840 2884 cum
2867 2829 3194 2886 aromatibus
3233 2831 3360 2886 meis
3384 2829 3550 2901 (Cant.
3569 2824 3634 2898 v).
3653 2823 3732 2878 Per

2196 2921 2472 2990 myrrham
2503 2920 2683 2990 passio
2705 2920 2788 2976 vel
2817 2921 3188 2986 mortiﬁcatio,
3205 2935 3306 2992 per
3326 2926 3558 2978 aromata
3579 2929 3732 2972 omnes

517 3011 682 3074 atque
723 3000 904 3058 Iudaea
961 3011 1018 3059 et
1053 3001 1231 3075 Syria,
1267 3001 1445 3074 Cypro
1486 3011 1542 3058 et
1584 3003 1784 3070 Africa,
1808 3020 1874 3060 ex
1910 3003 2100 3061 insulis
2127 3012 2172 3074 ρ
2205 3011 2431 3066 virtutes
2467 3011 2863 3080 exprimuntur.
2901 3011 3051 3066 Metit
3071 3013 3353 3083 myrrham
3377 3025 3492 3066 cum
3521 3003 3732 3063 aromatio

516 3109 731 3166 quoque
771 3093 1096 3164 Cycladibus
1133 3091 1421 3150 :'secunda
1457 3103 1540 3150 est
1597 3094 1924 3161 lentiscina',
1979 3111 2099 3167 qua:

517 3184 716 3240 mustis
768 3191 991 3238 vocatur
1030 3201 1044 3236 :
1098 3178 1213 3238 hinc
1253 3199 1318 3238 cx
1367 3183 1502 3239 Chio
1534 3185 1707 3240 insula
1739 3187 2094 3258 deportatur:

519 3277 675 3332 tertia
705 3277 918 3346 pinalis.

1117 3363 1346 3421 CAPUT
1387 3364 1493 3420 Vll.

939 3454 1017 3509 De
1046 3455 1347 3509 aromaticis
1377 3457 1669 3509 arboribus.

593 3553 850 3606 Aromata
873 3559 998 3605 sunt
1019 3565 1245 3620 quaeque
1269 3549 1558 3620 fragrantis
1581 3550 1786 3616 odoris,
1811 3566 1930 3622 qua:
1953 3551 2100 3608 India

517 3641 602 3696 vel
627 3641 822 3696 Arabia
865 3641 1044 3705 mittit,
1082 3640 1196 3695 sive
1229 3639 1349 3694 alia:
1381 3641 1644 3710 regiones.
1685 3640 1894 3696 Nomen
1923 3652 2102 3695 autem

520 3742 763 3788 aromata
813 3732 1038 3787 traxisse
1063 3731 1333 3798 videntur,
1366 3731 1480 3788 sive
1505 3732 1646 3802 quod
1689 3732 1800 3788 aris
1829 3733 2100 3804 imposita,

519 3822 717 3878 divinis
775 3821 1202 3877 invocationibus
1257 3828 1382 3892 apta
1431 3821 1760 3876 videantur:
1814 3838 1908 3878 seu
1960 3825 2103 3894 quod

519 3927 638 3970 sese
657 3915 768 3970 aeri
794 3915 1035 3970 inserere
1055 3929 1118 3970 ac
1139 3914 1369 3969 miscere
1380 3914 1678 3985 probantur
1694 3932 1709 3968 :
1727 3931 1852 3970 nam
1873 3916 2003 3986 quid
2021 3924 2105 3970 est

521 4006 677 4072 odor,
707 4006 812 4061 nisi
837 4019 932 4061 aer
952 4005 1262 4062 contactus?
1301 4005 1557 4062 Aromata
1585 4047 1600 4071 ,
1647 4007 1799 4061 varia
1845 4007 2103 4062 virtutum

515 4105 837 4153 oratamenta
877 4096 1218 4168 significant:
1249 4096 1389 4152 sicut
1427 4097 1480 4150 in
1527 4097 1666 4151 libro
1688 4097 1890 4168 Regum
1917 4097 1982 4151 de
2005 4096 2104 4152 Sa-

523 4199 591 4251 ba
623 4192 804 4265 regina
829 4189 1024 4261 legitur
1051 4206 1066 4243 :
1103 4188 1226 4243 Non
1251 4197 1371 4243 sunt
1417 4187 1579 4242 allata
1605 4188 1962 4259 hujuscemodi
1984 4170 2105 4243 aro;

521 4296 686 4352 mata,
721 4284 854 4339 sicut
885 4279 1026 4336 Saba
1053 4279 1232 4348 regina
1251 4277 1392 4332 dedit
1423 4277 1694 4334 Salomoni
1723 4276 1841 4350 (111
1864 4277 1994 4349 Reg.
2023 4276 2099 4348 ιι).

2199 3097 2322 3166 bus,
2349 3101 2564 3169 quando
2600 3109 2866 3172 martyres
2890 3115 3015 3156 cum
3045 3101 3260 3156 caeteris
3294 3100 3478 3157 electis
3515 3096 3576 3152 ad
3594 3101 3734 3150 matu-

2199 3190 2416 3246 ritatem
2444 3191 2787 3264 praemiorum
2813 3191 3080 3260 perducit.
3118 3191 3262 3248 Hinc
3291 3204 3501 3247 rursum
3519 3202 3608 3259 per
3625 3186 3732 3240 Pro-

2199 3281 2417 3351 phetam
2437 3283 2505 3338 de
2525 3281 2752 3337 Domino
2783 3281 3065 3338 Saivatore
3101 3283 3308 3337 dictum
3342 3289 3459 3336 est:
3489 3275 3675 3349 Myrrha
3697 3283 3734 3327 et

2199 3382 2345 3444 gutta
2385 3381 2433 3428 et
2463 3374 2608 3428 casia
2636 3390 2670 3427 a
2697 3374 3011 3428 uestimentis
3050 3375 3183 3428 tuis.
3225 3373 3399 3446 (Psal.
3449 3367 3604 3439 xuv.)
3629 3366 3736 3422 San-

2203 3473 2346 3520 ctum
2395 3466 2607 3521 Domini
2651 3479 2850 3537 corpus
2890 3466 3162 3536 quoddam
3219 3465 3446 3524 Deitatis
3488 3462 3637 3517 {ause
3659 3471 3734 3511 co-

2201 3561 2478 3630 gnoscitur
2497 3560 2898 3616 vestimentum.
2948 3559 3085 3616 Nam
3133 3561 3278 3616 sicut
3301 3559 3536 3616 vestibus
3577 3563 3734 3620 οαφεο

2173 3650 2418 3726 _riuntur
2443 3651 2686 3706 membra
2726 3649 3059 3715 mortalium,
3113 3650 3186 3704 ita
3233 3659 3294 3704 et
3328 3649 3572 3719 majestas
3609 3637 3735 3697 Vedii

2203 3739 2256 3794 in
2281 3739 2514 3795 fidelium
2547 3739 2718 3795 oculis
2739 3739 2925 3794 carnis
2957 3738 3222 3795 velamine
3254 3739 3528 3794 videbatur
3549 3733 3734 3788 abscon-

2204 3829 2278 3884 di.
2316 3828 2398 3884 Ab
2433 3829 2538 3884 hoc
2567 3844 2695 3900 ergo
2721 3829 3082 3894 vestimento,
3140 3829 3193 3886 id
3237 3839 3326 3885 est
3347 3869 3364 3894 ,
3402 3819 3738 3884 incarnationis

2205 3936 2402 3976 arcano
2427 3936 2664 3992 congrue
2683 3923 2896 3976 venisse
2927 3921 3125 3976 dicitur
3153 3921 3400 3992 myrrha,
3423 3927 3564 3990 gutta
3601 3923 3649 3969 et
3668 3926 3737 3966 ca-

2204 4011 2306 4066 sia.
2354 4009 2567 4082 Myrrha
2602 4021 2832 4066 mortem
2877 4011 3180 4081 significat,
3226 4026 3395 4081 quam
3424 4023 3520 4080 pro
3539 4004 3736 4063 omnium

2205 4100 2378 4156 salute
2399 4100 2635 4171 suscepit
2659 4118 2674 4154 :
2707 4109 2858 4172 gutta
2886 4115 3035 4167 vero,
3061 4115 3182 4170 quae
3201 4101 3406 4156 dicitur
3427 4094 3738 4154 animorum,

2205 4191 2430 4247 duritias
2477 4197 2632 4246 curat
2674 4191 2855 4262 aliqua
2901 4189 3226 4247 necessitate
3279 4197 3577 4246 contractas
3604 4202 3618 4238 :
3642 4193 3739 4252 qua

2205 4279 2428 4350 pulchre
2464 4280 2822 4336 incarnationi
2862 4279 3074 4336 Domini
3103 4287 3488 4350 comparatur:
3517 4276 3630 4347 quia
3661 4271 3739 4326 duo

521 4377 824 4448 Pigmcnta,
845 4372 993 4427 varia
1021 4371 1278 4425 virtutum
1303 4369 1675 4435 odoramenta,
1702 4370 1792 4425 ubi
1818 4377 1874 4424 et
1901 4385 2062 4439 supra
2086 4387 2100 4424 :
2130 4357 2183 4418 D
2211 4369 2390 4424 ritiam
2415 4369 2595 4426 cordis
2623 4369 2846 4424 humani
2894 4377 3082 4424 sancta
3108 4369 3494 4438 praedicatione
3513 4360 3735 4422 dissolvit.

520 4481 645 4524 cum
671 4463 938 4520 universis
986 4459 1298 4530 pulveribus
1339 4460 1729 4530 pigmentariis.
1764 4460 1911 4516 Thus
1941 4461 2104 4515 arbor

521 4555 754 4612 Arabica
777 4553 1038 4607 immensa
1072 4559 1233 4618 atque
1272 4563 1516 4613 ramosa,
1575 4549 1832 4605 levissimi
1864 4549 2102 4616 corticis,

525 4645 692 4702 ramis
717 4643 786 4698 ad
816 4641 990 4698 aceris
1008 4639 1344 4712 qualitatem,
1373 4641 1666 4712 amygdala:
1689 4642 1849 4698 modo
1883 4657 2102 4697 succum

525 4735 879 4794 aromaticum
919 4731 1149 4786 fundens
1199 4731 1408 4798 album,
1463 4743 1519 4788 et
1561 4735 1628 4788 ad
1676 4735 2102 4790 masticationem

522 4829 672 4886 velut
700 4827 754 4882 in
783 4824 1003 4896 pulvere
1044 4821 1338 4878 resolutum
1367 4837 1382 4878 :
1412 4833 1469 4879 et
1495 4839 1617 4880 cum
1646 4823 1911 4895 frangitur
1936 4827 2101 4893 intus,

524 4921 743 4992 pingue,
770 4924 825 4972 et
845 4912 955 4987 igni
974 4913 1275 4983 appositum
1306 4912 1464 4969 facile
1491 4913 1724 4968 ardescit
1751 4933 1763 4967 :
1797 4924 1850 4970 et
1871 4915 2104 4985 appella-

528 5023 617 5066 tur
638 5008 780 5081 apud
811 5022 909 5072 nos
953 5004 1225 5060 masculus
1263 5017 1329 5059 eo
1371 5004 1514 5074 quod
1549 5004 1618 5058 sit
1667 5013 1857 5058 natura
1911 5013 2101 5060 rotun-

527 5103 674 5167 dum,
705 5101 759 5154 in
789 5097 1007 5154 modum
1039 5095 1410 5151 testiculorum
1430 5135 1444 5158 ,
1471 5094 1735 5164 reliquum
1776 5095 2016 5164 planum,
2049 5105 2104 5152 et

523 5205 661 5263 pene
687 5191 1021 5252 scabrosum,
1043 5187 1222 5240 minus
1244 5186 1523 5256 optimum.
1549 5185 1894 5241 Adulteratur
1922 5196 2101 5242 autem

526 5279 687 5335 ntista
709 5279 888 5336 resina
905 5279 1020 5333 sive
1035 5275 1263 5348 gummi,
1276 5275 1368 5330 sed
1391 5274 1724 5345 dignoscitur
1743 5292 1838 5332 sua
1853 5279 2102 5348 proprie-

527 5377 656 5425 tate.
689 5368 820 5423 Nam
855 5370 976 5422 thus
1017 5368 1127 5438 igni
1161 5367 1466 5436 impositum
1497 5364 1765 5422 ardescit:
1795 5369 1974 5424 resina
2015 5367 2102 5424 l'u—

531 5459 737 5513 mescit.
765 5459 973 5513 (iumen
997 5472 1125 5512 vero
1165 5457 1411 5528 liquescit
1439 5456 1776 5512 calefactum.
1823 5459 1970 5515 'l‘hus
2009 5475 2102 5514 au-

532 5559 636 5602 tem
663 5564 691 5600 a
715 5549 985 5604 tundendo
1019 5549 1217 5604 dictum
1245 5568 1256 5602 :
1296 5551 1393 5605 hoc
1424 5559 1476 5604 et
1506 5548 1764 5603 Libanum
1795 5561 2042 5605 vocatum
2070 5567 2100 5606 a

2207 4459 2382 4524 Casia,
2412 4475 2534 4531 qua:
2557 4475 2589 4514 a
2615 4459 2818 4516 nostris
2844 4459 3022 4516 ﬁstula
3063 4460 3284 4527 dicitur,
3307 4458 3596 4529 redemptio
3615 4463 3741 4526 gene-

2208 4551 2284 4606 ris
2319 4552 2537 4606 humani
2581 4566 2679 4622 per
2705 4566 2899 4620 aquam
2929 4551 3270 4621 baptismatis
3308 4551 3604 4606 iudicatur:
3629 4555 3738 4612 qno-

2209 4643 2352 4698 niam
2378 4643 2480 4699 hoc
2507 4644 2691 4698 herba:
2711 4658 2882 4714 genus
2906 4643 3122 4712 aquosis
3146 4643 3285 4699 locis
3309 4643 3506 4698 dicitur
3525 4634 3736 4696 inveniri.

2209 4733 2305 4790 liis
2335 4735 2498 4789 rebus
2518 4735 2682 4792 etiam
2719 4735 2858 4790 odor
2885 4744 2968 4790 est
3013 4737 3218 4801 suavis,
3248 4746 3311 4791 ut
3343 4735 3537 4792 merito
3577 4735 3741 4785 sancte

2211 4827 2568 4884 incarnationi
2609 4836 2664 4882 et
2703 4829 2878 4884 virtus
2901 4827 3190 4887 herbarum
3235 4837 3292 4884 et
3325 4827 3506 4883 odoris
3543 4820 3742 4880 suavitas

2210 4925 2569 4987 comparetur.
2601 4915 2764 4972 Gutta
2795 4919 2878 4972 vis
2914 4918 3116 4972 amoris
3146 4917 3264 4984 Dei,
3311 4925 3369 4972 et
3406 4915 3561 4970 arbor
3601 4905 3743 4967 citari:

2209 5009 2336 5062 tatis
2365 5008 2714 5079 intelligitur,
2757 5009 2848 5064 ubi
2891 5018 2945 5064 et
2973 5023 3174 5077 supra:
3205 5007 3563 5080 Ligamentunt
3611 5007 3742 5074 θυαε

2207 5097 2426 5152 dilectus
2453 5116 2598 5152 meus
2650 5100 2778 5153 mihi
2805 5099 2976 5171 (Cant.
3014 5097 3073 5170 l).
3125 5098 3324 5154 Storax
3361 5097 3521 5152 arbor
3544 5089 3741 5148 Arabia.

2209 5188 2400 5244 similis
2435 5189 2574 5244 male
2604 5189 2868 5260 Cydonio,
2890 5188 3042 5258 cujus
3069 5188 3288 5260 virgula:
3335 5189 3478 5243 inter
3524 5175 3742 5240 cuniculi?

2207 5295 2386 5343 ortmn
2424 5287 2754 5341 cavernatim
2793 5286 3085 5356 lacrymam
3114 5284 3286 5340 fluunt
3311 5302 3326 5338 :
3357 5280 3620 5340 distillatio
3651 5273 3746 5344 ejus

2208 5376 2260 5431 in
2298 5383 2440 5431 terra
2473 5376 2672 5432 cadens
2716 5377 2915 5431 munda
2952 5393 3056 5432 non
3084 5385 3208 5431 est:
3241 5375 3334 5430 sed
3383 5387 3502 5429 cum
3547 5363 3745 5441 puniri-1:

2205 5465 2422 5522 corticis
2463 5466 2654 5522 scrobe
2684 5474 2970 5522 servatur:
3002 5466 3092 5522 illa
3130 5475 3333 5530 autem,
3369 5479 3484 5534 qius
3517 5457 3665 5527 virgis
3699 5459 3744 5503 ει

2205 5555 2429 5612 calamis
2477 5557 2773 5624 iuhmserit,
2797 5557 2993 5616 munda
3027 5567 3112 5614 est
3135 5567 3189 5612 et
3211 5556 3418 5612 albida:
3445 5553 3628 5610 dehinc
3657 5543 3745 5598 lul-
