3950 6192
350 156 452 215 527

989 156 1049 211 Β.
1090 156 1342 211 RABANI
1382 155 1599 212 MAUii
1640 157 1958 213 AllClIIEI‘.
2002 158 2310 216 MOCUNT.
2347 160 2632 216 OPERUM
2675 160 2852 218 PARS
2890 164 2953 219 Il.

3511 168 3617 223 528

345 268 660 322 chrismatis
712 269 1049 324 confectione
1100 270 1294 341 liquori
1337 271 1493 326 oliva:
1530 272 1818 327 admisceri
1862 290 1925 328 ac
1956 280 2001 340 Α
2032 274 2266 337 lmmilis,
2300 275 2454 345 cujus
2500 278 2711 334 radices
2757 296 2945 335 saxum
2989 292 3276 351 penetrant
3314 304 3324 338 :
3358 289 3498 356 quod
3545 290 3626 343 si-

345 357 638 429 pontiﬁcali
684 358 1058 415 benedictione
1105 362 1242 417 solet
1289 364 1637 418 consecrari:
1669 372 1933 434 quatenus
2035 366 2255 436 gniﬁcat
2293 368 2649 424 humilitatem
2697 372 3052 439 paenitentiae,
3088 374 3203 429 sive
3257 376 3617 447 Baptismum.

346 449 531 507 ﬁdeles
561 465 753 505 omnes
782 466 908 506 cum
937 452 1279 520 impositione
1321 469 1516 508 manus
1556 454 1933 520 sacerdotalis,

344 555 451 613 qua
472 540 710 613 Spiritus
731 551 955 597 sanctus
979 542 1266 612 accipitur,
1305 544 1405 599 hac
1445 543 1697 600 unctione
1722 545 1932 616 signen-

346 642 446 689 ltll‘.

940 721 1166 777 CAPUT
1206 722 1340 777 VIII.

560 824 631 878 De
651 822 825 877 herbis
850 823 1153 878 aromaticis
1194 824 1299 878 sive
1324 824 1707 878 communibus.

410 917 640 972 Exstant
674 922 728 970 et
783 915 1141 984 quarumdam
1196 916 1483 971 herbarum
1517 917 1759 982 nomina,
1802 933 1922 987 qua:

335 1026 402 1065 ex
427 1010 606 1079 aliqua
636 1007 720 1064 sui
745 1022 911 1063 causa
941 1016 1198 1064 resonant
1233 1008 1495 1064 habentes
1519 1010 1796 1064 nominum
1827 1025 1923 1064 ex-

335 1101 698 1170 planationem
723 1117 738 1153 :
771 1112 878 1152 non
904 1108 1084 1153 tamen
1113 1098 1357 1154 omnium
1394 1099 1686 1155 herbarum
1713 1107 1919 1170 etymo-

335 1193 531 1263 logiam
571 1190 854 1246 invenies:
888 1204 1015 1243 nam
1047 1205 1145 1260 pro
1173 1188 1306 1245 locis
1332 1196 1611 1244 mutantur
1634 1190 1797 1244 etiam
1824 1204 1920 1243 no-

333 1284 501 1337 mina.
546 1281 756 1335 Folium
801 1280 1041 1345 dictum,
1081 1279 1226 1349 quod
1271 1280 1389 1335 sine
1425 1280 1530 1335 ulla
1564 1279 1743 1335 radice
1766 1279 1919 1334 inna-

336 1384 457 1431 tans
483 1376 535 1429 in
581 1374 747 1429 India:
792 1373 1064 1428 littoribus
1118 1372 1422 1445 colligatur,
1451 1373 1594 1443 quod
1633 1372 1742 1429 lino
1791 1388 1916 1443 per—

332 1465 566 1521 foratum
596 1465 802 1519 siccant
826 1463 960 1526 Indi,
985 1469 1148 1533 atque
1171 1472 1457 1533 reponunt.
1497 1463 1692 1518 Fertur
1734 1473 1915 1518 autem

330 1554 568 1626 paradisi
596 1568 717 1609 esse
753 1551 941 1617 herba,
968 1564 1127 1624 gustu
1160 1550 1383 1606 nardum
1417 1551 1675 1607 referens.
1705 1552 1917 1608 Nardus

2033 467 2094 513 ut
2123 460 2172 513 in
2197 459 2459 517 Psalteriu
2492 479 2504 515 :
2537 464 2789 534 Asperges
2835 482 2915 518 me
2957 466 3180 537 Ityssopo
3205 508 3219 531 ,
3244 480 3292 522 et
3323 470 3622 525 mandabat

2033 547 2206 618 (I’sal.
2234 550 2308 621 ι).
2334 549 2554 606 Costnm
2584 553 2735 606 radix
2775 555 2955 609 herba:
2984 562 3084 618 est,
3117 559 3388 613 nascentis
3428 559 3484 614 in
3528 558 3620 615 In-

2030 640 2143 702 dia,
2175 640 2375 694 Arabia
2418 649 2474 695 et
2517 638 2694 711 Syria,
2744 643 2838 697 sed
2890 643 3082 698 melius
3134 644 3425 702 Arabicum
3466 661 3483 702 :
3529 661 3619 706 est

2030 732 2168 786 etiim
2193 733 2374 787 album
2407 744 2462 788 et
2489 734 2625 800 leve,
2650 752 2839 802 suave,
2860 736 3085 805 jucundi
3115 740 3299 796 odoris
3327 759 3341 795 :
3370 743 3615 800 Indicum

2027 825 2208 878 colore
2231 832 2373 891 atro,
2401 835 2457 880 et
2481 826 2616 894 Icvc,
2642 837 2701 882 ut
2726 827 2895 883 ferula
2926 848 2940 885 :
2985 829 3269 902 Syriacum
3298 850 3428 891 vero
3470 852 3613 907 pon—

2023 914 2153 969 dere
2180 930 2373 985 grave,
2397 917 2578 972 colore
2602 920 2801 984 buxeo,
2832 922 2999 977 odore
3027 925 3142 978 acri
3177 943 3189 955 -
3220 941 3492 981 sunuuum
3525 936 3614 982 ta-

2023 1020 2148 1060 men
2182 1005 2383 1071 album,
2413 1008 2548 1073 leve,
2582 1010 2816 1075 aridum,
2860 1023 3079 1082 gustum
3120 1015 3432 1072 incendens.
3482 1017 3615 1073 Flos

2021 1097 2166 1152 enim
2195 1098 2279 1152 vel
2307 1098 2583 1155 Christum
2621 1101 2911 1172 signiﬁcat,
2949 1105 3042 1173 qui
3092 1105 3159 1161 de
3208 1108 3358 1177 virga
3407 1109 3613 1165 radicis

2020 1187 2172 1245 Jesse
2201 1188 2451 1256 efﬂoruit,
2484 1191 2569 1246 vel
2599 1193 2871 1262 specimen
2905 1194 3153 1263 justilitc,
3182 1207 3237 1251 ut
3267 1198 3320 1252 in
3347 1198 3560 1267 psalmo
3592 1219 3607 1253 ;

2019 1280 2232 1348 Justus,
2256 1282 2451 1353 inquit,
2485 1293 2538 1336 ut
2570 1282 2747 1353 palma
2775 1286 2979 1355 ﬂorebit
3010 1286 3186 1358 (Psal.
3229 1292 3360 1360 xei).
3402 1290 3543 1347 Rosa
3575 1309 3609 1346 τι

2020 1375 2199 1445 specie
2237 1374 2384 1430 ﬂoris
2411 1386 2716 1446 nuncupata
2744 1381 2887 1447 quod
2925 1380 3168 1435 rutilanti
3190 1380 3368 1436 colore
3390 1383 3606 1438 rubeat.

2020 1467 2304 1539 Significat
2329 1478 2510 1525 autem
2538 1486 2660 1525 rosa
2691 1482 2958 1543 martyres
2986 1491 2998 1526 :
3029 1482 3088 1528 ut
3125 1484 3210 1529 est
3237 1475 3366 1531 illud
3404 1493 3419 1529 :
3452 1475 3607 1530 Sicut

2018 1575 2139 1614 rosa
2158 1560 2450 1630 germinant
2472 1578 2629 1633 super
2648 1563 2865 1617 humida
2911 1566 3109 1633 ﬂuenta
3151 1566 3341 1635 (Ecrli.
3385 1569 3602 1639 xxxix).

330 1648 502 1702 herba
529 1653 614 1701 est
634 1646 850 1716 spicosa
886 1664 898 1697 :
937 1644 1079 1699 unde
1111 1652 1168 1698 et
1209 1659 1238 1696 a
1270 1643 1476 1699 Graecis
1523 1644 1913 1700 nardostachns
1946 1645 1988 1704 Β
2019 1651 2151 1705 Lilia
2181 1652 2339 1706 lactei
2367 1651 2515 1708 floris
2553 1654 2768 1709 herba:
2801 1655 2944 1709 unde
2989 1664 3043 1710 ct
3089 1667 3416 1727 nuncupata,
3442 1660 3603 1729 quasi

329 1738 618 1810 appellata,
656 1751 886 1807 quarum
917 1734 1023 1789 alia
1054 1734 1255 1799 Indica,
1284 1733 1390 1789 alia
1418 1732 1641 1805 Syriaca
1666 1743 1908 1798 vocatur,

326 1845 435 1884 non
463 1830 608 1901 quod
634 1829 689 1883 in
720 1827 789 1901 Sy
801 1828 878 1882 ria
908 1833 1189 1893 nascatur,
1212 1826 1307 1881 sed
1335 1825 1481 1896 quod
1512 1841 1689 1893 mons,
1720 1827 1775 1882 in
1804 1842 1911 1897 quo

325 1920 619 1985 invenitur,
645 1918 753 1972 alio
793 1916 963 1972 latere
992 1914 1197 1970 Indiam
1227 1922 1464 1984 spectat,
1495 1915 1601 1971 alio
1644 1916 1858 1986 Syriam
1892 1936 1905 1970 :

320 2018 407 2067 est
445 2017 626 2066 autem
664 2008 847 2063 Indica
888 2003 1265 2069 multiformis,
1304 2004 1398 2060 sed
1436 2004 1627 2060 melior
1661 2004 1905 2076 Syriaca,

321 2101 493 2167 levis,
554 2098 735 2165 fulva,
779 2112 1028 2163 comosa,
1074 2096 1223 2166 spica
1267 2112 1456 2167 parva,
1504 2097 1904 2162 odoratissima,

322 2207 582 2263 cyperum
606 2189 869 2247 simulans
902 2207 915 2243 :
945 2188 1090 2258 quod
1116 2187 1161 2242 si
1185 2187 1411 2243 multum
1441 2188 1498 2243 in
1524 2204 1619 2244 ore
1656 2189 1907 2245 tardave-

318 2284 410 2349 rit,
451 2283 693 2355 linguam
727 2282 915 2338 siccat.
953 2272 1164 2339 Nardus
1201 2278 1404 2338 Celtica
1447 2297 1480 2336 a
1524 2280 1744 2353 regione
1783 2279 1908 2335 Gal-

322 2376 408 2431 lia:
431 2389 629 2430 nomen
659 2374 827 2430 traxit
860 2392 873 2428 :
907 2375 1150 2432 nascitur
1171 2376 1316 2431 enim
1350 2373 1546 2445 saepius
1584 2373 1640 2428 in
1670 2371 1903 2443 Liguriae

321 2469 533 2539 alpibus
555 2476 612 2523 et
639 2467 695 2522 in
725 2465 906 2539 Syria,
932 2467 1128 2524 frutice
1150 2482 1319 2538 parvo
1338 2506 1354 2532 ,
1383 2465 1658 2522 radicibus
1694 2465 1749 2519 in
1786 2479 1904 2518 ma-

314 2560 568 2633 nipulum
596 2558 841 2615 collectis
866 2558 1195 2630 Iigamentis.
1223 2557 1352 2613 Flos
1379 2556 1498 2626 ejus
1526 2562 1735 2611 tantum
1776 2569 1905 2624 pro-

216 2681 221 2687 η
323 2662 445 2725 pter
470 2652 693 2708 odorem
715 2652 942 2717 bonum,
956 2650 1128 2721 thyrsi
1148 2648 1267 2719 ejus
1282 2657 1446 2720 atque
1467 2646 1723 2703 radicula:
1745 2646 1906 2701 utiles

2016 1741 2196 1807 laclia,
2225 1742 2380 1812 cujus
2409 1744 2535 1799 dum
2571 1746 2775 1800 candor
2822 1747 2895 1802 sit
2935 1748 2988 1802 in
3037 1746 3201 1813 foliis,
3249 1752 3363 1804 auri
3416 1761 3602 1809 tamen

2015 1835 2222 1905 species
2247 1836 2394 1890 intus
2421 1834 2656 1908 effulget.
2688 1837 2881 1897 Lilium
2907 1848 3089 1894 autem
3120 1840 3392 1897 Christum
3427 1845 3601 1914 signi-

2013 1924 2156 1987 ﬁcat,
2186 1926 2277 1994 qui
2306 1926 2358 1980 in
2386 1925 2611 1982 Cantico
2649 1929 2981 1985 canticorum
3009 1932 3087 1986 ait
3115 1950 3129 1985 :
3160 1931 3271 1999 Ego
3303 1935 3403 2003 ﬂos
3426 1937 3604 2005 campi

2010 2027 2057 2070 et
2089 2016 2258 2070 lilium
2289 2018 2603 2073 convallium
2631 2016 2809 2091 (Cant.
2841 2021 2926 2091 It).
2950 2020 3015 2075 Et
3048 2022 3177 2076 item
3207 2037 3223 2076 :
3256 2020 3321 2076 Ut
3346 2034 3603 2093 pascatur

2010 2107 2067 2159 in
2092 2106 2279 2170 hortis,
2326 2117 2374 2161 et
2402 2106 2517 2162 lilia
2556 2108 2765 2179 colligat
2796 2107 2973 2179 (Cant.
3005 2111 3115 2181 vt);
3164 2127 3229 2167 ac
3263 2112 3307 2168 si
3336 2113 3543 2168 diceret
3582 2133 3597 2167 :

2010 2198 2124 2269 Ego
2151 2214 2270 2253 sum
2299 2201 2466 2255 decus
2504 2199 2722 2265 mundi,
2747 2209 2804 2256 et
2829 2201 2998 2271 gloria
3029 2203 3309 2258 humilium
3340 2225 3354 2258 ι
3388 2205 3482 2274 qui
3527 2206 3601 2260 de

2009 2303 2210 2358 sponsa
2266 2303 2362 2344 sua
2418 2288 2497 2343 sic
2536 2290 2658 2344 ait:
2691 2289 2841 2345 Sicut
2890 2289 3061 2345 lilium
3107 2291 3245 2345 inter
3288 2293 3491 2361 spinas,
3519 2294 3601 2347 sic

2008 2381 2180 2434 amica
2213 2396 2329 2434 mea
2359 2380 2496 2435 inter
2516 2380 2657 2450 ﬁlias
2683 2378 2858 2453 (Cant.
2893 2380 2990 2452 tt),
3019 2382 3143 2453 quia
3183 2383 3388 2438 candor
3432 2384 3609 2438 casti-

2008 2471 2136 2526 tatis
2156 2470 2275 2541 ejus
2307 2470 2744 2526 tribulationibus
2767 2472 3050 2541 probatur,
3080 2483 3136 2526 et
3162 2472 3333 2542 major
3355 2483 3439 2527 est
3486 2472 3603 2526 frn-

2007 2571 2127 2618 ctus
2150 2562 2552 2633 praedicationis
2575 2578 2737 2632 quam
2777 2562 2994 2633 quietis.
3042 2564 3229 2619 Potest
3274 2572 3330 2618 et
3382 2564 3436 2618 in
3482 2564 3599 2620 lilio

2009 2654 2291 2725 virginitas
2347 2655 2579 2724 exprimi
2612 2673 2625 2708 :
2656 2654 2784 2725 quia
2829 2655 3182 2711 excellentior
3232 2663 3319 2711 est
3367 2656 3598 2712 castitas

316 2744 619 2816 probantur
645 2742 834 2798 usibus
880 2740 1103 2798 nostris.
1144 2740 1358 2797 Nardus
1410 2746 1588 2795 autem
1637 2735 1907 2809 significat
2004 2743 2484 2815 virginalis,quam
2505 2753 2718 2800 caetera:
2744 2744 2991 2809 virtutes,
3015 2744 3156 2800 sicut
3180 2744 3236 2799 in
3269 2744 3596 2816 Apocalypsi

316 2838 539 2893 odorem
552 2836 817 2892 virtutum
836 2843 1149 2892 sanctorum
1170 2834 1225 2889 in
1246 2832 1516 2889 Ecclesia:
1540 2830 1684 2887 unde
1705 2844 1902 2899 sponsa
2003 2834 2327 2891 ostenditur.
2357 2834 2509 2890 Viola
2538 2842 2760 2905 propter
2783 2834 2889 2888 vim
2910 2833 3095 2890 odoris
3119 2849 3316 2888 nomen
3346 2834 3594 2903 accepit:

315 2928 449 2984 dicit
478 2928 532 2983 in
550 2926 790 2984 .Cantico
815 2927 1152 2984 canticorum
1183 2945 1195 2981 :
1229 2925 1368 2980 Dum
1392 2933 1521 2980 esset
1549 2939 1643 2979 rex
1669 2923 1726 2977 in
1746 2938 1902 2977 accu-

2004 2925 2170 2996 hujus
2181 2939 2379 2995 genera
2404 2933 2530 2980 sunt
2551 2926 2655 2980 tria
2679 2942 2693 2979 :
2717 2939 3071 2995 purpureum,
3090 2924 3292 2992 album,
3310 2924 3591 2980 melinum.

317 3018 428 3073 bitu
448 3034 567 3085 suo,
599 3018 798 3073 nardus
822 3034 938 3074 mea
965 3017 1108 3073 dedit
1151 3016 1365 3072 odorem
1407 3032 1560 3071 suum
1607 3012 1785 3087 (Cant.
1838 3018 1900 3084 ι),
1930 3001 1974 3064 C
2007 3014 2160 3071 Viola
2188 3004 2403 3085 quoque
2429 3014 2700 3086 signiﬁcat
2723 3014 3064 3072 confessores
3089 3016 3159 3071 ob
3184 3016 3593 3072 similitudinem

318 3113 425 3167 hoc
441 3119 548 3176 est,
569 3124 701 3181 rege
726 3109 947 3166 Christo
982 3109 1038 3163 in
1070 3107 1407 3164 beatitudine
1427 3106 1665 3162 caelestis
1705 3103 1902 3161 secreti
2006 3110 2295 3167 lividorum
2331 3126 2641 3181 corporum.
2672 3110 2826 3167 Unde
2869 3111 3131 3182 scriptum
3166 3122 3254 3166 est
3280 3111 3337 3165 in
3365 3109 3593 3165 cantico

315 3203 631 3274 quiescente
646 3208 961 3258 sanctorum
982 3200 1156 3255 virtus
1174 3199 1229 3254 in
1245 3197 1486 3254 Ecclesia
1510 3211 1720 3268 magna:
1743 3194 1902 3251 nobis
2005 3201 2341 3257 canticorum
2377 3218 2391 3256 ε
2423 3199 2606 3256 Flore;
2628 3200 2684 3255 in
2709 3210 2851 3255 terra
2871 3201 2964 3256 viii
2993 3208 3113 3254 sum
3143 3200 3319 3272 (caui.
3338 3198 3401 3271 ii)
3427 3217 3445 3265 ;
3476 3200 3605 3270 qui-

314 3295 545 3367 gratiam
581 3292 868 3349 suavitatis
909 3290 1274 3346 administrat.
1318 3288 1450 3343 Item
1493 3300 1726 3357 sponsus
1769 3283 1903 3340 dicit
2003 3293 2106 3347 bus
2128 3291 2295 3347 etiam
2322 3304 2549 3360 regnum
2579 3289 2838 3346 caelorum
2868 3288 3198 3360 promissum
3240 3297 3347 3344 est.
3377 3288 3593 3344 Hedera

312 3388 379 3441 de
404 3399 620 3455 sponsae
643 3383 814 3454 gloria
868 3382 924 3437 in
972 3381 1163 3438 eodem
1208 3379 1350 3437 libro
1381 3393 1397 3433 :
1434 3377 1755 3432 Emissiones
1794 3382 1900 3430 tua!
2001 3387 2168 3450 diem,
2197 3386 2341 3456 quod
2376 3384 2663 3441 arboribus
2712 3383 2975 3454 reptando
3019 3383 3334 3439 adimi-eiii;
3366 3383 3433 3438 de
3481 3397 3591 3452 qua

311 3474 594 3545 paradisus
615 3472 876 3528 malorum
903 3472 1231 3545 Punicorum
1263 3485 1384 3525 cum
1401 3482 1672 3539 pomorum
1707 3465 1897 3535 fructi-
2007 3478 2262 3551 Virgilius
2290 3495 2305 3532 ε

314 3566 433 3630 bus,
456 3565 602 3635 cypri
625 3580 745 3618 cum
795 3562 962 3617 nardo
1010 3561 1189 3634 (Cant.
1234 3560 1332 3633 iv).
1376 3559 1589 3615 Nardus
1615 3568 1672 3614 et
1706 3573 1901 3615 crocus
2125 3567 2260 3617 Inter
2279 3567 2511 3617 victrices
2535 3565 2773 3616 hederam
2797 3564 2887 3615 tibi
2908 3576 3116 3628 serpere
3139 3565 3322 3615 lauros.

310 3670 408 3725 per
447 3654 816 3726 irrigationem
849 3653 990 3709 sacri
1018 3651 1364 3723 Baptismatis
1395 3658 1584 3706 sancta
1620 3649 1893 3715 Ecclesia;
2001 3651 2105 3705 Alii
2128 3650 2393 3706 Hederam
2412 3650 2564 3704 aiunt
2585 3658 2858 3715 vocatam,
2880 3650 3024 3719 quod
3051 3649 3222 3704 hredis
3245 3664 3408 3720 supra
3432 3649 3591 3706 lactis

307 3746 593 3815 paradisus
664 3744 986 3800 emissiones
1062 3742 1327 3798 malorum
1396 3740 1757 3805 Punicorum,
1843 3740 1897 3793 id
2002 3742 2388 3796 abundantiam
2408 3741 2463 3794 in
2487 3754 2610 3795 esca
2632 3738 2957 3794 aveteribus
2982 3738 3344 3809 praebebatur.
3368 3737 3591 3794 Hedera:

308 3844 393 3891 est
430 3843 743 3892 sanctorum
778 3842 1111 3906 martyrum;
1150 3848 1273 3888 cum
1301 3845 1584 3902 pomorum
1613 3829 1893 3893 fructibus,
1999 3831 2211 3903 frigidae
2243 3842 2402 3887 terra:
2442 3831 2645 3886 indices
2668 3838 2794 3886 sunt
2828 3829 3124 3886 secundum
3150 3828 3426 3899 physicos,
3462 3844 3589 3906 nam

313 3927 367 3981 id
390 3936 476 3983 est
503 3942 627 3983 cum
648 3904 963 3982 sanctorum
986 3926 1246 3982 virtutum
1267 3924 1469 3981 fructu.
1502 3923 1714 3996 Cyprus
1736 3925 1900 3979 arbor
2000 3924 2445 3993 antipharmacon
2496 3921 2775 3977 ebrietatis
2812 3929 2916 3984 est,
2958 3921 3002 3976 si
3044 3920 3166 3990 quis
3200 3929 3359 3990 potus
3388 3904 3590 3976 hedeFa

314 4016 614 4072 aromatica
666 4024 772 4083 est,
805 4015 1118 4086 significans
1164 4014 1405 4071 caalestis
1450 4015 1637 4086 gratia:
1682 4014 1903 4070 benedi-
2000 4024 2309 4071 coronetur.
2334 4013 2545 4070 Hedera
2569 4022 2749 4068 autem
2769 4020 2951 4083 typum
2968 4009 3177 4066 Judaici
3196 4010 3377 4081 populi
3400 4010 3585 4081 habet,

312 4108 571 4163 ctionem.
600 4106 816 4163 Nardus
836 4105 1136 4163 Dominicte
1161 4106 1427 4176 passionis
1455 4114 1641 4177 typum
1657 4145 1673 4171 ,
1703 4121 1898 4163 crocus
1999 4108 2090 4179 qui
2117 4106 2407 4177 aliquando
2429 4105 2686 4161 florebat:
2709 4105 2804 4161 sed
2829 4120 2934 4160 non
2958 4104 3047 4160 diu
3074 4104 3129 4158 in
3154 4104 3330 4159 virore
3353 4104 3587 4174 pristino

315 4198 604 4255 cbaritatis
638 4196 915 4255 fervorem
959 4196 1217 4269 exprimit
1257 4213 1272 4252 :
1315 4196 1659 4268 conjungitur
1697 4211 1898 4268 cyprus
1997 4199 2332 4255 remanebat.
2362 4197 2514 4254 Unde
2537 4198 2591 4252 in
2621 4197 2759 4252 libro
2786 4194 2937 4252 Jonas
2964 4194 3246 4267 Propheta:
3264 4196 3467 4252 hedera
3484 4197 3587 4253 sub

314 4289 510 4356 nardo,
537 4304 664 4346 cum
699 4288 885 4345 divina
913 4289 1090 4360 gratia
1119 4287 1392 4345 confortat
1414 4303 1515 4345 nos
1547 4303 1646 4359 pro
1679 4287 1897 4345 Christo
1917 4355 1961 4360 _
2000 4288 2153 4358 cujus
2183 4289 2500 4346 umbraculo
2527 4287 2693 4345 Jonas
2742 4289 2964 4346 sedebat
3002 4290 3058 4343 in
3106 4289 3429 4344 ascensione
3459 4306 3587 4346 ver-

313 4378 447 4448 pati.
496 4355 636 4434 Item
692 4379 897 4434 nardus
916 4355 1102 4435 vcroco
1139 4377 1403 4450 jungitur,
1455 4355 1579 4435 cum
1629 4355 1974 4435 charitateD
2001 4355 2106 4435 mis
2134 4379 2355 4436 diluculi
2392 4379 2448 4434 in
2475 4380 2796 4444 crastinum,
2822 4379 3038 4435 exaruit
3081 4379 3138 4434 in
3182 4382 3589 4438 resurrectione

311 4467 515 4523 Christi
542 4477 777 4525 mortem
797 4469 1031 4526 libenter
1058 4469 1401 4539 suscipimus.
1429 4469 1661 4526 Crocum
1691 4469 1895 4527 dictum
2001 4470 2146 4525 illius
2171 4470 2393 4536 vermis,
2419 4471 2512 4541 qui
2538 4471 2614 4525 ait
2643 4488 2656 4524 :
2690 4471 2804 4543 Ego
2829 4488 2947 4527 sum
2968 4473 3158 4526 vermis
3176 4512 3192 4537 ,
3218 4482 3268 4527 et
3296 4489 3403 4529 non
3428 4474 3589 4529 homo

310 4559 379 4613 ab
419 4558 618 4629 oppido
671 4558 896 4626 Ciliciae,
922 4560 1068 4630 quod
1116 4567 1343 4616 vocatur
1392 4558 1682 4627 Coricium,
1723 4576 1895 4632 quan-
2002 4560 2175 4633 (Psal.
2200 4561 2337 4634 XXI).
2367 4561 2592 4618 Iudaica
2620 4562 2772 4633 plebs
2794 4578 2893 4634 per
2936 4562 3307 4620 infidelitatem
3346 4567 3584 4632 exaruit,

312 4664 479 4720 quam
515 4656 573 4704 et
596 4648 724 4705 alibi
753 4660 1009 4706 nascatur
1039 4669 1054 4706 :
1083 4650 1181 4707 sed
1230 4666 1339 4707 non
1386 4659 1593 4707 tantum
1634 4652 1720 4709 vel
1768 4652 1891 4720 tale,
2000 4674 2121 4728 qua:
2140 4659 2412 4728 quondam
2448 4657 2675 4715 ﬂorebat
2710 4660 2765 4713 in
2806 4659 3130 4730 patriarchis
3174 4667 3229 4714 et
3278 4646 3581 4730 prbphetis.

318 4742 477 4813 quale
499 4742 558 4798 in
583 4740 792 4809 Cilicia,
810 4744 954 4800 unde
979 4752 1037 4800 et
1060 4760 1091 4800 a
1116 4745 1315 4815 potiori
1340 4754 1492 4815 parte
1519 4761 1712 4803 nomen
1741 4762 1896 4804 acce—
2000 4747 2299 4805 Galbanum
2323 4763 2520 4804 succus
2541 4757 2625 4804 est
2660 4747 2866 4804 ferulae.
2890 4748 3056 4819 Dycta
3083 4757 3169 4803 est
3195 4764 3352 4806 mons
3386 4750 3584 4817 Cret-.e,

321 4835 402 4905 pit
430 4851 444 4889 :
476 4848 604 4890 nam
626 4832 809 4889 multae
835 4848 924 4889 res
950 4833 1171 4895 nomina
1195 4843 1541 4905 sumpserunt
1564 4851 1596 4890 a
1620 4836 1783 4904 locis,
1805 4838 1896 4894 ubi
1998 4857 2068 4896 ex
2113 4856 2222 4912 quo
2255 4842 2604 4912 dyctamnum
2642 4840 2825 4896 herba.
2849 4855 3046 4896 nomen
3085 4842 3314 4910 accepit,
3362 4855 3587 4911 propter

318 4927 440 4998 plus
462 4926 711 4999 pervenit
736 4924 1027 4999 [provenit]
1067 4935 1122 4983 et
1151 4928 1347 4984 melius
1370 4927 1590 4998 aliquid.
1622 4929 1895 5001 Optimum
1998 4946 2160 5001 quam
2202 4930 2344 5000 apud
2367 4928 2646 5002 Virgilium
2658 4946 2822 4986 cerva
2844 4930 3120 4985 vulnerata
3142 4931 3313 4986 saltus
3328 4944 3586 5004 peragrat

315 5029 498 5077 autem
518 5028 622 5088 est,
643 5019 788 5091 quod
816 5018 980 5075 fuerit
1007 5033 1220 5087 recens,
1246 5020 1432 5077 odoris
1460 5021 1587 5077 boni
1605 5061 1620 5087 ,
1647 5022 1896 5078 albedine
1997 5021 2245 5093 Dyctazos
2269 5040 2284 5076 :
2317 5028 2479 5078 tanta:
2504 5021 2647 5077 enim
2675 5022 2931 5092 potentia:
2957 5032 3060 5087 est,
3087 5031 3146 5077 ut
3169 5022 3374 5079 ferrum
3398 5038 3432 5078 a
3458 5040 3584 5081 cor-

306 5129 494 5183 parva,
519 5122 787 5185 porrectae
811 5112 1188 5185 longitudinis,
1211 5113 1481 5183 integrum
1514 5122 1571 5169 et
1617 5128 1791 5184 neque
1836 5113 1889 5168 in
1996 5126 2126 5182 pore
2150 5111 2400 5182 expellat,
2431 5112 2660 5183 sagittas
2683 5113 2942 5168 excutiat.
2977 5111 3130 5168 Unde
3155 5122 3210 5168 et
3237 5112 3355 5183 ejus
3383 5116 3584 5186 pabulo

308 5204 613 5274 fragmenta
636 5204 1050 5270 comminutum,
1079 5203 1434 5273 inspiratione
1473 5203 1638 5272 bona,
1665 5213 1723 5259 et
1766 5219 1891 5259 cum
1995 5200 2123 5257 lene
2146 5216 2419 5271 percussa:
2444 5203 2667 5275 sagittas
2692 5217 2722 5256 a
2749 5204 3314 5273 corporeinhterentes
3333 5202 3577 5276 ejiciunt.

310 5296 572 5366 carpitur,
602 5311 796 5352 manus
834 5295 1094 5361 inliciens,
1137 5303 1194 5353 et
1227 5296 1421 5353 leviter
1464 5312 1611 5354 acre.
1654 5296 1809 5364 Quod
1844 5296 1891 5352 si
1997 5291 3581 5367 IIancquidamLatinorumpoleiumMartisdicuntpropter

311 5385 576 5455 ejusmodi
615 5403 722 5444 non
746 5388 940 5446 ‘fuerit
975 5408 989 5445 :
1022 5397 1117 5446 aut
1170 5398 1464 5458 vetustum,
1501 5399 1597 5447 aut
1652 5389 1889 5446 infusum
1996 5383 2124 5441 belli
2152 5384 2258 5440 tela
2277 5384 2620 5441 excutienda.
2643 5384 2999 5457 Mandragora
3024 5386 3186 5451 dicta,
3211 5385 3356 5456 quod
3385 5385 3581 5440 haheat

314 5478 677 5549 cognoscitur.
707 5478 841 5536 Item
868 5495 1068 5553 cyprus
1087 5481 1549 5553 incorruptionem
1581 5481 1849 5553 signiﬁcat
1874 5498 1887 5535 :
1999 5477 2139 5532 mala
2169 5492 2334 5533 suave
2360 5476 2561 5534 olentia
2589 5478 2644 5533 in
2688 5479 3111 5550 magnitudinem
3156 5478 3282 5535 mali
3312 5477 3530 5532 Matiani
3562 5492 3577 5529 :

315 5567 519 5625 nardus
532 5560 1127 5642 fortitudinem,crocus
1138 5582 1422 5646 martyres.
1438 5571 1711 5644 Hyssopns
1723 5572 1890 5629 herba
2000 5571 2141 5627 unde
2166 5578 2219 5627 et
2239 5584 2359 5627 eam
2379 5569 2555 5627 Latini
2585 5571 2782 5627 malum
2812 5581 2970 5628 terrae
2997 5580 3208 5628 vocant.
3234 5570 3383 5626 lianc
3408 5579 3575 5640 poet-.e
