3950 6192
273 435 380 492 529

1252 440 1340 497 DE
1380 439 1730 498 UNIVEHSO
1768 440 1947 496 LIBRI
1988 442 2148 498 XXII.
2190 476 2257 484 ρ-
2294 445 2418 500 LIB.
2463 445 2600 503 XIX.

3458 459 3564 513 530

271 549 816 621 antbropomorphon
859 553 1163 622 appellant,
1205 554 1346 624 quod
1391 554 1590 611 habeat
1633 555 1868 610 radicem
1899 559 1948 617 Α
1977 556 2030 610 in
2086 557 2377 629 Evangelio
2423 562 2619 617 dicitur
2670 564 2884 635 (Matth.
2926 567 3071 639 xm),
3103 571 3244 638 quod
3294 572 3351 625 in
3376 585 3561 642 segete

270 638 505 694 formam
538 641 777 696 hominis
811 643 1175 708 simulantem,
1209 643 1361 712 cujus
1396 654 1583 701 cortex
1611 647 1735 701 vino
1761 647 1865 701 im-

1971 650 2184 704 Domini
2214 652 2465 708 inimicus
2507 657 3027 724 superscminaverit
3064 661 3294 716 zizania.
3349 663 3554 718 Fenqu

269 730 435 785 mista
465 731 534 785 ad
556 732 845 786 bibendum
877 733 1036 786 datur
1058 734 1124 787 iis
1151 750 1379 802 quorum
1409 751 1606 806 corpus
1646 745 1869 807 propter
1970 737 2193 804 dictum,
2212 742 2354 810 quod
2376 756 2440 795 eo
2467 741 2678 797 ﬂamma
2705 746 3006 801 nutriatur:
3026 749 3163 818 phos
3177 751 3318 805 enitn
3342 752 3561 809 ﬂamma.

269 834 462 874 curam
490 820 785 875 secandum
825 834 930 886 est,
982 832 1042 877 ut
1074 825 1312 893 soporati
1335 825 1576 880 dolorem
1607 842 1710 881 non
1739 842 1866 880 scn-

268 911 433 965 tiant.
458 911 632 981 Hujus
655 913 865 984 species
892 914 1028 967 dum.
1054 913 1277 969 Femina
1308 914 1450 970 foliis
1471 916 1695 972 lactuca:
1717 918 1866 973 simi-

268 1002 412 1058 libus
443 1003 588 1058 mala
610 1013 833 1075 generat
861 1005 915 1058 in
936 1004 1342 1061 similitudinem
1368 1022 1667 1076 prunorum
1695 1026 1708 1063 :
1747 1025 1865 1063 ma-

265 1094 456 1149 sculus
500 1110 632 1150 vero
670 1093 815 1150 foliis
850 1097 989 1151 beta:
1033 1097 1317 1153 similibus.
1376 1100 1453 1153 De
1503 1100 1862 1171 mandragora

264 1203 467 1259 sponsa
488 1188 623 1243 dicit
644 1188 698 1243 in
721 1186 946 1243 Cantico
965 1190 1301 1246 canticorum
1329 1211 1341 1245 :
1369 1192 1742 1264 Hantlmgorte
1764 1195 1859 1248 de-

263 1280 456 1334 derunt
471 1280 686 1334 odorem
707 1281 759 1335 in
785 1281 947 1350 portis
962 1283 1150 1336 nostris
1169 1280 1345 1351 (Cant.
1366 1284 1487 1355 vn).
1510 1284 1860 1354 Mandragora

263 1383 487 1442 propter
514 1372 829 1428 multimoda
865 1374 1279 1428 medicaminum
1312 1390 1511 1445 genera
1542 1386 1858 1433 sanctorum

262 1466 563 1521 virtutibus
584 1473 953 1535 comparatur.
984 1465 1159 1522 Porta:
1188 1467 1442 1523 Ecclesiae
1462 1471 1711 1525 doctores
1734 1480 1860 1525 sunt

264 1559 459 1611 sancti.
487 1556 547 1612 In
577 1555 887 1626 huiusmodi
907 1558 1081 1628 portis
1125 1559 1499 1631 mandragorae
1548 1562 1680 1616 dant
1720 1563 1857 1618 odo-

263 1662 376 1702 rem
407 1665 422 1700 :
451 1662 577 1702 cum
618 1646 890 1717 spiritales
918 1648 1117 1718 quique
1139 1664 1207 1704 ex
1237 1664 1296 1705 se
1318 1651 1576 1706 virtutum
1620 1652 1854 1720 palmam

260 1738 419 1810 longe
444 1740 666 1811 lateque
691 1749 971 1811 spargunt.
1000 1741 1225 1812 Legitur
1249 1742 1310 1796 in‘
1338 1741 1612 1799 Geneseos
1642 1741 1852 1815 (Cenes.

258 1832 414 1903 xxx),
448 1833 596 1902 quod
638 1831 827 1887 Ruben
866 1832 1011 1888 ﬁlius
1034 1833 1144 1889 Lia:
1172 1848 1422 1906 egressus
1448 1835 1504 1889 in
1547 1851 1737 1906 agrum
1766 1836 1851 1890 in-

1968 826 2316 883 est..Fenum
2360 831 2505 885 enim
2552 830 2957 905 [autem]jnxta
2988 837 3302 910 allegoriam
3352 843 3551 914 signiﬁ-

1968 926 2058 972 cat
2091 917 2430 990 fragilitatem
2481 923 2731 980 humante
2780 937 3027 983 naturae:
3064 933 3206 987 unde
3255 934 3453 1005 legitur
3500 937 3553 992 in

1966 1009 2173 1097 psalmo
2198 1012 2264 1065 de
2289 1015 2663 1082 peccatoribus
2688 1031 2702 1070 :
2739 1017 3001 1083 Quoniam
3020 1063 3034 1085 ,
3074 1032 3325 1095 tanquam
3350 1028 3546 1097 fenum,

1965 1088 2205 1152 velociter
2225 1114 2456 1155 arescent
2483 1115 2501 1153 :
2522 1114 2590 1168 et,
2604 1106 2739 1158 sicut
2763 1107 2904 1163 olera
2924 1110 3225 1178 herbarum,
3239 1088 3553 1172 cito'cadent

1965 1183 2139 1258 (Psal.
2173 1190 2378 1263 xxxvn).
2410 1193 2613 1249 Fenum
2668 1198 2895 1265 pulchra
2939 1210 3025 1257 est
3077 1217 3185 1270 res,
3219 1206 3344 1261 dum
3386 1209 3549 1276 viret,

1963 1278 2091 1334 dum
2119 1278 2290 1348 ﬂoret,
2322 1283 2414 1339 sed
2445 1301 2566 1340 cum
2596 1290 2821 1356 aruerit,
2859 1301 3066 1346 mutato
3103 1296 3347 1365 protinus
3373 1299 3552 1355 colore

1962 1371 2251 1426 marcescit
2278 1391 2291 1426 :
2331 1374 2408 1429 sic
2433 1384 2559 1429 sunt
2587 1377 2759 1448 impii,
2787 1382 2877 1450 qui
2918 1384 3072 1452 quasi
3121 1384 3308 1440 ﬂorida
3363 1388 3546 1444 lmtitia

1961 1459 2288 1528 relucentes,
2341 1476 2668 1534 pratntaturo
2706 1468 2812 1523 ﬁne
2853 1471 3144 1527 siccantur.
3192 1474 3373 1531 Primo
3421 1478 3548 1533 hanc

1959 1554 2254 1619 comparati
2289 1564 2434 1621 sunt,
2459 1564 2519 1609 nt
2544 1569 2854 1614 arescerent
2885 1580 2896 1615 :
2931 1579 3074 1618 nunc
3103 1566 3407 1636 agrestibus
3433 1568 3549 1623 ole-

1962 1640 2133 1707 ribus,
2168 1652 2228 1697 ut
2258 1644 2568 1701 deciderent
2612 1667 2625 1702 :
2669 1666 2772 1705 non
2810 1653 2954 1708 enim
2982 1654 3146 1719 dixit,
3181 1656 3329 1712 olera
3370 1659 3548 1714 horto-

1956 1748 2096 1799 rum,
2125 1735 2218 1790 sed
2244 1736 2521 1793 herbarum
2550 1754 2568 1791 :
2600 1750 2658 1795 ut
2689 1742 3019 1814 signiﬁcaret
3043 1747 3223 1815 potius
3264 1748 3353 1804 illa
3401 1751 3548 1807 vilis-

1955 1822 2114 1888 sima,
2139 1840 2258 1894 quae
2284 1842 2382 1895 per
2411 1844 2570 1898 agros
2598 1842 2787 1901 sponte
2830 1846 3149 1892 nascuntur.
3194 1839 3402 1895 Fenum
3454 1842 3541 1896 hi-

258 1923 471 1978 venerit
496 1924 911 1995 mandragoras,
940 1931 997 1980 et
1025 1924 1236 1981 dederit
1253 1940 1346 1980 cas
1369 1924 1481 1981 Lia:
1509 1926 1669 1981 matri
1696 1942 1807 1982 sua:
1832 1944 1847 1980 :
1881 1936 1925 1994 Β
1953 1917 2178 1971 storiam
2208 1917 2342 1991 legis
2364 1929 2459 1975 aut
2483 1925 2796 1992 temporalia
2819 1926 3108 1997 signiﬁcat,
3135 1938 3194 1983 ut
3213 1930 3268 1984 in
3295 1931 3502 2000 psalmo
3526 1952 3539 1987 :

256 2014 399 2083 quod
428 2012 705 2083 signiﬁcat
745 2013 945 2070 famam
976 2015 1194 2081 bonam,
1223 2032 1387 2087 quam
1433 2017 1665 2088 quisque
1712 2018 1850 2075 bene

256 2104 539 2160 studiosus
562 2105 883 2176 adipiscitur
902 2121 970 2161 ex
988 2109 1276 2164 mundanis
1296 2109 1624 2175 hominibus,
1645 2111 1851 2168 referre

254 2196 397 2253 hanc
422 2197 627 2252 debere
646 2198 715 2253 ad
747 2206 979 2254 matrem
1018 2199 1336 2255 Eeclesiatn.
1371 2200 1525 2257 Unde
1554 2202 1846 2272 dicitApo-

254 2287 426 2340 stolus
455 2287 527 2342 de
549 2287 805 2358 episcopo
840 2289 1140 2346 ordinando
1170 2308 1182 2344 :
1226 2288 1440 2361 Oportet
1491 2294 1648 2346 etiam
1699 2291 1850 2347 illum

250 2378 611 2432 testimonium
658 2379 848 2433 habere
900 2380 1093 2435 bonum
1145 2381 1209 2434 ab
1264 2383 1339 2436 eis
1406 2382 1496 2453 qui
1546 2382 1677 2451 foris
1726 2391 1848 2439 sunt

252 2466 305 2539 (1
328 2467 470 2523 Tim.
504 2468 623 2543 III);
660 2471 752 2539 qui
780 2470 905 2525 licet
932 2486 1126 2541 parum
1153 2471 1388 2542 sapiant,
1415 2473 1647 2528 reddunt
1667 2483 1847 2530 tamen

248 2557 577 2630 plenumque
603 2560 773 2615 labori
801 2575 1011 2625 eorum,
1033 2576 1133 2631 per
1155 2577 1292 2632 quos
1316 2562 1419 2617 sibi
1447 2563 1767 2629 consulitur,
1792 2571 1849 2619 et

251 2649 600 2718 splendorem
659 2651 833 2706 laudis
859 2693 874 2718 ,
921 2660 978 2707 et
1025 2653 1287 2708 honorem
1316 2652 1494 2709 ‘bonze
1550 2656 1843 2724 opinionis.

252 2739 448 2797 Herba:
476 2750 680 2797 mterna
717 2743 952 2813 paradisi
988 2743 1235 2800 viriditas
1278 2752 1334 2799 et
1374 2752 1683 2800 sanctarum
1731 2748 1847 2802 ani-

251 2847 466 2886 marum
522 2847 724 2901 pascua
756 2852 769 2887 :
805 2842 864 2887 ut
904 2834 960 2888 in
1007 2834 1298 2907 Evangelio
1329 2853 1342 2890 :
1378 2835 1438 2890 Si
1472 2838 1590 2908 quis
1628 2854 1722 2908 per
1764 2856 1846 2893 me

248 2924 540 2989 introierit,
560 2923 882 2989 salvabitur;
930 2936 977 2980 et
999 2926 1322 3007 ingredietur
1358 2937 1409 2982 et
1448 2928 1764 2999 egredietur,
1796 2918 1845 2984 et

246 3034 447 3088 pascua
482 3017 706 3071 inueniet
738 3017 922 3089 (Joan.
957 3018 1034 3092 χ).
1078 3019 1146 3074 Ει
1198 3035 1298 3090 per
1342 3021 1683 3078 Ezechielem
1718 3040 1731 3077 :
1776 3022 1846 3077 In

248 3106 517 3162 montibus
540 3108 758 3164 excelsis
782 3108 977 3176 Israel,
1005 3110 1092 3165 ubi
1127 3129 1342 3181 pascam
1361 3131 1451 3168 eas
1476 3116 1532 3168 in
1559 3115 1731 3170 herbis
1766 3116 1846 3169 vi-

249 3198 488 3252 rentibus
517 3196 733 3270 (Ezech.
766 3204 973 3272 xxxiv).
1016 3201 1085 3255 Et
1131 3205 1439 3259 econtrario
1479 3205 1546 3260 de
1588 3204 1842 3261 ariditate

1955 2004 2061 2069 Qui
2079 2008 2321 2075 producit
2341 2009 2399 2063 in
2421 2012 2679 2066 montibus
2710 2014 2888 2082 fenum
2914 2014 3305 2091 (Psal.cx1.v1).
3336 2020 3539 2076 Fenum

1950 2104 2289 2165 peccatores,
2325 2108 2383 2155 ut
2421 2100 2474 2154 in
2505 2101 2794 2173 Evangelia
2829 2122 2842 2159 :
2879 2105 2940 2160 Si
2982 2109 3120 2162 enim
3166 2108 3375 2177 fenum,
3400 2114 3541 2182 quod

1952 2185 2106 2241 hodie
2125 2187 2180 2241 in
2205 2205 2334 2259 agro
2360 2199 2453 2254 est,
2471 2202 2518 2245 et
2548 2209 2665 2246 cras
2686 2194 2740 2247 in
2761 2193 3023 2249 clibanum
3049 2197 3274 2252 mittitur
3305 2199 3534 2272 (Matth.

1950 2291 2001 2331 vi
2020 2275 2058 2339 ).
2092 2276 2252 2334 Olera
2281 2280 2425 2335 enim
2447 2281 2516 2335 ab
2539 2281 2644 2336 olla
2671 2284 2814 2338 dicta
2834 2293 2982 2351 sunt,
3013 2286 3104 2341 ubi
3130 2287 3355 2343 collecta
3380 2289 3540 2347 deco-

1950 2378 2194 2437 quuntur
2235 2384 2606 2442 :quapropter
2630 2373 2813 2429 fenum
2841 2377 3023 2431 mundi
3077 2378 3349 2435 nobilibus
3390 2397 3535 2437 com—

1948 2475 2227 2530 paremus,
2244 2463 2335 2534 qui
2360 2472 2415 2519 et
2437 2462 2596 2520 facile
2622 2466 2931 2536 proﬁciunt,
2948 2477 3004 2525 et
3031 2469 3321 2528 viriditatis
3342 2489 3535 2546 magna

1948 2551 2101 2619 quasi
2132 2552 2305 2619 gratia
2332 2554 2653 2609 vestiuntur.
2691 2555 2849 2612 Olera
2892 2558 3205 2627 herbarum,
3235 2564 3537 2620 mediocres
3610 2610 3633 2620 -

1946 2652 2218 2713 ponantur
2243 2654 2299 2700 et
2341 2646 2593 2713 humiles,
2637 2662 2757 2717 quae
2798 2665 2897 2719 per
2940 2650 3059 2706 loca
3113 2652 3334 2720 inculta,
3381 2655 3535 2725 copia

1948 2735 2267 2805 pullulattte,
2293 2738 2658 2810 consurgunt,
2690 2748 2745 2796 et
2778 2750 2988 2796 naturae
3017 2759 3128 2817 sua:
3155 2754 3427 2817 agrestem
3455 2757 3537 2802 at,

1948 2840 2055 2893 que
2084 2824 2353 2896 hispidam
2382 2828 2619 2884 retinent
2644 2830 2982 2899 qualitatem.
3014 2815 3123 2889 Sed
3168 2815 3225 2890 et
3271 2834 3402 2892 illud
3444 2851 3538 2893 ve-

1948 2913 2143 2970 lociter
2167 2918 2366 2973 arescit
2393 2937 2405 2973 :
2437 2926 2494 2975 et
2517 2919 2619 2975 ista
2655 2921 2765 2978 cito
2789 2921 3063 2980 decidunt.

2529 3034 2804 3091 CAPUT
2841 3035 2944 3091 IX.

2561 3104 2638 3159 De
2666 3105 2914 3161 oleribus.

2016 3189 2220 3248 Hortus
2246 3193 2557 3249 nominatur
2577 3195 2719 3264 quod
2743 3210 2957 3266 semper
2980 3196 3054 3252 ibi
3077 3197 3279 3268 aliquid
3299 3199 3529 3255 oriatur.

248 3288 453 3344 mentis
474 3304 588 3343 sua:
613 3290 679 3345 de
702 3288 903 3346 Judteis
929 3307 1025 3362 per
1057 3291 1383 3348 Hieremiam
1414 3294 1613 3359 dicitur
1643 3313 1656 3348 :
1685 3295 1842 3365 Defe-
1870 3275 1916 3338 (ἶ
1948 3279 2084 3336 Nam
2109 3298 2232 3338 cum
2263 3284 2368 3339 alia
2397 3292 2544 3339 ῑθιτθ
2583 3285 2753 3341 semel
2788 3287 2845 3341 ίιὶ
2894 3303 3038 3344 anno
3087 3288 3290 3360 aliquid
3324 3291 3531 3362 είεηθι,

247 3389 431 3434 cerunt
460 3380 602 3434 oculi
627 3397 829 3449 eorum,
858 3384 984 3454 quia
1026 3400 1129 3438 non
1166 3395 1278 3439 erat
1321 3386 1479 3440 herba
1528 3385 1661 3458 (Jer.
1706 3387 1841 3459 XIV).

248 3469 432 3527 Herba
464 3473 576 3527 vita
596 3473 778 3528 carnis
802 3480 907 3539 est,
936 3481 997 3528 ut
1028 3478 1080 3529 in
1119 3473 1220 3531 Job
1247 3491 1345 3546 pro
1374 3477 1588 3531 diabolo
1640 3495 1654 3531 :
1702 3476 1843 3531 Huic

248 3573 475 3627 montes,
524 3563 631 3617 hoc
683 3572 786 3629 est,
836 3564 1098 3620 luxuriosi
1143 3566 1378 3633 divites,
1438 3567 1622 3621 herbas
1666 3568 1843 3637 ferunt

249 3651 394 3722 (Job.
444 3651 560 3723 XL).
594 3652 768 3708 Herba
805 3653 912 3708 vita
972 3653 1305 3720 mortalium,
1352 3664 1411 3709 ut
1471 3655 1527 3709 in
1581 3656 1835 3726 psalmo:

248 3743 410 3799 lane
428 3746 566 3800 sicut
585 3746 743 3800 herba
766 3756 999 3800 transeat
1023 3744 1196 3818 (Psal.
1213 3748 1458 3819 Lxxm).
1483 3748 1705 3802 Pratum
1733 3758 1836 3813 est,

246 3836 405 3905 cujus
434 3833 568 3891 {mni
599 3836 751 3906 copia
793 3843 1041 3891 armenta
1091 3845 1312 3892 tuetur:
1348 3839 1434 3893 cui
1473 3849 1687 3894 veteres
1732 3838 1840 3893 Ro-

247 3927 397 3982 mani
426 3942 624 3983 nomen
653 3928 964 3982 indiderunt
989 3929 1059 3982 ab
1096 3943 1161 3983 eo
1195 3930 1337 3998 quod
1366 3930 1612 4000 protinus
1637 3931 1709 3985 sit
1735 3945 1836 4000 pa-

247 4029 424 4084 ratus,
481 4034 584 4075 nec
632 4034 888 4091 magnum
936 4020 1176 4075 laborem
1230 4019 1459 4077 cultura:
1511 4022 1781 4078 desideret
1820 4041 1833 4077 :

244 4120 405 4179 prata
429 4118 611 4165 autem
642 4124 762 4165 esse
800 4125 923 4180 quae
960 4111 1135 4166 secari
1172 4121 1415 4181 possunt.
1467 4111 1687 4168 Pratum
1718 4129 1834 4185 my-

245 4198 385 4255 stice
411 4198 635 4270 intelligi
683 4206 864 4269 potest
919 4209 1107 4255 sancta
1136 4200 1396 4267 Ecclesia,
1426 4202 1512 4257 vel
1553 4202 1834 4273 Scriptura

245 4305 428 4357 sacra,
465 4290 519 4345 in
549 4290 745 4360 quibus
788 4290 948 4346 ﬂores
992 4290 1331 4348 diversarum
1376 4293 1636 4349 virtutum
1682 4309 1835 4364 repe-

246 4381 488 4446 riuntur,
509 4389 566 4435 et
590 4391 774 4452 pastus
798 4383 1057 4453 spiritalis
1086 4383 1191 4452 piis
1214 4383 1558 4451 animalibus,
1593 4385 1695 4441 hoc
1725 4395 1832 4452 est,

246 4472 501 4529 ﬁdelibus
547 4473 856 4531 hominibus
906 4484 1260 4548 praeparatur.
1319 4475 1473 4532 Unde
1521 4492 1721 4546 sponsa
1775 4477 1831 4532 in

243 4564 478 4620 Cantica
520 4564 858 4620 canticorum
902 4565 1034 4621 dicit
1077 4582 1093 4621 :
1149 4564 1338 4621 Flores
1377 4576 1732 4637 apparuerunt
1775 4569 1831 4624 in

243 4663 393 4711 terra
425 4648 603 4726 (Cant.
635 4653 719 4725 ιι),
740 4654 794 4709 id
817 4663 920 4722 est,
951 4656 1006 4710 in
1030 4655 1144 4711 otio
1167 4656 1292 4711 ﬁdei
1319 4664 1376 4711 et
1395 4654 1607 4725 justitia
1636 4657 1833 4714 ﬂorue-

242 4753 380 4803 runt
419 4745 477 4801 in
514 4746 734 4811 mundo,
782 4755 1065 4803 crescente
1090 4747 1351 4803 Ecclesia.
1381 4747 1520 4803 Hinc
1555 4747 1683 4804 item
1716 4750 1832 4819 ipsa

243 4839 566 4896 doctoribus
590 4839 725 4894 dicit
753 4856 767 4893 :
800 4838 1008 4895 Fulcite
1034 4856 1116 4895 me
1140 4840 1584 4911 ﬂoribus,stipate
1608 4857 1691 4896 me
1720 4858 1835 4895 ma-

242 4933 337 4997 lis,
357 4931 484 5001 quia
511 4948 691 4987 amore
722 4931 947 5003 langueo
973 4931 1196 5005 (lbid.);
1238 4948 1306 4989 ac
1349 4932 1396 4989 si
1425 4933 1631 4990 diceret
1657 4953 1669 4987 :
1700 4949 1833 4989 con-

236 5025 499 5081 sulamini
528 5040 618 5081 me
641 5024 903 5097 exemplis
941 5040 1036 5081 seu
1072 5025 1469 5095 incipientium,
1509 5041 1605 5083 seu
1645 5026 1837 5082 termi-

241 5116 497 5173 nantium
518 5118 661 5173 viam
681 5116 894 5183 salutis,
916 5118 1047 5174 dum
1072 5119 1249 5174 adhuc
1290 5118 1346 5173 in
1388 5117 1548 5188 hujus
1594 5120 1835 5191 peregri-

242 5208 485 5264 nationis
523 5210 685 5265 ttedio
722 5224 908 5266 amore
948 5224 1196 5280 superna:
1236 5211 1463 5267 visionis
1517 5211 1831 5283 languesco.

242 5297 408 5353 Prata
431 5298 700 5368 patefacta
717 5308 800 5355 est
825 5297 1108 5370 Scriptura
1130 5300 1329 5367 divina,
1344 5301 1479 5356 utin
1508 5299 1832 5359 Salomone:

239 5390 440 5462 Aperta
467 5399 589 5446 sunt
615 5400 793 5461 prata,
814 5397 864 5445 et
900 5398 1157 5467 apparent
1180 5389 1354 5446 herbae
1376 5391 1592 5446 virentes
1646 5391 1831 5465 (Prov.

240 5477 442 5551 nm).
458 5478 593 5534 Item
615 5478 669 5534 in
692 5477 888 5534 malam
910 5487 1143 5549 partem,
1166 5489 1226 5534 ut
1246 5480 1303 5536 in
1331 5480 1620 5537 Salomone
1650 5500 1664 5536 :
1695 5481 1835 5537 Nul-

242 5569 356 5626 lum
389 5578 601 5640 pratum
629 5571 717 5637 sit,
745 5570 886 5644 quod
911 5586 1018 5626 non
1048 5579 1374 5642 pertranseat
1411 5570 1624 5627 luxuria
1654 5583 1834 5630 nostra

244 5659 410 5732 (Sep.
448 5659 553 5732 ιι).
593 5661 846 5716 Avens...
887 5659 1168 5717 Lolium...
1196 5661 1415 5717 Zizania
1452 5676 1614 5732 quam
1658 5672 1835 5732 poetae

241 5762 466 5821 seniper
487 5749 677 5807 infelix
701 5750 890 5808 lolium
915 5750 1120 5816 dicunt,
1151 5751 1295 5820 quod
1316 5750 1389 5807 sit
1410 5751 1601 5806 inutile
1623 5760 1678 5807 et
1699 5752 1835 5809 infe-

246 5840 502 5900 cundum.
529 5840 753 5917 lystice
775 5841 1085 5912 signiﬁcant
1102 5850 1412 5912 peccatores
1431 5851 1484 5899 ct
1508 5841 1660 5910 vitia,
1694 5844 1834 5899 unde

1863 4616 1911 4676 D

1945 3371 2137 3429 hortus
2163 3391 2439 3445 nunquam
2468 3376 2588 3431 sine
2610 3376 2788 3433 fructu
2817 3386 2919 3432 est.
2950 3378 3080 3435 Olus
3110 3380 3179 3436 ab
3214 3380 3406 3438 alendo
3447 3384 3532 3459 dj-

1945 3472 2111 3531 ctum,
2140 3481 2207 3523 eo
2228 3468 2373 3538 quod
2398 3469 2632 3539 primum
2677 3471 2924 3526 homines
2971 3472 3210 3529 oleribus
3233 3474 3531 3542 alerentur,

1943 3563 2232 3627 antequam
2277 3558 2461 3631 fruges
2496 3568 2553 3614 et
2585 3576 2777 3616 carnes
2817 3563 3062 3617 ederent.
3105 3564 3338 3620 Tantum
3386 3568 3531 3622 enim

1941 3649 2119 3716 pomis
2146 3650 2398 3705 arborum
2426 3660 2482 3706 et
2502 3651 2738 3708 oleribus
2759 3653 3064 3721 alebantur,
3089 3656 3232 3712 sicut
3273 3659 3526 3713 animalia

1943 3735 2149 3792 herbis.
2181 3738 2381 3795 Hortus
2405 3741 2550 3795 enim
2598 3751 2841 3798 sanctam
2887 3744 3155 3814 signiﬁcat
3204 3748 3533 3815 Ecclesiam,

1941 3826 1998 3879 in
2050 3842 2155 3896 qua
2213 3830 2377 3885 variae
2419 3832 2625 3903 species
2678 3834 2939 3888 virtutum
3003 3836 3314 3907 gignuntur.
3373 3840 3527 3896 Unde

1941 3914 2185 3985 Sponsus
2213 3918 2279 3993 de
2326 3934 2520 3990 sponsa
2572 3922 2701 3977 dicit
2735 3941 2748 3977 :
2785 3922 2986 3979 Hortus
3035 3926 3337 3993 conclusus,
3376 3947 3527 3984 soror

1937 4026 2053 4065 mea
2072 4028 2263 4081 sponsa
2281 4028 2301 4067 :
2319 4013 2501 4069 hortus
2522 4016 2819 4083 conclusus,
2833 4020 2952 4088 fons
2971 4021 3210 4090 signatus
3233 4022 3523 4098 (Cantuv).

1938 4105 2139 4160 llortus
2161 4107 2464 4174 conclusus,
2490 4108 2732 4165 Ecclesia
2758 4120 2843 4167 est
2865 4130 2877 4166 :
2901 4113 3028 4181 quia
3050 4115 3346 4171 multifaria
3368 4119 3527 4188 spiri-

1939 4197 2128 4252 talium
2153 4212 2376 4266 operum
2414 4200 2658 4269 germina
2703 4202 2887 4272 gignat
2918 4221 2932 4257 :
2967 4203 3088 4261 fons
3134 4215 3237 4272 est,
3264 4208 3391 4278 quia
3434 4211 3528 4266 do.

1937 4289 2113 4342 ctrina
2166 4289 2391 4344 salutari
2442 4291 2726 4346 redundat.
2775 4293 3096 4362 Conclusus,
3137 4299 3266 4368 quia
3311 4301 3523 4356 Domini

1934 4379 2271 4449 protectione
2292 4390 2453 4436 uncta
2479 4382 2736 4451 persistat
2767 4402 2781 4438 :
2816 4376 3062 4456 signatus
3096 4403 3350 4445 sermone
3378 4391 3522 4446 ﬁdei.

1934 4470 2065 4526 Item
2087 4470 2247 4525 aliam
2280 4471 2729 4541 signiﬁcationem
2754 4475 2916 4531 habet
2944 4476 3134 4533 hortus
3160 4479 3214 4533 in
3245 4481 3349 4535 hoc
3376 4481 3523 4536 testi-

1938 4562 2121 4618 monio
2146 4562 2268 4618 libri
2298 4562 2528 4634 Regum,
2555 4565 2644 4620 ubi
2678 4576 2880 4633 narrat,
2913 4572 3058 4640 quod
3085 4571 3273 4629 Achab
3303 4590 3395 4630 rex
3444 4576 3525 4631 di-

1937 4663 2086 4710 ceret
2111 4656 2180 4710 ad
2235 4655 2447 4711 Naboth
2498 4655 2881 4716 Jezrahelitam
2943 4680 2955 4716 :
2998 4663 3084 4718 Da
3134 4666 3263 4720 mihi
3318 4669 3524 4721 vineam

1937 4753 2104 4810 tuam,
2128 4754 2182 4798 ut
2198 4744 2392 4814 faciam
2419 4747 2547 4801 mihi
2568 4748 2780 4804 hortum
2802 4750 3027 4819 olerum,
3042 4755 3167 4824 quia
3191 4755 3359 4810 vicina
3378 4766 3450 4809 est
3476 4768 3524 4809 et

1936 4850 2094 4903 prope
2116 4834 2331 4890 domum
2353 4852 2544 4904 meam,
2563 4847 2668 4893 etc.
2689 4839 2807 4911 (III
2827 4839 2949 4912 Reg.
2974 4842 3113 4913 χχι).
3138 4843 3348 4899 Naboth
3371 4858 3518 4914 ergo,

1938 4926 2031 4996 qui
2082 4927 2470 4999 interpretatur
2516 4933 2858 5002 conspicuus,
2920 4933 3190 5005 signiﬁcat
3235 4935 3519 4988 Dominum

1940 5016 2273 5075 Salvatorem
2301 5020 2390 5090 qui
2418 5027 2502 5075 est
2530 5037 2735 5087 semen,
2762 5023 2905 5092 quod
2933 5023 3318 5092 interpretatur
3337 5022 3521 5077 .lczra-

1935 5109 2043 5177 hel,
2074 5111 2201 5181 quia
2227 5126 2387 5167 verus
2407 5119 2491 5167 est
2517 5111 2686 5167 Filius
2739 5113 2834 5166 Dei
2869 5131 2882 5166 :
2911 5113 3003 5167 hic
3047 5112 3236 5168 habuit
3282 5113 3519 5177 vineam,

1937 5203 2006 5258 de
2032 5219 2140 5273 qua
2184 5203 2240 5257 in
2266 5201 2405 5259 Isaia
2432 5203 2695 5273 scriptum
2736 5210 2821 5258 est
2854 5221 2868 5257 :
2923 5200 3086 5258 Vinea
3120 5202 3258 5258 enim
3308 5203 3520 5258 Domini

1939 5291 2174 5349 Sabaoth
2200 5289 2389 5348 domus
2410 5292 2582 5347 Israel
2613 5302 2690 5349 est
2730 5291 2957 5365 (Isa.v).
3004 5292 3155 5349 Hanc
3211 5294 3522 5364 concupivit

1937 5384 2147 5450 Achab,
2169 5382 2262 5455 qui
2288 5383 2676 5455 interpretatur
2711 5385 2878 5455 frater
2907 5386 3093 5456 patris,
3121 5386 3350 5457 pepulus
3372 5387 3519 5442 vide-

1937 5476 2068 5532 licet
2106 5473 2385 5542 Judaicus,
2412 5476 2479 5559 de
2527 5491 2636 5547 quo
2682 5475 2930 5532 Christus
2982 5491 3202 5532 carnem
3242 5492 3527 5536 assumere

1940 5569 2188 5640 dignatus
2211 5574 2317 5632 est,
2334 5576 2395 5622 ut
2411 5565 2631 5623 fecisset
2659 5567 2711 5621 in
2727 5580 2790 5622 ea
2812 5566 3027 5622 hortum
3041 5567 3274 5633 olerum,
3307 5569 3410 5624 hoc
3435 5578 3522 5625 est

1940 5668 2002 5717 ut
2032 5660 2125 5717 ubi
2147 5658 2330 5715 vinum
2361 5659 2548 5729 gratiae
2578 5657 2834 5730 spiritalis
2863 5660 3170 5731 germinare
3215 5659 3419 5727 debuit,
3445 5661 3523 5716 ibi

1940 5752 2151 5826 fragilia
2184 5766 2410 5823 quaeque
2440 5751 2691 5823 dogmata
2717 5767 2816 5822 per
2850 5750 3216 5810 Pharisaicam
3254 5753 3520 5826 supersti-

1944 5844 2143 5902 tionem
2166 5842 2607 5916 transplantaret.
2638 5842 2744 5902 Sed
2771 5842 2981 5903 Naboth
3004 5844 3144 5903 hanc
3162 5846 3373 5902 vineam
3388 5844 3519 5900 dare
