3950 6192
381 470 480 524 531

1028 465 1091 522 Β.
1133 465 1386 521 RABAN!
1423 465 1641 522 MAURI
1678 462 1997 520 ABCHIEP.
2041 460 2348 520 MOGUNT.
2385 453 2670 518 OPERUM
2709 458 2892 514 PARS
2930 458 2993 514 ll.

3521 458 3616 512 552

384 581 610 644 ltuit‘illi,
634 579 690 635 id
720 587 836 643 est,
859 578 1078 632 Christo
1124 576 1524 632 Pharisaeorum
1571 576 1962 647 superstitioni-
1992 580 2040 638 Α
2069 575 2412 631 comederent
2437 588 2560 629 cum
2593 571 2730 628 assis
2761 571 2886 644 agni
2916 571 3188 626 carnibus.
3229 570 3468 627 Lactuca:
3503 550 3620 628 ver’o

383 671 484 725 bus
504 685 608 725 non
648 667 1008 724 consentienti
1061 667 1224 738 impia
1267 683 1405 721 uxor
1445 666 1687 731 Jezabel,
1735 667 1836 721 hoc
1881 673 1962 720 est

381 771 656 830 synagoga
695 753 1031 822 Iudaeorum,
1084 755 1387 810 machinata
1433 765 1518 810 est
1567 763 1796 809 mortem
1825 753 1958 824 ejus.

388 847 586 903 Hortus
611 847 858 901 internas
879 845 1099 900 delicias
1120 845 1355 916 paradisi
1379 845 1650 916 signiﬁcat
1674 862 1686 898 :
1719 845 1860 899 unde
1885 843 1965 898 di-

389 940 527 993 citur
547 951 562 990 :
582 936 730 990 Intra
747 936 954 990 hortum
975 951 1166 1000 meum,
1187 952 1338 989 soror
1357 917 1470 989 r/nea
1489 951 1676 1006 sponsa
1693 935 1868 1004 (Cant.
1884 935 1960 1005 v).

388 1029 516 1084 item
548 1027 736 1082 hortus
767 1034 850 1080 est
885 1025 1114 1095 pepulus
1138 1023 1466 1090 Judmorum,
1497 1022 1564 1079 de
1592 1040 1698 1095 quo
1722 1024 1916 1079 dicitur
1947 1039 1961 1078 :

390 1117 620 1172 Dilectus
640 1133 784 1171 meus
809 1115 1071 1170 descendit
1098 1117 1151 1169 in
1175 1116 1382 1169 hortum
1412 1131 1566 1169 suum
1609 1115 1679 1170 ad
1731 1115 1965 1170 areolam

389 1217 681 1262 aromatum
707 1204 881 1278 (Cant.
908 1203 1007 1277 γι).
1036 1205 1272 1260 Rursum
1299 1206 1489 1260 hortus
1517 1207 1760 1275 qumdam
1799 1206 1966 1276 hypo-

389 1301 644 1356 nitarum
673 1299 962 1365 simulatio,
992 1307 1052 1352 ut
1081 1299 1132 1352 in
1155 1297 1290 1352 Isaia
1325 1299 1458 1365 :Qui
1485 1299 1706 1352 mundos
1730 1315 1784 1352 se
1815 1307 1968 1368 puta-

388 1392 509 1443 bant
528 1391 584 1444 in
603 1389 766 1443 hortis
795 1387 1114 1461 (Isa.t.xv1).
1139 1387 1336 1443 Areola
1351 1387 1516 1460 Virgo
1547 1387 1718 1444 Maria
1749 1389 1803 1442 in
1831 1387 1970 1443 Can-

388 1483 496 1536 tico
525 1481 860 1536 canticorum
897 1498 911 1534 :
941 1479 1176 1534 Dilectus
1212 1496 1355 1534 meus
1391 1480 1627 1536 ascendit
1655 1480 1724 1533 ad
1761 1480 1972 1534 hortum

387 1588 563 1640 suum,
591 1572 659 1626 ad
689 1571 920 1626 areolam
941 1571 1190 1626 aromatis
1229 1568 1406 1644 (Cant.
1430 1570 1528 1645 γι),
1560 1570 1768 1628 Areolte
1805 1570 1968 1626 corda

387 1670 722 1726 sanctorum,
752 1660 1012 1717 virtutum
1036 1662 1200 1718 odore
1227 1643 1542 1734 fragrantes,
1571 1662 1658 1718 ubi
1683 1669 1739 1717 et
1761 1676 1963 1732 supra:

391 1751 590 1808 Areolte
613 1763 907 1808 aromatum
947 1755 1162 1808 consitis
1208 1772 1241 1809 a
1285 1754 1643 1826 pigmentariis
1689 1752 1865 1828 (Cant.
1891 1752 1969 1826 γ).

389 1843 538 1910 0⁸ης,
553 1843 777 1912 simplex
799 1852 881 1900 est
902 1853 957 1900 et
979 1853 1163 1915 aperta
1184 1845 1514 1915 praedicatio,
1532 1853 1592 1897 ut
1614 1844 1667 1898 in
1682 1842 1967 1914 Apostolo:

2063 673 2304 736 agrestes
2328 663 2486 718 valde
2514 678 2714 717 amarae
2745 671 2869 717 sunt
2904 681 2916 716 :
2957 677 3150 717 carnes
3177 677 3304 716 vero
3349 662 3465 732 agni
3508 677 3618 717 cum

2063 755 2292 811 lactucis
2323 754 2628 827 agrestibus
2655 762 2780 809 sunt
2805 754 3044 815 edendas,
3075 760 3136 806 ut
3161 767 3281 806 cum
3309 765 3495 822 corpus
3531 753 3625 808 Re-

2063 846 2358 916 demptoris
2401 845 2730 915 accipimus,
2775 859 2874 899 nos
2920 859 3018 914 pro
3063 844 3300 915 peccatis
3343 843 3536 898 nostris
3575 844 3625 899 in

2063 935 2276 992 ﬂetibus
2297 933 2616 1006 aﬁligamus,
2647 943 2912 1004 quatenus
2955 934 3068 1003 ipsa
3122 932 3424 988 amaritudo
3466 933 3626 1002 pinni—

2067 1029 2253 1085 tentizn
2275 1028 2550 1098 abstergat
2577 1042 2607 1081 a
2639 1026 2835 1082 mentis
2863 1025 3145 1091 stomacho
3192 1039 3458 1096 perversae
3499 1038 3629 1078 auio-

2065 1137 2180 1176 rem
2207 1121 2348 1174 vitze.
2375 1119 2707 1174 Cucumeres
2732 1118 2873 1188 quod
2900 1117 3009 1172 sint
3035 1117 3302 1171 interdum
3333 1115 3522 1178 amari,
3545 1115 3628 1184 qui

2065 1213 2251 1268 dulces
2311 1211 2460 1266 nasci
2509 1210 2895 1280 perhibentur,
2931 1209 2977 1265 si
3026 1209 3166 1264 lacte
3221 1209 3422 1264 mellito
3455 1224 3630 1262 eorum

2068 1317 2250 1373 semen
2281 1299 2610 1356 infundatur.
2641 1299 2719 1356 De
2757 1297 3138 1355 cucumeribus
3173 1306 3228 1351 et
3269 1298 3554 1367 peponibus
3584 1297 3632 1350 in

2067 1389 2438 1447 Pentateucbo
2464 1391 2680 1462 legitur,
2715 1389 2857 1461 quod
2887 1405 2981 1445 eos
3023 1389 3116 1444 ﬁlii
3165 1387 3330 1443 lsrael
3375 1388 3636 1457 concupie-

2069 1489 2226 1545 runt,
2256 1489 2576 1552 spernentes
2616 1497 2815 1536 manna
2847 1497 2863 1536 :
2896 1480 3042 1537 sicut
3073 1479 3508 1548 concupiscentia
3529 1492 3639 1532 car-

2071 1570 2210 1626 nalis
2238 1569 2446 1625 tastidit
2469 1570 2648 1626 cibum
2672 1570 2990 1641 spiritalem,
3017 1579 3073 1627 et
3107 1570 3315 1641 spernit
3361 1585 3504 1626 eum.
3545 1568 3638 1623 Cu-

2072 1662 2283 1718 curbita
2313 1662 2480 1716 herba
2525 1669 2608 1718 est
2653 1661 2833 1718 alieno
2877 1676 3043 1734 egens
3087 1660 3458 1718 sustentaculo
3489 1678 3502 1714 :
3533 1674 3641 1729 qua:

2074 1750 2342 1822 signiﬁcat
2371 1751 2616 1808 inﬁrmos
2644 1765 2888 1823 quosque
2926 1759 2983 1808 et
3011 1751 3274 1816 indoctos,
3297 1751 3394 1822 qui
3432 1750 3640 1806 aliorum

2075 1840 2321 1910 indigent
2357 1843 2572 1906 solatio,
2617 1857 2726 1912 quo
2769 1841 3086 1908 fulciantur,
3132 1856 3200 1897 ne
3251 1848 3525 1897 corruant.
3575 1837 3645 1894 De

392 1936 494 1997 Qui
520 1936 761 2004 inﬁrmus
800 1945 908 2002 est,
935 1938 1075 1990 olera
1116 1937 1395 1991 manducet
1443 1934 1618 2008 (Rom.
1664 1933 1798 2008 xiv).
1843 1934 1973 2006 Olus
2001 1925 2047 1986 Β
2074 1933 2368 1989 cucurbitis
2393 1933 2446 1988 in
2468 1932 2602 1990 Jona
2634 1934 2896 2004 propheta
2923 1933 3116 2004 legitur
3147 1931 3296 2004 (Jan.
3327 1929 3432 2004 Iv).
3453 1929 3636 2001 Apium

394 2027 671 2081 minimum
712 2029 955 2096 operatio
983 2029 1156 2100 bona,
1182 2044 1248 2084 ex
1279 2043 1382 2098 qua
1423 2027 1641 2098 quidam
1675 2027 1972 2100 hypocritze

395 2117 698 2172 hominibus
742 2095 952 2187 placere
975 2095 1252 2185 ‘student,
1293 2095 1354 2173 ut
1399 2095 1456 2173 in
1501 2095 1840 2189 Evangevli‘o:
1880 2117 1972 2173 Va:

389 2207 548 2274 vobis,
581 2205 842 2262 Pharistei
869 2209 1151 2278 hypocrita’
1173 2225 1192 2263 :
1218 2209 1308 2274 qui
1343 2209 1616 2263 decimatis
1654 2219 1881 2263 mentam
1925 2218 1972 2262 et

390 2301 661 2366 anethum,
689 2301 951 2371 cyminum
973 2310 1020 2355 et
1055 2317 1204 2356 omne
1228 2300 1342 2356 olus
1373 2301 1587 2372 (Matth.
1613 2301 1790 2373 xxut).
1832 2301 1974 2371 Cepe

389 2404 447 2447 et
478 2390 604 2448 allia
630 2392 1030 2464 corruptionem
1076 2393 1294 2458 mentis,
1327 2400 1381 2448 et
1417 2392 1722 2448 acredinem
1765 2393 1974 2464 peccati

391 2482 720 2553 signiﬁcant,
753 2499 874 2554 qua:
907 2492 1110 2554 quanto
1131 2483 1361 2554 amplius
1390 2484 1646 2550 eduntur,
1675 2492 1826 2540 tanto
1859 2500 1974 2539 ma-

393 2573 476 2643 gis
504 2572 688 2628 dolore
715 2573 964 2629 cruciant
996 2591 1009 2628 :
1044 2574 1184 2628 unde
1233 2582 1287 2629 et
1329 2574 1382 2628 in
1432 2573 1794 2628 Numerorum
1837 2575 1974 2630 libro

395 2663 490 2718 lilii
516 2657 682 2720 Israel
717 2673 1118 2719 murmurantes
1139 2664 1388 2735 leguntur
1411 2664 1644 2726 dixisse:
1663 2664 1728 2720 In
1754 2675 1976 2720 mentem

391 2753 604 2808 ueniunt
644 2752 791 2807 nobis
818 2769 1133 2814 cucumeres.
1155 2765 1203 2808 et
1234 2756 1736 2827 pepones,porrique
1757 2764 1805 2810 et
1834 2773 1974 2822 cepe,

393 2850 443 2894 ct
465 2839 612 2895 allia.
639 2840 830 2895 Anima
853 2851 1031 2897 nostra
1059 2843 1212 2897 arida
1232 2853 1304 2898 est
1330 2859 1348 2898 :
1368 2844 1498 2898 nihil
1519 2843 1665 2898 aliud
1697 2845 1974 2916 respiciunt

395 2929 536 2986 oculi
556 2932 742 2996 nostri,
758 2932 860 2986 nisi
879 2947 1073 2986 manna
1100 2931 1290 3006 (Num.
1307 2932 1408 3006 χι).
1435 2933 1654 3005 Sinapis
1677 2935 1978 3006 appellatur

393 3023 539 3095 quod
573 3023 716 3079 foliis
749 3025 822 3079 sit
848 3024 1041 3080 similis
1069 3025 1239 3096 napis.
1272 3023 1397 3081 Haec
1429 3026 1596 3082 herba
1628 3027 1856 3098 mystice
1897 3026 1975 3082 si-

393 3111 615 3184 gniﬁcat
669 3113 1021 3185 Evangelium
1081 3113 1303 3181 Christi,
1359 3117 1500 3170 sicut
1551 3117 1667 3186 ipse
1717 3117 1978 3173 Dominus

393 3201 633 3258 ostendit
655 3202 880 3258 dicens:
912 3201 1097 3258 Simile
1135 3214 1208 3258 est
1252 3220 1467 3275 regnum
1519 3205 1762 3260 caelorum
1813 3221 1978 3277 grano

2076 2022 2302 2090 dictum,
2322 2025 2464 2093 quod
2487 2039 2552 2079 ex
2583 2037 2650 2078 eo
2678 2038 2835 2100 apex,
2865 2021 2922 2078 id
2968 2030 3073 2088 est,
3104 2029 3269 2092 caput
3313 2019 3644 2089 antiquorum

2075 2115 2524 2186 triumphantium
2552 2115 2934 2171 coronabatur.
2981 2113 3246 2170 Hercules
3288 2121 3472 2167 autem
3515 2111 3646 2164 hanc

2076 2205 2298 2261 herbam
2327 2207 2533 2276 primus
2556 2205 2718 2276 capiti
2749 2203 3084 2261 circumtulit
3114 2220 3128 2258 :
3160 2218 3286 2258 nam
3317 2217 3465 2256 nunc
3489 2215 3648 2271 popu-

2077 2302 2186 2356 lum
2215 2301 2391 2371 capite
2421 2299 2763 2372 praeferebat,
2780 2313 2922 2354 nunc
2948 2297 3264 2362 oleastrum,
3292 2310 3441 2350 nunc
3459 2294 3651 2365 apium,

2076 2392 2230 2461 cujus
2259 2391 2468 2447 radices
2493 2389 2786 2446 eliicaciter
2821 2398 3062 2460 pugnant
3101 2397 3288 2443 contra
3316 2385 3540 2441 insidias
3563 2399 3650 2437 ve-

2077 2497 2339 2538 nenorum
2367 2497 2382 2534 :
2410 2480 2528 2550 ejus
2553 2481 2769 2552 generis
2793 2489 2918 2534 sunt
2950 2478 3339 2549 petroselinon,
3369 2473 3652 2546 hipposeli-

2078 2589 2185 2629 non
2211 2584 2268 2630 et
2288 2573 2638 2629 oleoselinon.
2685 2571 3060 2629 Petroselinon
3106 2577 3386 2636 vocatum,
3410 2567 3550 2640 quod
3589 2566 3656 2622 sit

2079 2666 2253 2722 simile
2297 2667 2419 2736 apio
2445 2674 2500 2721 et
2526 2674 2782 2721 nascatur
2809 2664 2864 2718 in
2895 2663 3066 2735 petris
3115 2661 3499 2732 montibusque
3521 2673 3649 2731 prte—

2080 2757 2254 2828 ruptis
2283 2775 2298 2812 :
2326 2758 2469 2829 quod
2495 2772 2592 2812 nos
2614 2755 2916 2827 petrapiam
2946 2755 3128 2810 dicere
3163 2767 3476 2823 possumus.
3520 2749 3651 2806 Seli-

2079 2863 2185 2902 non
2215 2847 2356 2901 enim
2381 2845 2571 2902 Graece
2597 2846 2777 2916 apium
2807 2844 3026 2908 dicitur,
3057 2843 3152 2900 sed
3178 2851 3266 2898 est
3299 2855 3569 2897 summum
3594 2854 3654 2894 ae

2078 2937 2356 3008 probabile
2373 2937 2796 3000 Macedonicum,
2814 2944 2971 3012 gustu
2992 2948 3178 3001 suave,
3191 2943 3248 2990 et
3270 2933 3441 2991 odore
3459 2947 3664 2988 aroma-

2080 3029 2210 3084 tico.
2241 3027 2552 3084 Feniculum
2577 3027 2756 3084 Latini
2786 3035 2998 3091 vocant,
3029 3026 3172 3097 quod
3210 3025 3326 3094 ejus
3365 3023 3539 3096 thyrsi
3567 3036 3656 3078 seu

2081 3120 2279 3176 radicis
2305 3137 2501 3178 succus
2544 3131 2705 3178 acuat
2747 3122 2944 3188 visum,
2991 3119 3148 3192 cujus
3189 3111 3364 3174 virtus
3415 3116 3656 3179 traditur,

2081 3219 2141 3268 ut
2163 3223 2442 3283 serpentes
2469 3229 2700 3270 annuam
2755 3221 3089 3270 senectutem
3136 3210 3254 3280 ejus
3294 3217 3460 3282 gustu
3505 3207 3656 3276 depo-

392 3294 612 3365 sinapis,
631 3303 738 3350 etc.
763 3293 978 3368 (Matth.
1002 3296 1122 3369 xm)
1159 3314 1172 3351 :
1205 3298 1346 3368 quod
1371 3297 1426 3352 in
1447 3298 1612 3352 corde
1635 3297 1970 3353 credentium
1997 3293 2044 3354 C
2075 3303 2355 3359 nant:hoc
2375 3304 2494 3360 olus
2516 3304 2698 3360 Graeci
2725 3303 3037 3357 marathron
3068 3308 3283 3356 vocant.
3311 3298 3456 3366 Quid
3487 3303 3659 3352 autem

395 3385 718 3440 seminatum
747 3385 1036 3457 germinat,
1059 3396 1106 3442 et
1136 3397 1288 3443 rectm
1309 3388 1435 3458 ﬁdei
1463 3407 1526 3443 ac
1568 3388 1816 3444 bonorum
1859 3407 1978 3461 ape-

395 3489 513 3528 rum
533 3474 732 3546 profert
755 3475 1004 3546 fructum.
1037 3477 1357 3548 Raphanum
1388 3478 1582 3548 Graeci,
1615 3497 1714 3536 nos
1741 3482 1977 3538 radicem

395 3579 673 3632 vocamus,
699 3580 765 3623 eo
794 3568 937 3638 quod
977 3576 1120 3624 totus
1157 3571 1409 3626 deorsum
1436 3573 1663 3628 nititur:
1705 3573 1831 3628 dum
1861 3573 1982 3628 reli-

395 3666 502 3725 qua
527 3655 674 3710 olera
701 3656 751 3711 in
786 3672 996 3714 summa
1027 3658 1199 3730 magis
1227 3660 1509 3731 prosiliant
1534 3675 1547 3714 :
1578 3661 1730 3730 cujus
1771 3661 1979 3717 semine

399 3756 672 3804 macerato
702 3749 946 3822 quisquis
986 3765 1112 3807 suas
1163 3767 1352 3808 manus
1390 3752 1656 3818 infecerit,
1703 3762 1980 3824 serpentes

401 3838 619 3908 impune
647 3841 908 3896 tractabit
937 3859 952 3896 :
984 3842 1248 3912 siquidem
1281 3857 1348 3898 ex
1373 3842 1542 3914 ipsius
1589 3842 1774 3898 radice
1816 3842 1980 3898 etiam

397 3927 534 3983 ebur
557 3929 803 3996 albescit,
833 3929 888 3984 in
917 3929 1040 3986 cibo
1080 3946 1293 4002 quoque
1322 3931 1547 3986 venenis
1578 3931 1800 3986 resistit.
1843 3929 1981 3984 Nam

397 4031 587 4078 contra
616 4037 824 4079 venena
859 4023 1018 4095 hujus
1046 4024 1276 4089 radices,
1305 4039 1487 4086 nuces,
1518 4022 1710 4092 lupini,
1740 4021 1978 4086 citrium,

397 4114 578 4183 apium
597 4123 825 4184 prosunt
847 4129 864 4180 ;
889 4114 981 4169 sed
997 4121 1184 4168 contra
1207 4111 1465 4175 futurum,
1491 4128 1597 4168 non
1619 4120 1807 4167 contra
1829 4125 1982 4166 acce-

399 4213 548 4274 ptum
563 4218 850 4261 venenum.
873 4204 1023 4262 Unde
1046 4213 1100 4261 et
1122 4207 1258 4277 apud
1277 4214 1490 4262 veteres
1510 4214 1634 4260 ante
1647 4205 1780 4260 alias
1795 4203 1982 4274 epulas

400 4294 518 4348 haec
543 4292 790 4350 solebant
837 4295 1040 4350 mensis
1087 4311 1378 4366 apponere.
1425 4295 1548 4350 Haec
1589 4295 1980 4351 continentiam

401 4379 696 4450 ﬁguraliter
715 4389 890 4453 potest
911 4383 1248 4462 exprimere,
1272 4393 1326 4439 et
1369 4385 1655 4449 cautelam,
1687 4399 1807 4454 qua:
1853 4383 1984 4438 mul-

401 4479 512 4524 tum
540 4470 683 4526 valet
703 4483 891 4528 contra
921 4485 1214 4530 venenatas
1257 4475 1627 4545 suggestiones
1673 4473 1869 4530 diaboli
1929 4481 1984 4528 et

403 4569 592 4615 contra
620 4561 752 4618 vitia
781 4563 982 4618 carnis.
1018 4563 1256 4619 Lactuca
1293 4564 1438 4619 dicta
1477 4573 1594 4630 est,
1623 4563 1766 4634 quod
1808 4563 1979 4617 abun-

2078 3391 2249 3459 olera,
2281 3408 2400 3462 qua:
2431 3403 2619 3448 contra
2651 3407 2914 3448 venenum
2956 3391 3138 3445 valent
3180 3389 3416 3458 mystice
3459 3384 3658 3457 signiﬁ-

2079 3489 2224 3545 cent,
2250 3479 2363 3550 jam
2395 3482 2640 3552 superius
2668 3479 2871 3534 dictum
2899 3487 3002 3534 est.
3034 3477 3366 3550 Ligusticum
3393 3492 3425 3530 a
3453 3475 3660 3544 regione

2079 3587 2273 3628 nomen
2297 3573 2507 3642 accepit
2533 3590 2546 3626 :
2571 3570 2810 3626 nascitur
2840 3571 2983 3624 enim
3012 3567 3302 3640 plurimum
3333 3566 3392 3621 in
3424 3563 3656 3637 Liguria,

2080 3664 2246 3719 odore
2299 3662 2615 3727 aromatico,
2665 3669 2722 3716 et
2777 3669 2938 3731 gustu
2988 3657 3122 3712 acri.
3171 3655 3536 3711 Coriandrum
3595 3665 3658 3708 ett

2079 3757 2266 3812 Graeco
2299 3755 2514 3811 nomine
2553 3761 2845 3823 sumptum,
2891 3749 3035 3821 quod
3075 3748 3150 3803 illi
3193 3748 3382 3802 corion
3432 3753 3656 3802 vocant.

2079 3845 2232 3915 cujus
2255 3860 2437 3902 semen
2469 3845 2523 3899 in
2553 3845 2695 3900 dulci
2723 3845 2848 3898 vino
2882 3843 3063 3898 datum
3094 3839 3382 3910 proniores
3404 3836 3582 3894 reddit
3607 3835 3656 3888 in

2080 3950 2329 3990 venerem
2365 3953 2378 3988 :
2411 3935 2456 3989 si
2485 3948 2646 4004 supra
2691 3933 2910 3987 modum
2957 3929 3192 3992 dederis,
3223 3928 3522 3982 amentiam
3569 3939 3662 3978 nu-

2081 4027 2215 4081 trit:
2255 4039 2419 4080 canos
2441 4025 2605 4079 etiam
2628 4039 2694 4078 ex
2717 4021 3003 4077 coriandro
3059 4017 3203 4075 inﬁci
3249 4018 3510 4072 traditum
3559 4023 3658 4069 est.

2080 4117 2301 4187 Legitur
2329 4117 2384 4170 in
2409 4115 2612 4182 Exodo,
2639 4115 2781 4185 quod
2813 4127 3010 4167 manna
3047 4111 3224 4167 simile
3271 4118 3424 4164 esset
3472 4105 3660 4163 semini

2081 4209 2371 4276 coriandri,
2405 4208 2582 4263 album
2611 4217 2667 4264 et
2692 4205 3028 4262 sublucidum
3063 4222 3078 4260 :
3113 4205 3193 4260 sic
3219 4212 3275 4259 et
3302 4204 3536 4259 verbum
3570 4200 3660 4255 Dei

2081 4301 2382 4356 albedinem
2405 4300 2568 4356 habet
2595 4300 2882 4364 castitatis,
2906 4308 2958 4354 et
2993 4299 3170 4353 lumen
3215 4298 3464 4352 scientia:
3509 4294 3664 4364 spiri-

2082 4391 2203 4446 talis
2227 4405 2243 4444 :
2273 4391 2414 4446 unde
2441 4391 2636 4446 animae
2664 4389 2850 4446 ﬁdeles
2877 4389 3116 4460 quotidie
3153 4395 3479 4458 pascuntur.
3526 4386 3660 4440 [luta

2081 4481 2245 4546 dicta,
2276 4481 2422 4552 quod
2448 4482 2519 4536 sit
2551 4479 2979 4545 ferventissime,
3009 4479 3165 4549 cujus
3208 4477 3381 4532 altera
3433 4474 3666 4548 agrestis

2081 4581 2242 4642 atque
2264 4573 2462 4628 virtute
2488 4572 2687 4636 acrior,
2712 4571 2806 4627 sed
2836 4579 3064 4638 utraque
3091 4567 3496 4623 ferventissima
3522 4580 3665 4621 eom-

401 4649 764 4735 dantiaiactis
781 4653 1040 4708 exuberet
1061 4694 1074 4718 ,
1093 4669 1186 4708 seu
1228 4655 1372 4724 quod
1403 4653 1540 4708 lacte
1569 4653 1872 4708 nutrientes
1895 4651 1974 4706 fe-
2003 4637 2053 4696 ι)
2079 4637 2376 4735 ρῖόιηιιπς
2407 4663 2546 4720 hanc
2575 4663 2797 4718 venenis
2827 4637 3124 4732 repugnare
3159 4659 3406 4718 mustela
3446 4659 3665 4721 docent,

402 4743 574 4798 minas
595 4729 782 4813 implet
807 4761 821 4796 :
853 4743 968 4798 haec
995 4752 1050 4798 et
1078 4744 1130 4798 in
1155 4745 1288 4800 viris
1320 4744 1533 4800 veneris
1563 4759 1717 4798 usum
1738 4751 1970 4799 coercet.

401 4831 632 4888 Lactuca
679 4831 939 4902 agrestis,
987 4847 1149 4902 quam
1185 4832 1466 4889 sarraliam
1499 4833 1858 4897 nominamus,
1909 4846 1977 4887 eo

399 4921 543 4992 quod
580 4921 798 4977 dorsum
837 4920 954 4992 ejus
979 4923 1033 4977 in
1065 4923 1279 4978 modum
1309 4937 1472 4978 serrae
1504 4929 1606 4978 est.
1639 4923 1975 4992 Praeceptum

399 5018 480 5068 est
498 5025 627 5083 ergo
652 5009 778 5069 ﬁliis
805 5012 989 5080 Israel,
1017 5024 1078 5068 ut
1107 5013 1345 5069 lactucas
1389 5020 1628 5084 agrestes
1673 5013 1727 5067 in
1773 5012 1974 5083 pascha

2080 4770 2200 4826 qua:
2227 4756 2352 4812 dum
2393 4771 2516 4810 cum
2569 4763 2820 4826 serpente
2846 4753 3240 4818 dimicaverint,
3269 4753 3394 4808 cibo
3425 4751 3550 4820 ejus
3579 4765 3666 4805 ar-

2081 4857 2316 4903 mantur.
2345 4847 2469 4904 Haec
2511 4849 2668 4904 ﬁdem
2713 4847 2914 4903 Christi
2964 4845 3278 4918 signiﬁcat:
3307 4862 3434 4916 quae
3478 4854 3668 4902 contra

2081 4939 2286 5010 antiqui
2315 4940 2580 5010 serpentis
2602 4953 2804 4994 venena
2835 4938 3124 5008 plurimum
3149 4936 3312 4991 valet.

397 5139 3654 5180 ww

1561 5263 1866 5343 LIBER
1919 5263 2348 5342 VIGESIM
2364 5261 2514 5340 US.

1753 5457 2293 5484 ψι-

908 5587 1134 5646 CAPUT
1171 5586 1460 5644 PRIMUM.

1039 5679 1116 5732 De
1154 5677 1320 5733 bellis.
1799 5741 1810 5746 _

461 5767 676 5824 Primus
709 5765 846 5821 bc’la
877 5767 1107 5824 instituit
1137 5765 1307 5822 Ninus
1329 5781 1422 5820 rex
1447 5764 1812 5836 Assyriorum.
1853 5763 1969 5834 [pse

403 5875 434 5888 ‘-
463 5866 534 5914 im
579 5859 776 5913 ﬁnibus
824 5859 936 5912 suis
983 5871 1319 5928 nequaquam
1364 5866 1670 5922 contentus,
1721 5857 1966 5914 humanae

2074 5582 2348 5639 societatis
2370 5579 2546 5636 fmdus
2571 5579 2898 5649 irrumpens,
2935 5579 3209 5634 exercitus
3227 5575 3450 5641 dueere,
3487 5574 3664 5632 aliena

2073 5685 2309 5742 vastare,
2339 5672 2541 5729 liberos
2574 5670 2798 5743 populm
2825 5679 2920 5726 aut
2951 5671 3244 5737 trucidare,
3275 5676 3366 5725 aut
3388 5669 3670 5740 subjicere

2075 5767 2258 5839 erepit,
2305 5765 2720 5836 universamque
2763 5763 2944 5819 Asiam
2989 5777 3162 5834 usque
3208 5763 3274 5818 ad
3311 5759 3500 5830 Libyas
3531 5761 3666 5816 ﬁnes

2075 5874 2212 5915 nova
2258 5857 2516 5916 servitute
2562 5854 2885 5928 perdomuit.
2933 5855 3067 5911 Hinc
3108 5852 3218 5924 jam
3265 5851 3476 5910 studuit
3513 5851 3666 5906 orbis
