3950 6192
1524 266 1549 277 χ

236 393 352 447 5335

1222 393 1309 448 DE
1352 391 1702 449 UMVERSO
1738 391 1921 447 LIBRI
1958 391 2122 446 XXII.
2164 423 2230 432 -—
2271 391 2397 446 LIB.
2441 394 2557 448 XX.

3425 403 3532 459 53's

238 510 293 561 in
328 513 528 562 mutuo
576 507 836 576 sanguine
881 507 1087 561 alterna
1135 508 1365 579 grassari
1399 508 1563 563 crede.
1605 509 1845 576 Quatuor
1873 517 1916 575 Α
1946 508 2087 579 ligna
2135 509 2331 580 quibus
2357 525 2457 563 uva
2500 511 2781 579 premitur.
2814 512 2992 584 Pugna
3035 526 3245 583 vocata,
3283 538 3348 578 (ιο
3389 529 3531 595 εἶπαι

232 605 435 654 autem
465 604 593 653 sunt
634 612 832 668 genera
859 596 1163 653 bellorum:
1198 599 1249 652 id
1288 608 1392 663 est,
1435 599 1661 669 justum,
1700 600 1837 670 inju-

234 698 413 754 stum,
444 688 627 751 civile,
657 698 711 743 et
732 689 1020 759 plusquam
1050 690 1226 745 civile.
1260 688 1472 745 Justum
1500 692 1695 746 bellum
1732 701 1834 758 est,

233 783 389 854 quod
415 798 483 837 ex
510 782 769 853 praedicto
794 783 1002 853 geritur
1028 784 1094 838 de
1125 785 1287 838 rebus
1305 785 1569 853 repetitis,
1594 793 1686 838 aut
1714 799 1836 855 pro-

233 876 638 946 pulsandorum
684 876 918 930 hostium
968 892 1150 931 causa.
1184 875 1443 945 lnjustum
1490 877 1685 931 bellum
1730 888 1833 941 est,

234 966 388 1036 quod
415 966 484 1022 de
528 965 729 1029 furore,
761 981 869 1020 non
901 964 969 1021 de
1009 966 1248 1036 legitima
1290 967 1503 1021 ratione
1544 967 1729 1032 initur,
1770 967 1837 1021 de

234 1072 347 1126 quo
384 1057 442 1111 iu
484 1056 787 1126 Republica
817 1056 1008 1111 Cicero
1039 1057 1211 1112 dicit:
1256 1075 1276 1108 ι
1320 1055 1417 1111 llla
1464 1056 1664 1126 injusta
1698 1057 1836 1113 bella

236 1155 394 1213 sunt,
428 1162 550 1216 qua:
578 1154 704 1201 sunt
736 1147 854 1201 sine
881 1161 1043 1202 causa
1066 1155 1345 1217 suscepta:
1377 1166 1395 1200 ι
1424 1163 1549 1202 nam
1573 1157 1727 1204 extra
1751 1148 1835 1203 ul-

226 1239 484 1293 ciscendi
527 1246 621 1292 aut
651 1237 1137 1307 propulsandorum
1182 1238 1418 1294 hostium
1451 1246 1673 1294 causam
1716 1238 1834 1294 bel-

236 1328 352 1383 lum
380 1330 501 1399 geri
522 1327 729 1396 justum
772 1327 976 1382 nullum
1014 1336 1213 1397 potest.
1260 1329 1327 1383 Et
1371 1330 1470 1384 hoc
1532 1330 1675 1385 idem
1709 1328 1835 1383 Tul-

237 1419 362 1482 lius,
398 1420 588 1490 parvis
624 1417 944 1487 interjectis,
997 1418 1277 1497 subdidit:
1318 1437 1336 1470 ς
1393 1418 1608 1473 Nullum
1636 1419 1833 1475 bellum

233 1511 441 1581 justum
489 1510 719 1564 habetur
763 1510 866 1565 nisi
922 1509 1322 1574 denuntiatum,
1377 1510 1481 1565 nisi
1551 1510 1833 1579 indictum,

212 1611 343 1666 ~nisi
371 1610 441 1666 de
472 1610 720 1681 repetitis
757 1608 938 1664 rebus.
970 1628 988 1661 ι
1021 1608 1192 1663 Civile
1234 1607 1435 1663 bellum
1468 1618 1553 1663 est
1585 1608 1729 1663 inter
1752 1607 1833 1662 ci-

238 1719 330 1757 ves
379 1712 503 1759 orta
548 1702 743 1758 seditio
772 1709 828 1757 et
859 1701 1154 1757 concitatio
1184 1700 1470 1765 tumultus,
1509 1701 1651 1756 sicut
1694 1701 1853 1763 inter

236 1793 445 1862 Syllam
475 1801 533 1848 et
554 1792 807 1859 Marium,
834 1791 926 1862 qui
949 1791 1148 1847 bellum
1183 1791 1340 1847 civile
1384 1791 1613 1847 invicem
1643 1791 1698 1846 in
1725 1805 1830 1845 una

1942 598 1994 652 in
2029 598 2183 653 initio
2217 614 2347 653 usus
2390 599 2578 655 fuisset
2619 601 2671 655 iu
2717 603 2859 658 bello
2907 608 3099 676 pugnis
3157 615 3526 671 contendere:

1940 690 2023 745 vel
2074 691 2196 761 quia
2238 691 2414 761 primo
2463 692 2663 748 bellum
2712 696 2902 765 pugnis
2948 698 3279 770 incipiebant
3327 722 3340 758 :
3392 710 3535 763 unde

1939 798 2113 851 pugna
2151 784 2312 838 etiam
2349 786 2574 839 duorum
2617 794 2701 841 est
2729 787 3017 858 aliquando
3058 793 3175 848 sine
3205 794 3367 851 ferro.
3411 798 3539 855 lliec

1939 872 2081 925 enim
2112 872 2247 927 bella
2278 875 2418 944 apud
2453 875 2696 932 carnales
2723 888 2865 943 sunt,
2897 881 2988 949 qui
3020 883 3083 936 de
3110 888 3349 954 putentia
3380 904 3536 943 iuun-

1941 965 2077 1017 dana
2102 963 2413 1037 conﬂigunt.
2446 967 2713 1023 Caeterum
2739 973 2877 1042 apud
2905 972 3241 1034 Christianos
3264 989 3318 1035 et
3348 982 3532 1039 fideles

1940 1056 2033 1109 Dei
2075 1055 2304 1113 famulos
2348 1050 2485 1114 alius
2525 1076 2642 1114 mos
2667 1067 2938 1134 pugnandi
2980 1077 3084 1133 est,
3116 1071 3181 1126 de
3210 1088 3317 1142 quo
3345 1076 3532 1131 scribit

1943 1149 2266 1218 Apostolus:
2303 1149 2425 1205 Non
2460 1163 2535 1206 est
2575 1155 2721 1209 nobis
2766 1155 3065 1213 colluctatio
3115 1163 3363 1220 adversus
3414 1184 3533 1220 car-

1940 1256 2054 1292 nem
2084 1251 2129 1293 et
2169 1242 2495 1311 sanguinem,
2540 1244 2632 1298 sed
2659 1250 2907 1300 adversus
2938 1250 3195 1321 principes
3223 1264 3271 1308 et
3300 1266 3528 1325 potesta-

1939 1339 2032 1391 tes,
2063 1332 2309 1386 adversus
2338 1334 2522 1387 mundi
2549 1346 2770 1416 rectores
2800 1339 3131 1396 tenebrarum
3161 1345 3370 1411 harum,
3407 1364 3533 1402 cou—

1920 1413 2020 1473 ‘tro
2050 1421 2306 1490 spiritalia
2355 1425 2597 1495 nequitia:
2625 1427 2678 1479 in
2704 1413 3011 1484 coelestibus
3053 1432 3268 1505 (Ep/tes.
3322 1436 3417 1508 γι).
3463 1436 3531 1493 Et

1938 1511 2066 1565 item
2095 1532 2106 1565 :
2137 1511 2372 1583 Castigo,
2407 1514 2600 1585 inquit,
2626 1534 2812 1588 corpus
2840 1537 3032 1587 meum,
3056 1535 3102 1578 et
3132 1526 3370 1582 servituti
3405 1529 3530 1584 sub-

1928 1605 2060 1674 jicio
2085 1620 2102 1656 .·
2152 1624 2213 1660 ne
2242 1607 2396 1675 forte,
2429 1625 2546 1662 cum
2576 1610 2695 1665 aliis
2736 1615 3151 1684 prcrdicoverim,
3199 1622 3309 1688 ipse
3357 1640 3530 1694 repro-

1937 1696 2031 1748 bus
2055 1697 2246 1765 e/ﬁciar
2274 1696 2325 1766 (1
2368 1697 2489 1752 Cor.
2524 1700 2622 1771 ix).
2656 1701 2786 1756 Item
2822 1704 2961 1760 bella
3003 1707 3085 1763 vel
3128 1726 3318 1782 pugna:
3352 1721 3529 1769 certa-

1936 1800 2057 1838 men
2087 1787 2345 1842 adversus
2368 1791 2636 1859 nequitias
2663 1792 2951 1862 spiritales,
2975 1798 3058 1852 vel
3084 1801 3343 1858 adversus
3372 1804 3534 1861 vitio-

235 1894 397 1953 gente
431 1894 739 1956 gesserunt.
788 1884 1079 1954 Plusquam
1126 1885 1285 1940 civile
1334 1885 1535 1941 bellum
1578 1894 1684 1951 est,
1736 1884 1821 1939 ubi

1935 1890 2052 1929 rum
2083 1875 2471 1943 conﬂictiones,
2501 1890 2561 1935 ut
2602 1882 2656 1936 in
2695 1884 2992 1953 Apostolo:
3038 1886 3126 1944 Sic
3173 1909 3369 1963 pugno,
3423 1913 3528 1952 non

235 1993 344 2030 non
390 1976 567 2031 solum
611 1977 758 2033 cives
807 1984 1038 2042 certant,
1091 1976 1188 2033 sed
1234 1984 1291 2031 et
1351 1979 1613 2048 cognati:
1672 1977 1832 2048 quale

234 2074 419 2121 actum
460 2074 545 2121 est
574 2065 716 2122 inter
739 2065 1010 2123 Caesarem
1033 2075 1087 2121 et
1112 2066 1448 2138 Pompeium,
1494 2069 1711 2139 quando
1744 2084 1830 2139 ge-

236 2174 336 2213 ner
361 2167 422 2214 et
441 2172 601 2214 socer
628 2158 858 2214 invicem
881 2158 1276 2215 dimicaverunt
1300 2177 1314 2213 :
1346 2159 1613 2229 siquidem
1648 2162 1698 2216 in
1724 2164 1827 2218 bac

235 2265 415 2321 pugna
444 2249 618 2306 frater
642 2266 764 2307 cum
790 2252 958 2307 fratre
988 2252 1291 2317 dimicavit,
1315 2264 1370 2307 et
1390 2261 1544 2322 pater
1567 2253 1828 2310 adversus

236 2341 406 2396 tilium
430 2357 581 2397 arma
612 2344 866 2412 portavit.
901 2344 1189 2401 Lucanus:

360 2517 376 2531 .
414 2516 431 2533 .
469 2516 484 2532 .
520 2518 534 2532 .
567 2482 621 2532 lu
647 2482 847 2533 fratrem
865 2484 1151 2537 ceciderunt
1177 2488 1372 2548 praemia
1393 2485 1569 2537 fratris.

236 2581 369 2638 Item
394 2600 409 2638 :

455 2732 486 2762 ._
506 2732 521 2746 .
540 2732 576 2762 _.
615 2733 629 2745 .
664 2696 749 2747 Cui
774 2700 938 2748 cervix
964 2710 1085 2748 caesa
1113 2700 1332 2762 parentis

450 2757 685 2810 Cederet.
723 2796 737 2810 .
881 2795 896 2811 .

236 2880 379 2935 Bella
417 2881 604 2951 itaque
646 2882 900 2938 dicuntur
928 2883 1159 2949 interna,
1188 2892 1429 2947 externa,
1471 2885 1707 2952 servilia,
1738 2901 1826 2941 so-

235 2972 416 3037 cialia,
464 2973 715 3042 piratica.
762 2974 891 3028 Nam
924 2976 1151 3044 piratica
1180 2975 1317 3030 bella
1348 2986 1475 3031 sunt
1522 2992 1711 3047 sparsa
1744 2980 1821 3033 la-

233 3071 452 3117 tronum
480 3065 692 3134 agmina
737 3081 834 3134 per
876 3065 1044 3119 maria
1077 3066 1496 3136 myoparonibus
1536 3067 1743 3122 levibus
1770 3079 1826 3124 ct

234 3152 532 3224 fugacibus,
563 3170 667 3210 non
709 3156 880 3211 solum
904 3157 1132 3213 navibus
1157 3167 1510 3225 commeatus,
1536 3156 1630 3214 sed
1657 3159 1823 3215 etiam

233 3247 437 3303 insulas
462 3250 877 3321 provinciasque
900 3253 1255 3318 vastantibus,
1287 3269 1423 3321 quos
1452 3255 1684 3323 primum
1719 3253 1816 3309 Cu.

233 3330 519 3408 Pompeius
572 3349 694 3411 post
745 3341 967 3395 multam
1018 3342 1416 3409 vastationem,
1464 3358 1627 3412 quam
1675 3352 1819 3398 terra

234 3429 481 3497 niarique
517 3430 606 3483 diu
639 3436 885 3501 egerant,
921 3432 1058 3486 mira
1080 3432 1365 3488 ‘celeritate
1402 3434 1724 3504 compressit
1752 3451 1817 3491 ac

233 3519 525 3587 superavit.
558 3518 713 3575 Sicut
739 3529 915 3576 autem
941 3522 1137 3577 bellum
1176 3532 1422 3586 vocatur,
1448 3526 1588 3593 quod
1626 3535 1814 3580 contra

230 3604 414 3661 hostes
437 3606 656 3678 agitur:
711 3609 785 3664 ita
840 3612 1124 3677 tumultus,
1171 3615 1312 3681 quod
1361 3614 1503 3668 civili
1553 3616 1818 3671 seditione

228 3697 553 3752 concitatur.
585 3697 721 3754 Nam
747 3701 940 3759 seditio
962 3710 1045 3757 cst
1071 3703 1334 3758 dissensio
1375 3704 1571 3759 civium
1597 3724 1610 3760 :
1650 3706 1813 3772 dicta,
1844 3758 1847 3763 ,

228 3790 371 3855 quod
395 3803 643 3844 seorsum
672 3791 761 3844 alii
789 3793 856 3847 ad
885 3793 1020 3849 alios
1044 3804 1189 3847 eant.
1220 3794 1327 3848 Alii
1372 3795 1664 3863 aestimant,
1709 3798 1818 3853 dis-

228 3880 536 3936 sensionem
604 3883 907 3939 animorum
977 3886 1296 3941 seditionem
1369 3888 1574 3953 vocari,
1649 3905 1812 3959 quam

229 3968 400 4023 Graeci
447 3970 708 4025 diastasin
769 3982 1002 4027 vocant:
1046 3976 1301 4043 quoniam
1346 3985 1524 4032 autem
1564 3977 1815 4032 differant

232 4068 518 4129 utrumque
548 4061 737 4118 Cicero
768 4065 962 4120 docet:
998 4084 1016 4116 ‹
1051 4065 1235 4122 Potest
1267 4068 1433 4132 enim,
1468 4069 1664 4139 inquit,
1692 4085 1815 4125 esse

229 4148 448 4214 bellum,
481 4160 539 4204 ut
574 4153 833 4208 tumultus
877 4170 982 4208 non
1020 4156 1123 4220 sit;
1176 4158 1436 4212 tumultus
1476 4169 1656 4213 autem
1696 4175 1815 4214 esse

232 4241 344 4295 sine
366 4240 507 4295 bello
528 4257 633 4296 non
656 4252 853 4311 potest.
876 4264 894 4296 ι
918 4244 1052 4311 Quid
1075 4254 1158 4301 cst
1182 4246 1326 4301 enim
1354 4247 1503 4302 aliud
1532 4248 1811 4312 tumultus,

231 4329 331 4383 nisi
366 4333 699 4399 perturbatio
732 4342 879 4388 tanta
911 4345 969 4387 ut
1003 4334 1177 4403 major
1204 4337 1366 4391 timor
1390 4339 1629 4392 oriatur?
1663 4338 1814 4395 Unie

228 4422 388 4476 etiam
421 4424 596 4480 dictus
623 4426 905 4491 tumultus,
950 4429 1102 4497 quasi
1134 4429 1294 4485 timor
1321 4432 1522 4486 multus
1548 4450 1560 4484 :
1593 4432 1814 4501 gravior

1930 1967 2083 2036 quasi
2113 1982 2286 2021 aerem
2314 1969 2590 2024 verberans
2615 1971 2825 2046 (lbid.).
2860 1976 3090 2033 Rursum
3122 1981 3257 2036 bella
3297 1985 3378 2040 vel
3410 2000 3530 2040 cer-

1933 2067 2115 2112 tamen
2155 2059 2354 2114 diaboli
2412 2061 2674 2117 adversus
2733 2077 2969 2133 sanctos,
3032 2079 3091 2124 ut
3142 2073 3195 2126 in
3246 2074 3524 2133 Ieremia:

1930 2142 1999 2197 Et
2026 2143 2289 2201 bellabunt
2312 2147 2589 2204 adversum
2619 2162 2688 2218 te,
2716 2164 2765 2208 et
2793 2171 2896 2209 non
2922 2160 3274 2226 prwralebunt
3294 2163 3429 2236 (Jer.
3457 2166 3523 2238 1).

1932 2237 2161 2309 Semper
2192 2242 2335 2296 enim
2378 2246 2553 2300 sancti
2581 2247 2680 2302 viri
2709 2260 2901 2305 contra
2933 2252 3063 2308 vitia
3093 2264 3148 2310 et
3175 2268 3362 2313 contra
3408 2237 3526 2316 ten-

1932 2339 2169 2387 tamenta
2198 2333 2425 2399 diaboli,
2480 2348 2779 2409 contraque
2824 2342 3218 2402 oblectamenta
3259 2350 3441 2405 carnis
3469 2358 3526 2407 et

1929 2422 2212 2479 illecebras
2262 2425 2596 2496 voluptatum
2652 2428 2950 2487 dimicant:
2982 2443 3043 2489 ut
3091 2437 3201 2491 sint
3250 2441 3423 2495 sancti
3469 2452 3529 2498 et

1930 2512 2257 2568 immaculati
2294 2515 2345 2570 in
2376 2528 2665 2588 conspectu
2691 2520 2786 2576 Dei
2828 2524 3175 2593 perficientes
3210 2530 3522 2587 sanctiﬁca-

1931 2604 2129 2659 tionem
2160 2606 2213 2660 in
2240 2607 2433 2664 timore
2463 2610 2653 2680 ipsius,
2684 2613 2880 2682 quibus
2918 2631 3021 2686 pax
3047 2618 3296 2676 Christus
3321 2632 3407 2678 est
3430 2623 3525 2695 qui

1927 2695 2204 2765 discipulis
2250 2701 2364 2756 suis
2410 2701 2485 2755 ait
2524 2721 2539 2755 :
2589 2703 2783 2758 Pacem
2832 2725 3003 2763 meum
3045 2711 3112 2765 do
3140 2713 3305 2778 vobis,
3334 2731 3520 2784 pacem

1924 2801 2093 2840 meum
2120 2787 2356 2857 relinquo
2396 2793 2536 2847 vobis
2583 2794 2765 2863 (Joan.
2817 2797 2951 2868 xiv).
2985 2800 3107 2871 Ipse
3141 2814 3217 2858 est
3243 2806 3380 2860 enim
3416 2825 3524 2878 pax

1927 2886 2127 2943 nostra,
2158 2880 2248 2948 qui
2290 2880 2412 2949 fecit
2451 2893 2673 2955 utraque
2712 2902 2875 2941 unum
2906 2889 3122 2961 (Ep/tes.
3156 2894 3240 2965 ιι).
3281 2894 3526 2961 Quatuor

1925 2976 2105 3020 autem
2131 2968 2183 3023 in
2215 2969 2354 3025 bello
2380 2984 2642 3043 geruntur
2669 2994 2681 3028 :
2710 2992 2909 3049 pugna,
2938 2979 3086 3051 fuga,
3115 2984 3367 3053 victoria,
3393 3004 3521 3058 pax.

1924 3057 2081 3114 Pacis
2108 3063 2425 3118 vocabulum
2458 3066 2669 3121 videtur
2710 3084 2739 3122 a
2771 3080 2930 3140 pacto
2974 3085 3247 3147 sumptum
3275 3098 3287 3133 :
3332 3057 3519 3152 peste-

1926 3154 2039 3209 rius
2085 3164 2267 3211 autem
2315 3174 2420 3229 pax
2474 3163 2760 3233 accipitur.
2820 3165 2996 3224 fcedus
3042 3170 3280 3241 primum
3329 3175 3518 3232 initur.

1925 3243 2124 3300 Foedus
2153 3255 2236 3301 est
2261 3262 2389 3317 pax,
2424 3264 2545 3320 qua:
2590 3253 2648 3307 tit
2678 3255 2819 3310 inter
2848 3258 3192 3330 dimicantes,
3225 3265 3311 3319 vel
3354 3281 3385 3320 a
3417 3267 3523 3323 lido

1922 3334 2064 3390 vela
2100 3336 2388 3395 {ictialibus
2423 3341 2791 3420 [ftecialibus],
2838 3348 2892 3405 id
2937 3361 3021 3407 est
3070 3338 3105 3408 ad
3147 3359 3521 3414 sacerdotibus

1921 3426 2164 3483 dictum:
2208 3446 2307 3501 per
2355 3432 2501 3503 ipsos
2536 3438 2681 3493 enim
2735 3439 2937 3498 ﬁebant
2984 3443 3212 3513 fmdera,
3255 3449 3395 3504 sicut
3422 3466 3523 3523 per

1920 3520 2207 3577 sa'culares
2252 3524 2409 3579 bella.
2463 3527 2568 3583 Alii
2601 3528 2808 3607 fmdera
2859 3536 3004 3591 dicta
3053 3547 3247 3608 putant
3290 3557 3320 3596 a
3353 3520 3518 3611 porca

1918 3610 2062 3667 faeie
2101 3624 2156 3669 et
2189 3618 2479 3674 crudeliter
2507 3620 2685 3677 occisa
2730 3642 2744 3677 :
2783 3624 2937 3694 cujus
2967 3643 3116 3685 mors
3154 3610 3445 3690 ontabatur
3466 3633 3517 3688 ei

1919 3704 2009 3773 qui
2035 3720 2063 3758 a
2105 3720 2236 3775 pace
2264 3708 2547 3765 resilisset.
2578 3712 2833 3783 Virgilius
2860 3734 2873 3772 :

2102 3794 2307 3871 Etrmsa
2330 3801 2605 3863 iungebant
2626 3802 2811 3856 (rudera
2835 3821 3002 3871 porca.

1918 3850 2170 3932 Fm'leris'
2187 3892 2365 3950 partes
2397 3884 2623 3941 inducim
2650 3904 2664 3953 ;
2699 3896 2753 3943 et
2779 3850 2937 3947 dicta
2966 3893 3218 3963 inducite,
3250 3898 3404 3968 quasi
3459 3898 3516 3955 in

1918 3962 2036 4022 dies
2065 3971 2206 4024 'oeia.

2535 4069 2764 4127 CAPUT
2818 4073 2882 4128 Π.

2510 4159 2587 4214 De
2623 4163 2917 4234 triumphis.

1987 4243 2158 4300 Omne
2182 4261 2402 4317 regnum
2436 4250 2616 4305 saeculi
2641 4251 2805 4321 hujus
2828 4255 2984 4311 bellis
3017 4259 3300 4328 quaeritur,
3332 4260 3510 4318 victo-

1916 4335 2011 4390 riis
2041 4347 2384 4408 propagatur.
2423 4341 2656 4398 Victoria
2684 4343 2851 4409 dicta,
2881 4348 3025 4416 quod
3072 4348 3143 4409 vi,
3176 4351 3229 4405 id
3262 4359 3366 4416 est,
3402 4353 3512 4406 vir-

1917 4437 2029 4483 tute
2083 4430 2446 4499 adipiscatur:
2479 4434 2579 4491 boc
2610 4447 2694 4491 est
2728 4438 2869 4492 enim
2894 4438 2986 4511 jus
3015 4443 3277 4513 gentium,
3304 4444 3412 4499 vim
3457 4446 3508 4499 vi

227 4521 404 4569 autem
449 4526 535 4570 est
582 4518 844 4573 tumultus
907 4535 1069 4590 quam
1114 4522 1308 4576 bellum
1355 4541 1367 4576 ε
1404 4536 1527 4578 nam
1575 4525 1628 4578 in
1671 4526 1809 4581 bello
1846 4521 2363 4619 Dexpellereznam
2387 4527 2556 4597 turpis
2584 4538 2667 4607 est
2686 4529 2808 4584 dolo
2830 4534 3054 4601 quaesita
3078 4534 3507 4592 victoria.Certa

226 4608 537 4664 vacationes
574 4609 775 4676 valent,
826 4610 881 4666 in
926 4613 1159 4667 tumultu
1211 4630 1316 4669 non
1370 4615 1568 4671 valent.
1621 4618 1808 4673 Diifert

225 4708 405 4754 autem
434 4700 653 4767 bellum,
698 4718 875 4773 pugna
904 4713 959 4759 et
984 4705 1226 4774 pradium
1254 4724 1266 4758 :
1303 4722 1428 4762 nam
1465 4709 1657 4764 bellum
1692 4711 1809 4765 uni-

225 4804 443 4846 versum
485 4791 683 4847 dicitur
712 4802 771 4848 ut
805 4794 1094 4863 Punicum,
1145 4796 1299 4867 cujus
1343 4808 1525 4868 partes
1553 4809 1679 4855 sunt
1706 4815 1807 4870 pu-

224 4896 361 4950 gnae,
398 4890 457 4936 ut
479 4881 798 4959 Cannensis,
843 4883 1173 4942 Trebiensis.
1221 4886 1455 4944 Rursum
1488 4889 1541 4943 in
1574 4905 1677 4943 una
1710 4907 1807 4960 pu-

222 4985 324 5040 gna
368 4973 536 5029 multa
586 4985 716 5030 sunt
758 4976 988 5047 prmlia:
1043 4977 1189 5033 aliud
1232 4979 1376 5033 enim
1423 4979 1477 5032 in
1528 4979 1801 5047 cornibus,

222 5061 365 5118 aliud
391 5064 445 5119 in
485 5074 727 5122 extrema
765 5069 881 5122 acie
914 5069 1140 5139 geritur.
1184 5068 1389 5123 Bellum
1432 5071 1595 5141 igitur
1621 5080 1705 5128 est
1728 5081 1808 5127 to-

226 5161 358 5219 tum,
398 5169 575 5226 pugna
630 5159 790 5213 unius
820 5158 950 5226 diei,
1001 5160 1249 5229 priclium
1294 5176 1423 5231 pars
1472 5177 1663 5233 pugnae
1688 5175 1803 5231 est.

174 5224 185 5243 ⁸
222 5239 425 5298 Bellum
464 5224 624 5301 antea
667 5248 902 5302 duellum
934 5224 1207 5316 vocatum,
1238 5224 1308 5305 eo
1348 5224 1490 5320 quod
1541 5224 1659 5307 dua:
1688 5224 1810 5308 sint

224 5346 405 5403 partes
431 5337 803 5395 dimicantium
830 5360 842 5394 :
869 5341 954 5396 vel
984 5346 1127 5412 quod
1170 5340 1398 5398 alterum
1444 5343 1605 5399 faciat
1636 5345 1807 5401 victo-

223 5439 357 5492 rem,
395 5427 627 5483 alterum
668 5431 911 5487 victuma
964 5444 1171 5504 postea,
1218 5444 1419 5489 mutata
1465 5444 1520 5491 et
1563 5436 1805 5494 detracta

222 5517 420 5587 littera,
448 5521 652 5578 dictum
694 5524 910 5580 bellum.
958 5526 1063 5581 Alii
1093 5541 1193 5596 per
1237 5526 1584 5595 Antiphrain
1616 5537 1809 5598 putant

225 5609 450 5677 dictum,
485 5626 552 5668 eo
592 5616 738 5683 quod
786 5615 1212 5681 sit'horridum,
1257 5617 1400 5672 unde
1445 5616 1572 5673 illud
1617 5636 1632 5672 :
1680 5618 1806 5672 hor-

223 5701 338 5755 rida
372 5700 509 5757 bella
538 5720 561 5758 :
603 5720 726 5760 cum
759 5705 958 5761 bellum
987 5715 1177 5762 contra
1212 5707 1283 5763 sit
1312 5708 1627 5777 pessimum.
1662 5708 1808 5765 Prte-

222 5787 289 5843 lia
325 5792 583 5848 dicuntur
622 5810 651 5849 a
701 5798 993 5864 premendo
1036 5797 1244 5853 hostem
1292 5818 1303 5853 :
1359 5803 1499 5855 unde
1548 5810 1603 5869 et
1659 5802 1805 5871 prela

1913 4621 2093 4669 autem
2122 4615 2349 4671 victoria
2382 4627 2484 4683 est,
2515 4602 2605 4673 vel
2638 4621 2841 4677 occisio
2881 4625 3073 4692 hostis,
3110 4627 3195 4682 vel
3232 4629 3507 4700 exspolia-

1912 4705 2006 4771 tio,
2042 4706 2125 4763 vel
2157 4718 2465 4780 utrumque.
2495 4709 2608 4767 Non
2650 4722 2736 4769 est
2776 4723 2955 4789 autem
2984 4716 3226 4786 jucunda
3260 4721 3507 4787 victoria,

1912 4812 2032 4866 qua:
2052 4814 2148 4867 per
2191 4800 2452 4858 immensa
2483 4803 2807 4862 detrimenta
2839 4809 3122 4880 contingit.
3174 4812 3239 4866 Et
3269 4813 3372 4867 hoc
3402 4821 3501 4874 est,

1912 4890 2055 4958 quod
2079 4890 2266 4946 laudat
2304 4893 2614 4961 Sallustius,
2666 4898 2834 4954 duces
2886 4901 3172 4956 victoriam
3224 4903 3505 4957 incruento

1911 4983 2150 5037 exercitu
2195 4984 2529 5055 deportasse.
2563 4988 2763 5061 Pompa
2806 4992 2951 5047 dicta
2976 5006 3055 5049 ρει
3081 4993 3269 5049 Graeca
3302 4992 3506 5063 signifi-

1914 5074 2126 5128 catione
2152 5089 2252 5145 apo
2291 5085 2380 5132 tou
2417 5082 2759 5149 pompeuein,
2789 5083 2891 5138 hoc
2931 5092 3036 5149 est,
3078 5083 3290 5153 publice
3323 5093 3505 5139 osten—

1914 5165 2039 5219 tari.
2072 5165 2338 5221 Przecedit
2388 5179 2570 5225 autem
2624 5173 2849 5227 victoria
2892 5189 3142 5245 pompam
3178 5174 3319 5239 ideo,
3359 5178 3501 5245 quod

1913 5253 2073 5309 ituris
2112 5255 2180 5309 ad
2222 5257 2325 5312 hoc
2357 5258 2631 5315 certamen
2678 5262 2831 5330 prius
2877 5272 2961 5318 est
3004 5265 3247 5320 victoria:
3293 5268 3498 5320 votum.

1913 5342 2236 5413 Tropbteum
2280 5345 2481 5401 dictum
2518 5364 2621 5420 apo
2649 5358 2730 5406 tes
2758 5366 2971 5422 propes,
3001 5354 3051 5407 id
3091 5362 3196 5421 est,
3226 5371 3255 5409 a
3283 5342 3505 5411 conver-

1911 5434 2065 5489 sione
2088 5435 2260 5491 hostis
2289 5444 2345 5492 et
2388 5436 2511 5509 fuga
2540 5456 2553 5492 :
2587 5456 2711 5495 nam
2756 5442 2825 5497 ab
2862 5456 2927 5498 eo
2955 5444 3098 5513 quod
3139 5445 3348 5501 hostem
3376 5449 3505 5518 quis

1910 5523 2168 5595 fugasset,
2228 5530 2542 5583 merebatur
2611 5532 2909 5599 trophazum
2959 5551 2973 5588 :
3036 5535 3128 5606 qui
3187 5537 3503 5605 occidisset,

1910 5616 2265 5686 triumphum,
2304 5620 2395 5689 qui
2438 5620 2616 5676 dictus
2640 5631 2725 5677 est
2756 5638 2859 5694 apo
2888 5633 2972 5681 tes
3002 5626 3279 5694 triambes,
3301 5627 3356 5684 id
3391 5637 3497 5697 est,

1913 5708 1979 5761 ab
2005 5708 2382 5767 exsultatione.
2416 5710 2595 5769 Plena:
2624 5714 2771 5771 enim
2793 5718 3036 5775 victoria:
3074 5721 3376 5792 triumphus
3408 5724 3500 5779 de-

1913 5802 2089 5866 betur,
2121 5801 2428 5873 sciuiplena:
2464 5806 2801 5876 trophzeum:
2850 5809 2974 5880 quia
3017 5812 3253 5869 nondum
3282 5813 3501 5884 plenam
