3950 6192
469 340 575 395 555

1109 337 1172 392 Β.
1215 337 1470 392 RABANI
1511 336 1726 393 ltiAL'Ri
1766 332 2080 389 AllClllEP.
2125 332 2437 390 MOGUNT.
2479 330 2763 386 OPERUM
2802 330 2979 385 PARS
3015 331 3077 386 ll.

3593 334 3687 390 Ξῗῖῖῦ

463 459 546 508 est
573 448 856 506 victoriam
897 461 1255 505 consecutus:
1290 465 1394 506 non
1448 449 1594 506 enim
1649 446 1903 510 obtinuit,
1951 447 2044 500 sed
2072 449 2119 508 Α
2147 445 2308 516 primi
2352 446 2705 510 invenerunt,
2760 444 2888 499 tuba
2927 444 3104 508 dicta,
3154 445 3306 514 quasi
3355 445 3484 512 tota,
3518 448 3566 504 id
3597 463 3696 516 est,

465 542 672 615 fugavit
709 540 1028 597 exercitum.
1077 539 1205 596 Haec
1261 551 1441 596 tamen
1491 540 1709 594 nomina
1749 538 2044 607 scriptores

463 636 796 693 confundunt
821 651 837 692 :
860 644 979 690 erat
1002 644 1182 690 autem
1212 635 1577 690 Romanorum
1605 648 1740 697 mos,
1773 641 1831 687 ut
1849 633 2042 686 trium-

464 732 692 798 phantes
735 727 1014 799 quadrigis
1049 726 1395 788 veherentur,
1450 740 1516 779 ex
1564 725 1677 790 illo,
1717 725 1859 793 quod
1903 721 2043 777 soliti

465 823 572 874 sint
599 819 809 891 priores
840 819 1004 874 duces
1027 818 1128 872 hoc
1157 817 1344 871 habitu
1372 815 1511 870 bella
1545 815 1700 870 inire.
1731 813 2046 882 Quicunque

463 920 644 965 autem
666 910 720 965 in
745 906 994 966 conﬂictu
1020 907 1290 970 vicissent,
1315 905 1495 976 palma
1519 920 1684 960 aurea
1704 903 2042 959 coronaban-

464 1012 569 1063 tur,
597 999 723 1071 quia
751 999 930 1069 palma
971 997 1218 1054 stimulos
1249 997 1413 1052 habet
1444 1014 1456 1048 :
1488 995 1583 1065 qui
1611 1010 1738 1050 vero
1763 994 1882 1049 sine
1916 1008 2045 1047 con-

462 1095 604 1148 llictu
635 1091 922 1161 fugientem
950 1089 1351 1161 prostravisset,
1395 1087 1583 1142 laurea
1612 1105 1624 1139 :
1656 1101 1723 1142 eo
1755 1085 1900 1156 quod
1926 1086 2043 1140 haec

459 1184 621 1240 arbor
649 1185 764 1240 sine
789 1183 958 1253 spinis
984 1190 1086 1236 est.
1123 1180 1340 1235 Duobus
1365 1186 1549 1233 autem
1577 1178 1866 1248 generibus
1895 1176 2042 1230 dele-

463 1285 550 1330 tur
602 1275 909 1330 exercitus:
957 1279 1050 1327 aut
1094 1269 1488 1334 internecione,
1542 1276 1636 1322 aut
1683 1267 2040 1337 dispersione.

462 1363 748 1418 Sallustius
777 1362 988 1431 inquit:
1027 1379 1044 1412 ‹
1089 1359 1284 1414 Hostes
1323 1356 1568 1427 oppressi
1607 1364 1702 1411 aut
1730 1355 1923 1426 dilapsi
1955 1355 2039 1409 fo-

460 1463 598 1508 rent.
635 1472 654 1505 ι
693 1450 786 1506 Sic
813 1459 866 1506 et
889 1459 1180 1520 utrumque
1215 1446 1506 1518 Virgilius;
1559 1445 1967 1500 internecione:

589 1601 601 1614 .
638 1604 648 1614 .
687 1606 701 1620 .
739 1601 752 1615 .
791 1602 801 1614 .
839 1566 1227 1625 Submersasque
1249 1562 1407 1611 obrue
1443 1572 1653 1624 puppes.

460 1649 805 1718 Dispersione
840 1661 855 1700 :

587 1740 684 1787 Aut
706 1749 800 1799 age
821 1736 1056 1796 diversos,
1081 1739 1164 1783 aut
1187 1733 1357 1796 disjice
1378 1743 1582 1794 corpora
1601 1735 1766 1793 ponto.

460 1844 640 1914 Spolia
685 1851 864 1897 autem
909 1840 1166 1903 hostium,
1215 1839 1417 1908 praeda,
1470 1835 1757 1899 manubiae,
1811 1833 2037 1897 exuviae,

456 1945 660 2005 partes.
717 1933 902 1987 Prmda
958 1947 987 1985 a
1041 1930 1328 1999 prtedando
1376 1936 1619 2005 vocata:
1661 1925 1928 1980 manubiae
1977 1939 2046 1980 eo

459 2003 603 2095 quod
625 2024 872 2078 manibus
892 2021 1284 2077 detrahuntur:
1310 2019 1392 2074 ha:
1408 2025 1462 2072 et
1483 2003 1690 2074 exuvim
1709 2016 1776 2070 ab
1797 2013 2046 2070 exuendo

459 2117 635 2180 dictae,
683 2114 808 2183 quia
855 2121 1162 2168 exuuntur:
1213 2110 1295 2164 liae
1335 2117 1391 2164 et
1427 2117 1611 2179 partes
1661 2121 1691 2160 a
1740 2107 1854 2176 pari
1908 2105 2045 2160 divi-

457 2207 630 2269 sione,
659 2221 756 2276 pro
786 2218 1141 2276 personarum
1186 2201 1468 2272 qualitate,
1518 2208 1574 2254 et
1619 2199 1865 2254 laborum
1895 2197 2042 2268 justa

457 2296 744 2352 divisione.
785 2295 966 2364 Spolia
1014 2301 1194 2348 autem
1235 2308 1265 2346 a
1304 2291 1502 2363 palliis,
1547 2291 1702 2360 quasi
1742 2305 1805 2345 ex
1836 2289 2038 2359 pallia:

456 2387 616 2444 victis
674 2387 822 2441 enim
865 2385 1240 2440 detrahuntur.
1287 2381 1526 2437 Victoria
1568 2388 1752 2434 nostra
1794 2379 2046 2434 Christus

456 2488 542 2534 est
567 2494 581 2532 :
611 2476 767 2548 cujus
792 2475 1048 2544 triumphi
1075 2474 1288 2544 signum
1323 2487 1457 2526 crux
1496 2479 1601 2538 est,
1633 2485 1740 2540 quo
1767 2469 2042 2525 diabolum

457 2571 606 2634 vicit,
625 2575 681 2625 et
703 2575 932 2622 mortem
975 2563 1269 2634 superavit.
1319 2561 1503 2631 Spolia
1544 2569 1724 2614 autem
1752 2559 1890 2630 ejus,
1922 2575 2039 2629 quin

457 2661 524 2715 de
553 2661 708 2714 hoste
743 2656 995 2725 sumpsit,
1025 2653 1274 2709 homines
1302 2660 1427 2708 sunt
1451 2653 1505 2706 in
1533 2651 1702 2706 Deum
1723 2651 2042 2706 credentes:

455 2749 547 2818 qui
585 2749 651 2803 de
679 2753 944 2818 potestate
969 2743 1166 2799 diaboli
1197 2744 1358 2808 eruti,
1402 2741 1514 2810 regi
1555 2755 1653 2797 suo
1686 2741 1927 2811 legitimo
1956 2757 2046 2796 so-

457 2839 690 2894 ciantur.
741 2835 894 2892 Unde
932 2834 1048 2903 ipsa
1078 2833 1293 2888 Veritas
1338 2833 1390 2886 in
1433 2830 1724 2902 Evangelio
1753 2831 1830 2884 ait
1861 2847 1874 2884 :
1904 2830 2043 2885 Dum

455 2929 610 2998 fortis
660 2935 895 2981 armatus
934 2923 1158 2978 custodit
1213 2922 1407 2976 atrium
1439 2937 1618 2986 suum,
1664 2922 1721 2974 in
1757 2937 1883 2991 pace
1923 2930 2044 2974 sunt

457 3020 634 3076 omnia
654 3035 771 3089 qua:
791 3017 1017 3089 possidet
1041 3033 1060 3070 :
1085 3016 1130 3070 si
1153 3023 1326 3070 autem
1349 3013 1539 3084 fortior
1562 3012 1654 3067 illo
1678 3013 2043 3083 superveniens

455 3111 632 3166 vicerit
661 3125 798 3173 eum,
830 3109 1071 3162 universa
1105 3122 1253 3160 arma
1285 3105 1400 3176 ejus
1423 3103 1617 3174 aufert,
1643 3104 1698 3158 in
1717 3103 1903 3174 quibus
1923 3119 2043 3157 con-

457 3204 673 3272 fidebat,
696 3211 746 3258 et
765 3200 932 3273 spolia
958 3199 1072 3271 ejus
1098 3197 1362 3252 distribuit
1385 3195 1536 3269 (Luc.
1567 3195 1666 3267 χι).
1695 3194 1934 3250 Victoria
1960 3201 2044 3249 est

456 3292 652 3349 diaboli
685 3291 770 3347 vel
797 3289 1093 3346 adversarii
1140 3287 1464 3358 triumphus,
1515 3294 1573 3340 ut
1615 3295 1699 3342 est
1746 3285 1873 3340 illud
1901 3285 2046 3355 Apo-

457 3385 580 3440 stoli
613 3403 626 3438 :
673 3383 781 3438 Deo
811 3392 986 3436 autem
1032 3380 1257 3452 gratias,
1283 3380 1371 3450 qui
1416 3377 1559 3432 dedit
1589 3377 1736 3432 nobis
1774 3376 2044 3431 victoriam

459 3477 508 3548 (I
543 3475 667 3532 Cor.
691 3475 800 3549 xv).
834 3475 1088 3530 Bravium
1117 3481 1203 3528 est
1229 3470 1588 3528 constitutum
1619 3471 1882 3526 bonorum
1914 3485 2046 3539 pne-

460 3567 622 3621 inium
669 3565 1018 3628 meritorum;
1071 3561 1126 3617 in
1168 3560 1464 3631 Apostolo:
1503 3559 1837 3614 Destinatum
1875 3575 2046 3629 perse-

456 3673 589 3725 quar
627 3655 861 3710 bravium
900 3669 1138 3724 superna:
1170 3651 1455 3708 uocationis
1487 3647 1653 3722 (Phil.
1695 3649 1801 3719 Ill).
1831 3647 2043 3703 Corona

457 3756 673 3802 :cternae
708 3742 892 3816 gloria:
916 3757 1015 3812 pro
1035 3740 1246 3812 iustitia
1282 3755 1515 3805 merces,
1565 3747 1624 3792 ut
1649 3739 1702 3792 in
1738 3737 1996 3808 Apostolo
2026 3757 2038 3790 :

462 3837 536 3892 De
557 3835 754 3907 reliquo
781 3833 1005 3904 reposita
1042 3841 1117 3887 est
1157 3832 1283 3887 mihi
1308 3846 1500 3886 corona
1522 3829 1750 3899 justitia:
1785 3826 1870 3900 (ll
1903 3827 2040 3881 Tim.

459 3930 556 4003 iv).
591 3928 704 3984 Pax
745 3927 992 3984 Christus
1029 3934 1136 3993 est,
1163 3926 1290 3996 quia
1332 3926 1441 3996 ipse
1467 3933 1541 3978 est
1567 3925 1657 3994 qui
1682 3923 1802 3994 fecit
1825 3932 2045 3994 utraque

460 4039 623 4078 unum
645 4020 860 4095 (Ephes.
885 4017 968 4092 ιι).
993 4019 1106 4075 Pax
1127 4017 1312 4075 carnis
1335 4015 1594 4072 adversus
1615 4015 1887 4086 spiritum,
1918 4029 2044 4069 con-

459 4114 642 4170 cordia
672 4114 726 4169 in
752 4114 952 4169 bonum
975 4153 990 4179 ,
1023 4117 1084 4166 ut
1110 4111 1165 4165 in
1193 4107 1403 4180 psalmo
1432 4125 1446 4160 :
1474 4104 1668 4176 Rogate
1709 4121 1826 4176 qua:
1857 4103 1927 4157 ad
1951 4120 2045 4172 pa-

457 4221 568 4259 cem
612 4214 733 4259 sunt
779 4203 836 4257 in
895 4198 1228 4256 Hierusalem
1264 4196 1436 4270 (Psal.
1493 4196 1660 4268 cm).
1698 4194 1764 4250 Et
1794 4195 1848 4249 in
1879 4193 2043 4248 aliam

372 4318 376 4323 ·
455 4303 665 4366 partem
709 4308 809 4364 pro
860 4292 1060 4349 Iudaeis
1113 4289 1200 4346 vel
1241 4287 1512 4345 haereticis
1562 4287 1844 4356 accipitur,
1893 4295 1953 4338 ut
1990 4284 2044 4339 in

462 4385 921 4442 Deuteronomio:
956 4381 1080 4438 Non
1121 4381 1349 4453 loqueris
1377 4380 1424 4435 ei
1468 4377 1688 4448 paciﬁca
1735 4375 1876 4430 omni
1916 4385 2045 4429 tent-

459 4493 582 4546 pore
612 4475 788 4546 (Deut.
821 4476 904 4545 tt).

1073 4562 1298 4620 CAPUT
1336 4561 1422 4616 Ill.

890 4654 962 4708 De
996 4652 1354 4709 instrumentis
1401 4650 1618 4705 bellicis.

535 4745 699 4815 Signa
727 4745 992 4799 bellorum
1017 4743 1290 4808 dicuntur,
1325 4741 1468 4811 quod
1493 4755 1560 4796 ex
1586 4739 1672 4795 his
1698 4739 1972 4795 exercitus
1993 4746 2048 4792 et

460 4838 734 4913 pugnandi
760 4847 816 4893 et
852 4837 1090 4892 victoria:
1117 4843 1173 4892 et
1194 4843 1445 4904 receptus
1473 4833 1669 4904 accipit
1695 4832 1995 4904 symbolum
2029 4849 2042 4884 :

461 4947 588 4988 nam
610 4937 706 4986 aut
733 4945 830 5001 per
852 4942 1041 4984 vocem
1076 4927 1239 4994 tubae,
1277 4933 1372 4982 aut
1395 4939 1495 4995 per
1521 4923 1821 4997 symbolum
1855 4923 2043 4978 admo-

462 5030 624 5082 netur
651 5021 943 5081 exercitus.

1071 5111 1298 5168 CAPUT
1335 5110 1426 5165 IV.

941 5206 1018 5262 De
1055 5205 1283 5260 buccinis
1319 5212 1368 5259 et
1405 5201 1563 5256 tubis.

537 5303 792 5369 Buccina,
820 5317 926 5373 qua
953 5299 1166 5368 signum
1190 5295 1425 5352 daturin
1456 5295 1631 5360 hoste,
1664 5291 1809 5347 dicta
1837 5306 1867 5346 a
1893 5306 2044 5356 voce,

467 5398 622 5468 quasi
649 5395 882 5451 vocina:
929 5407 1057 5449 nam
1102 5389 1297 5460 pagani
1348 5392 1698 5457 agrestesque
1732 5382 1798 5438 ad
1829 5395 2046 5437 omnem

467 5503 625 5544 usum
668 5485 894 5542 buccina
941 5482 1008 5536 ad
1036 5480 1270 5551 compita
1314 5475 1772 5532 convocabantur.
1823 5471 2048 5542 Proprie

471 5593 599 5649 ergo
629 5579 733 5632 hoc
761 5575 1065 5646 agrestibus
1085 5573 1297 5642 signum
1323 5568 1448 5636 fuit,
1472 5567 1537 5623 de
1564 5582 1671 5637 quo
1693 5564 2007 5635 Propertius
2031 5581 2044 5617 :

599 5687 800 5734 Buccina
825 5687 922 5746 jam
944 5683 1123 5744 priscos
1145 5680 1354 5743 cogebat
1377 5679 1436 5729 ad
1459 5691 1591 5727 arma
1609 5676 1847 5737 Quirites.

477 5791 644 5861 llujus
691 5790 908 5860 clangor
933 5787 1239 5841 buccinium
1268 5785 1488 5842 dicitur.
1530 5783 1734 5839 Tubam
1785 5783 2050 5852 Tyrrheni

2144 551 2295 591 cava.
2340 535 2472 589 Item
2508 534 2657 601 tuba,
2687 535 2840 604 quasi
2861 535 3020 601 tibia.
3060 535 3208 591 Inter
3235 535 3412 592 tubam
3447 547 3612 596 autem
3645 553 3697 598 et

2143 624 2427 680 buccinam
2467 634 2678 680 veteres
2706 625 3102 680 discernebant.
3149 625 3286 681 Nam
3326 628 3543 684 buccina
3570 630 3704 688 inso—

2144 733 2280 772 nans
2301 717 2713 772 sollicitudinem
2737 717 2806 773 ad
2831 717 2970 773 bella
2993 719 3294 776 nuntiabat.
3332 720 3571 793 Virgilius
3598 740 3614 779 :

2423 914 2438 940 ε
2473 915 2484 925 .
2523 915 2537 928 .
2575 911 2586 926 .
2624 911 2646 940 ,ί
2675 878 2879 927 Buccina
2905 889 3102 940 signum

2417 939 2534 989 Dira
2555 939 2708 988 dedit.
2748 973 2762 985 .
2801 976 2816 986 .
2851 974 2866 988 .
2903 975 2918 990 .

2143 1019 2292 1075 Tuba
2334 1031 2512 1075 autem
2549 1020 2735 1090 praelia
2777 1021 3091 1076 indicabat:

2421 1112 2482 1160 At
2507 1111 2623 1161 tuba
2645 1111 2916 1161 terribilem
2934 1113 3165 1162 sonitum.
3208 1149 3224 1165 .
3253 1151 3267 1163 .
3308 1149 3326 1164 .

2142 1234 2307 1304 Cujus
2341 1250 2509 1290 sonus
2537 1235 2721 1290 varius
2745 1244 2829 1290 est
2859 1254 2871 1288 :
2921 1251 3045 1289 nam
3091 1236 3362 1290 interdum
3391 1235 3606 1298 canitur.
3647 1245 3696 1288 ut

2142 1327 2280 1382 bella
2319 1326 2765 1381 committantur:
2807 1326 3098 1392 interdum,
3143 1335 3202 1381 ut
3231 1327 3573 1396 insequantur
3597 1343 3690 1385 eos.

2142 1418 2234 1488 qui
2261 1417 2470 1488 fugiunt
2498 1435 2512 1470 :
2554 1418 2822 1472 interdum
2869 1418 3086 1472 canitur
3117 1417 3380 1486 receptui.
3412 1415 3538 1470 Nam
3563 1431 3695 1470 rece~

2141 1519 2268 1580 ptus
2291 1510 2506 1574 dicitur,
2543 1523 2650 1578 quo
2675 1523 2734 1563 se
2762 1509 3032 1563 exercitus
3063 1508 3260 1577 recipit
3285 1525 3298 1560 :
3328 1507 3465 1562 unde
3493 1515 3544 1562 et
3563 1506 3698 1577 Signa

2144 1602 2380 1672 receptui
2402 1617 2595 1657 canere
2631 1601 2901 1658 dicuntur.
2945 1599 3099 1654 Tuba
3145 1609 3326 1654 autem
3363 1599 3476 1654 sive
3498 1599 3694 1653 buccina

2143 1703 2452 1752 sanctorum
2498 1693 2912 1764 praedicatortnn
2962 1706 3150 1746 vocem
3198 1689 3479 1761 significat,
3519 1688 3694 1758 quzein

2068 1808 2116 1868 Β
2145 1799 2258 1846 toto
2280 1789 2478 1843 mundo
2507 1801 2605 1857 per
2625 1786 3060 1856 przedicationem
3092 1781 3368 1854 Evangelii
3396 1789 3558 1845 sonat,
3583 1788 3628 1835 et
3641 1781 3703 1832 ad

2145 1891 2423 1937 certamen
2477 1878 2750 1950 spiritales
2812 1877 3010 1932 milites
3061 1875 3270 1931 Christi
3320 1882 3567 1945 provocat
3607 1889 3619 1925 :
3665 1872 3693 1926 ii

2145 1973 2407 2038 docendo,
2455 1969 2796 2026 admonendo
2852 1977 2906 2025 et
2947 1968 3290 2023 exhortando
3338 1966 3575 2036 populum
3617 1963 3699 2016 Dei

2146 2067 2454 2122 instruunt:
2484 2073 2555 2126 et,
2583 2063 2710 2134 quid
2749 2061 3080 2124 faciendum,
3107 2058 3196 2115 vel
3233 2059 3360 2129 quid
3391 2055 3700 2112 devitandum

2147 2159 2236 2223 sit,
2267 2157 2664 2211 demonstrant.
2696 2151 2951 2221 Quisquis
2977 2158 3160 2205 autem
3192 2148 3348 2219 juxta
3388 2147 3499 2217 ejus
3525 2144 3699 2198 indicia

2145 2267 2205 2308 se
2229 2253 2499 2317 observat,
2543 2259 2597 2304 et
2633 2248 2927 2306 secundum
2972 2246 3089 2316 ejus
3114 2245 3480 2316 magisterium
3505 2240 3700 2304 vixerit,

2144 2348 2310 2400 vitam
2339 2344 2606 2415 percipiet
2649 2341 3058 2412 sempiternam.

2779 2451 3006 2509 CAPUT
3046 2452 3112 2506 V.

2345 2600 2358 2612 _
2795 2546 2872 2601 De
2930 2547 3115 2599 armis.

2217 2645 2380 2698 Arma
2435 2641 2762 2714 generaliter
2818 2639 3062 2694 omnium
3118 2654 3302 2694 rerum
3369 2637 3700 2692 instrumenta

2145 2742 2271 2790 sunt
2304 2753 2316 2787 :
2347 2733 2488 2788 unde
2533 2742 2588 2787 et
2623 2731 2716 2786 ubi
2759 2737 3116 2802 reponuntur,
3148 2728 3384 2783 armaria
3410 2726 3542 2781 dicta
3571 2733 3694 2778 sunt.

2145 2827 2278 2883 Item
2333 2842 2486 2881 arma
2533 2824 2788 2881 dicuntur
2835 2823 2940 2877 tela
2984 2821 3230 2876 omnium
3285 2832 3576 2890 generum:
3618 2815 3697 2870 sccl

2149 2933 2299 2972 arma
2351 2926 2496 2982 sunt,
2549 2913 2899 2985 quibus.ipsi
2945 2921 3209 2967 tuemur:
3269 2909 3371 2964 tela
3417 2914 3552 2970 sunt,
3593 2920 3697 2974 qua:

2146 3010 2462 3065 emittimus.
2513 3007 2651 3063 Nam
2692 3021 2844 3061 arma
2894 3004 3128 3076 duplicia
3189 3011 3336 3066 sunt,
3382 3000 3433 3055 id
3487 3007 3583 3064 est,
3625 2995 3694 3049 vel

2147 3102 2344 3172 quibus
2368 3099 2722 3170 percutimus,
2777 3097 2861 3153 vel
2893 3097 3090 3167 quibus
3141 3096 3393 3166 tegimur.
3443 3091 3592 3145 Arma
3617 3102 3702 3142 au-

2069 3159 2113 3220 C
2146 3159 2254 3248 tem
2291 3159 2431 3246 dic-ta
2482 3159 2859 3261 proprievsunt
2911 3159 3000 3252 eo,
3059 3159 3225 3257 quod'
3260 3199 3440 3240 armos
3495 3187 3693 3252 tegant:

2146 3301 2271 3340 nam
2310 3299 2458 3338 arma
2495 3283 2578 3336 vel
2607 3282 2674 3336 ab
2698 3281 2868 3337 armis
2893 3281 3176 3346 dicuntur,
3205 3279 3259 3335 id
3291 3287 3394 3344 est,
3427 3277 3492 3332 ab
3529 3275 3698 3330 hume-

2145 3377 2222 3430 ris
2248 3394 2259 3428 :
2293 3383 2350 3429 ut
2375 3393 2386 3427 :

2271 3501 2283 3513 .
2323 3498 2337 3512 .
2375 3502 2388 3515 .
2428 3501 2438 3510 .
2480 3499 2490 3510 .
2529 3461 2676 3511 Latos
2694 3462 2808 3512 huic
2832 3462 2969 3511 hasta
2997 3472 3086 3523 per
3109 3472 3272 3509 armos

2363 3526 2483 3575 Acta
2507 3525 2692 3574 tremit.
2733 3558 2745 3571 .
2783 3556 2797 3571 .
2835 3559 2846 3570 .
2885 3556 2899 3570 .

2145 3607 2243 3663 Vel
2275 3623 2376 3677 apo
2403 3616 2490 3660 (ou
2519 3621 2689 3668 areas,
2723 3605 2777 3660 id
2801 3613 2904 3670 est,
2958 3618 2988 3657 a
3033 3601 3228 3657 Marte.
3285 3600 3500 3672 Mystice
3541 3601 3697 3649 autem

2143 3717 2241 3773 pro
2281 3700 2564 3756 sententiis
2595 3708 2906 3754 sanctarum
2950 3695 3382 3766 Scripturarum,
3408 3692 3489 3748 vel
3510 3685 3695 3745 exerci~

2144 3804 2230 3850 tus
2261 3791 2582 3867 [exercitiis]
2613 3793 2871 3846 virtutum
2900 3790 3242 3858 accipiuntur
3267 3804 3281 3852 ;
3332 3787 3467 3840 unde
3500 3783 3697 3852 Aposto-

2144 3890 2227 3944 lus
2256 3888 2368 3943 ait:
2405 3885 2546 3940 Nam
2569 3901 2719 3938 arma
2745 3882 2947 3938 militia:
2988 3889 3186 3935 nostra?
3211 3897 3314 3934 non
3341 3874 3585 3937 carnalia,
3620 3867 3696 3924 sed

2143 3981 2404 4053 spiritalia
2427 3988 2567 4040 sunt,
2595 3987 2642 4033 et
2682 3977 2912 4047 potentia
2949 3974 3056 4030 Deo
3085 3974 3160 4026 ad
3201 3970 3589 4026 destructionem
3614 3960 3696 4014 ad-

2143 4089 2409 4129 versarum
2437 4071 2785 4125 munitionum
2809 4067 2896 4140 (Η
2919 4065 3041 4121 Cor.
3086 4065 3167 4137 x),
3200 4066 3304 4120 hoc
3340 4070 3437 4120 est,
3472 4056 3694 4111 vitiorum

2144 4173 2200 4219 et
2251 4178 2515 4227 errorum,
2556 4161 2797 4231 quibus,
2851 4157 3066 4214 diabolo
3117 4156 3429 4226 instigante,
3481 4143 3698 4204 homines

2145 4256 2356 4312 adversi
2398 4262 2586 4310 contra
2637 4253 2838 4308 milites
2865 4250 3064 4307 Christi
3109 4254 3373 4319 pugnant.
3421 4237 3695 4297 Armarium

2145 4361 2273 4401 vero
2303 4345 2581 4415 Scriptura
2617 4353 2700 4398 est
2727 4357 2906 4407 sacra,
2934 4341 3018 4396 vel
3051 4339 3184 4394 fides
3211 4346 3356 4394 recta
3389 4352 3402 4388 :
3435 4330 3567 4387 unde
3588 4339 3698 4415 pro-

2148 4435 2392 4490 feruntur
2419 4413 2570 4489 arma
2602 4431 2866 4504 spiritalia
2897 4440 3085 4486 contra
3112 4430 3298 4483 hostes
3319 4421 3618 4481 Christiana:
3643 4413 3697 4464 ﬁ-

2072 4517 2256 4590 Ddei,
2313 4534 2368 4581 et
2417 4533 2816 4594 oppugnatores
2861 4536 3003 4576 verte
3055 4519 3352 4588 religionis.
3397 4514 3524 4569 Item
3567 4520 3695 4594 al‘tnil

2151 4589 2537 4683 protectionein
2563 4589 2802 4665 divinam
2829 4605 3151 4678 significant,
3182 4614 3236 4660 et
3261 4599 3570 4671 adjutorium
3597 4589 3697 4657 ejus

2150 4704 2204 4757 in
2248 4711 2467 4758 sanctos
2500 4723 2514 4756 :
2557 4709 2617 4755 ut
2653 4699 2714 4754 in
2759 4698 3023 4754 Psalterio
3054 4714 3067 4750 :
3118 4691 3453 4766 Apprehende
3485 4700 3620 4741 arma
3657 4688 3696 4733 et

2148 4804 2356 4848 scutum
2382 4791 2556 4863 (Psal.
2597 4790 2805 4862 xxxtv).
2853 4790 3039 4852 Arma,
3073 4802 3238 4857 opera
3270 4781 3486 4853 iustitia:
3532 4775 3696 4829 adver-

2149 4902 2243 4945 sus
2265 4887 2462 4942 diaboli
2505 4885 2657 4951 vitia,
2689 4893 2748 4939 ut
2795 4883 2848 4937 in
2887 4880 3185 4952 Apostolo:
3239 4873 3463 4945 Accipite
3490 4873 3696 4924 armatu-

2150 4996 2266 5034 ram
2323 4978 2444 5044 Dei,
2498 4987 2554 5030 ut
2603 4975 2811 5047 possitis
2842 4974 3079 5027 resistere
3120 4969 3336 5040 (Epltes.
3385 4963 3477 5035 vt).
3532 4960 3694 5012 Arma.

2149 5085 2314 5141 Opera
2346 5069 2578 5140 peccati,
2621 5067 2705 5121 vel
2751 5063 2947 5120 diaboli
2993 5061 3224 5126 insidiae,
3274 5065 3333 5112 ut
3379 5056 3431 5110 in
3474 5047 3692 5121 psalmo:

2148 5164 2311 5218 Arma
2332 5171 2379 5216 et
2400 5141 2547 5215 scuta
2575 5158 2836 5212 comburet
2859 5154 2966 5225 igni
2995 5150 3168 5225 (Psal.
3193 5147 3338 5220 va).

2768 5289 2993 5348 CAPUT
3033 5288 3122 5344 Vl.

2802 5383 2878 5438 De
2902 5381 3112 5453 gladiis.

2221 5500 2445 5557 Gladius
2491 5497 2814 5570 generaliter
2868 5493 3068 5549 dicitur
3113 5490 3260 5547 ensis
3311 5488 3366 5542 in
3398 5478 3586 5555 praelia,
3614 5469 3692 5528 sed

2154 5593 2301 5651 ensis
2342 5592 2547 5646 ferrum
2579 5597 2789 5642 tantum
2819 5594 2920 5640 est.
2949 5583 3173 5640 Gladius
3221 5595 3347 5634 vero
3393 5582 3526 5631 totus
3551 5587 3562 5623 :
3586 5577 3691 5635 ιπο·

2156 5686 2273 5758 prie
2299 5693 2477 5738 autem
2511 5679 2808 5750 appellatur
2835 5677 3065 5748 gladius,
3105 5673 3245 5744 quod
3280 5669 3451 5742 gulam
3507 5653 3688 5758 divitlpil.

2157 5781 2210 5834 id
2236 5788 2335 5841 cst,
2385 5774 2649 5830 cervicem
2679 5779 2844 5826 secat.
2879 5768 2957 5823 Ad
2985 5769 3084 5824 hoc
3110 5768 3250 5822 enim
3279 5761 3501 5834 primum
3530 5756 3603 5805 est
3621 5744 3688 5796 fa-
