3950 6192
291 384 392 442 537

1242 379 1328 434 DE
1368 377 1714 434 UNlVERSO
1749 375 1927 431 LlBlll
1962 373 2124 432 XXII.
2160 407 2230 417 ——
2268 377 2395 432 LIB.
2436 377 2552 431 XX.

3442 381 3549 438 553

291 510 436 555 ctum
473 513 487 551 :
523 510 652 550 nam
707 495 947 550 membra
1006 495 1285 550 securibus
1341 467 1512 565 magis
1563 494 1861 553 caeduntur,
1891 492 1943 551 Α
1967 489 2099 545 carii
2129 491 2275 545 dicti.
2305 490 2529 547 Gladius
2568 493 2711 546 enim
2761 494 2943 562 plures
3000 495 3418 565 signiﬁcationes
3445 496 3544 551 ha-

291 586 486 642 collum
508 584 687 656 gladio
713 592 916 637 tantum
942 583 1118 636 :acics
1146 593 1324 637 autem
1350 584 1511 654 gladii
1537 587 1604 638 ab
1619 583 1866 637 acumine

289 676 454 731 dicta.
507 673 744 744 Capulus
791 679 1033 736 vocatus,
1068 673 1148 726 vel
1182 674 1306 742 quia
1333 681 1525 742 -caput
1550 683 1634 728 est
1681 672 1867 744 gladii,

293 765 372 821 vel
403 765 533 835 quia
585 765 797 833 capitur
851 763 948 828 ibi,
985 772 1043 817 ut
1073 772 1337 818 tenea;ur.
1378 764 1513 818 Nam
1567 764 1700 818 alias
1726 765 1870 818 acies

294 855 420 912 ferri
447 871 555 910 non
596 855 746 910 sinit.
798 854 980 908 Mucro
1010 870 1115 908 non
1145 862 1347 908 tantum
1376 854 1534 923 gladii
1566 863 1670 918 est,
1698 854 1790 908 sed
1817 861 1870 907 et

291 947 576 1015 cujuslibet
610 947 700 1001 teli
752 962 976 1000 acumen
1009 964 1022 1000 :
1057 946 1236 1000 dict-us
1269 959 1298 998 a
1331 945 1663 1015 longitudine
1693 962 1706 998 :
1742 959 1867 997 nam

290 1038 506 1093 Macran
562 1037 736 1094 Graeci
789 1037 1005 1106 longum
1040 1043 1237 1090 vocant
1267 1052 1279 1088 :
1313 1034 1437 1088 hinc
1493 1043 1548 1087 et
1577 1033 1865 1087 machaera.

289 1127 554 1183 Machazra
586 1136 766 1182 autem
806 1136 888 1182 est
938 1126 1145 1197 gladius
1196 1124 1406 1196 longus,
1465 1139 1530 1178 ex
1573 1139 1678 1177 una
1717 1132 1870 1193 parte

289 1231 500 1277 acutus.
550 1221 778 1276 Framea
818 1225 943 1275 vero
992 1218 1201 1290 gladius
1244 1227 1329 1273 est
1357 1231 1422 1272 ex
1453 1227 1682 1288 utraque
1714 1228 1870 1286 parte

288 1325 501 1380 acutus,
526 1330 689 1384 quam
719 1313 906 1385 vulgus
934 1315 1180 1384 spatham
1215 1320 1373 1367 vocat
1399 1329 1410 1364 :
1446 1312 1560 1381 ipsa
1609 1319 1694 1365 est
1720 1326 1870 1364 rom-

288 1407 458 1475 pluea.
491 1405 719 1460 Framea
763 1414 940 1460 autem
974 1406 1135 1471 dicta,
1166 1406 1289 1474 quia
1349 1403 1526 1459 ferrea
1581 1411 1704 1458 est:
1743 1417 1868 1457 nam

290 1498 428 1552 sicut
452 1493 865 1562 ferramentum,
894 1496 973 1552 sic
1024 1494 1231 1553 framea
1264 1495 1465 1550 dicitur
1505 1512 1518 1547 :
1552 1509 1617 1548 ac
1643 1492 1870 1564 proinde

289 1588 468 1642 cunnis
505 1586 716 1658 gladius
751 1585 974 1641 framea.
1009 1583 1234 1641 Gladius
1281 1585 1425 1640 enim
1461 1584 1514 1638 in
1564 1583 1705 1638 bono
1729 1591 1785 1636 et
1815 1583 1868 1636 in

290 1678 431 1732 malo
481 1677 748 1746 accipitur
778 1695 792 1732 :
825 1678 878 1731 in
928 1677 1092 1740 bono,
1140 1685 1199 1730 ut
1240 1677 1292 1729 in
1324 1673 1583 1744 Apostolo
1614 1691 1626 1726 :
1657 1672 1725 1726 Et
1751 1671 1868 1742 gla-

288 1767 433 1819 dium
485 1767 720 1837 spiritus,
753 1767 892 1837 quod
921 1776 993 1820 est
1051 1765 1261 1820 verbum
1293 1763 1392 1818 Dei
1441 1763 1654 1834 (Ephes.
1683 1762 1779 1832 vI).
1812 1761 1868 1815 ln

292 1859 453 1924 malo,
483 1869 544 1912 ut
572 1866 658 1913 est
691 1857 820 1912 illud
875 1857 1175 1912 Psalmista:
1215 1876 1228 1911 :
1267 1854 1514 1910 Gladium
1563 1855 1866 1924 evaginave-
1893 1840 1940 1898 Β

291 1959 408 2001 runt
429 1958 724 2019 peccatores
756 1946 928 2020 (Psal.
961 1946 1169 2020 xxxv't).
1201 1947 1422 2002 Gladius
1448 1947 1748 2016 peccatoris
1786 1951 1870 1998 est

289 2040 515 2107 quilibet
541 2039 714 2105 dolus,
755 2039 978 2094 alterius
1016 2047 1272 2108 appetens
1320 2038 1618 2092 lmsionem.
1650 2035 1784 2088 Nam
1817 2042 1872 2089 ct

289 2129 400 2194 ille,
429 2129 523 2200 qui
574 2130 787 2199 inopem
818 2129 1049 2200 Spoliare
1104 2128 1401 2193 contendit,
1449 2141 1702 2197 perverse
1742 2141 1869 2180 conv

289 2219 394 2274 silii
433 2219 516 2275 sui
552 2219 786 2289 gladium
818 2219 1028 2284 educit;
1065 2226 1119 2273 et
1155 2217 1259 2282 ille,
1292 2219 1382 2287 qui
1419 2232 1585 2288 prava
1616 2215 1871 2271 suasione

287 2308 562 2364 desiderat
604 2308 852 2378 decipere
903 2308 1110 2362 animas
1139 2308 1502 2368 innocentum,
1534 2320 1716 2360 ensem
1743 2319 1870 2374 pes-

290 2401 441 2454 simae
461 2398 805 2471 cogitationis
840 2399 1096 2454 ostendit.
1126 2397 1548 2468 Evaginaverunt
1585 2402 1763 2450 autem
1792 2392 1870 2447 si—

290 2490 533 2560 gniﬁcat,
574 2490 900 2545 nudaverant
929 2510 947 2543 :
977 2500 1036 2545 ut
1068 2491 1210 2560 quod
1257 2498 1382 2543 ante
1419 2495 1537 2542 erat
1582 2488 1632 2542 in
1661 2486 1869 2558 cogita-

294 2578 457 2644 tione,
491 2586 746 2648 tanquam
771 2579 824 2632 in
853 2579 1045 2650 vagina
1073 2578 1432 2643 reconditum,
1464 2584 1586 2646 post
1613 2575 1868 2632 eductum

295 2666 542 2723 revelatis
567 2667 980 2739 cogitationibus
1007 2675 1308 2738 appareret.
1347 2666 1578 2721 Framea
1610 2665 1869 2719 ultionem

293 2757 530 2811 divinam
562 2757 829 2828 signiﬁcat
859 2757 913 2812 in
955 2757 1141 2828 impio,
1188 2757 1328 2811 unde
1369 2764 1454 2812 est
1481 2756 1611 2810 illud
1650 2755 1702 2809 in
1728 2755 1874 2825 psal-

295 2864 425 2904 mo:
478 2848 711 2919 Eﬂ'unde
765 2849 1042 2920 frameam,
1087 2859 1135 2903 et
1185 2847 1437 2903 conclude
1483 2847 1733 2901 adversus
1763 2863 1870 2912 eos,

294 2942 381 3011 qui
402 2957 486 2996 me
510 2951 892 3014 persequuntur
917 2939 1089 3014 (Psal.
1122 2940 1332 3012 XXXIV).
1367 2939 1432 2994 Et
1459 2940 1513 2994 in
1539 2938 1698 2993 aliam
1746 2953 1872 3008 par-

303 3041 405 3086 tem
435 3050 450 3086 :
480 3031 643 3102 Eripe
679 3049 711 3085 a
748 3032 951 3102 framea
1006 3031 1237 3086 animum
1283 3047 1455 3085 meam
1500 3027 1674 3100 (Psal.
1709 3025 1821 3099 xxx)
1857 3044 1872 3093 ;

297 3137 419 3176 nam
449 3122 668 3177 liberari
701 3137 760 3178 se
794 3120 1085 3192 postulavit
1112 3137 1142 3176 a
1171 3130 1365 3187 morte,
1405 3135 1565 3190 quam
1594 3119 1873 3174 subiturus

1971 580 2101 634 bet:
2143 581 2278 635 etin
2337 582 2500 647 bono,
2555 591 2610 637 et
2659 584 2712 638 in
2769 584 2911 638 malo
2964 585 3244 653 accipitur,
3296 594 3353 638 ut
3386 601 3548 656 supra

1970 674 2321 730 ostendimus.
2373 673 2508 728 Nam
2558 675 2766 744 gladius
2803 677 3022 730 verbum
3060 677 3175 739 Dei,
3207 686 3261 731 et
3291 679 3550 732 severita-

1974 775 2080 821 tem
2107 767 2242 837 legis
2289 777 2449 838 atque
2490 769 2876 838 prophetarum
2909 769 3197 839 signiﬁcat,
3231 777 3290 822 ut
3321 770 3374 823 in
3405 769 3550 839 Apo-

1972 859 2174 929 calypsi
2206 877 2218 912 :
2259 859 2329 913 Et
2370 859 2581 929 gladius
2611 859 2975 930 egrediebatur
3002 859 3066 913 de
3096 877 3183 913 ore
3212 860 3328 930 ejus
3365 862 3548 933 (Apoc.

1973 953 2034 1022 ι),
2065 952 2115 1005 id
2145 960 2249 1017 est,
2276 952 2498 1006 verbum
2551 951 2782 1005 Domini.
2837 950 3060 1006 Gladius
3111 952 3194 1006 vis
3222 961 3304 1006 est
3351 953 3553 1007 amoris

1971 1042 2088 1106 Dei,
2118 1042 2255 1096 utin
2301 1041 2592 1112 Evangelio
2623 1059 2635 1094 :
2678 1040 2801 1095 Non
2845 1043 2958 1094 veni
2995 1058 3174 1108 parem
3206 1042 3430 1104 mittere,
3461 1043 3550 1095 sed

1970 1129 2203 1202 gladium
2235 1129 2452 1200 (Matth.
2477 1129 2553 1201 Χ).
2591 1128 2765 1184 Gladii
2821 1137 2951 1184 sunt
2978 1130 3030 1184 in
3059 1131 3308 1185 manibus
3337 1139 3552 1185 sancto-

1973 1237 2092 1276 rum
2131 1220 2438 1276 testimonia
2487 1221 2680 1275 divinae
2737 1219 3034 1290 Scriptura:
3073 1237 3152 1275 ~ex
3184 1229 3417 1290 utroque
3449 1221 3552 1275 Te-

1972 1325 2238 1371 stamento
2287 1316 2417 1386 legis
2445 1316 2496 1370 in
2527 1315 2778 1370 acumine
2815 1315 3099 1383 perducta,
3128 1321 3186 1366 ut
3216 1313 3268 1365 in
3299 1312 3506 1381 psalmo
3533 1329 3547 1365 :

1972 1407 2040 1461 Et
2062 1407 2223 1477 gladii
2256 1407 2330 1460 bis
2358 1407 2499 1460 acuti
2553 1407 2608 1459 in
2652 1404 2889 1458 manibus
2914 1420 3093 1458 eorum
3124 1400 3297 1473 (Psal.
3344 1402 3548 1471 chIx).

1970 1499 2037 1554 Et
2063 1501 2115 1553 in
2146 1497 2401 1568 Apostolo
2429 1516 2446 1554 :
2483 1496 2548 1551 Et
2577 1495 2813 1564 gladium
2862 1495 3100 1566 spiritus,
3135 1493 3273 1564 quod
3317 1503 3390 1546 est
3430 1509 3544 1546 ver-

1971 1592 2090 1646 bum
2139 1590 2236 1644 Dei
2269 1589 2483 1661 (Ephes.
2535 1588 2631 1656 vt).
2671 1587 2868 1652 Gladii,
2916 1587 3022 1640 duo
3047 1593 3172 1639 sunt
3199 1584 3544 1639 Testamenta

1969 1682 2122 1753 legis,
2181 1691 2241 1735 ut
2292 1681 2346 1734 in
2401 1679 2694 1749 Evangelio
2744 1676 3041 1733 secundant
3094 1674 3297 1728 Lucam
3345 1692 3358 1726 :
3408 1672 3544 1725 Ecce

1970 1773 2132 1845 gladii
2157 1777 2262 1826 duo
2287 1773 2371 1826 hic
2403 1771 2554 1842 (Luc.
2589 1769 2747 1842 XXII).
2798 1767 3020 1822 Gladius
3066 1774 3147 1820 est
3169 1764 3547 1818 haereticorum

1970 1863 2300 1934 praedicatio,
2338 1871 2396 1916 ut
2424 1863 2477 1915 in
2511 1861 2800 1915 Salomone
2833 1878 2848 1913 :
2879 1858 3012 1924 Quae
3044 1873 3139 1926 pro
3165 1855 3406 1908 dentibus
3434 1851 3548 1922 gla-

1972 1956 2085 2008 dios
2113 1954 2261 2007 habet
2292 1951 2475 2024 (Prov.
2526 1949 2678 2021 xxx).
2708 1949 2774 2002 Et
2802 1949 2855 2003 in
2881 1946 3170 2017 Evangelio
3203 1964 3214 1998 :
3251 1943 3440 1997 Omnis
3459 1942 3550 2012 qui

1969 2044 2276 2114 percusserit
2329 2041 2526 2112 gladio,
2579 2040 2757 2111 gladio
2817 2039 3067 2091 morietur
3121 2035 3335 2106 (Matth.
3373 2034 3545 2100 xxw).

1971 2135 2194 2191 Gladius
2241 2142 2327 2189 est
2359 2133 2605 2188 seductio
2653 2130 2872 2194 diaboli,
2918 2137 2980 2182 ut
3021 2129 3074 2181 in
3104 2126 3409 2181 Psaltcrio:
3445 2125 3548 2190 Qui

1972 2226 2205 2280 liberain
2228 2240 2432 2278 servum
2447 2233 2593 2276 tuum
2609 2222 2672 2274 de
2687 2219 2864 2290 gladio
2887 2217 3114 2288 maligno
3140 2213 3310 2287 (Psal.
3339 2214 3548 2285 CXLIII).

1972 2317 2198 2373 Gladius
2216 2324 2301 2370 est
2327 2314 2598 2369 damnatio
2625 2311 2974 2380 sempiterna,
3005 2307 3137 2361 utin
3164 2306 3263 2360 Job
3293 2324 3306 2360 :
3337 2305 3397 2360 Si
3419 2305 3555 2358 mul-

1973 2407 2192 2479 tiplicati
2222 2407 2414 2476 fuerint
2450 2403 2547 2472 ﬁlii
2571 2403 2704 2472 ejus,
2743 2401 2794 2455 id
2837 2408 2937 2464 est,
2984 2398 3362 2452 haereticorum
3386 2395 3549 2451 disci-

1971 2498 2104 2570 puli,
2132 2499 2188 2551 in
2217 2496 2394 2568 gladio
2427 2505 2574 2549 erunt
2593 2493 2733 2565 (Job.
2784 2490 2976 2562 xxvu).
3029 2489 3253 2545 Gladius
3287 2497 3370 2543 est
3407 2488 3554 2559 judi-

1973 2589 2119 2645 cium
2160 2587 2276 2652 Dei,
2327 2595 2388 2641 ut
2437 2586 2489 2640 in
2539 2583 2771 2640 Jeremia
2801 2603 2812 2637 :
2844 2583 2886 2635 Α
2920 2583 3055 2652 [acie
3105 2580 3268 2651 gladii
3303 2579 3559 2634 columba:

1976 2680 2332 2750 unusquisque
2391 2677 2458 2732 ad
2517 2675 2764 2748 populum
2833 2691 2988 2727 suum
3042 2682 3370 2727 convertetur
3420 2670 3557 2743 (Jer.

1975 2771 2146 2842 vaI).
2179 2770 2401 2826 Gladius
2430 2778 2513 2823 est
2544 2767 2776 2822 vindicta
2825 2764 2910 2818 vel
2940 2780 3119 2819 sermo
3151 2763 3386 2828 Domini,
3412 2770 3472 2816 ut
3502 2762 3561 2816 in

1975 2863 2230 2935 Apostolo
2256 2881 2268 2916 :
2313 2860 2466 2915 Vivus
2493 2869 2567 2914 est
2597 2859 2734 2913 enim
2756 2873 2924 2912 sermo
2947 2856 3066 2922 Dei,
3095 2865 3142 2909 et
3170 2854 3380 2924 efﬁcax,
3405 2863 3450 2908 et
3473 2869 3563 2924 pe-

1979 2953 2284 3009 netrabilior
2305 2951 2445 3006 omni
2469 2948 2645 3020 gladio
2671 2947 2888 3017 ancipiti
2920 2944 3108 3018 (Hebr.
3140 2943 3236 3014 Iv).
3263 2941 3560 3012 Romphaia

1979 3048 2119 3102 idem
2145 3054 2247 3110 est,
2278 3044 2422 3114 quod
2458 3052 2510 3097 et
2535 3057 2716 3112 supra.
2772 3039 3057 3102 Macluera,
3115 3052 3294 3092 sermo
3343 3035 3566 3091 dolosus

1980 3148 2034 3194 et
2063 3137 2274 3193 insidiis
2301 3135 2512 3206 plenus,
2543 3141 2602 3188 ut
2631 3140 2714 3188 est
2740 3130 2868 3186 illud
2891 3131 2944 3185 in
2965 3128 3212 3201 psalmo:
3247 3127 3377 3182 Filii
3399 3128 3568 3182 homi-

294 3220 430 3276 erat,
465 3211 660 3270 collato
693 3212 901 3268 scilicet
928 3211 1340 3266 resurrectionis
1383 3211 1604 3264 auxilio.
1638 3207 1867 3263 Framca
1899 3213 1944 3277 ρ
1976 3246 2121 3292 ηψπ,
2153 3229 2331 3282 demes
2355 3243 2534 3280 eorum
2569 3242 2718 3278 arma
2761 3233 2808 3278 ει
2835 3223 3064 3293 sagum,
3093 3231 3140 3275 ει
3172 3218 3353 3290 lingua
3382 3233 3563 3273 eorum

295 3301 437 3355 enim
476 3316 835 3373 synonymum
889 3316 1082 3356 nomen
1135 3310 1237 3366 est,
1298 3301 1608 3370 signiﬁcans
1639 3299 1874 3355 sivcha-

289 3407 460 3462 stam,
492 3397 607 3452 sive
635 3397 895 3469 gladium,
949 3396 1063 3452 sive
1101 3395 1355 3468 quaelibet
1403 3408 1574 3459 arma,
1626 3408 1724 3464 per
1753 3407 1874 3462 quae

297 3486 466 3542 voluit
493 3485 735 3542 futurum
763 3487 941 3543 crucis
971 3488 1176 3542 exitum
1228 3492 1596 3557 competenter
1642 3485 1870 3548 adverti,

295 3577 384 3643 qui
412 3590 511 3646 per
535 3575 706 3645 ipsam
728 3575 1046 3646 plerumque
1072 3575 1348 3632 succedit:
1379 3575 1473 3631 sed
1499 3576 1674 3645 primo
1696 3575 1830 3630 dixit
1855 3591 1868 3628 :

281 3663 432 3738 Eripe
459 3667 696 3723 animam
722 3685 891 3724 meam
914 3687 926 3724 :
960 3667 1120 3724 modo
1148 3669 1283 3739 petit
1307 3667 1522 3724 liberari
1552 3667 1870 3733 Ecclesiam,

297 3777 415 3830 qua:
442 3767 532 3817 est
556 3760 633 3817 illi
661 3763 843 3830 unica,
873 3763 929 3818 id
953 3770 1057 3829 est,
1089 3763 1410 3819 catholicam
1445 3781 1459 3818 :
1491 3771 1554 3818 ut
1602 3763 1873 3835 intelliga-

300 3858 388 3904 tur
404 3851 684 3907 doctrinas
708 3867 875 3909 novas
902 3862 957 3908 et
997 3854 1352 3909 conciliabula
1397 3853 1730 3925 perditorum
1755 3855 1876 3909 uni-

300 3942 426 3998 tatis
446 3941 710 3999 vocabulo
737 3945 1026 4013 respuisse.
1057 3944 1190 3999 Item
1219 3944 1424 4000 framea
1456 3943 1725 4016 signiﬁcat
1749 3947 1873 4000 vin-

298 4032 498 4088 dictam
527 4033 585 4088 in
613 4033 884 4090 insontem
911 4034 1121 4105 prolata
1147 4052 1162 4090 :
1192 4043 1252 4089 ut
1285 4043 1369 4090 est
1392 4034 1523 4090 illud
1571 4035 1875 4092 Psalmista:

299 4125 364 4180 de
385 4125 802 4194 peccatoribus:
827 4126 1040 4182 Inimici
1063 4128 1362 4197 defecerunt
1394 4128 1608 4200 framea:
1634 4129 1692 4183 in
1714 4130 1875 4198 ﬁnem

299 4216 474 4284 (Psal.
511 4217 613 4286 Ix).
644 4216 873 4284 Inimici,
905 4219 1174 4291 genitivus
1220 4235 1380 4276 casus
1414 4230 1516 4286 est,
1541 4221 1594 4277 id
1625 4229 1729 4288 est,
1759 4221 1877 4276 dia-

298 4309 424 4375 boli,
460 4309 618 4379 cujus
649 4308 852 4366 framea
903 4309 1169 4367 defecisse
1195 4319 1440 4367 testatur.
1469 4312 1699 4368 Framea
1730 4315 1876 4368 enim

300 4397 600 4456 Hebraicus
651 4416 832 4456 sermo
857 4410 962 4467 est,
993 4401 1304 4473 signiﬁcans
1333 4402 1590 4474 gladium,
1643 4417 1750 4472 quo
1771 4403 1872 4458 ho-

299 4489 400 4544 stis
441 4489 533 4544 ille
582 4489 990 4546 bacchabatur:
1019 4492 1162 4562 quod
1184 4500 1364 4547 autem
1419 4492 1575 4558 dixit,
1606 4493 1662 4546 in
1692 4492 1872 4562 ﬁnem,

1972 3321 2238 3376 machara
2273 3329 2430 3374 acuta
2455 3316 2627 3390 (Psal.
2665 3315 2796 3386 LVI).
2829 3315 3061 3370 Securcs
3092 3313 3244 3384 signa
3267 3319 3393 3367 sunt
3437 3327 3558 3381 qua:

1973 3423 2099 3470 ante
2124 3412 2374 3468 consules
2398 3411 2732 3473 ferebantur,
2757 3423 2893 3478 quas
2918 3405 3140 3476 Hispani
3171 3404 3238 3458 ab
3266 3420 3366 3459 usu
3393 3403 3563 3457 Fran-

1973 3519 2159 3560 corum
2175 3517 2271 3574 per
2283 3501 2669 3556 derivationem
2684 3497 2978 3552 franciscas
2992 3501 3204 3551 vocant.
3221 3493 3299 3547 Ea
3320 3491 3564 3547 solebant

1974 3595 2126 3666 signa
2165 3601 2292 3647 ante
2318 3590 2593 3647 consulem
2628 3587 2835 3659 portari
2865 3605 2879 3641 :
2913 3603 2980 3640 ne
3004 3593 3096 3639 aut
3122 3599 3279 3639 usum
3310 3582 3564 3652 perderet

1973 3685 2122 3752 belli,
2147 3693 2241 3740 aut
2271 3698 2470 3738 vacans
2492 3681 2603 3736 otio
2628 3687 2905 3749 aspectum
2941 3677 3216 3732 amitteret
3237 3674 3560 3744 gladiorum.

1973 3777 2181 3833 Dicitur
2222 3783 2401 3830 autem
2437 3773 2646 3828 securis
2681 3770 3090 3833 ferramentum,
3142 3781 3250 3835 quo
3284 3764 3564 3819 caeduntur

1974 3870 2117 3941 ligna
2165 3869 2234 3924 ad
2271 3881 2428 3922 usum
2470 3863 2785 3920 hominum:
2819 3859 2961 3930 quod
2989 3858 3152 3912 etiam
3202 3855 3431 3924 mystice
3470 3861 3563 3906 aut

1974 3960 2340 4032 evangelicam
2358 3955 2799 4026 praedicationem
2825 3958 2916 4004 aut
2936 3947 3124 4018 judicii
3146 3944 3470 4002 sententiam
3491 3943 3564 3998 si-

1975 4054 2233 4126 gniﬁcat;
2269 4051 2411 4104 unde
2435 4056 2519 4103 est
2543 4043 2670 4100 illud
2713 4044 2767 4097 in
2802 4040 3093 4112 Evangelio
3125 4057 3139 4093 :
3165 4037 3290 4092 Jam
3319 4036 3455 4090 enim
3482 4051 3565 4089 se-

1976 4145 2116 4199 curis
2141 4142 2210 4197 ad
2235 4141 2435 4194 radices
2457 4137 2701 4193 arborum
2732 4134 2902 4204 posita
2929 4138 3002 4186 est
3025 4129 3240 4202 (Matth.
3261 4126 3366 4198 III).
3386 4126 3564 4181 Arbor

1976 4232 2135 4301 hujus
2157 4231 2339 4285 mundi
2363 4237 2448 4284 est
2467 4227 2781 4282 universum
2807 4237 2974 4295 genus
3005 4222 3331 4282 humanum;
3359 4217 3570 4273 securis

1975 4337 2107 4378 vero
2133 4329 2216 4376 est
2254 4318 2581 4388 Redemptor
2620 4323 2826 4379 noster,
2859 4312 2950 4382 qui
2989 4311 3134 4364 velut
3169 4324 3237 4364 ex
3283 4308 3568 4363 manubrio

1977 4423 2032 4470 et
2050 4412 2195 4468 ferro
2215 4417 2444 4474 constat,
2464 4415 2779 4474 teneturque
2798 4419 2866 4460 ex
2886 4400 3242 4464 humanitate,
3263 4399 3356 4454 sed
3377 4397 3569 4452 incidit

1980 4519 2045 4558 ex
2082 4501 2384 4557 divinitate.
2425 4498 2556 4564 Qum
2580 4495 2832 4550 videlicet
2857 4491 3062 4548 securis
3090 4489 3203 4560 jam
3235 4487 3301 4543 ad
3329 4487 3567 4543 radicem

298 4579 696 4635 consummatio
746 4580 929 4636 smculi
978 4581 1137 4634 datur
1164 4580 1406 4651 intelligi,
1447 4581 1662 4650 quando
1705 4582 1873 4637 virtus

1982 4593 2194 4649 arboris
2225 4591 2368 4646 illius
2404 4587 2582 4659 posita
2629 4592 2713 4641 est
2739 4601 2752 4638 :
2783 4582 2911 4654 quia
2955 4581 3059 4636 etsi
3100 4594 3198 4651 per
3251 4579 3565 4650 patientiam

298 4673 503 4729 diaboli
530 4673 886 4744 omnipotenti
931 4674 1025 4730 illo
1069 4675 1246 4747 gladio
1303 4676 1562 4747 probatur
1589 4676 1874 4731 interimi:

300 4766 366 4820 de
389 4779 503 4835 quo
525 4764 664 4820 dixit
687 4765 740 4820 in
781 4765 1011 4836 septimo
1045 4765 1293 4836 psalmo:
1331 4765 1455 4820 Nisi
1499 4765 1876 4831 convertimini,

299 4855 537 4927 gladium
562 4871 716 4910 suum
737 4855 975 4921 vibrabit,
997 4863 1101 4910 etc.
1127 4853 1299 4926 (Psal.
1323 4854 1442 4927 vn).
1473 4853 1677 4925 Spatha
1695 4871 1726 4910 a
1750 4871 1880 4926 pas-

302 4947 457 5002 sione
480 4945 699 5012 dicitur,
718 4945 909 5002 Graeco
929 4947 1126 5002 verbo:
1151 4945 1405 5016 quoniam
1428 4946 1578 5016 patin
1608 4944 1876 5019 [pathein]

302 5035 494 5093 Graece
542 5035 742 5092 dicitur
781 5037 895 5108 pati
923 5052 941 5093 :
968 5039 1110 5093 unde
1137 5048 1194 5092 et
1218 5038 1392 5108 patior
1414 5045 1470 5093 et
1493 5039 1694 5106 patitur
1742 5037 1880 5093 dici-

303 5143 446 5182 mus.
479 5125 900 5196 Semispatbium
937 5126 1147 5198 gladius
1174 5142 1206 5181 a
1231 5126 1404 5182 media
1433 5135 1600 5197 spatae
1649 5127 1883 5196 longitu-

304 5224 431 5279 dine
451 5222 752 5293 appellatus
774 5237 791 5277 :
816 5238 921 5278 non
945 5231 1006 5278 ut
1029 5223 1342 5294 imprudens
1358 5223 1550 5294 vulgus
1570 5224 1700 5280 dicit
1723 5243 1736 5278 :
1765 5224 1885 5280 sine

306 5314 503 5385 spatio,
544 5314 672 5369 dum
702 5314 898 5386 sagitta
933 5313 1167 5371 velocior
1194 5315 1284 5370 sit.
1321 5313 1489 5385 Pugio
1533 5330 1564 5370 a
1598 5316 1887 5387 pungendo

309 5417 364 5463 et
391 5405 761 5478 transﬁgendo
797 5415 1021 5462 vocatus
1050 5424 1064 5460 :
1096 5414 1182 5462 est
1226 5406 1372 5462 enim
1419 5406 1632 5476 gladius
1687 5423 1886 5477 parvus

309 5498 470 5555 etbis
494 5505 710 5564 acutus,
744 5497 901 5553 lateri
942 5497 1245 5554 adhaerens.
1292 5495 1424 5552 Item
1460 5506 1516 5552 et
1540 5496 1886 5553 clunabulum

313 5589 539 5658 dictum,
571 5589 717 5661 quod
767 5588 1024 5661 religetur
1051 5589 1120 5646 ad
1173 5589 1380 5645 clunes.
1447 5589 1570 5645 Sica
1597 5605 1628 5644 a
1654 5590 1889 5646 secando

315 5682 454 5738 dicta
480 5701 495 5738 :
552 5691 638 5738 est
661 5681 806 5739 enim
856 5681 1066 5754 gladius
1093 5682 1292 5747 brevis,
1333 5696 1442 5752 quo
1469 5681 1702 5737 maxime
1726 5689 1888 5736 utun-

317 5780 425 5840 tur,
455 5773 551 5846 qui
579 5774 720 5846 apud
744 5772 904 5831 Italos
929 5770 1211 5830 latrocinia
1234 5780 1509 5840 exercent,
1542 5786 1573 5827 a
1595 5767 1703 5843 quo
1723 5779 1780 5827 et
1808 5772 1883 5827 si-

1980 4689 2279 4753 exspectat,
2307 4679 2522 4734 videtur
2560 4687 2690 4732 tunc
2743 4674 2887 4745 quod
2917 4672 3126 4728 factura
3167 4680 3270 4727 est.
3299 4670 3482 4728 Potest
3511 4678 3568 4726 et

1981 4774 2190 4832 securis
2236 4771 2456 4827 nomine
2503 4767 2825 4840 praedicatio
2863 4764 3134 4822 sermonis
3157 4764 3455 4835 evangelici
3482 4764 3566 4816 in-

1983 4865 2169 4936 telligi,
2196 4863 2348 4934 quia,
2375 4860 2676 4918 secundum
2708 4857 3026 4929 Apostolum
3053 4875 3066 4910 :
3107 4855 3264 4910 Vivus
3292 4863 3368 4908 est
3395 4870 3566 4909 sermo

1985 4957 2109 5023 Dei,
2135 4965 2183 5010 et
2209 4955 2424 5024 efﬁcax,
2447 4963 2496 5008 et
2525 4949 2895 5024 penetrabilior
2934 4947 3077 5005 omni
3121 4945 3298 5016 gladio
3329 4943 3563 5012 ancipiti,

1989 5056 2037 5102 et
2067 5045 2360 5117 pertingens
2392 5059 2555 5114 usque
2586 5041 2656 5096 ad
2694 5041 3001 5095 divisionem
3039 5037 3230 5090 anima:
3255 5043 3300 5088 et
3328 5034 3567 5104 spiritus,

1989 5151 2296 5209 compagum
2347 5150 2547 5205 quoque
2591 5142 2639 5187 et
2669 5130 3042 5194 medullarum,
3071 5135 3119 5181 et
3147 5127 3402 5180 discretor
3426 5125 3568 5194 cogi-

1990 5232 2247 5287 tationum
2274 5227 2460 5301 (Hebr.
2485 5225 2582 5299 Iv).
2609 5225 2677 5280 Et
2721 5224 2990 5280 Jeremias
3034 5219 3294 5291 pr0pheta
3340 5218 3567 5273 verbum

1991 5323 2202 5381 Domini
2229 5320 2406 5377 securi
2433 5325 2712 5390 comparat
2734 5316 2956 5371 cmdenti
2993 5321 3222 5384 petram.
3261 5309 3384 5366 Sive
3413 5324 3570 5365 secu-

1993 5397 2076 5470 ris.
2127 5410 2453 5468 sententiam
2493 5406 2682 5476 judicii
2714 5404 2966 5460 altissimi
3023 5403 3314 5471 signiﬁcat,
3349 5417 3470 5472 qua:
3499 5400 3567 5455 ad

1993 5505 2206 5561 radices
2233 5503 2509 5566 arborum,
2539 5498 2594 5552 id
2625 5506 2729 5562 est,
2756 5496 2822 5550 ad
2875 5494 3035 5548 ﬁnem
3084 5494 3233 5564 regni
3265 5493 3442 5564 pepuli
3470 5492 3567 5548 Ju-

1992 5597 2131 5653 daici
2157 5595 2329 5666 posita
2356 5603 2438 5647 est
2463 5609 2476 5646 :
2505 5598 2563 5645 ut
2590 5604 2702 5656 eos,
2736 5587 2825 5657 qui
2875 5586 2929 5640 in
2958 5584 3174 5640 Christo
3217 5585 3440 5659 credere
3466 5598 3564 5638 no-

1989 5688 2224 5752 luerunt,
2255 5685 2318 5741 de
2345 5693 2488 5739 terra
2523 5682 2816 5737 viventium
2843 5677 3111 5734 abscidat.
