3950 6192
380 418 484 473 559

969 525 1195 583 CAPUT
1247 527 1350 582 γη.

1018 617 1095 671 De
1127 618 1310 671 hastis.

444 711 609 765 Hasta
638 716 722 764 est
773 717 963 762 contus
1005 723 1128 762 cum
1182 708 1348 772 ferto,
1381 706 1534 775 cujus
1570 706 1948 762 diminutivum

370 804 502 857 facit
548 803 760 857 hastile.
814 801 1019 857 Nomen
1076 811 1255 856 autem
1312 803 1468 857 basta
1517 801 1585 856 ab
1633 812 1754 855 astu
1803 815 1949 854 sum-

370 894 664 965 psit,-unde
686 901 741 949 et
770 893 985 947 astutia.
1030 892 1235 947 Cantus
1263 891 1467 948 ferrum
1503 909 1607 947 non
1638 892 1821 955 habet,
1852 891 1947 946 sed

370 995 582 1041 tantum
606 986 828 1056 cuspide
860 994 1016 1039 acuta
1047 991 1149 1038 est.
1198 983 1487 1053 Virgilius:

496 1086 822 1149 Ferratasque
846 1086 1036 1145 trudes,
1063 1090 1113 1132 et
1137 1091 1278 1132 acuta
1302 1081 1501 1143 cuspide
1527 1087 1714 1131 contos.

367 1169 578 1225 Contus
643 1177 823 1223 autem
884 1168 1036 1237 quasi
1098 1167 1311 1221 conitus
1359 1184 1372 1220 :
1428 1174 1514 1220 est
1577 1167 1722 1221 enim
1777 1180 1945 1249 conus

366 1270 528 1316 acuta
557 1261 881 1316 rotunditas.
909 1261 965 1313 ln
998 1257 1389 1329 signiﬁcatione
1418 1266 1599 1312 autem
1646 1258 1816 1312 hastae
1861 1256 1944 1311 vel

371 1353 644 1409 hostilium
708 1359 885 1421 potest
945 1350 1167 1405 tentatio
1226 1348 1488 1404 diabolica
1545 1347 1791 1417 intelligi,
1846 1361 1945 1415 per

366 1456 530 1512 quam
553 1441 713 1496 saluti
743 1440 955 1511 generis
981 1439 1202 1494 humani
1230 1439 1343 1507 ipse
1380 1438 1638 1508 antiquus
1661 1437 1832 1493 hostis
1856 1437 1942 1491 in-

368 1533 532 1599 videt,
563 1544 619 1588 et
669 1531 1097 1587 interfectionem
1151 1539 1462 1601 przeparat:
1492 1531 1635 1585 unde
1670 1538 1754 1584 est
1786 1528 1941 1590 illud,

365 1627 509 1695 quod
539 1625 607 1680 de
633 1624 849 1680 Goliath
900 1624 1116 1694 gigante
1165 1622 1449 1693 Scriptura
1485 1621 1673 1685 refert,
1711 1620 1939 1675 dicens:

370 1716 576 1771 Hostile
596 1725 770 1770 autem
796 1716 961 1769 hasta:
1002 1715 1116 1784 ejus
1162 1725 1273 1768 erat
1313 1714 1467 1783 quasi
1519 1711 1835 1765 liciatoriam
1864 1720 1941 1764 te-

364 1807 622 1873 rrentium,
676 1814 779 1860 etc.
817 1804 868 1877 (Ι
904 1806 1030 1875 Reg.
1066 1803 1220 1876 xvn).
1252 1805 1435 1875 Pugna
1460 1819 1589 1859 vero
1632 1802 1943 1857 Pbilistino—

1022 416 1082 471 Β.
1125 414 1373 470 RABANI
1416 415 1633 470 MAURI
1670 412 1987 471 ARCHIEP.
2027 416 2332 474 MOGl’NT.
2374 421 2654 497 OPERUM
2693 425 2872 481 PARS
2911 426 2972 482 ll’.

3520 432 3623 486 5i“

1884 536 1894 547 ‘
1984 532 2031 588 Α
2060 538 2286 599 cupatze.
2316 532 2542 604 Scorpio
2573 545 2655 590 est
2677 539 2873 607 sagitta
2908 547 3193 603 vimenata,
3239 555 3363 594 arcu
3402 545 3484 597 vel
3510 555 3627 598 tor-

2058 622 2256 676 mentis
2283 638 2531 688 exeussa,
2560 641 2678 696 qua:
2712 626 2840 680 dum
2874 626 2939 680 ad
2988 629 3258 685 hominem
3282 633 3508 696 venerit,
3541 636 3626 687 vi-

2056 725 2169 774 rus,
2192 727 2299 781 quo
2324 712 2459 784 ﬁgit,
2488 714 2724 768 infundit
2754 732 2767 768 :
2798 717 2940 770 unde
2967 725 3023 771 ct
3051 718 3266 788 scorpio
3313 735 3508 776 nomen
3536 704 3628 778 ac-

2052 803 2211 871 cepit.
2243 803 2319 859 De
2346 806 2557 877 sagittis
2587 822 2712 877 ergo
2747 800 2799 860 in
2829 805 2930 862 Job
2974 808 3047 861 ita
3078 811 3335 878 scriptum
3364 820 3449 866 cst
3475 830 3488 865 :
3526 812 3629 867 Sa-

2050 893 2193 961 gitta:
2250 893 2458 949 Domini
2496 896 2551 949 in
2598 913 2679 951 me
2738 906 3126 968 sunt,quarum
3158 900 3446 970 indignatio
3472 904 3629 956 ebibit

2048 984 2287 1052 spiritum
2309 996 2477 1039 meum
2501 986 2642 1058 (Job.
2669 986 2764 1061 vr).
2800 989 2897 1043 Hic
2923 990 3239 1060 sagittarum
3270 994 3487 1048 nomine
3512 997 3632 1049 ani.

2050 1073 2441 1130 madversionis
2472 1079 2739 1133 sententia
2794 1079 3123 1151 designatur.
3168 1080 3265 1136 Vir
3293 1083 3455 1154 igitur
3502 1100 3631 1140 san-

2046 1171 2166 1217 ctus
2213 1165 2336 1233 quia
2383 1168 2831 1238 peregrinationis
2876 1186 2989 1225 sua:
3034 1187 3329 1227 aerumnam
3382 1174 3628 1244 respicit,

2047 1254 2189 1320 quod
2214 1255 2314 1309 sub
2341 1258 2810 1324 persecutionibus
2856 1261 3150 1315 Dominicze
3203 1263 3635 1320 animadversio-

2046 1346 2132 1399 nis
2156 1346 2497 1416 ingemiscat,
2520 1351 2653 1405 dicit
2685 1369 2697 1405 :
2732 1350 2887 1406 Unde
2914 1361 2962 1406 et
2992 1354 3143 1407 τευ-θα
3165 1370 3281 1407 mea
3304 1354 3484 1409 dolore
3505 1366 3634 1410 sunt

2044 1433 2239 1503 plena:
2277 1440 2401 1507 quia
2422 1440 2630 1510 sagitta:
2658 1441 2713 1495 in
2750 1458 2833 1496 me
2861 1454 2982 1497 sunt
3028 1442 3280 1497 Domini:
3309 1459 3373 1499 ac
3402 1446 3448 1499 si
3478 1447 3631 1500 dice-

2045 1535 2166 1582 ret:
2199 1528 2310 1598 Ego
2358 1529 2412 1582 in
2463 1531 2634 1585 exsilii
2691 1531 3039 1587 damnatione
3098 1547 3205 1587 non
3249 1535 3496 1622 gaudeo:
3533 1538 3632 1590 sed

2045 1621 2144 1674 sub
2187 1620 2393 1691 judicio
2445 1626 2652 1693 positus
2682 1625 2857 1690 doleo,
2913 1626 3037 1693 quia
3091 1625 3198 1680 vim
3233 1620 3632 1697 persecutionis

2045 1725 2297 1779 agnosco.
2323 1712 2552 1783 Sagitta,
2579 1713 2839 1770 Dominus
2862 1714 3022 1771 Jesns
3035 1717 3302 1781 Christus,
3329 1720 3494 1773 corda
3516 1720 3634 1774 ele-

2048 1808 2259 1855 ctorum
2274 1817 2492 1857 suorum
2510 1804 2801 1860 salubriter
2814 1807 3125 1874 vulnerans,
3145 1820 3203 1864 ut
3216 1811 3268 1863 in
3285 1810 3424 1864 Isaia
3443 1830 3455 1865 :
3475 1811 3629 1867 Sicut

368 1911 486 1949 rum
518 1904 705 1950 contra
735 1894 898 1949 Israel
945 1911 1049 1949 non
1091 1894 1530 1950 inconvenienter
1579 1893 1938 1963 malignorum
1968 1882 2018 1942 Β
2044 1893 2310 1962 sagittam,
2353 1895 2622 1950 abscondit
2673 1914 2756 1952 me
2784 1899 2836 1951 in
2864 1900 3109 1967 pharetra
3154 1918 3250 1955 sua
3278 1901 3414 1973 (Isa.
3450 1904 3623 1975 XLIX).

368 1985 651 2055 spirituum
708 1985 950 2055 praelium
1003 1986 1287 2041 adversum
1319 1986 1615 2042 Ecclesiam
1644 1985 1735 2039 Dei
1768 1984 1943 2055 accipi

363 2084 560 2146 potest.
591 2076 719 2131 Inde
746 2076 1023 2146 egreditur
1045 2078 1110 2132 de
1143 2077 1360 2140 castris,
1402 2077 1606 2132 scilicet
1630 2077 1942 2132 Philistino-

370 2183 508 2233 rum,
535 2168 622 2222 vir
657 2168 897 2238 spurius,
938 2168 1155 2223 nomine
1183 2166 1417 2233 Goliatb,
1451 2168 1630 2223 nimia:
1679 2167 1946 2238 magnitu-

365 2258 507 2314 dinis
538 2277 552 2313 :
583 2260 675 2329 qui
732 2259 870 2315 bene
918 2267 1097 2331 potest
1151 2258 1456 2329 signiﬁcare
1509 2259 1707 2315 diaboli
1750 2274 1942 2329 super-

366 2351 530 2416 biam,
558 2366 721 2421 quam
757 2351 925 2407 David
972 2360 1179 2417 noster,
1211 2352 1468 2423 singulari
1494 2352 1788 2407 certamine
1815 2366 1944 2408 con-

364 2455 610 2511 gressus,
633 2441 949 2511 prostravit,
1007 2456 1072 2496 ac
1116 2441 1372 2511 populum
1403 2442 1500 2497 Dei
1527 2457 1558 2496 a
1586 2443 1779 2497 timore
1824 2441 1943 2512 ejus

364 2531 605 2602 eripuit;
637 2531 729 2600 qui
756 2531 966 2585 leonem
993 2539 1048 2585 et
1073 2547 1258 2586 ursum
1289 2532 1522 2597 necavit,
1554 2547 1763 2596 ursum,
1791 2531 1943 2587 vide-

366 2625 492 2680 licet
513 2623 781 2679 diaholum
812 2640 824 2678 :
857 2624 1087 2690 leonem,
1111 2624 1521 2688 Antichristum,
1544 2624 1774 2679 alterum
1796 2639 1940 2679 nunc

366 2714 675 2772 hominibus
707 2713 939 2768 latenter
995 2712 1380 2779 insidiantem;
1414 2712 1643 2768 alterum
1674 2713 1728 2768 in
1754 2722 1939 2784 poste-

365 2818 482 2858 rum
529 2801 973 2859 manifestissime
1026 2801 1356 2858 smvicntem.
1411 2801 1620 2857 Lancea
1652 2810 1735 2857 est
1780 2801 1935 2856 basta

362 2903 636 2950 amentum
690 2894 895 2949 habens
929 2894 982 2948 in
1038 2894 1216 2949 medio
1260 2892 1449 2949 :dieta
1499 2901 1677 2949 autem
1728 2892 1936 2957 lancea,

360 2986 505 3055 quod
531 3000 685 3055 aequa
728 2984 903 3049 lance,
932 2985 985 3040 id
1010 2992 1114 3051 est,
1152 2984 1347 3055 aequali
1377 2994 1593 3041 amento
1638 2985 1932 3056 ponderata

364 3078 628 3134 vibratur.
684 3075 973 3131 Amentum
1029 3076 1303 3131 vinculum
1368 3084 1453 3132 est
1489 3076 1792 3147 iaculorum
1838 3076 1936 3130 ba-

363 3167 587 3229 stilium,
625 3166 767 3237 quod
820 3166 873 3221 in
918 3165 1110 3222 mediis
1165 3166 1338 3222 hastis
1395 3174 1649 3236 aptatur;
1693 3175 1751 3222 et
1808 3167 1933 3222 inde

2045 1981 2254 2051 Sagitta
2289 1995 2619 2055 praeceptum
2667 1987 2927 2054 divinum,
2972 1998 3033 2044 ut
3080 1990 3132 2043 in
3169 1990 3435 2046 Psalterio
3466 2010 3479 2046 :
3515 1992 3622 2048 Sa-

2043 2072 2187 2144 gitta:
2232 2075 2568 2143 parvulorum
2624 2077 2778 2147 factte
2831 2090 2951 2133 sunt
3000 2078 3171 2150 plaga:
3228 2098 3408 2165 cogam
3446 2081 3623 2154 (Psal.

2043 2165 2221 2237 unt),
2249 2166 2352 2221 hoc
2371 2176 2473 2231 est,
2503 2168 2887 2238 apostolorum.
2933 2170 3001 2225 Et
3025 2171 3152 2227 alibi
3178 2191 3191 2226 :
3224 2172 3371 2227 Misit
3396 2174 3621 2243 sagittas

2042 2270 2188 2321 suas,
2221 2255 2490 2326 dissipavit
2518 2273 2606 2311 eos
2632 2255 2804 2328 (Psal.
2845 2257 2998 2332 xvii).
3030 2259 3251 2330 Sagitta:
3283 2261 3494 2317 insidiae
3520 2263 3626 2317 ini-

2043 2347 2192 2413 mici,
2223 2347 2339 2402 sive
2367 2363 2547 2404 sermo
2574 2350 2971 2416 haereticorum,
3027 2360 3086 2406 ut
3110 2352 3164 2407 in
3206 2351 3438 2408 Ieremia
3467 2369 3483 2408 :
3516 2354 3622 2409 Sa-

2040 2438 2171 2507 gitta
2215 2437 2516 2505 vulnerans,
2555 2439 2735 2511 lingua
2780 2441 2981 2496 inimici
3005 2440 3259 2516 (Jer.lx).
3311 2443 3622 2514 Aliquando

2040 2543 2172 2583 vero
2209 2529 2527 2600 sagittarum
2551 2531 2787 2597 nomine,
2819 2541 2881 2587 ut
2909 2532 3165 2597 diximus,
3219 2535 3504 2590 sententiae
3538 2536 3621 2589 di-

2039 2618 2180 2672 vinas
2203 2617 2334 2689 legis
2366 2619 2744 2690 exprimuntur
2770 2637 2785 2688 ;
2816 2620 2958 2677 unde
2987 2630 3071 2677 est
3116 2622 3243 2678 illud
3274 2625 3327 2679 in
3363 2625 3573 2695 psalmo
3603 2643 3615 2679 :

2042 2705 2262 2779 Sagitta:
2314 2720 2421 2764 tua:
2463 2720 2654 2778 acutar,
2693 2714 3047 2782 potentissime
3089 2713 3262 2786 (Psal.
3318 2716 3513 2787 xmv);
3562 2726 3619 2772 et

2040 2797 2165 2853 alibi
2208 2799 2418 2867 sagittae
2455 2808 2627 2856 acutae
2671 2809 2798 2856 sunt
2841 2803 3003 2857 verba
3054 2803 3264 2859 Domini
3315 2804 3615 2860 Salvatoris

2041 2890 2339 2956 hominum,
2371 2893 2575 2962 sagitta:
2599 2893 2822 2962 potentis
2850 2904 3020 2949 acum
3050 2893 3219 2965 (Psal.
3251 2895 3422 2969 CXIX),
3448 2898 3614 2952 corda

2040 2978 2332 3035 salubriter
2358 2979 2656 3051 inﬁgentia,
2679 2996 2797 3051 qua:
2826 2983 2948 3038 ideo
2966 2984 3271 3049 vulnerant,
3300 2996 3360 3039 ut
3389 2996 3611 3042 sanant:

2040 3069 2163 3124 ideo
2207 3070 2537 3139 percutiunt,
2574 3079 2631 3125 ut
2660 3070 2930 3127 liberem:
2972 3073 3093 3128 ideo
3152 3083 3525 3143 prosternunt,
3554 3086 3615 3131 ut

2040 3159 2270 3230 erigant.
2311 3159 2446 3215 Nam
2484 3170 2539 3216 et
2585 3161 2747 3217 aliam
2784 3162 3234 3235 signiﬁcationem
3276 3167 3488 3238 sagitta:
3514 3168 3608 3222 ha-

360 3226 658 3324 amentnm,
686 3258 829 3328 quod
880 3257 1054 3312 media
1103 3256 1258 3312 basta
1285 3226 1540 3326 religetur
1564 3264 1620 3313 et
1636 3226 1931 3328 rjaouletur.
1965 3226 2009 3289 (ἶ
2040 3226 2171 3307 bent
2202 3253 2254 3307 in
2291 3253 2379 3308 illa
2412 3254 2606 3324 psalmi
2653 3226 2920 3311 senteniia
2961 3275 2974 3311 :
3014 3226 3369 3313 Paravcruntv
3394 3261 3614 3335 sagittas

354 3350 521 3405 Clava
537 3357 640 3413 est,
668 3347 841 3417 qualis
867 3346 963 3401 fuit
989 3345 1236 3402 Herculis
1262 3360 1277 3400 :
1310 3347 1476 3413 dicta,
1498 3349 1642 3417 quod
1674 3348 1742 3403 sit
1766 3347 1935 3403 clavis

360 3439 554 3494 ferreis
579 3438 808 3494 invicem
834 3436 1079 3508 religata,
1120 3444 1176 3492 ct
1202 3445 1286 3493 est
1309 3438 1492 3494 cubito
1518 3437 1682 3493 semis
1706 3437 1848 3492 facta
1878 3437 1934 3492 in

357 3529 729 3601 longitudine:
762 3529 877 3584 hmo
923 3536 980 3583 et
1022 3527 1220 3595 cateja,
1252 3544 1416 3599 quam
1466 3529 1703 3585 Lucilius
1757 3529 1932 3585 caiam

352 3620 526 3675 dicit:
557 3626 643 3675 est
668 3620 811 3674 enim
859 3633 1027 3689 genus
1055 3618 1244 3675 Gallici
1277 3621 1364 3676 teli
1404 3636 1468 3676 ex
1497 3621 1724 3676 materia
1769 3636 1933 3692 quam

353 3711 593 3767 maxime
619 3711 784 3777 lenta,
815 3725 934 3780 quae
956 3708 1103 3779 jacta
1133 3726 1238 3765 non
1265 3712 1481 3780 quidem
1519 3710 1677 3784 longe
1713 3722 1935 3783 propter

354 3801 677 3871 gravitatem
705 3800 918 3856 evolat:
948 3800 1044 3856 sed
1071 3815 1180 3872 quo
1226 3802 1490 3871 pervenit,
1523 3804 1577 3857 vi
1611 3804 1778 3858 nimia
1804 3818 1929 3872 per-

357 3894 580 3964 fringit:
613 3893 759 3963 quod
803 3893 849 3948 si
878 3893 947 3948 ab
972 3893 1182 3949 artiﬁce
1228 3894 1497 3961 mittatur,
1527 3911 1743 3951 rursum
1795 3898 1933 3953 redit

353 3985 588 4041 adeum.
638 3985 851 4042 Lancea
900 3986 1045 4041 enim
1095 3994 1273 4057 potest
1304 3987 1616 4057 signiﬁcare
1662 3990 1931 4059 passionis

351 4074 611 4140 dolorem,
650 4074 734 4131 vel
780 4084 1253 4130 sacramentorum
1295 4077 1633 4147 apertionem
1662 4096 1674 4133 :
1704 4080 1847 4134 unde
1874 4079 1929 4134 in

348 4167 617 4237 Propheta
640 4168 900 4239 scriptum
949 4176 1078 4224 est:
1114 4167 1333 4224 Lanccis
1377 4170 1487 4225 suis
1533 4170 1930 4227 uulnerauerunt

350 4276 451 4313 me.
480 4259 547 4313 Et
580 4260 635 4313 in
664 4260 917 4328 passione
936 4261 1150 4316 Domini
1174 4277 1310 4316 unus
1337 4261 1562 4316 militum
1584 4262 1763 4317 lancea
1789 4262 1927 4319 latus

344 4349 462 4417 ejus
485 4350 707 4419 aperuit,
735 4360 783 4403 et
806 4352 1052 4404 continuo
1075 4352 1232 4405 exivit
1261 4353 1476 4422 sanguis
1503 4361 1551 4407 ct
1577 4370 1713 4422 aqua
1741 4352 1922 4425 (.Ioan.

345 4458 437 4497 xui
466 4441 507 4512 ).
556 4442 799 4513 Eleganti
849 4458 977 4513 ergo
1034 4444 1364 4514 evangelista
1418 4445 1580 4500 verbo
1632 4461 1763 4501 usus
1798 4455 1916 4511 est,

2035 3365 2161 3403 suas
2182 3348 2237 3403 in
2262 3350 2528 3419 pharetra,
2553 3360 2608 3403 ut
2640 3352 2886 3420 sagittent
2911 3352 2967 3405 in
3005 3350 3225 3405 obscuro
3256 3365 3421 3406 rectos
3459 3354 3617 3408 corde

2036 3433 2208 3508 (Psal.
2235 3435 2313 3509 ι).
2338 3437 2631 3493 Permanet
2657 3438 2710 3493 in
2738 3441 3142 3509 comparatione
3164 3440 3463 3511 sagittarii:
3490 3458 3614 3495 nam

2035 3527 2177 3583 sicut
2214 3526 2313 3582 iste
2344 3527 2508 3583 habet
2550 3529 2776 3600 sagittas
2814 3529 2868 3583 in
2895 3530 3173 3599 pharetra,
3217 3531 3291 3585 ita
3322 3530 3413 3587 ille
3438 3541 3614 3601 gestat

2033 3618 2087 3673 in
2117 3619 2278 3673 corde
2303 3620 2467 3674 verba
2499 3634 2766 3675 venenosa
2793 3636 2806 3673 :
2841 3620 2892 3674 in
2915 3621 3147 3675 obscuro
3177 3635 3326 3686 vero,
3347 3621 3465 3677 sive
3488 3638 3611 3677 cum

2032 3708 2497 3778 persecutionibus
2551 3710 2899 3780 perturbatur
2947 3710 3209 3776 Ecclesia,
3269 3714 3490 3781 quando
3549 3716 3614 3769 ti-

2032 3813 2184 3854 more
2223 3799 2451 3869 periculi
2485 3799 2729 3855 carnales
2776 3799 3023 3856 homines
3054 3802 3351 3857 creduntur
3398 3798 3614 3859 facilius

2032 3888 2309 3943 immutari
2338 3907 2351 3942 :
2383 3888 2495 3945 sive
2534 3888 2589 3943 in
2637 3890 2953 3945 abscondito
2985 3891 3227 3957 consilio,
3260 3907 3382 3946 cum
3410 3906 3610 3962 oppor-

2034 3979 2214 4033 tunius
2244 3986 2436 4049 putant
2451 3978 2788 4033 Christianos
2815 3979 3087 4049 decipere,
3115 3982 3333 4051 quando
3358 3983 3613 4053 eosjudl-

2029 4076 2154 4125 cant
2182 4083 2278 4124 sua
2305 4069 2527 4124 consilia
2555 4084 2660 4123 non
2699 4068 2881 4124 videre
2910 4086 2923 4123 :
2955 4070 3048 4124 sed
3091 4083 3213 4125 cum
3257 4071 3406 4134 dicit,
3444 4086 3610 4127 rectos

2029 4159 2205 4224 corde,
2238 4158 2460 4214 insidias
2488 4172 2676 4215 eorum
2709 4158 2943 4213 ostendit
2968 4159 3156 4214 inanes
3192 4167 3249 4214 et
3273 4174 3494 4217 vacuas.

2632 4265 2859 4321 CAPUT
2885 4266 2979 4321 1X.

2613 4338 2691 4398 De
2733 4337 3005 4408 pharetris.

2097 4431 2381 4497 Pbaretra,
2409 4430 2732 4501 sagittarum
2783 4429 2957 4494 theca,
2989 4444 3021 4483 a
3062 4429 3287 4485 ferendo
3310 4428 3495 4496 iacula
3522 4430 3605 4484 di-

346 4540 408 4585 ut
436 4545 542 4583 non
572 4532 776 4586 diceret
804 4549 817 4586 :
853 4532 993 4588 latus
1019 4532 1133 4601 ejus
1161 4534 1433 4603 percussit
1459 4543 1554 4589 aut
1581 4535 1920 4591 vulneravit:

2038 4533 2135 4589 sta,
2160 4524 2302 4580 sicut
2317 4532 2371 4578 et
2408 4521 2688 4584 feretrum,
2737 4521 2831 4575 ubi
2860 4519 3023 4576 funus
3050 4520 3293 4575 defertur
3320 4537 3334 4573 :
3369 4535 3493 4589 quae
3519 4522 3604 4575 id-

346 4629 442 4676 aut
463 4622 591 4693 quid
615 4623 757 4677 aliud
780 4625 902 4678 :sed
928 4628 1151 4696 aperuit,
1176 4636 1234 4681 ut
1261 4626 1370 4682 illic
1382 4628 1779 4695 quodammodo
1801 4630 1924 4685 vita:

344 4714 543 4770 ostium
589 4714 938 4783 panderetur,
972 4700 1113 4771 unde
1164 4725 1503 4772 sacramenta
1533 4717 1788 4774 Ecclesia:
1814 4735 1926 4776 ma-

344 4812 610 4863 uaverunt
653 4805 771 4861 sine
800 4805 999 4876 quibus
1021 4807 1088 4861 ad
1137 4807 1326 4872 vitam,
1360 4822 1479 4877 quae
1507 4821 1635 4862 vera
1658 4816 1744 4864 est
1786 4810 1918 4878 vita,

341 4916 448 4958 non
474 4901 728 4956 intratur.
761 4899 853 4955 llle
893 4900 1112 4971 sanguis
1138 4899 1192 4953 in
1237 4898 1615 4954 remissionem
1664 4899 1817 4956 fusus
1837 4910 1923 4958 est

338 5002 684 5069 peccatorum
712 5009 727 5046 :
757 5006 898 5062 aqua
936 4990 1023 5045 illa
1055 4990 1292 5045 salutare
1327 4996 1592 5061 temperat
1620 4990 1869 5061 poculum
1899 5009 1915 5058 ;

341 5090 457 5149 hace
480 5096 537 5146 et
564 5088 838 5143 lavacrum
870 5093 1092 5157 praestat
1113 5093 1167 5139 et
1199 5092 1403 5156 potum.

923 5194 1150 5252 CAPUT
1178 5194 1308 5250 Vlll.

942 5266 1016 5322 De
1045 5268 1269 5338 sagittis.

411 5361 616 5433 Sagitta
644 5379 671 5417 a
703 5358 883 5433 sagaci
911 5360 1085 5430 jactu,
1117 5361 1168 5415 id
1221 5366 1326 5426 est,
1353 5358 1523 5414 veloci
1563 5359 1671 5414 ictu
1700 5369 1912 5415 vocata.

340 5450 539 5508 l‘cuuis
565 5453 708 5508 enim
765 5453 956 5516 fertur,
988 5451 1144 5522 quasi
1186 5450 1324 5516 avis,
1377 5455 1438 5504 ut
1470 5449 1722 5505 celeriter
1769 5465 1916 5506 mors

338 5553 621 5624 percurrat
649 5546 717 5600 aJ
746 5544 1044 5600 hominem.
1079 5542 1175 5599 His
1218 5543 1456 5614 primum
1505 5541 1794 5597 Cretenses
1826 5542 1909 5597 usi

338 5642 487 5702 sunt,
510 5636 706 5706 quibus
733 5651 923 5704 penum
947 5635 1029 5706 (ut
1051 5633 1306 5706 diximus)
1339 5634 1460 5688 ideo
1484 5632 1912 5702 agglutinantur,

341 5740 400 5791 ut
446 5728 590 5784 leves
627 5728 736 5783 sint
771 5737 827 5782 et
854 5728 1137 5797 pervolent
1172 5726 1495 5796 Seaptos....
1536 5723 1754 5795 Spicula
1790 5732 1916 5779 sunt

332 5820 551 5891 ’βέῑδὶιιω
595 5816 677 5872 vel
729 5816 928 5871 lanceae
970 5817 1162 5871 breves
1191 5832 1218 5870 a
1248 5816 1524 5888 Spicarum
1566 5812 1749 5889 specie
1779 5829 1914 5868 nun—

2028 4613 2175 4669 cireo
2204 4611 2583 4683 etymologiam
2640 4624 2980 4665 communem
3017 4609 3260 4664 habent:
3308 4608 3435 4678 quia
3464 4609 3603 4679 pha-

2027 4712 2172 4761 retra
2224 4710 2477 4767 mortem,
2534 4700 2796 4756 feretrum
2855 4704 3129 4754 mortuum
3179 4706 3380 4768 portat.
3431 4698 3602 4754 Coriti

2026 4798 2243 4870 proprie
2272 4804 2402 4852 sunt
2427 4810 2649 4851 arcuum
2676 4794 2868 4859 thecae,
2893 4793 3034 4849 sicut
3053 4793 3376 4864 sagittarum
3406 4792 3605 4862 phare-

2027 4898 2144 4946 trae.
2179 4889 2439 4945 Pharetra
2487 4886 2631 4941 enim
2686 4894 2781 4940 aut
2809 4884 3091 4954 Scriptura
3121 4895 3207 4938 est
3244 4899 3421 4948 saera,
3456 4886 3603 4939 unde

2024 4983 2236 5055 sagitta:
2259 4981 2651 5037 sententiarum
2674 4978 2976 5033 divinarum
2997 4975 3367 5047 proferuntur,
3395 4982 3452 5030 et
3479 4990 3602 5045 pro-

2023 5075 2202 5146 phetae
2229 5080 2392 5142 atque
2424 5067 2649 5141 apostoli
2686 5066 3087 5139 prmdicationis
3123 5065 3301 5134 iacula
3330 5065 3552 5119 mittant
3579 5081 3596 5118 :

2026 5175 2119 5223 aut
2166 5163 2476 5220 humanitas
2529 5160 2827 5216 Salvatoris
2864 5158 3054 5224 nostri,
3082 5158 3174 5229 qui
3228 5158 3283 5213 in
3329 5157 3469 5212 Isaia
3514 5157 3597 5212 lo-

2023 5259 2230 5330 quitur,
2256 5252 2442 5311 dicens
2472 5271 2485 5307 :
2519 5250 2702 5307 Posuit
2726 5266 2809 5305 me
2841 5251 2973 5305 sicut
2997 5251 3244 5321 sagittam
3267 5248 3504 5314 electam,
3547 5259 3597 5303 et

2024 5353 2078 5406 in
2098 5351 2342 5422 pharetra
2361 5361 2459 5401 sua
2472 5344 2738 5400 abscondit
2752 5359 2833 5397 me
2849 5340 2983 5414 (Isa.
3009 5341 3178 5413 χιιι).
3195 5341 3419 5410 Quando
3441 5341 3595 5405 dicit,

2025 5444 2270 5515 sagittam
2309 5440 2525 5495 electam
2568 5450 2587 5489 :
2633 5436 2870 5492 ostendit
2919 5436 3124 5491 habere
3171 5436 3338 5489 Deum
3368 5434 3595 5503 sagittas

2024 5536 2305 5607 plurimas,
2339 5531 2433 5588 sed
2463 5544 2567 5584 non
2612 5527 2816 5584 electas
2846 5540 2862 5581 :
2897 5541 3017 5596 quae
3063 5526 3273 5596 sagittae
3320 5525 3596 5594 propheta:

2021 5632 2225 5682 suntet
2266 5619 2516 5693 apostoli,
2567 5618 2658 5688 qui
2709 5616 2763 5671 in
2813 5625 2922 5673 toto
2970 5617 3104 5672 orbe
3148 5614 3595 5671 discurruntzde

2021 5716 2215 5787 quibus
2237 5722 2292 5768 et
2327 5712 2380 5767 in
2434 5709 2542 5764 alio
2571 5709 2692 5764 loco
2718 5707 2934 5763 canitur
2963 5725 2976 5761 :
3008 5706 3228 5777 Sagitta:
3268 5714 3373 5760 tua:
3400 5713 3588 5766 acuta',

2021 5804 2393 5875 potentissime.
2452 5800 2629 5871 populi
2678 5800 2772 5854 sub
2801 5808 2852 5853 te
2893 5797 3078 5852 cadent
3127 5793 3301 5868 (Psal.
3329 5793 3496 5865 κων).
3529 5793 3592 5846 Et
