3950 6192
242 471 335 526 Sal
1208 471 1296 527 DE
1334 469 1681 527 UNIVERSO
1718 468 1900 545 LI‘BRI
1939 468 2102 525 XXII.
2143 503 2212 512 -—
2247 472 2375 527 ΜΒ.
2422 473 2535 528 XX.

3403 477 3513 535 54?.

242 591 438 645 iterum
470 597 486 637 :
517 586 741 652 sagitta:
782 586 1006 656 potentis
1034 594 1206 638 acuta:
1251 601 1369 638 cum
1398 584 1707 639 carbonibus
1731 581 1827 636 de-
1859 587 1902 644 A
1934 591 2038 637 tur.
2076 584 2382 654 Torquetur
2428 586 2570 640 enim
2612 587 2837 641 verbere
2883 603 3194 653 nervorum,
3226 597 3283 643 ct
3317 605 3508 658 magna

242 678 508 735 :olatoriis
539 676 715 748 (Psal.
746 676 916 748 CXIX).
948 676 1197 732 Christus
1224 685 1404 732 autem
1431 676 1498 731 dc
1527 676 1711 731 multis
1737 692 1825 730 sa-

240 771 392 844 gittis
419 779 479 826 et
521 770 648 825 tiliis
695 770 962 841 plurimis,
1018 784 1122 823 una
1161 770 1357 839 sagitta
1386 769 1577 833 electa,
1604 777 1659 822 et
1684 768 1825 823 ﬁlius

241 863 550 935 naigenitus
597 871 698 927 est,
726 878 885 933 quam
915 863 965 916 in
1005 862 1262 932 pharetra
1318 878 1411 917 sua
1445 860 1743 925 abscondit,
1772 859 1822 913 id

240 966 342 1021 est,
369 955 429 1010 in
475 956 714 1010 humano
743 968 990 1023 corpore,
1044 964 1098 1006 ut
1151 954 1419 1007 habitaret
1449 952 1500 1005 in
1532 966 1596 1005 eo
1653 950 1823 1019 pleni—

241 1049 369 1103 tudo
394 1047 705 1103 divinitatis
759 1045 1113 1114 corporaliter
1143 1042 1368 1114 (Coloss.
1410 1043 1496 1110 ιι),
1536 1056 1826 1111 rerumque

240 1149 384 1197 esset
407 1139 799 1211 speraudarum
826 1136 988 1201 ﬁdes;
1018 1137 1103 1191 cui
1131 1146 1186 1189 et
1210 1151 1370 1206 supra
1397 1136 1595 1189 dicitur
1625 1148 1639 1187 :
1673 1132 1748 1188 Γπ
1771 1151 1823 1188 es

239 1233 381 1288 Deus
408 1229 745 1286 absconditus
798 1227 934 1299 (Isa.
992 1226 1141 1296 xcv),
1184 1235 1241 1281 et
1283 1224 1678 1280 nesciebamus.
1709 1222 1823 1290 Qua

239 1324 437 1395 sagitta
460 1328 517 1376 et
541 1335 740 1391 sponsa
793 1318 984 1372 vulnus
1014 1317 1289 1387 accipiens
1341 1316 1581 1386 loquitur
1602 1315 1656 1368 in
1685 1314 1825 1368 Can-

243 1417 343 1470 lico
363 1413 712 1470 canticorum
746 1428 759 1464 :
801 1408 1087 1462 Vulnerata
1112 1407 1369 1461 cltaritate
1389 1423 1482 1476 ego
1508 1422 1624 1459 sum
1643 1403 1819 1476 (Cant.

243 1511 318 1583 ιι).
357 1509 569 1581 Vagina
597 1506 862 1578 appellata
891 1521 979 1568 eo,
1011 1502 1156 1574 quod
1200 1502 1252 1556 in
1289 1518 1352 1557 ea
1385 1516 1573 1556 nmero
1599 1500 1682 1553 vel
1708 1500 1825 1571 gla-

241 1604 359 1657 dius
386 1599 680 1669 bajuletur.
718 1597 900 1652 Theca
933 1594 1001 1649 ab
1038 1609 1103 1648 eo
1132 1593 1273 1663 quod
1306 1591 1507 1661 aliquid
1545 1598 1821 1658 receptum

245 1700 404 1764 tegat,
452 1708 482 1744 c
526 1690 705 1744 littera
763 1702 862 1756 pro
909 1703 941 1756 g
986 1684 1182 1755 posita.
1237 1682 1342 1767 Alii
1386 1681 1576 1738 Crzcco
1603 1681 1823 1735 nomine

243 1784 450 1838 thecam
475 1779 659 1835 vocari
688 1785 955 1838 asserunt,
985 1775 1130 1844 quod
1166 1774 1235 1830 ibi
1262 1781 1552 1843 reponatur
1569 1771 1773 1847 aliquid
1805 1789 1819 1825 :

242 1872 359 1927 inde
398 1879 458 1926 et
482 1868 829 1929 bibliotheca,
860 1866 1123 1919 librorum
1174 1863 1431 1932 repositio
1460 1861 1677 1916 dicitur.
1714 1861 1819 1915 Va-

1930 676 1980 729 vi
2019 674 2154 745 jacit
2197 686 2290 730 aut
2327 678 2511 731 hastas
2564 684 2657 730 aut
2704 694 2833 731 saxa
2869 696 2881 730 :
2918 678 3043 733 inde
3095 687 3150 734 et
3182 679 3511 747 fundibalus,

1931 770 2083 838 quasi
2123 768 2351 825 fundens
2377 778 2431 824 ct
2454 770 2725 833 emittens,
2758 771 2974 824 dicitur.
3013 769 3213 824 Contra
3243 771 3510 826 ballistam

1934 861 2143 915 testudo
2175 862 2312 915 valet
2344 880 2356 914 :
2387 861 2555 916 series
2584 863 2728 916 enim
2763 861 2818 914 lit
2852 877 3130 915 armorum
3185 861 3511 915 umbonibus

1930 949 2072 1004 inter
2109 966 2168 1005 se
2189 950 2475 1021 colligatis.
2514 950 2699 1004 Funia
2729 960 2812 1005 est
2836 951 3118 1007 Ecclesia:
3152 952 3293 1006 sicut
3333 952 3384 1005 in
3408 950 3510 1007 Job

1929 1057 2026 1110 pro
2078 1040 2413 1096 Antichristo
2460 1041 2701 1095 dicitur:
2741 1042 2807 1095 In
2863 1040 3113 1112 stipulam
3144 1044 3276 1096 versi
3320 1043 3510 1096 suntef'

1929 1148 2105 1185 omnes
2153 1131 2354 1199 lapides
2404 1132 2587 1202 funda:
2638 1132 2780 1203 (Job.
2819 1132 2953 1205 xu).
2998 1131 3065 1187 Et
3092 1133 3146 1186 in
3200 1133 3509 1187 Zacharia:

1933 1218 2222 1290 Subjtcient
2268 1223 2323 1276 in
2357 1222 2617 1287 lapidibus
2653 1223 3048 1305 funda-,(Zach.
3094 1222 3191 1296 tv).
3225 1225 3301 1279 De
3345 1225 3512 1280 funda

1930 1322 2107 1365 autem
2140 1312 2192 1365 in
2217 1312 2353 1368 libro
2376 1313 2582 1383 Regum
2622 1315 2691 1368 ita
2733 1315 2993 1385 scriptum
3039 1316 3303 1385 legimus:
3341 1317 3515 1388 Elegit

1927 1401 2097 1455 David
2119 1403 2217 1456 sibi
2239 1406 2465 1475 quinque
2497 1405 2892 1476 limpidissintos
2940 1407 3139 1471 lapides
3170 1397 3234 1461 de
3264 1418 3512 1474 torrente,

1924 1503 1972 1548 et
2000 1494 2136 1548 misit
2160 1511 2246 1549 eos
2276 1496 2332 1561 in
2371 1512 2549 1565 perant
2606 1497 2943 1564 pastoralem,
2984 1515 3142 1565 quant
3187 1498 3405 1552 habebat
3431 1516 3514 1553 re-

1924 1601 2064 1650 rum,
2095 1596 2143 1639 et
2173 1586 2395 1655 fundam
2421 1603 2581 1640 manu
2611 1586 2751 1652 tulit,
2775 1598 2820 1641 et
2842 1587 3087 1657 processit
3110 1588 3356 1642 adversus
3385 1587 3516 1642 Phi-

1923 1674 2186 1731 listhrrum
2207 1677 2261 1749 (Ι
2296 1676 2422 1749 Reg.
2451 1679 2586 1749 χιιι)
2611 1695 2625 1745 ;
2654 1679 2796 1748 quod
2823 1680 3092 1750 significat
3111 1680 3387 1735 Christum
3417 1696 3516 1751 per

1924 1767 2162 1837 quinque
2192 1767 2361 1823 libros
2393 1768 2527 1838 legis
2578 1768 2630 1823 in
2664 1778 2873 1824 umtate
2904 1771 3188 1825 ch‘aritatis
3239 1769 3512 1825 diabolum

1924 1859 2086 1915 funda
2107 1861 2506 1931 praedicationis
2534 1877 2840 1933 superasse,
2873 1870 3035 1932 atque
3063 1863 3281 1934 proprio
3307 1862 3513 1934 gladio,

240 1969 360 2034 gLna
405 1970 590 2018 autem
618 1958 1034 2015 occultationem
1074 1955 1305 2019 εοιιείιιὶ,
1362 1953 1446 2007 vel
1497 1952 1816 2023 protelatio-
1850 1949 1894 2007 B
1924 1953 2024 2007 hoc
2072 1958 2180 2015 est,
2233 1953 2473 2021 nequitia
2522 1953 2727 2023 ipsius,
2793 1953 3080 2009 damnasse
3130 1961 3293 2024 atque
3340 1953 3512 2008 inter—

239 2070 358 2108 nem
406 2051 600 2122 judicii
652 2048 924 2119 signiﬁcat
958 2065 972 2101 :
1006 2048 1148 2102 unde
1179 2047 1233 2102 in
1280 2044 1494 2101 Psalmo
1553 2045 1818 2112 scriptum

239 2153 321 2201 cst
349 2163 364 2198 :
407 2142 533 2198 Nisi
552 2140 927 2203 convertimini,
962 2138 1197 2209 gladium
1221 2152 1377 2190 suum
1406 2134 1624 2189 vibrabit
1645 2131 1818 2206 (Psal.

240 2236 355 2310 vn).
388 2236 758 2292 Contumaces
807 2238 973 2288 terret
1023 2230 1260 2294 Judzeos,
1313 2229 1404 2298 qui
1458 2227 1670 2283 Domini
1707 2227 1823 2298 lege

240 2336 556 2397 contempta
578 2325 844 2381 idolorum
892 2321 1119 2378 culturis
1171 2319 1576 2377 nefandissimis
1619 2317 1822 2374 servie-

239 2402 373 2475 bant
403 2436 417 2473 :
452 2417 606 2488 ipsis,
635 2415 740 2470 nisi
766 2420 1171 2477 convertantur,
1199 2411 1437 2482 gladium
1465 2426 1619 2466 suum
1647 2409 1824 2464 vibra-

239 2511 334 2576 bit,
362 2510 419 2565 id
447 2517 555 2574 est,
584 2508 804 2563 unicum
856 2506 1054 2561 Filium
1084 2520 1241 2561 suum
1268 2506 1368 2559 sub
1417 2502 1634 2559 lucente
1662 2502 1824 2558 clari-

242 2601 401 2657 ritate
450 2600 719 2656 missurus
772 2606 874 2654 est.
925 2598 1152 2653 Vibrare
1205 2597 1350 2653 enim
1387 2595 1518 2650 illud
1571 2595 1821 2661 dicimus,

239 2691 380 2761 quod
409 2690 574 2745 modo
612 2689 817 2754 lumen,
852 2688 1013 2743 modo
1039 2689 1258 2743 umbras
1281 2686 1541 2742 tremulas
1568 2686 1825 2756 probatur

239 2783 570 2840 ostendere:
612 2781 715 2838 hoc
751 2787 966 2836 constat
999 2779 1052 2833 in
1085 2779 1459 2834 incarnatione
1488 2778 1691 2834 Christi
1720 2778 1825 2831 Do-

241 2873 373 2929 mini
405 2872 748 2943 provenisse,
783 2870 1000 2940 quando
1023 2869 1244 2940 periidis
1272 2871 1547 2934 tenebras,
1576 2868 1825 2924 ﬁdelibus

241 2971 427 3021 autem
458 2962 640 3017 lumen
678 2977 791 3017 sua:
818 2960 1033 3017 deitatis
1083 2960 1342 3015 ostendit.
1394 2959 1571 3016 Arcus
1599 2969 1826 3015 vocatus

240 3072 332 3123 eo,
355 3052 507 3127 quo‘d
557 3062 747 3111 arceat
792 3053 1161 3110 adversarium
1195 3070 1209 3107 :
1244 3054 1388 3108 unde
1440 3062 1497 3108 et
1551 3065 1708 3108 arces
1737 3052 1823 3107 di—

239 3155 459 3212 ctmtur,
496 3161 527 3202 a
554 3146 751 3216 quibus
806 3152 1060 3200 arcentur
1109 3144 1312 3199 hostes.
1344 3142 1478 3198 item
1501 3158 1664 3200 arcus
1689 3142 1826 3198 dici-

240 3248 327 3299 tur
343 3239 417 3294 ob
445 3236 703 3308 speciem,
725 3235 870 3306 quod
888 3236 1064 3305 capita
1084 3234 1201 3306 ejus
1223 3235 1332 3291 sint
1359 3244 1583 3290 curvata
1604 3236 1822 3292 arcibus

1926 2041 2140 2095 emisse.

2526 2134 2754 2191 CAPUT
2783 2134 2874 2190 XI.

2576 2228 2653 2282 De
2678 2229 2862 2282 ariete.

1998 2337 2164 2394 Arieti
2189 2355 2384 2394 nomen
2421 2340 2630 2409 species
2669 2341 2816 2395 dedit
2840 2356 2925 2403 eo,
2982 2340 3123 2410 quod
3155 2356 3277 2396 cum
3308 2341 3511 2412 impetu

1927 2434 2175 2505 impingit
2230 2449 2445 2488 murum
2500 2433 2554 2487 in
2608 2435 2825 2488 modum
2858 2435 3087 2488 arietum
3132 2436 3508 2506 pugnantium.

1926 2526 2127 2581 Valide:
2148 2525 2290 2580 enim
2320 2540 2383 2579 ac
2411 2525 2627 2580 nodosa:
2653 2525 2865 2579 arboris
2893 2535 3053 2595 caput
3081 2525 3227 2581 ferro
3258 2525 3511 2592 vestitur,

1925 2629 2097 2685 eaque
2123 2630 2385 2684 suspensa
2416 2613 2635 2669 funibus
2660 2614 2951 2671 multorum
2985 2630 3147 2670 manu
3180 2616 3247 2670 ad
3298 2631 3511 2670 murum

1927 2706 2222 2777 impellitur
2251 2724 2264 2760 :
2299 2705 2491 2761 deinde
2530 2714 2839 2771 retrorsum
2885 2705 3044 2760 ducta
3083 2706 3272 2776 majori
3304 2708 3508 2777 impetu

1925 2795 2263 2851 destinatur:
2295 2796 2480 2864 sicque
2516 2795 2724 2850 crebris
2755 2795 2950 2849 ictibus
2998 2811 3321 2851 concussum
3362 2798 3509 2852 muri

1925 2890 2066 2946 latus
2092 2890 2258 2954 cedit,
2301 2897 2661 2960 eavatumque
2688 2890 2978 2958 irrupturis
3013 2903 3076 2943 ac
3105 2887 3400 2945 fenestram
3430 2888 3513 2944 fa-

1924 2981 2019 3036 cit.
2053 2979 2253 3035 Contra
2288 2979 2573 3049 impulsum
2619 2979 2805 3035 arietis
2866 2978 3163 3034 remedium
3188 2989 3271 3035 est
3315 2995 3510 3035 saccus

1924 3071 2094 3142 paleis
2125 3071 2336 3140 plenus,
2358 3078 2413 3125 et
2441 3071 2493 3125 in
2516 3086 2640 3126 eum
2667 3070 2844 3124 locum
2868 3071 3154 3136 demissus,
3179 3084 3338 3140 quem
3361 3072 3505 3126 aries

1924 3164 2177 3232 percutit.
2251 3159 2399 3216 Laxo
2453 3160 2597 3215 enim
2646 3174 2929 3215 saccorum
2966 3161 3086 3214 sinu
3136 3160 3275 3215 ictus
3324 3160 3512 3215 arietis

1923 3255 2096 3309 illisus
2123 3253 2391 3307 mollitur:
2416 3251 2633 3307 duriora
2655 3250 2798 3305 enim
2824 3249 3157 3305 mollioribus
3178 3249 3391 3305 facilius
3417 3266 3510 3305 ce-

241 3327 1101 3404 [Al-.arcﬁusi-Arcusestium
1122 3329 1410 3399 ωγειίουω
1428 3344 1645 3385 sensum
1662 3345 1821 3386 8V3"-
1846 3310 1894 3374 Ο
1926 3345 2077 3399 dunt.
2114 3342 2288 3397 Plntci
2314 3351 2440 3396 sunt
2488 3350 2667 3397 crates
2702 3341 2853 3397 corio
2900 3342 3068 3396 crudo
3112 3342 3349 3408 intectte,
3389 3357 3510 3412 quae

238 3422 447 3496 gelicus
465 3437 666 3489 sermo,
693 3423 826 3479 utin
849 3422 1044 3479 Genesi
1070 3441 1084 3477 :
1114 3419 1270 3476 Sedet
1297 3421 1353 3476 in
1378 3422 1504 3492 forti
1529 3439 1685 3477 arcus
1706 3423 1824 3493 ejus

239 3514 395 3588 (Gen.
424 3515 597 3589 nan),
626 3516 680 3574 id
704 3526 809 3583 est,
833 3514 1077 3580 Domini;
1101 3522 1156 3568 et
1180 3514 1232 3568 in
1258 3511 1581 3586 Apocalypsi
1610 3530 1625 3568 :
1654 3513 1826 3568 Datus

239 3616 314 3663 est
340 3608 390 3662 ei
419 3622 576 3661 arcus
607 3605 792 3678 (Apoc.
829 3604 928 3672 vt).
956 3605 1151 3670 Arcus,
1182 3605 1562 3660 htereticorum
1598 3605 1823 3675 dogma,

241 3706 300 3752 ut
321 3696 377 3752 in
406 3695 672 3751 Psalterio
701 3713 714 3749 :
749 3694 1010 3761 Quoniam
1037 3710 1153 3748 ecce
1175 3705 1469 3764 peccatores
1497 3694 1825 3748 tetenderunt

241 3802 425 3842 arcum
468 3801 624 3841 suum
655 3782 827 3856 (Psal.
875 3783 952 3858 κ).
983 3783 1121 3840 item
1170 3785 1238 3840 de
1264 3800 1397 3840 arcu
1428 3785 1479 3838 in
1515 3783 1723 3854 psalmo
1751 3784 1825 3839 ita

242 3879 503 3947 scriptum
528 3885 612 3932 est
640 3894 654 3930 :
686 3877 882 3933 Arcum
907 3867 1061 3931 iuum
1086 3876 1322 3941 tetendit,
1365 3885 1414 3931 et
1445 3877 1647 3947 paravit
1676 3876 1826 3931 illum

244 3968 418 4039 (Psal.
446 3966 571 4041 vn).
596 3968 797 4024 Arcum
822 3968 1007 4038 itaque
1035 3966 1375 4037 Scripturam
1405 3966 1540 4023 Novi
1569 3976 1624 4023 et
1656 3967 1822 4021 Vete-

245 4062 321 4115 ris
349 4059 682 4115 Testamenti
705 4067 1066 4130 congruenter
1088 4059 1385 4128 accipimus
1415 4079 1429 4113 :
1460 4062 1587 4131 quia
1613 4061 1824 4117 duobus

243 4152 639 4225 quodammodo
689 4151 928 4207 curvatis
1003 4149 1235 4207 ﬂexibus
1303 4152 1624 4208 devotorum
1685 4152 1824 4207 colla

242 4244 618 4315 complectitur
643 4262 657 4297 :
688 4242 775 4298 hic
806 4241 1052 4297 ﬁdelibus
1081 4256 1246 4297 suave
1260 4240 1451 4312 jngum
1477 4243 1819 4311 ostenditur;

245 4336 649 4392 contumacibus
694 4343 876 4389 autem
910 4348 1061 4391 arma
1110 4333 1375 4389 terribilia
1433 4333 1820 4389 declarantur:

244 4426 478 4493 tetendit,
504 4424 773 4495 adjectum
800 4432 904 4488 est,
932 4439 1001 4479 ne
1034 4422 1151 4492 ejus
1178 4424 1438 4495 patientia
1464 4424 1693 4477 remissa
1719 4438 1825 4492 pu-

247 4528 467 4573 taretur.
520 4518 674 4585 Quod
726 4526 909 4571 autem
955 4517 1240 4586 sequitur:
1270 4514 1338 4568 Et
1381 4515 1437 4569 in
1465 4516 1576 4584 ipso
1614 4515 1823 4587 paravit

245 4625 369 4662 vasa
413 4609 621 4671 mortis,
672 4607 890 4676 sagittas
919 4622 1043 4660 suas
1073 4603 1379 4659 ardentibus
1410 4605 1579 4675 effecit
1607 4603 1820 4676 (lbid.),

246 4702 334 4756 hic
369 4698 680 4756 distributio
742 4698 938 4754 divina:
977 4696 1278 4765 maiestatis
1327 4698 1665 4753 ostenditur:
1694 4699 1821 4768 quia

245 4809 338 4864 per
357 4808 565 4857 arcum,
619 4792 676 4848 id
704 4800 810 4857 est,
839 4806 936 4861 per
980 4792 1147 4846 Vetus
1182 4800 1237 4845 et
1266 4789 1471 4845 Novum
1502 4790 1824 4846 Testamen-

246 4893 378 4949 tum,
407 4884 551 4939 sicut
567 4881 682 4951 jam
708 4883 912 4937 dictum
942 4890 1048 4947 est,
1074 4889 1129 4935 et
1157 4879 1381 4936 eﬁ‘ectus
1437 4881 1629 4936 mortis
1655 4882 1823 4948 venit,

245 4982 301 5028 et
321 4974 531 5045 sagittis
550 4974 718 5045 ipsius
740 4973 851 5028 vita
871 4981 1176 5043 praestatur.
1208 4971 1453 5041 Egressa:
1476 4981 1606 5026 sunt
1633 4980 1819 5027 autem

244 5069 311 5125 de
346 5065 452 5125 isto
482 5081 614 5122 arcu
648 5072 907 5134 tanquam
958 5064 1189 5135 sagittas,
1222 5062 1276 5117 id
1319 5070 1404 5117 est
1458 5063 1707 5132 apostoli,
1730 5063 1823 5132 qui

244 5160 578 5225 ardentibus,
605 5157 709 5213 hoc
748 5165 854 5222 est,
892 5154 1327 5213 desiderantibus
1377 5153 1575 5209 animis
1619 5155 1670 5210 in
1706 5170 1822 5207 mo-

248 5254 370 5309 dum
393 5253 712 5325 sagittarum
751 5257 1017 5319 pnecepta
1046 5246 1306 5304 salutaria
1360 5249 1819 5304 transmiserunt:

246 5345 387 5402 unde
420 5353 478 5401 et
502 5343 654 5415 impii
676 5341 1073 5405 sauciarentur,
1103 5347 1159 5395 et
1198 5336 1449 5395 ﬁdelibus
1467 5338 1664 5395 efﬁcax
1691 5356 1820 5397 cura

247 5433 575 5505 proveniret.

858 5519 1086 5578 CAPUT
1120 5520 1191 5577 X.

882 5612 962 5667 De
993 5609 1196 5681 fundis.

318 5703 503 5760 Funda
553 5703 696 5759 dicta
727 5716 813 5767 eo,
842 5703 984 5773 quod
1021 5718 1091 5757 ex
1129 5717 1192 5757 ea
1250 5700 1547 5758 fundantur
1592 5700 1820 5773 lapides,

254 5796 304 5853 id
321 5807 424 5863 est,
439 5797 779 5855 emittantur.
809 5795 1048 5861 Ballista,
1070 5810 1239 5865 genus
1262 5795 1541 5860 tormenti,
1572 5797 1642 5852 ab
1666 5796 1824 5852 emit—

257 5890 407 5946 tenda
426 5888 605 5965 jacula
628 5889 770 5945 dicta
798 5907 810 5942 :
840 5887 1038 5945 ballein
1067 5886 1211 5942 enim
1236 5885 1424 5945 (ιι-ποθ
1448 5889 1666 5947 mittere
1688 5891 1823 5947 dici-

1928 3435 1981 3488 in
2016 3449 2180 3504 opere
2239 3433 2486 3489 faciendo
2537 3433 2681 3488 hosti
2736 3432 3085 3503 objiciuntur.
3134 3431 3345 3486 Arietes
3385 3443 3514 3487 sunt.

1930 3526 2287 3580 lentationum
2351 3525 2574 3591 stimuli,
2606 3524 2690 3580 vel
2722 3523 2956 3594 impetus
3006 3523 3417 3594 persecutionis,
3454 3532 3514 3576 ut

1928 3631 2008 3676 est
2047 3621 2177 3677 illud
2207 3639 2221 3676 .
2254 3619 2322 3674 Et
2366 3637 2524 3692 pones
2561 3621 2751 3674 arietes
2783 3620 2835 3671 in
2885 3635 3012 3689 gyro
3046 3616 3263 3689 (Ezeclt.
3303 3617 3402 3688 tv).

2529 3734 2756 3791 CAPUT
2802 3732 2915 3789 XII.

2562 3843 2637 3897 De
2662 3842 2872 3914 clypeis.

1996 3954 2225 4026 Clypeus
2253 3962 2335 4009 est
2364 3961 2573 4008 scutum
2604 3951 2797 4019 majus,
2825 3953 2999 4006 dictus
3024 3954 3092 4007 ab
3131 3969 3196 4008 eo
3225 3955 3369 4023 quod
3401 3956 3514 4009 cle-

1925 4054 2038 4117 pet,
2069 4048 2121 4101 id
2143 4055 2243 4107 est,
2288 4045 2425 4100 celet
2449 4058 2663 4113 corpus,
2696 4043 3057 4113 periculisque
3084 4044 3368 4109 subducat,
3411 4061 3515 4116 apo

1927 4146 2018 4191 tou
2039 4136 2288 4206 cleptein.
2316 4134 2603 4204 Oppositus
2625 4134 2767 4188 enim
2795 4148 2891 4188 sua
2914 4134 3228 4189 defensione
3255 4135 3324 4189 ab
3344 4137 3517 4192 hastis

1926 4238 1977 4283 et
2003 4226 2199 4297 jaculis
2240 4242 2435 4296 corpus
2465 4225 2657 4280 munit.
2686 4226 2915 4295 Clypeus
2940 4234 3119 4281 autem
3148 4228 3387 4297 peditum
3411 4240 3514 4292 est,

1926 4329 2135 4373 scutum
2166 4318 2427 4387 equitum.
2471 4316 2695 4371 Scutum
2739 4318 3061 4387 appellatum
3098 4334 3164 4374 eo
3201 4321 3344 4389 quod
3388 4337 3417 4374 a
3459 4337 3517 4375 se

1926 4410 2163 4464 excutiat
2192 4408 2417 4461 telorum
2444 4408 2606 4461 ictum
2633 4424 2646 4459 :
2674 4416 2731 4461 ut
2759 4408 2899 4461 enim
2928 4407 3047 4461 telis
3068 4410 3376 4474 resistatur,
3407 4411 3517 4482 cly-

1924 4516 2059 4572 peus
2100 4497 2416 4556 antefertur.
2452 4500 2525 4552 De
2574 4497 2762 4568 clypeo
2803 4499 2857 4552 in
2907 4496 3213 4554 Proverbiis
3256 4500 3517 4570 scriptum

1927 4601 2007 4647 est
2037 4610 2050 4646 :
2083 4588 2263 4647 Omnis
2294 4606 2463 4644 sermo
2488 4588 2585 4642 Dei
2614 4593 2821 4660 clypeus
2865 4590 3059 4660 ignitus
3087 4599 3161 4644 est
3187 4590 3517 4661 sperantibus

1930 4685 1982 4737 in
2008 4700 2061 4737 se
2090 4679 2272 4754 (Prov.
2299 4680 2450 4752 xx’x).
2480 4679 2606 4736 Haec
2638 4688 2746 4735 tota
2777 4679 2976 4736 Christi
3009 4681 3247 4736 Ecclesia
3274 4683 3442 4747 novit,
3463 4690 3520 4738 ct

1931 4775 2002 4831 illi
2034 4774 2267 4830 maxime
2297 4776 2554 4839 sentiunt,
2586 4774 2699 4845 qui,
2744 4774 2855 4829 Deo
2884 4791 3065 4831 secum
3100 4783 3367 4840 morante,
3404 4782 3517 4829 ter-

1932 4883 2076 4922 rcna:
2120 4864 2317 4921 fastum
2365 4866 2641 4936 sapientia:
2668 4873 3040 4920 contemnunt.
3075 4865 3210 4933 Quia
3262 4865 3515 4920 nimirum

1930 4959 2107 5013 omnis
2134 4972 2313 5013 sermo
2348 4956 2543 5011 divinae
2572 4955 2908 5011 auctoritatis
2943 4955 3104 5011 corda
3145 4954 3437 5009 electorum
3461 4962 3517 5008 ct

1932 5050 2054 5120 igne
2098 5048 2377 5104 charitatis
2419 5046 2684 5112 accendit,
2736 5054 2793 5101 et
2836 5047 3061 5102 scientia
3105 5045 3350 5100 veritatis
3392 5043 3516 5098 illu-

1930 5148 2090 5203 strat,
2126 5146 2182 5193 et
2225 5138 2479 5192 vitiorum
2527 5137 2714 5192 sordes
2746 5136 2813 5207 (si
2854 5151 2990 5206 quos
3016 5135 3069 5189 in
3112 5135 3192 5190 eis
3224 5134 3512 5205 invenerit)

1930 5229 2219 5287 consumit.
2271 5237 2327 5283 et
2369 5228 2436 5283 ab
2486 5229 2721 5283 hostium
2769 5227 2978 5281 insidiis
3025 5232 3303 5294 sperantes
3351 5224 3405 5279 in
3455 5239 3517 5283 se

1931 5322 2248 5393 cunctisque
2282 5318 2517 5375 defendit
2562 5317 2821 5373 adversis.
2868 5316 2997 5371 Item
3035 5316 3088 5369 in
3120 5314 3343 5370 Cantico
3384 5329 3516 5370 can-

1931 5413 2160 5468 ticorum
2200 5409 2460 5478 scriptum
2498 5416 2584 5463 est
2617 5422 2632 5460 :
2679 5404 2824 5460 Mille
2863 5403 3029 5475 clypei
3069 5403 3291 5475 pendent
3328 5419 3393 5457 ea;
3429 5419 3511 5468 eo,

1932 5505 2099 5559 omnis
2144 5509 2417 5555 armatura
2463 5498 2675 5569 fortium
2709 5495 2882 5569 (Cant.
2926 5496 3031 5568 Iv);
3074 5495 3216 5566 quod
3245 5493 3516 5565 signiﬁcat

1930 5594 2234 5651 testimonia
2280 5591 2684 5660 Scripturarum
2734 5598 3065 5643 sanctarum.
3130 5584 3321 5649 Umbo,
3372 5586 3513 5643 scuti

1929 5702 2054 5759 pars
2075 5685 2250 5741 media
2274 5692 2379 5749 est,
2401 5681 2553 5752 quasi
2586 5680 2889 5734 umbilicus.
2923 5675 3111 5731 Aucile
3134 5681 3359 5731 vocatur
3381 5689 3509 5734 selt-

1929 5792 2040 5837 tum
2068 5781 2231 5836 breve
2249 5788 2305 5834 ct
2335 5774 2643 5838 rotundum,
2674 5773 2738 5827 de
2764 5785 2868 5841 quo
2901 5767 3191 5840 Virgilius:

2178 5928 2193 5944 .
2228 5925 2239 5935 .
2281 5931 2290 5940 .
2329 5926 2342 5941 .
2381 5928 2391 5939 .
2432 5888 2668 5952 Laevaque
2694 5884 2848 5938 ancile
2875 5884 3133 5948 gerebat..
