3950 6192
382 457 487 513 543

1020 452 1080 506 Β.
1118 449 1371 504 RABANI
1409 446 1629 503 MAUIU
1666 443 1985 500 ARClllEP.
2029 440 2338 499 MOGUNT.
2381 439 2664 498 OPERUM
2700 437 2878 493 PARS
2916 437 2979 492 ll.

3534 436 3654 492 544

452 571 515 624 Et
544 568 716 623 ancile
758 568 957 621 dictum
984 564 1052 618 ab
1080 564 1377 626 ancisione,
1419 561 1561 630 quod
1604 559 1675 614 sit
1717 558 1786 613 ab
1814 554 1960 610 omni
1990 556 2040 617 A
2067 556 2209 609 tibus
2245 553 2451 624 percuti
2482 553 2685 622 pariter
2720 562 2773 606 et
2815 551 3020 604 vexari.
3062 548 3193 604 Item
3223 549 3388 603 lorica
3433 551 3483 603 in
3523 566 3655 604 uta-

382 673 537 729 partc
563 658 726 714 veluti
765 657 1029 720 ancisum,
1069 656 1173 709 hoc
1215 662 1317 718 est,
1361 652 1667 707 rotundum.
1701 647 1960 705 Ovidius:

513 770 663 829 [dque
688 767 843 816 ancile
869 773 1065 829 vocant,
1086 764 1218 828 quod
1242 764 1305 829 ab
1325 764 1452 811 omni
1473 769 1610 829 parte
1635 762 1876 816 recisum:

572 825 773 891 Quaque
798 837 940 877 notes
960 825 1130 889 Oculis,
1153 826 1358 887 angulus
1379 827 1540 874 omnis
1559 825 1719 872 abest.

443 933 623 996 Pella,
661 942 871 986 scutum
908 928 1285 985 brevissimum
1323 927 1375 980 in
1406 925 1623 980 modum
1666 924 1807 979 luna:
1860 939 1973 979 me-

384 1025 525 1078 diae:
577 1021 730 1090 cujus
776 1020 1019 1075 meminit
1065 1018 1202 1073 liber
1248 1018 1494 1088 Regum:
1535 1015 1682 1070 Fecit
1731 1029 1827 1069 rea:
1870 1012 1980 1069 Sa-

2066 644 2174 700 lam
2203 654 2411 715 partem
2440 642 2719 712 accipitur,
2752 650 2811 694 ut
2836 641 2889 695 in
2919 638 3171 694 Ezechiel
3197 658 3210 694 :
3242 639 3501 694 Adversus
3534 638 3663 710 σος

2067 750 2243 791 omnes
2269 736 2460 790 scutati
2481 744 2528 788 et
2553 734 2759 788 loricati
2795 731 3012 803 (Ezecli.
3042 735 3304 796 xxxvm).

2658 845 2884 901 CAPUT
2922 845 3061 901 XIV.

2717 916 2790 969 De
2820 915 3004 986 galeis.

2139 1005 2322 1064 Caesis
2344 1008 2410 1063 de
2429 1007 2627 1061 lamina
2659 1015 2744 1061 est
2771 1024 2783 1058 :
2817 1007 2967 1077 galea
2995 1005 3064 1062 de
3086 1006 3252 1061 corio.
3287 1005 3418 1059 Nam
3445 1008 3667 1076 galeros

384 1115 558 1175 lomon
587 1113 810 1167 ducenta
836 1120 985 1166 scuta
1014 1110 1078 1165 de
1109 1126 1238 1163 auro
1268 1108 1419 1178 pu'ro,
1449 1115 1495 1162 et
1521 1116 1775 1161 trecentas
1808 1104 1973 1176 peltas
2069 1100 2280 1157 corium
2305 1100 2521 1163 dicitur,
2539 1099 2804 1154 cassidem
2821 1108 3000 1154 autem
3027 1115 3057 1153 a
3076 1097 3309 1153 Thuscis
3325 1100 3666 1153 nominatam

384 1222 449 1263 ex
478 1223 607 1260 auro
636 1205 850 1276 probato
881 1201 1001 1276 (III
1051 1201 1179 1273 Reg.
1226 1203 1302 1271 χ).
1341 1201 1497 1256 Cetra
1528 1210 1737 1255 scutum
1765 1199 1970 1253 loreum

386 1301 503 1355 sine
534 1299 698 1369 ligno,
728 1311 835 1366 quo
863 1303 1089 1351 utuntur
1104 1291 1220 1348 Afri
1247 1300 1302 1348 et
1329 1291 1527 1358 Mauri,
1556 1294 1624 1347 de
1645 1305 1751 1361 quo
1776 1299 1970 1361 poeta:

544 1409 710 1458 Lmvas
729 1414 865 1458 cetra
888 1406 1033 1468 tegit.
1069 1436 1087 1453 .
1123 1442 1137 1455 .
1176 1441 1188 1453 .
1227 1441 1240 1453 .
1279 1438 1291 1455 .

457 1509 652 1567 Parma
674 1509 811 1565 levia
833 1522 1009 1573 arma,
1030 1506 1185 1577 quasi
1208 1521 1396 1578 parva,
1417 1522 1526 1562 non
1546 1485 1768 1577 clypeos
1795 1521 1808 1558 :
1839 1504 1974 1559 dici-

387 1614 479 1660 tur
497 1611 677 1657 autem
701 1610 756 1656 et
774 1600 985 1656 testudo
1004 1608 1247 1666 scutum;
1274 1613 1399 1653 nam
1426 1598 1482 1653 in
1504 1597 1722 1652 modum
1756 1596 1979 1652 testudi-

385 1695 474 1753 nis
498 1695 557 1750 fit
577 1694 813 1765 clypeus.
837 1692 904 1746 Et
926 1690 1138 1747 testudo
1158 1699 1236 1744 est
1266 1697 1541 1744 scutorum
1564 1686 1829 1744 connexio
1851 1701 1979 1743 cur-

388 1802 515 1847 vata
546 1792 599 1846 in
629 1788 912 1846 testudinis
955 1786 1197 1842 modum.
1228 1783 1470 1853 Namque
1499 1783 1553 1836 in
1582 1797 1860 1837 armorum
1889 1796 1980 1852 ge-

389 1882 610 1938 neribus
637 1879 836 1935 milites
860 1879 1021 1934 etiam
1049 1878 1118 1956 ab
1142 1873 1462 1930 animalibus
1488 1872 1703 1928 nomina
1736 1879 1955 1927 sumunt

389 1982 451 2028 ut
475 1972 638 2028 aries.
669 1971 736 2025 Et
774 1968 1060 2025 Sallustius
1092 1985 1106 2021 :
1142 1984 1161 2018 ι
1192 1966 1250 2021 In
1287 1965 1523 2029 modum,
1563 1964 1759 2033 inquit.
1787 1963 1977 2018 bericii

390 2063 664 2119 militaris.
696 2081 716 2116 ι
744 2060 967 2117 Scutum
998 2067 1092 2115 aut
1119 2059 1279 2115 fidem
1310 2058 1601 2128 significat,
1641 2064 1703 2110 ut
1739 2064 1824 2112 est
1850 2054 1981 2110 illud

390 2153 633 2225 Apostoli
660 2170 673 2207 :
708 2151 980 2207 Sumentes
1010 2158 1214 2204 scutum
1236 2148 1382 2217 ﬁdei,
1412 2148 1466 2202 in
1494 2163 1596 2219 quo
1625 2146 1834 2218 possitis
1865 2161 1979 2200 om~

394 2245 483 2299 nia
507 2243 610 2299 tela
651 2243 951 2314 nequissimi
994 2242 1146 2312 ignea
1185 2240 1510 2310 exstinguere
1537 2238 1698 2310 (Eph.
1730 2237 1839 2308 v1);
1887 2244 1982 2292 aut

392 2334 719 2407 adjutorium
749 2333 1006 2398 divinum,
1037 2339 1095 2385 ut
1134 2339 1217 2385 cst
1262 2329 1392 2383 illud
1419 2327 1718 2383 Psalmistze
1744 2345 1757 2381 :
1786 2327 1982 2397 Appre-

394 2427 561 2482 [tende
582 2442 733 2480 arma
768 2434 815 2479 et
845 2432 1069 2488 scutum,
1100 2429 1147 2477 et
1170 2436 1388 2491 exsurge
1415 2418 1469 2473 in
1499 2417 1825 2489 adjutorium
1854 2416 1982 2471 mihi

394 2516 569 2589 (Psal.
624 2515 832 2587 xxxiv).
875 2514 1006 2569 Item
1062 2520 1275 2567 scutum
1320 2510 1605 2566 obduratio
1651 2507 1850 2573 cordis,
1898 2505 1983 2562 vel

393 2606 604 2679 peccati
629 2603 893 2669 defensio,
921 2612 983 2657 ut
1022 2602 1153 2656 illud
1193 2599 1479 2656 Ieremize:
1517 2599 1680 2653 Dabis
1713 2601 1818 2664 eis,
1868 2597 1982 2651 Do-

394 2697 558 2763 mine,
583 2705 788 2750 scutum
817 2694 988 2748 cordis
1014 2691 1244 2747 laborem
1266 2702 1411 2745 tuum
1442 2690 1659 2763 (Tltren.
1691 2689 1796 2761 tu).
1817 2688 1982 2744 Arma

395 2788 467 2843 ab
490 2785 727 2844 arcendo
752 2785 899 2842 dicta
926 2792 1072 2849 sunt,
1095 2784 1237 2853 quod
1275 2798 1374 2854 per
1406 2797 1471 2837 ea
1492 2782 1678 2837 hostes
1706 2780 1985 2836 violentis-

396 2879 566 2932 simas
603 2891 920 2932 arceamus:
953 2883 1007 2930 et
1047 2875 1177 2945 ideq,
1194 2874 1298 2930 hoc
1331 2874 1567 2929 humana
1597 2872 1985 2928 consuetudine

398 2969 618 3035 dicitur,
651 2982 771 3039 qua
797 2974 975 3021 armat
1012 2980 1254 3032 manum,
1285 2973 1346 3019 ut
1376 2963 1645 3035 opprimat
1684 2962 1979 3017 inimicum.

397 3059 668 3115 Caeterum
685 3072 836 3112 arma
849 3064 902 3111 et
920 3063 1131 3112 scutum
1143 3054 1256 3111 sola
1274 3053 1523 3109 voluntas
1542 3061 1626 3108 est
1648 3052 1879 3119 Domini,
1894 3051 1985 3121 qui

395 3151 635 3224 protegit
678 3149 1073 3222 periclitantem
1114 3157 1170 3204 et
1204 3156 1476 3219 eXpugnat
1507 3146 1792 3202 adversum
1822 3162 1837 3210 ;
1866 3161 1987 3200 scu-

2072 1191 2274 1247 dicunt.
2310 1189 2384 1244 [lli
2409 1189 2552 1244 enim
2583 1189 2788 1259 galeam
2819 1203 3027 1244 cassem
3069 1188 3371 1253 nominant,
3404 1189 3598 1251 credo,
3636 1206 3669 1243 a

2073 1282 2269 1352 capite.
2296 1280 2442 1352 Apex
2464 1290 2567 1345 est,
2601 1280 2743 1349 quod
2768 1280 2820 1333 in
2856 1294 3068 1334 summo
3102 1278 3272 1349 galeae
3297 1280 3521 1345 eminet,
3554 1296 3673 1350 quo

2074 1371 2257 1442 figitur
2277 1370 2459 1432 crista,
2492 1369 2633 1439 quod
2661 1367 2833 1423 Graeci
2866 1384 3038 1423 conon
3068 1376 3305 1424 vocant:
3338 1383 3466 1423 nam
3491 1385 3675 1424 conus

2074 1472 2159 1518 est
2192 1469 2503 1525 curvatura,
2535 1476 2655 1530 qua:
2695 1461 2751 1514 in
2783 1458 2933 1531 galea
2959 1459 3253 1528 prominet,
3295 1473 3458 1530 super
3497 1475 3673 1529 quam

2076 1552 2255 1609 crista:
2271 1560 2414 1607 sunt.
2441 1551 2575 1606 Nam
2592 1551 2764 1607 cassis
2787 1550 2872 1606 vel
2888 1549 3057 1622 galea,
3074 1565 3196 1619 qua!
3221 1560 3671 1620 capntnostrum,

2078 1649 2181 1705 hoc
2208 1655 2291 1704 cst
2315 1655 2549 1702 mentem
2580 1653 2819 1701 nostram
2844 1654 3030 1701 contra
3068 1660 3219 1699 arma
3248 1644 3448 1700 inimici
3476 1644 3677 1699 defen-

2078 1739 2178 1803 dit,
2209 1751 2331 1807 spes
2359 1744 2440 1792 est
2470 1736 2523 1790 in
2545 1735 2830 1790 Dominum
2874 1733 3213 1789 Salvatorem
3247 1750 3260 1787 :
3298 1734 3437 1787 unde
3484 1741 3681 1787 monet

2079 1825 2367 1897 Apostolus
2397 1840 2496 1880 nos
2527 1824 2750 1878 induere
2773 1823 2980 1894 galeam
3004 1822 3195 1877 salutis
3219 1838 3232 1875 :
3262 1823 3519 1891 quoniam
3540 1838 3682 1877 con-

2011 1907 2053 1964 Β
2083 1929 2162 1973 tra
2192 1918 2562 1974 atrocissimos
2587 1917 2770 1973 hostes
2800 1917 2945 1971 omni
2975 1917 3422 1987 tergiversatione
3444 1918 3681 1973 callidos

2076 2010 2275 2066 bellum
2306 2010 2561 2083 gerimus.
2586 2010 2793 2066 Idcirco
2812 2010 2958 2064 omni
2989 2010 3201 2064 cautela
3226 2021 3282 2065 et
3305 2010 3679 2068 sollicitudine

2078 2101 2301 2172 vigilare
2323 2102 2598 2163 debemus,
2625 2111 2685 2155 ut
2706 2100 3150 2171 qualitercunque
3171 2103 3519 2169 tentaverint,
3546 2119 3677 2157 mu-

2078 2191 2222 2246 nitos
2248 2206 2347 2245 nos
2371 2198 2427 2245 et
2450 2200 2780 2261 praeparatos
2817 2190 3112 2245 inveniant.
3158 2191 3390 2246 Necesse
3417 2201 3506 2248 est
3524 2195 3680 2249 enim

2079 2288 2139 2334 ut
2162 2280 2305 2335 Deus
2341 2279 2559 2350 adjuvet
2585 2294 2722 2349 quos
2744 2279 2945 2334 viderit
2983 2280 3037 2335 in
3066 2281 3318 2350 precibus
3348 2282 3601 2353 vigilare,
3629 2293 3687 2339 et

2081 2373 2146 2428 de
2189 2373 2356 2428 armis
2391 2373 2509 2444 ejus
2555 2381 2871 2443 exspectare
2906 2373 3211 2427 victoriam.
3264 2373 3321 2428 In
3365 2374 3686 2445 hujusmodi

2081 2478 2211 2533 ergo
2232 2461 2371 2518 bello
2395 2461 2575 2517 sobria
2598 2468 2779 2516 mente
2808 2475 2943 2530 opus
2965 2469 3049 2517 est
3068 2471 3121 2515 et
3143 2476 3279 2531 pura
3298 2464 3638 2519 connscientia
3667 2482 3684 2520 :

2081 2554 2207 2624 quia
2261 2568 2368 2608 non
2402 2560 2590 2609 contra
2636 2552 2909 2617 carnalia,
2959 2553 3054 2608 sed
3111 2553 3370 2610 adversus
3410 2555 3686 2625 spiritalia

2082 2643 2337 2711 nequitia:
2371 2642 2678 2697 dimicatur.
2719 2641 2921 2697 Contra
2967 2642 3265 2713 terrigenas
3306 2643 3452 2698 enim
3493 2645 3687 2702 hostes

2083 2747 2279 2801 corpus
2303 2731 2487 2803 sagina
2517 2733 2822 2799 roboratur,
2853 2741 2909 2787 et
2940 2732 3138 2802 pabulo
3169 2748 3322 2789 mens
3347 2734 3686 2800 incenditur,

2084 2832 2144 2879 ut
2183 2825 2516 2895 repugnandi
2552 2833 2730 2880 sumat
2767 2824 3089 2880 audaciam:
3130 2826 3391 2881 adversus
3413 2826 3686 2896 spiritalia

2085 2925 2266 2971 autem
2298 2916 2550 2987 nequitias
2571 2915 2887 2986 spiritaliter
2907 2916 3273 2986 repugnanda,
3288 2923 3343 2971 et
3364 2916 3688 2972 sobrietatis

2085 3018 2141 3066 et
2166 3010 2502 3065 abstinentiae
2527 3025 2675 3064 arma
2702 3009 2965 3064 sumenda
2995 3017 3122 3063 sunt
3156 3025 3169 3060 :
3200 3016 3259 3062 ut
3296 3007 3459 3064 infusi
3488 3016 3688 3064 sancto

2089 3102 2294 3172 Spiritu
2323 3101 2629 3157 immundos
2655 3109 2709 3156 et
2755 3101 3018 3155 erraticos
3046 3100 3269 3170 spiritus
3297 3100 3688 3163 devincamus;

2089 3195 2170 3250 sic
2200 3195 2382 3265 itaque
2410 3195 2789 3264 succingemus
2832 3192 3043 3247 lumbos
3083 3198 3300 3246 nostros
3337 3192 3391 3245 in
3431 3192 3687 3253 veritate.

398 3257 513 3304 tum
541 3248 688 3304 enim
715 3246 918 3302 dictum
953 3255 1059 3311 est,
1097 3244 1251 3314 quasi
1296 3242 1591 3313 scalptum,
1609 3240 1750 3310 quod
1783 3240 1836 3294 in
1871 3240 1987 3310 ipso
2014 3271 2060 3333 Ο
2832 3240 3687 3337 ἰξεξξίἑῖἐνὲ’ὃῶὖίέ”“ώξῶ““”ἷ

411 3355 420 3356 ,
476 3339 564 3356 ,ορ
594 3339 607 3352 ο
652 3353 732 3356 κη-
785 3335 918 3356 9.-.-
960 3335 1271 3356 -g.__|_-__.-
1300 3348 1423 3356 η-..
1469 3332 1606 3356 -.-με
1644 3331 1764 3356 .s:..:.
1805 3347 1957 3356 “nm-
2892 3324 2901 3334 ί
3104 3321 3118 3334 ⁸
3596 3298 3691 3352 qul

400 3339 609 3410 antiqui
646 3353 743 3395 sua
782 3335 927 3392 facta
957 3335 1272 3413 signabant;
1300 3348 1427 3386 nam
1465 3332 1607 3402 quod
1641 3331 1771 3386 dicit
1800 3347 1987 3400 appre-

401 3430 586 3495 hende,
617 3428 858 3499 nunquid
893 3428 960 3483 ab
999 3441 1065 3482 eo
1100 3424 1331 3481 sumitur
1351 3424 1420 3478 ad
1452 3432 1664 3492 tempus
1701 3420 1989 3492 peregrina

401 3520 676 3577 defensio?
706 3534 919 3588 semper
958 3516 1047 3572 ille
1085 3524 1306 3588 paratus
1347 3522 1432 3570 est
1470 3512 1537 3568 ad
1576 3513 1754 3568 exitus
1783 3528 1986 3577 rerum,

399 3614 493 3684 qui
528 3613 789 3683 probatur
823 3608 1163 3680 omnipotens
1186 3623 1201 3662 :
1228 3622 1330 3663 nec
1376 3606 1531 3677 quasi
1570 3606 1637 3660 de
1678 3604 1859 3675 quiete
1896 3617 1991 3657 ex-

401 3720 625 3777 surgere
663 3702 920 3767 creditur,
952 3702 1045 3773 qui
1088 3715 1362 3771 nunquam
1396 3697 1634 3768 jacuisse
1660 3696 1987 3751 declaratur.

399 3798 564 3853 Arma
591 3796 755 3867 igitur
781 3794 1053 3864 pertinent
1074 3792 1143 3848 ad
1167 3793 1483 3847 indumenta
1528 3791 1728 3854 ferrea,
1753 3804 1849 3860 per
1871 3805 1991 3859 qua:

402 3891 549 3948 salus
590 3891 826 3946 humana
874 3888 1182 3945 defenditur
1218 3901 1234 3940 :
1276 3893 1489 3943 scutum
1534 3885 1603 3940 ad
1658 3882 1989 3953 repellendos

402 3985 542 4041 ictus
565 3982 791 4049 inimici,
813 3989 873 4036 ut
893 3980 1152 4036 frustrata
1179 3978 1284 4036 tela
1303 3979 1521 4045 cadant,
1541 3992 1662 4048 qua:
1689 3976 1902 4032 fuerant
1923 3975 1989 4031 ad

404 4078 630 4136 exitium
656 4075 896 4133 hominis
932 4074 1221 4130 destinata.

1003 4203 1232 4267 CAPUT
1269 4202 1406 4259 XIII.

1045 4296 1122 4352 De
1141 4295 1338 4350 loricis.

473 4415 669 4473 Lorica
701 4419 893 4469 vocata
938 4423 1004 4466 eo
1055 4406 1199 4479 quod
1232 4405 1364 4461 loris
1397 4412 1582 4460 careat
1617 4420 1632 4459 :
1681 4401 1809 4457 solis
1848 4400 1993 4457 enim

407 4507 626 4565 circulis
650 4504 845 4561 ferreis
887 4507 1141 4558 contexta
1168 4506 1271 4555 est.
1309 4495 1549 4566 Squama
1577 4503 1659 4549 est
1686 4491 1851 4547 lorica
1881 4489 2018 4562 ἴθι-η

406 4616 503 4659 rea
530 4615 599 4657 ex
620 4596 837 4654 laminis
865 4592 1058 4650 ferreis
1093 4598 1186 4646 aut
1225 4587 1382 4644 aereis
1406 4590 1758 4641 concatenata
1793 4582 1846 4636 in
1878 4595 1993 4637 mo-

2088 3375 2303 3446 operari
2343 3374 2478 3440 vult,
2511 3374 2792 3445 succinget
2829 3386 2907 3439 se,
2936 3381 3016 3437 ut,
3052 3371 3235 3427 ablato
3272 3372 3688 3441 impedimento,

2089 3467 2397 3536 diligentius
2418 3474 2693 3538 operetur.

2685 3556 2916 3613 CAPUT
2969 3556 3085 3613 XV.

2768 3645 2849 3701 De
2875 3646 3013 3715 foro.

2161 3740 2331 3796 Ferus
2376 3741 2803 3796 exercendamm
2838 3738 3013 3792 litium
3041 3737 3192 3793 locus
3222 3751 3253 3791 a
3277 3736 3444 3792 fando
3464 3737 3689 3792 dictus:

2089 3835 2179 3903 qui
2203 3833 2352 3888 locus
2369 3840 2423 3887 et
2439 3840 2716 3902 prorostra
2730 3839 2974 3894 vocatur,
2991 3831 3060 3886 ab
3081 3846 3146 3886 eo
3172 3829 3315 3901 quod
3332 3845 3401 3884 ex
3427 3830 3573 3886 bello
3592 3831 3695 3886 Pu-

2089 3926 2212 3981 nico
2241 3925 2413 3994 captis
2450 3925 2677 3979 navibus
2706 3922 3231 3993 Carthaginiensium
3272 3931 3450 3977 rostra
3506 3922 3693 3979 ablata

2091 4024 2235 4080 sunt,
2248 4015 2370 4070 etin
2386 4012 2502 4069 foro
2519 4013 2763 4069 Romano
2777 4010 3019 4083 praefixa,
3035 4018 3094 4066 ut
3105 4020 3290 4066 essent
3303 4010 3462 4081 hujus
3477 4011 3697 4083 insigne

2090 4107 2351 4163 victoriae.
2401 4104 2581 4160 Prima
2632 4104 2845 4174 species
2887 4102 3016 4168 fori,
3056 4102 3208 4159 locus
3255 4102 3311 4157 in
3357 4103 3585 4158 civitate
3625 4104 3695 4159 ad

2092 4198 2424 4256 exercendas
2465 4195 2734 4251 nundinas
2772 4193 3016 4249 relictus.
3064 4193 3332 4260 Secunda,
3380 4194 3472 4248 nhi
3514 4209 3692 4266 magi-

2093 4298 2296 4346 stratus
2320 4286 2566 4359 judicare
2607 4284 2767 4341 solet.
2804 4282 3013 4349 Tertia,
3037 4296 3200 4353 quam
3232 4296 3396 4352 supra
3424 4282 3689 4353 diximus,

2094 4394 2256 4450 quam
2318 4376 2668 4434 calcatorium
2731 4374 3151 4430 nominavimus.
3221 4372 3464 4440 Quarta,
3515 4375 3694 4443 spatia

2093 4468 2255 4540 plana
2284 4466 2340 4525 in
2366 4468 2615 4525 navibus.
2648 4466 2727 4521 De
2758 4464 2955 4535 quibus
2981 4462 3277 4533 Virgilius:

2343 4614 2359 4630 .
2394 4612 2410 4628 .
2448 4612 2463 4628 .
2500 4614 2513 4627 .
2548 4574 2804 4638 Laxatque
2827 4571 2974 4624 foros.
3008 4609 3024 4623 .
3059 4604 3075 4620 .
3111 4608 3127 4623 .

825 4683 1013 4755 piscis,
1033 4688 1089 4738 et
1105 4695 1174 4735 ex
1194 4679 1313 4749 ipso
1342 4675 1625 4747 splendore
1645 4686 1994 4743 squamarum
2020 4650 2072 4710 Ι)
2164 4661 2390 4718 Constat
2413 4665 2594 4714 autem
2636 4654 2787 4713 ferus
2829 4669 3016 4758 causa,
3044 4652 3247 4754 legeet
3280 4650 3486 4721 judice.
3514 4652 3693 4754 Causa

405 4794 464 4845 et
492 4781 843 4843 similitudine
893 4782 1251 4846 nuncupatur.
1276 4772 1354 4827 De
1374 4769 1562 4826 ciliciis
1602 4775 1780 4822 autem
1820 4773 1875 4822 et
1903 4780 1998 4836 po-

406 4880 613 4936 liuntur
640 4872 843 4937 loricae,
881 4876 938 4926 et
980 4873 1251 4937 teguntur.
1295 4860 1576 4933 Significat
1614 4854 1796 4913 autem
1830 4856 1998 4913 lorica

405 4970 630 5043 iustitia:
674 4962 1099 5025 observantiam,
1148 4972 1271 5029 qua:
1315 4953 1549 5026 protegit
1588 4949 1897 5015 hominem,
1945 4955 2001 5004 et

408 5040 639 5121 illaesum
663 5062 847 5116 servat
870 5053 940 5110 ab
962 5052 1154 5108 hoste:
1184 5047 1311 5120 quia
1335 5046 1477 5103 sicut
1503 5041 1718 5101 ditiicile
1745 5040 1998 5096 vulnera-

412 5163 501 5212 tur
531 5154 588 5210 in
626 5151 716 5223 bis
746 5147 833 5205 vel
873 5144 1111 5201 maxime
1138 5139 1295 5206 locis,
1328 5152 1452 5209 quae
1475 5136 1641 5192 vitam
1669 5140 1875 5198 tenent,
1904 5128 1998 5201 qui

414 5220 787 5304 conservatam
832 5230 1187 5311 [consertam]
1224 5228 1402 5286 hamis
1440 5235 1495 5283 et
1544 5224 1765 5282 circulis
1810 5220 2002 5278 ferreis

416 5338 647 5395 invicem
689 5348 749 5390 se
782 5337 1053 5388 tenentem
1091 5323 1316 5380 loricam
1358 5317 1574 5374 virtutis
1622 5314 1840 5371 indutus
1877 5320 1999 5368 est:

417 5429 493 5485 ita
517 5427 608 5498 qui
642 5432 727 5481 est
745 5420 1112 5478 circumdatus
1146 5410 1427 5484 multiplici
1456 5417 1606 5465 veste
1625 5406 1874 5477 justitiat,
1904 5417 2004 5459 nec

415 5518 489 5574 ad
527 5515 937 5574 similitudinem
975 5509 1125 5569 cervi
1161 5508 1217 5563 in
1257 5506 1412 5578 jecur
1458 5501 1688 5572 accipiet
1727 5499 1999 5570 sagittam,

418 5621 524 5666 nec
566 5607 621 5662 in
661 5604 929 5662 desideria
975 5607 1210 5666 corruet,
1260 5605 1317 5652 et
1359 5594 1570 5650 furores
1609 5592 1762 5647 sedat
1806 5588 2007 5645 uutndo

420 5699 605 5764 corde,
631 5696 836 5753 habens
857 5693 1120 5749 artificem
1147 5686 1308 5758 hujus
1334 5684 1519 5742 lorica:
1551 5684 1739 5747 Deum,
1767 5678 1859 5751 qui
1889 5678 2008 5733 uni-

421 5793 619 5864 cuique
656 5795 968 5844 sanctorum
1005 5783 1186 5840 omnia
1238 5794 1390 5834 arma
1439 5776 1773 5838 fabricatur,
1819 5778 2007 5826 etnon

424 5859 556 5941 sinit
598 5896 629 5936 a
666 5876 847 5950 jaculo
890 5871 1177 5943 voluptatis
1195 5867 1394 5942 perire,
1428 5875 1481 5922 et
1516 5881 1546 5920 a
1582 5862 1792 5933 sagittis
1820 5859 2011 5916 arden-

2098 4758 2289 4808 vocata
2330 4764 2362 4803 a
2394 4763 2544 4814 casu,
2572 4761 2680 4817 quo
2706 4746 2887 4801 evenit
2921 4761 2937 4797 :
2974 4752 3060 4798 est
3094 4742 3237 4796 enim
3276 4750 3333 4797 et
3372 4743 3601 4798 materia
3638 4751 3695 4798 et

2098 4844 2253 4914 origo
2288 4840 2514 4913 negetii,
2556 4839 2785 4895 necdum
2828 4834 3181 4892 discussionis
3223 4834 3479 4889 examine
3525 4834 3691 4890 facto.

2102 4934 2233 5002 Qua:
2257 4934 2383 4988 dum
2407 4930 2744 5003 proponitur,
2772 4942 2937 4983 causa
2962 4934 3048 4981 est
3077 4943 3092 4979 :
3125 4924 3253 4980 dum
3278 4924 3589 4990 discutitur,
3608 4927 3696 4996 ju-

2103 5024 2303 5082 dicium
2342 5031 2429 5079 est
2462 5039 2477 5076 :
2524 5022 2652 5078 dum
2694 5019 2897 5084 ﬁnitur,
2927 5017 3159 5087 iustitia.
3198 5017 3466 5072 Vocatum
3510 5024 3694 5071 autem

2096 5114 2383 5188 judicium,
2412 5111 2568 5183 quasi
2586 5109 2727 5180 juris
2772 5108 2976 5165 dictio:
3008 5114 3065 5164 et
3098 5106 3331 5178 justitia,
3371 5106 3530 5176 quasi
3553 5106 3692 5178 juris

2103 5216 2296 5265 status.
2322 5203 2590 5261 Iudicium
2632 5209 2815 5257 autem
2844 5201 3009 5270 prius
3046 5196 3329 5268 inquisitio
3359 5195 3690 5253 vocabatur:

2102 5302 2245 5358 unde
2288 5306 2342 5355 et
2402 5304 2612 5354 actores
2646 5293 2973 5364 iudiciorum
3010 5290 3369 5362 praepositos,
3393 5299 3694 5359 questores

2105 5392 2191 5450 vel
2220 5391 2539 5463 quaesitores
2571 5400 2847 5443 vocamus.
2875 5383 2953 5439 De
2984 5396 3150 5437 causa
3186 5396 3318 5452 ergo
3346 5380 3403 5435 in
3430 5378 3694 5435 Psalterio

2106 5483 2367 5552 scriptum
2414 5484 2500 5536 est
2536 5491 2553 5533 :
2597 5474 2869 5544 Exsurge,
2902 5470 3144 5537 Domine,
3176 5479 3227 5526 et
3266 5470 3449 5539 iudica
3478 5484 3691 5524 causam

2107 5584 2252 5629 tuam
2295 5569 2469 5643 (Psal.
2510 5564 2725 5640 ιιιιιι).
2770 5564 2900 5619 Post
2940 5571 3138 5618 cuncta
3174 5577 3297 5633 qua:
3349 5561 3510 5626 dixit,
3553 5572 3693 5615 nunc

2110 5667 2240 5723 facit
2258 5664 2455 5737 judicis
2475 5674 2730 5718 causam:
2761 5664 2824 5712 ut
2849 5671 2972 5712 eum
3008 5653 3280 5712 efficacius
3305 5661 3688 5715 commoveret,

2111 5763 2196 5818 cui
2237 5760 2437 5834 negotii
2472 5759 2554 5815 sui
2587 5755 2819 5829 qualitas
2861 5754 3142 5810 intimatur
3173 5769 3189 5809 :
3232 5765 3376 5806 nunc
3420 5750 3488 5804 ad
3521 5749 3691 5819 ipsum

2113 5853 2398 5911 Dominum
2420 5850 2582 5907 verba
2597 5847 2880 5915 convertit,
2904 5851 3163 5916 expetens
3196 5849 3258 5898 ut
3288 5854 3510 5898 causam
3542 5850 3693 5894 suam
