3950 6192
216 115 321 167 διες

1186 121 1270 176 DE
1310 117 1656 178 UNIVERSO
1690 114 1871 177 LlBRl
1906 119 2072 181 XXII.
2111 154 2180 163 —-
2217 122 2348 178 ΗΒ.
2398 120 2511 178 XX.

3392 127 3497 184 546

217 238 405 283 contra
433 226 555 282 illos
588 225 864 297 dijudicct,
907 231 997 299 qui
1047 246 1151 284 non
1194 232 1443 286 desinunt
1471 233 1805 302 pravissimis
1832 244 1880 301 Α
1908 231 2026 300 vtt).
2068 229 2197 285 Item
2229 232 2473 288 homines
2511 233 2722 304 judiccs
2758 234 3028 289 dicuntur.
3079 234 3231 291 Unde
3274 236 3327 291 in
3356 237 3497 312 Lege

140 364 159 379 κ
217 319 740 374 uturmttratiottibus
787 322 1061 376 insonare.
1123 322 1337 377 Iudicat
1396 325 1541 378 enim
1590 340 1809 380 causam

217 426 396 474 suam,
428 410 556 464 dum
585 424 831 466 errantes
877 412 1003 466 facit
1041 412 1325 469 manifesra
1369 430 1714 486 cognoscere,
1753 424 1812 470 ut

219 502 465 556 conversi
510 503 803 572 praedicent
840 504 983 573 quod
1028 503 1208 558 stultis
1258 504 1673 576 cogitationibus
1710 505 1807 560 ab-

219 594 477 646 nuebant.
508 591 584 643 De
599 593 803 659 judicio
828 609 957 647 vero
989 594 1061 647 ita
1085 595 1343 665 scriptum
1376 595 1607 666 legitur:
1644 596 1807 663 Deus,

207 684 476 753 judicium
508 692 659 736 tuum
689 684 794 753 regi
834 683 902 736 da
930 681 1103 755 (Psal.
1151 682 1322 758 LXXI).
1356 683 1623 740 Iudicium
1664 685 1808 740 enim

220 777 421 831 dictum
466 785 573 841 est,
612 777 765 846 quasi
801 774 944 844 juris
984 776 1207 843 dicium,
1256 777 1309 832 id
1340 785 1445 841 est,
1484 778 1625 847 quod
1654 778 1706 832 in
1743 792 1809 832 eo

179 857 195 885 ⁸
214 868 300 939 jus
328 868 560 922 dicatur.
590 868 660 922 Et
695 875 753 920 ut
783 867 1132 922 veracissime
1170 869 1490 937 probaretur
1514 884 1633 922 esse
1673 867 1810 938 peti—

220 956 313 1021 tio,
335 957 530 1011 eadem
555 956 749 1009 iterum
776 954 1021 1024 sequenti
1048 964 1316 1009 commate
1358 956 1667 1026 geminavit.
1696 955 1809 1009 Hoc

219 1058 298 1101 est
344 1047 491 1101 enim
532 1047 676 1117 quod
726 1046 895 1100 dit-it:
924 1045 993 1098 Et
1015 1046 1282 1116 justitiam
1311 1056 1453 1100 tuam
1478 1048 1591 1113 ﬁlio
1627 1049 1760 1118 reg's
1788 1066 1805 1101 .-

218 1139 357 1207 quod
388 1139 641 1206 superius
675 1138 751 1191 ait
775 1154 787 1190 :
811 1135 1085 1190 Iudicium
1125 1149 1273 1191 tuum
1314 1140 1420 1209 regi
1450 1139 1554 1192 da:
1584 1139 1725 1209 quod
1754 1139 1806 1193 in

216 1229 520 1300 Seripturis
544 1227 738 1282 divinis
768 1228 835 1281 ad
861 1227 1268 1296 exprimendam
1306 1244 1526 1283 causam
1560 1229 1808 1299 frequen-

217 1328 298 1371 ter
344 1316 560 1371 invenis
606 1316 912 1387 repetitum.
966 1315 1248 1384 Negotium
1296 1318 1461 1372 multa
1500 1318 1802 1388 signiﬁcat:

216 1411 376 1466 modo
396 1418 580 1465 actum
612 1410 690 1464 rei
722 1408 968 1480 alicujus,
1000 1410 1085 1463 cui
1108 1409 1439 1464 contrarium
1489 1419 1574 1465 est
1599 1411 1802 1477 otium;

216 1502 373 1556 modo
400 1500 671 1554 actionem
701 1515 898 1565 causas,
922 1500 1063 1569 quod
1095 1508 1178 1554 est
1197 1499 1435 1571 jurgium
1459 1501 1567 1556 litis
1598 1519 1612 1555 :
1641 1511 1696 1557 et
1727 1502 1807 1555 di-

1910 322 2166 392 scriptum
2191 331 2275 377 est
2302 341 2314 376 :
2338 323 2552 378 Iudices
2578 325 2631 378 in
2651 326 2813 395 portis
2838 327 2939 378 tuis
2961 329 3268 393 constituas,
3299 333 3389 401 qui
3399 333 3496 402 ju-

1908 410 2080 465 dicent
2118 412 2368 483 populum
2403 414 2459 468 in
2498 418 2742 487 a'quitate
2782 418 2960 488 (Deut.
3014 418 3147 490 xw).
3199 421 3499 479 Accusator

1910 513 2147 567 vocatur,
2207 506 2361 574 quasi
2422 506 2763 575 adcattsator,
2813 509 2904 577 qui
2956 510 3024 562 ad
3072 525 3291 566 causam
3342 522 3501 570 vocat

1908 606 2031 644 eum
2063 608 2221 661 quem
2265 593 2517 664 appellat.
2558 595 2857 650 Accusator
2896 596 3164 666 signiﬁcat
3203 599 3498 662 diabolum,

1909 682 1974 736 de
2007 698 2116 752 quo
2143 684 2195 738 in
2241 686 2559 757 Apocalypsi
2592 688 2849 758 scriptum
2878 697 2963 743 est
2989 708 3001 742 :
3029 688 3330 759 Lwtamini,
3362 694 3501 761 coeli,

1907 783 1955 826 et
1979 773 2257 841 exsultate,
2289 794 2464 831 omnes
2489 779 2579 848 qui
2607 778 2854 832 habitatis
2884 780 2938 832 in
2964 781 3059 846 eis,
3089 784 3337 850 quoniam
3372 801 3500 853 pro-

1900 863 2072 933 jeclus
2103 876 2177 919 est
2218 878 2492 922 accusator
2531 870 2759 939 fratrum
2806 880 3104 924 nostrorum
3145 872 3329 944 (Apoc.
3375 873 3498 946 xu).

1910 954 2055 1008 Reus
2100 970 2130 1008 a
2168 972 2247 1021 re,
2280 973 2382 1026 qua
2416 959 2636 1027 petitur,
2666 969 3006 1030 nuncupatur
3040 982 3051 1015 :
3103 963 3228 1031 quia
3252 965 3502 1032 quamvis

1909 1045 2133 1100 sceleris
2174 1050 2424 1123 conscius
2448 1065 2554 1104 non
2588 1050 2677 1114 sit,
2719 1066 2841 1105 reus
2869 1060 3046 1106 tamen
3076 1051 3293 1120 dicitur,
3323 1071 3500 1124 quan-

1908 1137 1996 1190 ditt
2041 1136 2093 1189 in
2122 1139 2330 1208 judicio
2374 1156 2472 1210 pro
2510 1156 2569 1195 re
2600 1141 2774 1211 aliqua
2807 1144 3024 1212 petitur.
3077 1144 3220 1199 Reus
3260 1146 3400 1199 enim
3444 1147 3498 1200 in

1910 1229 2208 1300 Seripturis
2234 1247 2331 1304 pro
2375 1241 2526 1287 sonte
2569 1242 2624 1287 et
2653 1243 2940 1303 peccatore
2966 1236 3210 1303 ponitur;
3241 1238 3381 1293 unde
3418 1248 3504 1294 est

1908 1329 2074 1384 illttd:
2103 1315 2207 1394 Qui
2241 1327 2501 1380 hominem
2530 1327 2795 1391 occiderit,
2823 1344 2938 1380 reus
2964 1338 3040 1381 est
3070 1331 3256 1383 mortis
3300 1329 3499 1402 (Exod.

1907 1422 2045 1493 xxi).
2101 1419 2291 1475 Testes
2348 1417 2647 1486 antiquitus
2694 1420 3014 1487 superstites
3063 1420 3384 1475 dicebantur
3436 1436 3503 1477 eo

1907 1510 2052 1583 quod
2109 1524 2272 1581 super
2324 1515 2523 1562 statum
2574 1522 2748 1562 causa:
2807 1506 3264 1578 proferebantur:
3315 1526 3500 1577 nunc,

216 1603 356 1647 clunt
385 1593 681 1662 negotium,
700 1592 852 1663 quasi
878 1608 980 1646 nec
1004 1591 1197 1658 otium,
1213 1593 1266 1647 id
1287 1600 1386 1659 est,
1411 1594 1527 1648 sine
1548 1594 1679 1649 otio.
1704 1593 1806 1648 Ne-

1915 1612 2062 1672 parte
2082 1600 2261 1655 ablata
2289 1598 2544 1663 nominis,
2567 1605 2734 1652 testes
2755 1599 2929 1653 vocati
2954 1616 2967 1652 :
2999 1586 3152 1654 testis
3172 1608 3351 1654 autem
3373 1616 3506 1655 con-

215 1684 418 1753 gotium
468 1693 651 1738 autem
696 1683 749 1737 in
791 1683 999 1749 causis,
1039 1685 1333 1755 negotiatio
1375 1686 1428 1739 in
1468 1688 1807 1743 commerciis

215 1776 437 1840 dicitur,
469 1775 558 1830 ubi
602 1773 804 1844 aliquid
831 1774 1009 1841 datur,
1041 1778 1326 1847 uttnajora
1354 1778 1649 1833 lucrentur.
1683 1779 1806 1835 Iur-

215 1866 356 1937 gium
381 1866 777 1936 dictum,quasi
794 1864 936 1934 juris
956 1867 1299 1937 garrium,eo
1327 1870 1470 1939 quod
1493 1871 1545 1924 hi
1568 1872 1660 1940 qui
1681 1888 1809 1928 cau-

213 1974 325 2012 sam
356 1957 547 2013 dicunt
566 1956 689 2026 jure
716 1958 1035 2028 disceptent.
1064 1957 1156 2013 Lis
1184 1975 1213 2012 a
1250 1961 1597 2016 contentione
1623 1961 1809 2018 limitis

212 2050 363 2120 prlus
392 2050 885 2132 nomensumpsit;
920 2049 986 2105 de
1011 2065 1118 2120 quo
1144 2049 1399 2122 Virgilius
1427 2070 1438 2106 :

336 2146 510 2199 Limes
530 2156 637 2197 erat
657 2150 841 2212 positus
863 2149 1003 2199 litem
1028 2157 1079 2199 ut
1100 2152 1409 2201 discerneret
1428 2155 1577 2216 agris.

272 2231 461 2287 Causa
503 2241 684 2286 autem
724 2240 816 2287 aut
842 2242 1181 2304 argumento,
1212 2243 1306 2290 aut
1332 2236 1651 2304 probatione
1680 2252 1810 2292 con-

214 2330 336 2375 stat.
383 2321 779 2391 Argumentum
818 2339 1092 2393 nunquam
1131 2325 1384 2392 testibus,
1433 2343 1708 2397 nunquam
1734 2336 1812 2383 ta-

216 2413 353 2468 bulis
376 2413 471 2467 dat
495 2413 863 2482 probationem
890 2434 902 2468 :
927 2414 1021 2470 sed
1061 2414 1176 2470 sola
1216 2415 1627 2489 investigatione
1654 2419 1807 2473 inve-

218 2507 295 2561 nit
330 2507 658 2561 veritatem:
690 2505 829 2560 unde
850 2507 1051 2561 dictum
1080 2518 1163 2562 est
1187 2518 1586 2579 argumentum,
1621 2510 1673 2564 id
1703 2520 1807 2576 est,

217 2607 473 2669 argutum
514 2596 810 2650 inventum.
845 2596 1097 2653 Probatio
1134 2608 1316 2653 autem
1369 2600 1596 2655 testibus
1624 2609 1679 2655 et
1706 2601 1810 2655 ﬁde

216 2691 528 2747 tabularum
559 2698 790 2744 constat.
816 2688 1099 2769 Negotium
1121 2691 1264 2746 enim
1297 2691 1513 2760 aliquod
1544 2691 1810 2749 laudabile

215 2792 323 2848 est,
355 2783 463 2837 hoc
487 2789 594 2847 est,
617 2780 832 2850 quando
858 2780 909 2833 in
938 2780 1131 2836 studiis
1160 2782 1491 2853 spiritalibus
1512 2783 1804 2852 laboratur;

213 2881 274 2928 ut
302 2880 394 2928 est
422 2869 555 2925 illud
583 2871 635 2924 in
660 2870 949 2942 Evangelio
976 2889 990 2925 :
1016 2870 1391 2943 Negotiamini,
1421 2874 1583 2928 donec
1609 2876 1808 2929 veniam

1910 1694 2182 1747 sideratur
2208 1688 2537 1751 conditione,
2577 1696 2793 1752 natura,
2832 1696 2887 1741 et
2927 1690 3054 1742 vita.
3088 1687 3427 1755 Conditione,
3456 1690 3502 1744 si

1911 1781 2065 1848 liber,
2094 1797 2203 1836 non
2242 1794 2429 1834 servus
2454 1797 2467 1832 :
2504 1794 2628 1833 nam
2662 1793 2805 1848 Stepe
2832 1793 3022 1833 servus
3046 1788 3191 1834 metu
3222 1780 3503 1834 dominan-

1911 1871 1978 1925 tis
2014 1869 2381 1925 testimonium
2432 1867 2717 1938 supprimit
2760 1869 3024 1925 veritatis.
3075 1868 3299 1934 Natura,
3325 1869 3369 1924 si
3397 1870 3499 1937 vir,

1908 1978 2014 2016 non
2043 1960 2278 2025 femina;
2312 1974 2438 2012 nam
2471 1977 2483 2011 :

2098 2104 2114 2120 .
2150 2106 2164 2119 .
2203 2105 2218 2120 .
2254 2106 2267 2118 .
2303 2069 2505 2118 Varium
2528 2077 2579 2118 et
2601 2068 2838 2119 mutabile
2856 2082 3061 2132 semper

2095 2132 2316 2182 Femina.
2355 2167 2371 2181 .
2410 2164 2424 2180 .
2461 2163 2476 2179 .
2513 2168 2525 2179 .

1908 2234 2055 2301 Vita,
2090 2236 2135 2289 si
2184 2235 2444 2288 innocens
2473 2242 2527 2287 ει
2560 2232 2766 2302 integer
2793 2240 2952 2286 actu:
2983 2248 3107 2286 nam
3149 2233 3192 2287 si
3223 2233 3331 2287 vita
3361 2234 3502 2288 bona

1909 2328 2161 2392 defuerit,
2214 2327 2318 2381 ﬁde
2344 2326 2567 2381 carebit.
2604 2323 2716 2378 Non
2757 2323 2899 2378 enim
2931 2332 3106 2393 potest
3131 2323 3339 2393 justitia
3377 2342 3501 2381 cum

1909 2423 2173 2478 scelerato
2201 2421 2400 2475 habere
2430 2418 2768 2473 societatem.
2814 2417 2929 2471 Duo
2946 2426 3126 2470 autem
3154 2426 3278 2481 sunt
3302 2433 3502 2487 genera

1911 2514 2170 2570 testium:
2210 2520 2303 2567 aut
2349 2509 2578 2565 dicendo
2620 2508 2671 2561 id
2710 2507 2852 2578 quod
2882 2507 3148 2572 viderunt,
3191 2518 3284 2562 aut
3325 2510 3503 2580 profe-

1909 2605 2077 2660 rendo
2104 2604 2156 2659 id
2178 2603 2321 2674 quod
2343 2601 2650 2655 audierunt.
2684 2598 2899 2652 Duobus
2919 2607 3099 2654 autem
3131 2600 3307 2653 tnodis
3336 2607 3501 2655 testes

1910 2695 2252 2765 delinquunt,
2281 2707 2405 2748 cum
2443 2699 2535 2744 aut
2556 2688 2689 2743 falsa
2716 2698 2990 2758 promunt,
3016 2700 3109 2745 aut
3135 2706 3261 2745 vera
3285 2691 3504 2747 silentio

1908 2787 2190 2857 obtegunt.
2224 2784 2414 2839 Testes
2452 2789 2640 2835 autem
2674 2778 2728 2833 in
2771 2777 3065 2849 Seripturis
3099 2782 3270 2836 sacris
3314 2782 3388 2836 illi
3420 2784 3503 2838 di-

1910 2886 2126 2941 cuntur,
2161 2876 2251 2946 qui
2281 2891 2345 2930 ea
2379 2891 2500 2945 quae
2530 2877 2775 2932 viderunt
2810 2883 2865 2930 et
2899 2873 3205 2937 audierunt,
3237 2874 3508 2928 veraciter

217 2964 372 3035 (Luc.
404 2962 548 3035 nx).
581 2961 718 3017 Hinc
735 2962 990 3017 dicuntur
1010 2962 1374 3033 negotiatores
1400 2962 1694 3032 spiritales,
1718 2964 1810 3034 qtti
1839 2970 1882 3030 (ἶ
1917 2964 2272 3035 protulerunt.
2305 2964 2459 3019 Unde
2488 2964 2601 3034 ipse
2631 2966 2771 3019 Deus
2804 2963 2873 3018 ad
2899 2962 3171 3033 apostolos
3212 2977 3340 3017 suos
3384 2963 3460 3018 ait
3490 2981 3503 3016 :

216 3058 392 3111 bonas
420 3055 747 3124 margaritas
773 3062 1042 3124 quaerunt.
1087 3054 1153 3108 Et
1183 3069 1213 3109 e
1239 3055 1513 3109 contrario
1551 3054 1694 3110 aliud
1732 3063 1814 3109 est

217 3145 499 3217 negotium
543 3144 916 3214 vituperabile,
948 3145 1054 3200 hoc
1097 3153 1203 3211 est,
1250 3146 1392 3214 quod
1430 3145 1482 3198 in
1525 3146 1817 3215 cupiditate

215 3236 494 3292 mundana
525 3243 830 3301 exercetur,
862 3236 928 3291 de
957 3251 1064 3307 quo
1109 3236 1241 3291 dicit
1275 3235 1564 3304 Apostolus
1594 3255 1605 3290 :
1646 3234 1815 3291 Nemo

216 3329 456 3385 militans
496 3327 639 3394 Deo,
688 3327 916 3401 implicat
964 3346 1019 3384 se
1044 3331 1273 3413 ’negott'is
1317 3329 1657 3384 sa’cularibus
1692 3370 1706 3396 ,
1760 3341 1815 3385 ut

216 3422 519 3493 eiplaceat,
551 3422 637 3475 cui
669 3437 724 3476 se
755 3422 991 3492 probavit
1026 3420 1112 3493 (II
1154 3421 1289 3478 Tim.
1321 3422 1404 3495 tt).
1437 3421 1696 3479 Similiter
1722 3440 1818 3480 au—

217 3523 325 3569 tem
374 3521 433 3569 et
471 3527 649 3568 causa:
689 3512 980 3584 aliquando
1008 3513 1302 3570 laudabiles
1330 3523 1494 3570 sunt:
1528 3516 1816 3587 aliquando

216 3604 630 3677 vituperabiles.
683 3604 841 3660 Tunc
895 3605 1039 3659 enim
1090 3604 1384 3662 laudabiles
1430 3614 1555 3661 sunt
1598 3623 1814 3675 causae,

217 3696 436 3767 quando
468 3696 537 3751 ad
574 3696 801 3752 virtutes
835 3702 1082 3766 spectant
1115 3712 1130 3751 :
1167 3705 1294 3753 tunc
1341 3707 1520 3753 autem
1552 3699 1818 3769 vitupera-

217 3791 376 3855 biles,
408 3789 630 3860 quando
659 3790 728 3846 ad
767 3790 1142 3847 contentiones
1188 3790 1474 3847 saeculares
1520 3793 1812 3863 pertinent.

218 3882 362 3938 Dicit
380 3882 532 3938 enim
561 3881 846 3939 Psalmista
874 3901 887 3937 :
913 3883 1107 3939 Iudica
1142 3900 1239 3949 me,
1287 3883 1451 3950 Deus,
1492 3895 1541 3940 et
1584 3886 1816 3959 discerne

218 3989 441 4028 causam
477 3989 647 4027 meam
676 3973 740 4028 de
781 3983 930 4055 gente
954 3991 1059 4029 non
1083 3986 1271 4032 sancta
1298 3975 1471 4051 (Psal.
1508 3979 1665 4053 ml).
1699 3979 1816 4036 Non

217 4061 369 4120 enim
415 4063 556 4134 petit
597 4074 818 4134 peccata
858 4080 954 4119 sua
995 4065 1211 4131 discuti,
1260 4068 1354 4123 sed
1394 4069 1462 4124 ab
1509 4069 1815 4139 iniquorum

218 4153 501 4210 consortio
529 4152 767 4209 liberari.
810 4154 966 4210 Esset
1002 4158 1145 4210 enim
1176 4157 1536 4227 periculosum
1566 4160 1693 4226 dici,
1719 4160 1810 4232 ju-
1868 4222 1874 4233 ,

220 4244 342 4298 dica
377 4260 482 4309 me,
518 4244 621 4300 nisi
667 4244 979 4311 addidisset,
1014 4257 1061 4302 et
1086 4248 1324 4303 discerne
1361 4266 1576 4305 causam
1624 4267 1815 4317 meam,

222 4333 277 4389 id
320 4343 428 4399 est,
473 4335 651 4391 divide
682 4337 1089 4407 permistionem
1117 4354 1315 4406 meam,
1341 4356 1501 4410 quam
1534 4340 1586 4395 in
1625 4342 1819 4397 saeculo

221 4423 333 4478 isto
361 4424 626 4489 susuneo,
658 4434 713 4482 et
732 4425 1021 4496 aliquando
1050 4442 1391 4500 segregatum
1425 4445 1511 4484 me
1541 4430 1610 4485 ab
1640 4431 1821 4502 impiis

222 4514 278 4568 in
303 4514 494 4584 populi
523 4514 600 4569 tui
628 4515 893 4573 electione
921 4519 1206 4574 constitue.
1238 4520 1420 4586 Addit,
1454 4522 1518 4575 de
1540 4531 1689 4593 gente
1718 4540 1821 4578 non

221 4615 414 4661 sancta
446 4619 466 4657 :
495 4606 599 4662 hoc
636 4617 740 4674 est,
780 4608 849 4665 de
889 4611 1157 4680 perversis
1200 4627 1263 4667 ac
1310 4612 1450 4667 male
1494 4615 1818 4673 viventibus.

222 4694 456 4767 Legitur
479 4706 536 4750 et
577 4696 631 4751 in
660 4698 766 4754 alio
789 4700 1052 4769 propheta
1077 4701 1335 4757 Dominus
1366 4702 1674 4774 increpasse
1698 4722 1824 4776 peo-

223 4795 442 4853 cantes,
470 4788 547 4842 ita
569 4787 755 4846 dicens
781 4808 795 4844 :
829 4789 965 4846 Ecce
990 4792 1059 4846 ad
1092 4791 1205 4847 lites
1236 4801 1283 4847 et
1309 4797 1663 4850 contentiones
1695 4797 1823 4868 vigi-

224 4878 352 4933 latis
373 4887 423 4933 et
441 4883 713 4952 percutitis
735 4899 909 4954 pugno
938 4883 1093 4954 impie
1117 4883 1251 4956 (Isa.
1278 4884 1462 4956 Lvm);
1490 4886 1633 4957 quod
1660 4874 1821 4958 quam

223 4971 300 5024 sit
328 4970 706 5040 vituperabile,
730 4973 1072 5029 manifestum
1103 4982 1207 5029 est.
1249 4974 1306 5030 In
1352 4977 1498 5031 omni
1529 4987 1708 5032 autem
1730 4979 1820 5050 jtt-

223 5061 374 5117 dicio
422 5076 520 5118 sex
575 5077 821 5134 persona:
865 5073 1181 5135 quaeruntur
1222 5083 1237 5120 :
1283 5064 1473 5135 jndex,
1516 5078 1820 5137 accusator,

225 5165 381 5215 reus,
423 5159 482 5206 et
521 5159 628 5208 tres
667 5162 851 5210 testes.
894 5152 1065 5211 Iudex
1098 5156 1292 5222 dictus,
1339 5158 1493 5227 quasi
1518 5158 1610 5228 jus
1636 5161 1822 5218 dicens

225 5240 431 5309 populo
460 5257 475 5295 :
508 5242 623 5297 sive
651 5244 795 5313 quod
828 5242 961 5313 jure
1002 5245 1284 5316 disceptet.
1331 5245 1505 5303 Iudex
1543 5258 1723 5304 autem
1768 5252 1821 5305 in

232 5328 537 5399 Seripturis
555 5333 727 5389 sacris
750 5334 1035 5404 aliquando
1060 5335 1175 5406 ipse
1196 5336 1338 5392 Deus
1357 5345 1563 5404 noster,
1592 5338 1682 5409 qui
1709 5356 1826 5396 om-

212 5419 326 5474 .nia
378 5421 677 5478 secundum
720 5425 1029 5495 aequitatem
1085 5425 1323 5494 judicat;
1371 5428 1513 5484 unde
1557 5427 1826 5500 Propheta

230 5511 519 5569 aitzDeus
553 5512 727 5586 judea:
765 5515 967 5586 justus,
1010 5518 1163 5588 fortis
1208 5528 1256 5585 et
1294 5517 1605 5591 longanimis
1648 5519 1823 5595 (Psal.

1917 3055 1985 3108 Et
2008 3056 2151 3109 eritis
2174 3056 2299 3109 mihi
2333 3065 2484 3109 testes
2529 3057 2585 3109 in
2628 3055 2961 3109 Hierusalem
2993 3063 3039 3108 et
3071 3053 3214 3108 omni
3239 3054 3431 3107 Iudico
3458 3063 3507 3106 et

1919 3145 2188 3211 Samaria,
2212 3157 2260 3200 et
2286 3162 2446 3216 usque
2470 3145 2539 3199 ad
2562 3145 2802 3199 ultimum
2831 3155 2985 3199 terra:
3008 3143 3146 3217 (Act.
3174 3146 3237 3215 ι).
3273 3143 3427 3200 Unde
3451 3154 3510 3199 et

1916 3235 2108 3292 Petrus
2136 3247 2190 3291 et
2223 3233 2460 3290 Joannes
2507 3251 2628 3290 cum
2674 3252 2702 3290 a
2756 3234 2954 3290 Iuda-is
2988 3236 3118 3290 tenti
3184 3235 3413 3291 fuissent
3454 3246 3510 3291 et

1915 3327 2173 3396 prohibiti
2215 3342 2280 3381 ne
2310 3327 2531 3381 omnino
2557 3326 2919 3396 loquerentur,
2957 3342 3132 3395 neque
3166 3326 3424 3381 docerent
3451 3327 3509 3382 in

1916 3421 2134 3477 nomine
2178 3419 2303 3476 Iesu
2335 3419 2427 3475 ulli
2465 3419 2768 3484 hominum,
2825 3418 3212 3491 respondentes
3255 3419 3511 3475 dixerunt

1917 3514 1986 3568 ad
2012 3529 2143 3569 eos:
2177 3512 2239 3568 Si
2249 3513 2454 3583 justum
2477 3522 2551 3566 est
2581 3513 2635 3565 in
2664 3520 2938 3589 conspectu
2973 3509 3072 3564 Dei
3101 3526 3186 3564 vos
3208 3511 3382 3580 potius
3408 3529 3510 3565 au-

1916 3604 2028 3658 dire
2053 3620 2209 3675 quam
2248 3602 2436 3669 Deum,
2475 3600 2717 3672 judicate
2740 3615 2759 3654 .'
2788 3617 2891 3655 non
2933 3601 3070 3654 enim
3096 3615 3371 3670 possumus
3392 3617 3511 3670 quae

1916 3696 2139 3750 uidimus
2169 3705 2217 3750 et
2243 3694 2540 3749 audivimus
2578 3712 2681 3749 non
2712 3694 2853 3766 loqui
2880 3692 3018 3766 (Act.
3042 3693 3136 3765 tv).
3168 3691 3306 3748 Hinc
3345 3702 3399 3747 et
3436 3693 3512 3748 illi

1917 3786 2008 3857 qui
2045 3789 2099 3841 in
2140 3795 2289 3841 recta
2338 3785 2446 3841 ﬁde
2474 3794 2529 3840 et
2575 3785 2629 3839 in
2661 3785 3002 3840 confessione
3037 3783 3271 3839 nominis
3308 3782 3512 3840 Christi

1915 3891 2089 3948 usque
2123 3877 2191 3931 ad
2230 3885 2460 3931 mortem
2506 3883 2881 3946 perseverant,
2930 3885 3216 3945 martyres,
3265 3874 3370 3929 hoc
3407 3882 3510 3937 est,

1917 3977 2085 4023 testes
2121 3967 2324 4023 Christi
2366 3975 2789 4036 nuncupantur:
2821 3966 2912 4036 qui
2957 3975 3105 4021 recte
3150 3966 3418 4035 loquendo
3458 3975 3514 4019 et

1916 4061 2057 4117 bene
2081 4061 2355 4131 operando
2381 4061 2435 4115 in
2469 4060 2578 4114 vita
2608 4074 2705 4115 sua
2740 4074 2840 4113 nec
2869 4073 2974 4113 non
3002 4066 3057 4113 et
3081 4059 3137 4113 in
3158 4067 3333 4113 morte
3364 4060 3513 4112 testi-

1917 4149 2160 4206 monium
2180 4148 2334 4206 ﬁdele
2352 4148 2578 4203 Domino
2594 4145 3121 4219 praebuerunt.Unde
3132 4145 3509 4215 etApostolus,

1921 4226 2231 4295 sanctorum
2269 4241 2497 4294 virtutes
2540 4237 2896 4300 numerando,
2937 4237 3004 4292 ad
3044 4246 3346 4292 extremum
3380 4239 3512 4294 sub-

1846 4319 1898 4379 D
1916 4329 2119 4400 junxit,
2148 4330 2371 4385 dicens:
2409 4328 2480 4382 Hi
2506 4345 2682 4383 omnes
2722 4327 3014 4382 testimonio
3036 4327 3160 4398 ﬁdei
3193 4328 3399 4399 probati
3431 4331 3509 4385 inv

1923 4422 2061 4479 venti
2094 4431 2213 4476 sunt
2258 4419 2442 4493 (Hebr.
2475 4420 2575 4492 χι).
2601 4420 2667 4473 Ει
2700 4430 2759 4473 ut
2791 4419 3030 4475 breviter
3059 4430 3254 4476 cuneta
3280 4421 3511 4491 replice-

1924 4526 2062 4574 mus,
2098 4509 2262 4580 jutlex
2290 4511 2432 4565 Deus
2471 4517 2575 4575 est,
2623 4510 2763 4565 sicut
2790 4524 2950 4579 supra
2987 4498 3340 4577 ostendimus,
3366 4520 3426 4566 ut
3458 4513 3510 4567 in

1922 4601 2185 4658 Psalterio
2214 4620 2225 4654 :
2253 4600 2393 4656 Deus
2415 4602 2585 4672 judea:
2614 4600 2818 4671 justus,
2859 4601 3007 4669 [ortis
3033 4611 3081 4655 et
3109 4603 3313 4671 patiens
3338 4601 3510 4673 (Psal.

1927 4695 2044 4765 vn).
2069 4692 2284 4749 Iudices
2324 4703 2449 4748 sunt
2488 4693 2738 4764 apostoli,
2764 4703 2831 4748 ut
2872 4694 2924 4748 in
2972 4693 3260 4765 Evangelio
3292 4695 3509 4768 (Matth.

1924 4788 2072 4852 six):
2099 4780 2352 4837 Sedebitis
2380 4799 2536 4853 super
2561 4783 2707 4837 sedes
2740 4782 3013 4839 duodecim
3040 4784 3344 4854 judicantes
3375 4786 3510 4839 duo-

1925 4873 2092 4928 decim
2138 4874 2302 4929 tribus
2331 4873 2523 4929 Israel.
2557 4875 2745 4931 Testes
2791 4884 2918 4930 sunt
2952 4862 3190 4948 'apostoli
3223 4878 3305 4933 vel
3330 4879 3513 4933 ueteri

1926 4963 2130 5029 ﬁdeles,
2155 4975 2214 5021 ut
2242 4966 2295 5020 in
2323 4966 2580 5037 Apostolo
2606 4986 2618 5020 :
2647 4965 3020 5023 Testimonium
3041 4969 3273 5024 dicemus
3296 4969 3359 5023 de
3379 4969 3510 5035 Deo,

1923 5055 2063 5127 quod
2086 5057 2355 5111 suscitavit
2381 5057 2563 5113 Iesum
2583 5055 2847 5112 Christum
2869 5075 2900 5112 a
2920 5058 3138 5112 mortuis
3167 5058 3305 5130 (Act.
3337 5074 3409 5124 tv,
3431 5061 3511 5131 v.)

1927 5144 2105 5202 Testis
2140 5148 2385 5202 Christus
2409 5189 2424 5211 ,
2466 5159 2524 5202 ιιι
2567 5148 2621 5202 in
2661 5148 3019 5219 Apocalypsi:
3060 5148 3215 5202 Iesus
3250 5147 3512 5217 Christus,

1926 5241 2015 5311 qui
2035 5250 2108 5294 est
2135 5242 2278 5294 testis
2299 5240 2471 5310 ﬁdelis
2494 5239 2678 5311 (Apoc.
2702 5239 2778 5311 1);
2808 5248 2863 5295 et
2889 5241 2940 5294 in
2970 5240 3108 5295 Isaia
3134 5257 3147 5293 :
3172 5239 3308 5294 Ecce
3333 5249 3513 5297 testem

1927 5330 2132 5402 populis
2159 5330 2279 5385 dedi
2300 5348 2418 5386 eum
2447 5330 2581 5403 (Isa.
2622 5330 2733 5401 LV).
2765 5331 2952 5387 Testes
2989 5329 3113 5386 falsi
3157 5341 3283 5386 sunt
3321 5330 3512 5399 Judaei,

1929 5422 2044 5475 sive
2073 5420 2333 5487 heretici,
2376 5430 2436 5475 ut
2468 5422 2520 5476 in
2560 5421 2804 5492 psalmo:
2837 5421 3101 5487 Quoniam
3123 5423 3516 5478 insurrexerunt

1930 5513 1985 5568 in
2016 5530 2097 5569 me
2120 5522 2272 5571 testes
2298 5513 2462 5569 iniaui
2487 5512 2659 5584 (Psal.
2692 5511 2864 5584 xsvt).
2884 5512 2950 5567 Et
2977 5512 3031 5568 in
3057 5513 3513 5570 Deuteronoutio:
