3950 6192
365 199 370 204 .
435 147 544 208 547

1089 137 1154 194 Β.
1196 136 1448 194 ΒΑΒΑΝΙ
1489 134 1704 193 MAURI
1740 133 2051 198 ARCIlIEP.

2157 133 2412 193 OGUNI'.
2454 133 2738 192 OI‘ERUM
2779 131 2956 188 PARS
2990 131 3054 187 Il.

3586 133 3652 187 5.1
3665 131 3701 188 3

433 261 496 319 Si
511 255 710 316 steterit
737 251 880 312 testis
913 252 1144 328 iniquus,
1169 252 1362 326 falsum
1385 249 1734 308 testimonium
1759 248 2025 320 proferens
2053 253 2101 312 Α
2129 249 2447 320 voluptates,
2487 264 2605 319 qua:
2644 263 2750 303 non
2794 261 2893 316 per
2926 245 3212 316 semetipsa
3250 243 3554 314 inquinant,
3604 247 3712 300 sed

434 352 684 408 adversus
710 349 1002 420 proximum
1043 362 1197 400 suum
1237 343 1418 416 (Deut.
1463 339 1602 412 xu).
1631 339 1900 394 iudicium
1941 345 2026 392 est

434 442 692 500 discretio
729 439 856 496 boui
885 454 949 493 ac
984 437 1134 502 mali,
1166 445 1225 490 ut
1253 437 1306 490 in
1343 432 1608 490 Psalterio
1635 448 1648 484 :
1678 429 1740 484 Si
1775 445 1890 484 rere
1919 429 2024 482 uti-

432 554 534 608 que
565 533 818 597 iustitiam
843 530 1133 602 loquimini,
1167 538 1299 582 recte
1331 525 1588 608 judicate,
1629 521 1727 592 ﬁlii
1754 521 2021 575 hominum

437 632 612 705 (Psal.
637 629 792 700 Lvn).
821 626 1092 682 Iudicium
1129 621 1399 693 separatio
1421 622 1686 675 bonorum
1714 631 1744 671 a
1767 613 2024 670 societate

439 723 725 786 malorum,
763 727 821 773 ut
854 717 906 772 in
939 715 1226 786 Evangelia
1251 731 1268 769 :
1296 711 1363 767 Et
1392 709 1651 781 separabit
1681 724 1768 762 eos
1794 705 1858 760 ab
1889 705 2024 759 invi-

439 830 549 868 cem
578 810 790 883 (ἔσεαι.
837 808 993 874 xxv);
1038 815 1092 861 et
1118 807 1171 860 in
1201 804 1442 875 psalmo:
1489 801 1682 856 Judica
1729 815 1830 864 me,
1868 797 2024 861 Deus,

441 918 488 961 et
517 905 751 958 discerne
771 917 986 955 causam
1007 915 1174 952 means
1201 895 1372 967 (Psal.
1401 895 1558 962 ιιιιι).
1583 891 1849 946 Iudicium
1878 889 2028 942 dam-

447 996 590 1050 natio
621 994 818 1055 futura,
851 991 990 1044 sicut
1017 989 1068 1042 in
1097 986 1390 1058 Evangelio
1419 1000 1518 1056 pro
1544 982 1792 1038 ﬁdelibus
1813 978 2029 1033 Veritas

445 1086 716 1158 loquitur:
757 1083 859 1148 Qui
893 1080 1053 1134 credit
1090 1080 1144 1132 in
1183 1094 1286 1142 me,
1333 1093 1438 1130 non
1477 1073 1806 1145 judicabitur
1845 1069 2026 1139 (Joan.

449 1178 555 1248 ιιι).
581 1175 647 1230 Ει
669 1189 700 1228 e
720 1170 992 1228 contrario
1020 1169 1087 1223 de
1116 1167 1360 1238 reprobis
1387 1183 1401 1220 :
1441 1165 1547 1232 Qui
1585 1173 1762 1219 autem
1797 1179 1900 1217 non
1925 1177 2034 1220 cre-

448 1271 548 1335 dit,
570 1270 687 1340 jam
715 1265 990 1338 judicatus
1024 1273 1098 1318 est
1126 1260 1337 1333 (lbid.),
1371 1261 1475 1314 hoc
1513 1267 1598 1314 est
1623 1255 2032 1311 condemnatus.

450 1361 720 1416 Iudicium
764 1357 818 1412 in
852 1355 1036 1424 injusti
1087 1351 1505 1424 reprehensione
1537 1347 1621 1402 vel
1666 1345 2033 1409 damnatione,

454 1462 511 1507 ut
541 1453 592 1506 in
623 1447 948 1520 Evangelia:
986 1443 1164 1499 Nolite
1192 1441 1460 1513 judicare,
1485 1447 1540 1492 ut
1581 1453 1684 1491 non
1721 1433 2036 1506 judicemini

455 1543 669 1615 (Matth.
696 1543 820 1613 vn);
846 1549 900 1594 et
919 1540 972 1593 in
993 1535 1283 1608 Apostolo:
1310 1531 1412 1598 Qui
1437 1547 1540 1584 non
1561 1528 1862 1591 manducat,
1890 1543 2048 1580 man.

2127 355 2224 411 per
2247 355 2310 395 ea
2339 355 2458 410 quae
2498 340 2608 395 illic
2649 347 2927 410 geruntur.
2972 338 3124 391 Dicta
3172 346 3351 391 autem
3397 335 3714 406 Spectacula

2124 446 2191 486 eo
2224 431 2366 500 quod
2407 429 2712 485 hominibus
2740 427 2954 499 publica
2985 427 3056 482 ibi
3086 427 3390 496 praebeatur
3416 425 3711 495 inspectio.

2126 521 2252 576 Haec
2279 530 2334 576 et
2362 519 2567 574 ludicra
2599 527 2920 588 nuncupata,
2967 515 3110 587 quod
3157 516 3213 570 in
3256 515 3397 570 ludis
3450 526 3722 586 gerantur

2125 620 2221 666 aut
2259 611 2312 665 in
2355 609 2551 664 scenis.
2598 609 2674 664 De
2711 607 3016 678 spectaculo
3045 616 3224 661 autem
3264 607 3317 659 in
3347 605 3606 676 Apostolo
3639 607 3722 660 ita

2127 703 2396 774 legimus:
2427 700 2792 769 Spectaculum
2842 701 2969 770 facti
3009 717 3189 755 sumus
3239 699 3359 752 huic
3397 700 3614 764 mundo,
3667 709 3722 754 et

2128 793 2326 864 angelis
2361 802 2410 846 et
2447 792 2744 846 hominibus
2781 790 2835 864 (Ι
2875 789 2996 846 Cor.
3028 790 3123 862 tv).
3155 790 3288 858 Quia
3315 800 3474 846 erant
3505 800 3758 860 speclu-v

2129 883 2308 937 culum
2352 881 2535 935 Enoch
2569 889 2622 936 et
2663 880 2808 934 Elias
2847 895 3015 948 usque
3045 879 3204 944 adeo,
3241 887 3300 932 ut
3353 893 3579 950 corpora
3621 895 3726 934 eo-

2132 989 2250 1026 rum
2275 973 2329 1025 in
2360 971 2537 1043 platea
2560 970 2911 1041 projiciantur
2939 969 2992 1024 in
3027 979 3316 1040 conspectu
3351 971 3516 1025 totius
3539 971 3726 1040 populi

2133 1061 2361 1118 inﬁdelis
2387 1080 2399 1116 :
2429 1061 2500 1116 ita
2526 1069 2581 1115 et
2607 1061 2833 1131 apostoli
2857 1060 3221 1130 spectaculum
3247 1061 3370 1116 lacti
3399 1072 3524 1116 sunt
3552 1079 3565 1115 :
3594 1064 3728 1131 quia

2131 1155 2342 1226 publice
2371 1153 2736 1210 irridehantur
2765 1152 2924 1224 positi
2969 1153 3036 1207 ad
3083 1153 3336 1223 injuriam
3374 1163 3428 1207 et
3466 1163 3726 1215 mortem,

2134 1262 2296 1316 quam
2317 1245 2459 1317 passi
2485 1253 2628 1299 sunt.
2661 1243 2918 1298 Mundam
2947 1253 3126 1298 autem
3147 1245 3366 1316 angelos
3395 1253 3451 1299 et
3477 1247 3729 1300 homines

2133 1337 2290 1402 dixit,
2336 1337 2461 1407 quia
2503 1343 2558 1390 et
2585 1334 2759 1406 angeli
2807 1335 2932 1388 mali
2979 1343 3144 1402 sunt,
3193 1337 3402 1391 dicente
3455 1337 3618 1391 David
3673 1339 3730 1392 in

2137 1427 2344 1497 psalmo
2364 1441 2565 1483 Lxxtv:
2601 1423 2870 1480 Vexabunt
2908 1423 3026 1478 illos
3064 1442 3155 1495 per
3180 1425 3391 1496 angelos
3425 1431 3612 1480 ηιειιοδ.
3663 1427 3731 1480 Iit

2140 1519 2386 1572 homines
2419 1515 2546 1572 mali
2584 1525 2746 1586 atque
2790 1515 3048 1570 increduli
3077 1533 3091 1570 :
3120 1515 3204 1570 his
3247 1517 3613 1586 apostolorum
3646 1518 3728 1570 in-

450 1607 734 1688 ducantem
757 1607 858 1685 non
873 1607 1072 1699 judicet
1096 1625 1274 1698 (Rom.
1303 1620 1749 1693 xlv).Judicium,
1773 1616 2039 1671 confessio
2069 1607 2293 1680 Bjuritt'
2341 1607 2736 1663 Oblectamenta
2785 1614 2911 1662 sunt
2949 1625 2962 1660 :
3017 1607 3249 1662 mundus
3296 1617 3476 1662 autem
3527 1607 3736 1662 ifzcirt'o

458 1721 795 1792 paenitentis;
831 1721 882 1774 in
907 1733 970 1772 eo
998 1717 1141 1772 enim
1167 1715 1310 1784 quod
1339 1727 1396 1768 se
1422 1719 1658 1774 accusat,
1691 1717 1746 1764 et
1779 1707 1872 1762 Dei
1898 1705 2040 1775 judi-

458 1813 600 1865 cium
634 1809 837 1875 laudat,
863 1823 1049 1862 verum
1075 1805 1333 1874 judicium
1355 1811 1456 1856 est.
1487 1803 1562 1856 De
1584 1815 1688 1868 quo
1705 1797 1909 1868 judicio
1941 1797 2045 1850 Do-

461 1905 638 1957 minus
665 1918 762 1972 per
789 1900 980 1955 Isaiam
1011 1897 1265 1967 loquitur,
1292 1895 1478 1949 dicens
1503 1911 1516 1948 :
1548 1891 1724 1946 Reduc
1755 1907 1836 1944 me
1863 1889 1918 1943 in
1944 1903 2046 1941 me-

459 1995 649 2056 moria,
671 2001 718 2046 et
734 1990 1035 2062 judicentur
1057 1986 1214 2042 simul
1243 1985 1378 2057 (Isa.
1419 1981 1572 2052 mn)
1597 1978 1615 2046 ;’
1635 1989 1691 2036 et
1725 1979 1778 2034 in
1813 1977 1914 2033 Job
1935 1990 1950 2030 :
1975 1975 2046 2030 Et

461 2085 676 2154 dignum
705 2081 853 2134 ducis
883 2094 1038 2148 super
1071 2073 1374 2146 hujusmodi
1403 2072 1609 2143 aperire
1641 2067 1817 2124 oculos
1840 2076 1977 2131 tuos,
1998 2074 2048 2118 et

462 2173 724 2226 adducere
772 2185 891 2224 eum
939 2175 1108 2220 tecum
1157 2165 1213 2218 in
1253 2161 1516 2234 judicium
1553 2159 1696 2233 (Job.
1738 2156 1880 2229 xiv);
1913 2155 2046 2210 etin

467 2259 725 2332 Apostolo
766 2277 782 2314 :
835 2258 988 2324 Quod
1029 2256 1076 2310 si
1119 2245 1894 2324 nosmetipsos'judicaremus,
1945 2262 2050 2302 non

467 2353 644 2423 utique
677 2349 1046 2421 judicaremur
1086 2345 1142 2418 (Ι
1185 2343 1307 2399 Cor.
1333 2342 1433 2415 xt).
1476 2341 1744 2398 Iudicium
1788 2333 2049 2410 quorum-

467 2445 591 2498 dam
649 2439 996 2511 praesumptio
1059 2445 1114 2493 et
1166 2437 1234 2492 de
1291 2434 1507 2506 propria
1568 2448 1627 2489 se
1679 2431 2052 2488 extollentium

463 2532 669 2605 iustitia
699 2570 714 2595 ,
779 2529 974 2598 quibus
1034 2526 1294 2580 Dominus
1343 2540 1438 2596 per
1487 2523 1776 2580 Jercmiam
1823 2535 2050 2592 respon-

467 2623 548 2678 dit
595 2621 782 2675 dicens
813 2631 827 2672 :
857 2615 995 2682 Quid
1042 2613 1196 2670 vultis
1233 2629 1433 2667 mecum
1463 2611 1670 2696 judicio
1705 2607 2054 2665 contendere!

466 2727 646 2767 omnes
689 2726 770 2764 me
816 2706 1165 2779 dereliquistis
1206 2704 1340 2777 (Jer.
1385 2703 1468 2776 ιι).
1517 2703 1772 2759 Inimicus
1811 2701 2056 2758 diabolus

463 2801 619 2870 juxta
664 2799 971 2871 allegoriam
1010 2797 1348 2868 intelligitur,
1388 2803 1448 2850 ut
1491 2793 1546 2850 in
1581 2791 1871 2864 Evangelia
1897 2810 1912 2846 :
1943 2791 2056 2846 Ini—

468 2893 636 2946 mitus
685 2891 839 2944 homo
879 2889 976 2944 hoc
1026 2887 1145 2958 fecit
1183 2885 1400 2961 (Matth.
1441 2883 1585 2959 xm).
1614 2883 1846 2950 Inimici,
1883 2880 2053 2938 Judaal

470 2981 555 3036 vel
585 2979 844 3046 haeretici,
873 2989 932 3034 ut
955 2953 1255 3034 in-Michaea
1279 2991 1295 3031 :
1322 2975 1533 3030 Inimici
1544 2953 1796 3038 hominis,
1821 2973 1927 3029 hoc
1948 2981 2050 3038 est,
2080 2953 2126 3017 (ἶ

469 3074 692 3138 Christi,
742 3073 1013 3128 domestici
1058 3072 1174 3142 ejus
1227 3069 1247 3145 (
1269 3069 1430 3124 Mich.
1483 3067 1612 3141 vn).
1677 3068 2058 3134 Adversarius,

471 3180 653 3224 sermo
692 3167 924 3232 divinus,
953 3180 1018 3220 eo
1056 3163 1198 3234 quod
1239 3163 1544 3218 contrarius
1581 3160 1854 3217 contraria
1884 3159 2060 3216 homi-L

475 3275 604 3314 num
633 3257 893 3315 voluntati
920 3255 1217 3326 praecipiat,
1247 3263 1305 3309 ut
1340 3255 1392 3308 in
1419 3253 1711 3324 Evangelia
1737 3271 1750 3306 :
1783 3251 1912 3306 Esto
1937 3265 2061 3304 con-

473 3352 698 3406 sentiens
724 3349 1023 3404 adversario
1064 3357 1152 3400 tuo
1193 3346 1316 3411 cito,
1349 3345 1474 3398 dum
1509 3361 1563 3398 es
1593 3360 1713 3397 cum
1753 3341 1846 3396 illo
1880 3342 1937 3394 in
1979 3341 2062 3395 via

477 3441 694 3513 (Matth.
725 3439 802 3512 v).
853 3437 1209 3494 Adversarius
1248 3435 1514 3502 diabolus,
1547 3443 1607 3490 ut
1647 3435 1700 3489 in
1749 3431 2010 3489 Zacharia
2042 3445 2058 3486 :

475 3531 546 3588 Et
587 3530 754 3587 Satan
795 3529 966 3586 stabat
988 3545 1020 3582 a
1043 3527 1240 3582 dextris
1267 3525 1400 3596 ejus,
1427 3525 1503 3578 ita
1543 3533 1599 3576 ut
1626 3523 1990 3578 adversaretur
2016 3519 2064 3574 ei

478 3622 666 3680 lZach.
711 3621 818 3693 ιιι).
854 3620 1100 3676 Crudelis
1129 3617 1396 3684 diabolus,
1436 3624 1498 3672 ut
1534 3616 1588 3671 in
1618 3615 1947 3672 Salomone:
1979 3613 2064 3669 Ne

477 3732 569 3771 aes
616 3713 822 3780 alienis,
861 3713 966 3770 hoc
1003 3722 1087 3768 est
1125 3712 1477 3776 daemonibus,
1521 3710 1771 3764 honorem
1811 3717 1978 3772 tuum,
2015 3715 2064 3760 et

479 3823 644 3862 annos
669 3816 784 3862 tuos
811 3804 1012 3861 crudeli
1039 3803 1220 3877 (Prov.
1247 3804 1324 3874 v).
1357 3802 1558 3868 Alieni,
1581 3801 1872 3866 daemones,
1895 3796 2065 3854 Judaei

471 3896 593 3952 sive
622 3896 884 3962 haeretici,
913 3904 974 3950 ut
1021 3895 1075 3950 in
1120 3893 1370 3966 psalmo:
1406 3892 1668 3960 Quoniam
1695 3888 1853 3946 alieni
1890 3889 2068 3944 insur-

477 3996 723 4043 rexerunt
751 3987 1026 4042 adversum
1059 4001 1140 4040 me
1171 3972 1345 4058 (Psal.
1376 3983 1516 4056 un).
1556 3982 1835 4048 Extranei,
1862 3981 2066 4037 daemo-

477 4094 598 4143 nes,
627 4078 768 4132 utin
807 4077 1132 4134 Salomone:
1173 4074 1254 4130 Ne
1298 4074 1431 4144 forte
1476 4072 1794 4145 impleantur
1833 4069 2069 4127 extranei

477 4169 674 4224 viribus
707 4171 834 4235 tuis,
865 4181 912 4224 et
941 4168 1144 4224 labores
1169 4169 1244 4222 tui
1275 4168 1381 4222 sint
1404 4168 1460 4221 in
1497 4166 1650 4220 domo
1679 4164 1852 4220 aliena
1881 4160 2066 4236 (Prov.

479 4260 558 4330 v).
591 4259 719 4322 Fur,
746 4258 1011 4322 diabolus,
1059 4268 1120 4314 ut
1157 4260 1212 4314 in
1261 4260 1441 4316 Osee:
1475 4257 1544 4312 Et
1583 4258 1672 4328 fur
1712 4255 2070 4329 spolians,la-1

480 4351 757 4406 trunculus
777 4353 908 4422 foris
931 4351 1075 4423 (Ose.
1100 4350 1220 4418 vn).
1245 4350 1528 4416 Latrones,
1545 4351 1834 4416 daemones,
1851 4349 1903 4404 in
1925 4347 2026 4404 Job
2049 4363 2063 4401 :

485 4445 875 4501 Simulaverunt
929 4445 1107 4519 [simul
1147 4444 1414 4517 venerunt]
1441 4444 1671 4498 latrones
1697 4443 1829 4514 ejus,
1857 4452 1906 4497 et
1932 4441 2070 4512 [ecc-

489 4545 606 4588 runt
654 4535 752 4588 sibi
783 4537 918 4589 viam
943 4552 1034 4606 per
1069 4551 1150 4588 me
1177 4533 1300 4606 (Job
1329 4532 1466 4607 xIx).
1507 4533 1678 4587 Fures
1717 4540 1774 4587 et
1811 4531 2065 4596 latrones,

488 4625 728 4680 haeretici
758 4625 871 4680 sive
891 4625 1199 4681 Judazorum
1223 4625 1492 4689 doctores,
1519 4623 1571 4677 in
1595 4622 1921 4694 Evangelio:
1949 4621 2070 4676 οιηρ

487 4732 600 4782 nes,
628 4725 876 4785 quotquot
904 4725 1170 4779 uenerunt,
1201 4715 1342 4785 fures
1382 4724 1501 4769 sunt
1543 4723 1592 4768 et
1630 4713 1855 4770 latrones
1886 4713 2067 4784 (Joan.

490 4805 568 4880 ιι).
600 4806 724 4867 Fur,
752 4819 898 4860 mors
924 4820 992 4860 ex
1028 4806 1320 4875 improviso
1349 4805 1662 4869 adveniens,
1697 4812 1756 4857 ut
1799 4803 1853 4858 in
1892 4803 2071 4859 Evan—

487 4897 628 4970 gelio
652 4915 666 4952 :
700 4895 815 4952 Hoc
842 4906 1040 4960 autem,
1059 4892 1470 4965 inquit,scitote,
1495 4896 1618 4967 quia
1648 4895 1695 4948 si
1721 4896 1872 4948 sciret
1897 4903 2070 4965 pater-

489 4988 723 5059 familias
747 5003 850 5059 qua
875 4987 1006 5042 hora
1033 4985 1122 5055 fur
1151 4987 1361 5050 veniret,
1389 4984 1623 5056 vigilaret
1667 4985 1864 5055 utique,
1887 4996 1934 5039 et
1965 5001 2068 5040 non

487 5083 680 5136 sineret
705 5079 910 5152 perfodi
935 5079 1144 5134 domum
1190 5095 1340 5133 suam
1369 5076 1582 5150 (Matth.
1605 5074 1775 5146 xxiv).
1811 5075 1922 5130 Fur
1953 5077 2068 5132 dies

485 5172 694 5242 juulicii,
728 5173 780 5228 in
804 5171 1060 5243 Apostolo
1089 5189 1102 5226 :
1139 5171 1258 5226 Dies
1291 5169 1518 5236 Domini,
1545 5170 1678 5225 sicut
1703 5169 1792 5239 [ur
1819 5169 1873 5222 in
1899 5178 2068 5235 nocte,

490 5265 566 5318 ita
593 5265 755 5320 veniet
786 5263 837 5337 (1
867 5263 1043 5320 Ήιεδδ.
1065 5263 1142 5335 v).

1077 5351 1306 5410 CAPUT
1343 5351 1484 5406 XVI.

1066 5442 1141 5497 De
1167 5439 1494 5512 spectaculis.

571 5533 886 5608 Spectacula
912 5575 928 5591 .
981 5543 1040 5590 ut
1087 5533 1316 5604 opinor,
1363 5529 1686 5604 generaliter
1728 5528 2076 5584 nominantur

2145 1696 2436 1754 inﬁdelitas
2469 1696 2692 1766 dicitur,
2715 1696 2840 1767 quia
2867 1695 3101 1751 visibilia
3124 1697 3384 1766 sequitur.

2717 1807 2946 1865 CAPUT
2995 1807 3156 1862 Χγιι.

2680 1877 2761 1933 De
2791 1879 2916 1934 ludo
2943 1879 3205 1949 gymnico.

2215 1968 2514 2040 Gymnicus
2551 1967 2708 2023 ludus
2746 1976 2831 2023 est
2873 1967 3174 2023 velocitatis
3205 1981 3271 2022 ac
3311 1967 3504 2020 virium
3535 1965 3736 2037 gloria.

2147 2059 2313 2132 Cujus
2374 2059 2525 2116 locus
2575 2059 2910 2131 gymnasium
2963 2058 3200 2122 dicitur,
3268 2057 3358 2112 ubi
3411 2065 3742 2113 exercentur

2148 2153 2382 2213 athleta,
2435 2161 2490 2205 et
2535 2166 2818 2206 cursorum
2849 2149 3106 2204 velocitas
3147 2150 3552 2220 comprobatur.
3601 2148 3742 2202 llinc

2149 2244 2344 2299 accidit
2370 2251 2430 2298 ut
2457 2243 2700 2298 omnium
2741 2255 2907 2314 prepe
2936 2242 3135 2296 artium
3169 2241 3430 2296 exercitia
3454 2241 3740 2312 gymnasia

2150 2335 2420 2390 dicantur.
2461 2332 2603 2390 Ante
2631 2333 2774 2388 enim
2805 2334 2860 2390 in
2891 2332 3028 2388 ludis
3066 2342 3342 2388 certantes
3369 2333 3530 2388 cincti
3557 2341 3742 2398 erant,

2151 2439 2220 2480 ne
2265 2425 2630 2480 nudarentur:
2656 2433 2778 2496 post
2812 2424 3053 2481 relaxato
3093 2423 3306 2496 cingulo
3351 2433 3572 2496 repente
3605 2440 3740 2494 pro-

2151 2526 2354 2573 stratus
2377 2524 2434 2573 et
2463 2517 2806 2572 exanimatus
2839 2525 2922 2572 est
2947 2516 3165 2590 quidam
3201 2530 3430 2571 cursor:
3461 2531 3636 2586 quare
3675 2531 3742 2572 ex

2154 2607 2363 2664 consilii
2385 2609 2604 2664 decreto
2623 2607 2842 2663 archani
2859 2607 3233 2678 Hippomenes,
3249 2616 3309 2662 ut
3329 2607 3458 2662 nudi
3483 2608 3747 2680 deinceps

2153 2699 2600 2766 exercitarentur,
2629 2699 2895 2772 permisit.
2919 2699 2998 2752 Ex
3025 2698 3114 2756 illo
3141 2697 3482 2772 gymnasium
3511 2697 3741 2762 dictum,

2154 2797 2296 2866 quod
2342 2795 2570 2866 juvenes
2602 2795 2734 2851 nudi
2766 2805 3087 2852 exercentur
3126 2795 3182 2854 in
3232 2809 3446 2866 campo,
3481 2795 3577 2852 ubi
3624 2797 3747 2854 sola

2155 2899 2361 2948 tantum
2383 2892 2686 2948 verecunda
2713 2891 3050 2962 operiuntur.

2711 3001 2940 3059 CAPUT
2978 3001 3163 3058 XVIII.

2544 3073 2622 3129 De
2659 3073 2930 3145 generibus
2967 3075 3344 3144 gymnicorum.

2227 3167 2440 3223 Genera
2465 3165 2839 3236 gymnicorum
2862 3165 3101 3234 quinque
3131 3173 3258 3218 sunt
3285 3179 3300 3218 :
3331 3164 3388 3222 id
3412 3172 3515 3228 est,
3547 3163 3747 3228 saltus.

2159 3273 2374 3321 cursus,
2414 3255 2615 3326 jactus,
2666 3256 2861 3321 virtus,
2897 3265 3061 3326 atque
3097 3254 3362 3310 luctatio:
3394 3255 3535 3314 unde
3565 3253 3750 3310 lerunt

2159 3347 2448 3419 quemdam
2501 3361 2684 3416 regem
2736 3354 2815 3400 tot
2849 3345 2988 3401 ﬁlios
3037 3344 3406 3400 adolescentes
3459 3344 3747 3402 habentem

2161 3441 2383 3497 totidem
2410 3439 2698 3511 generibus
2729 3438 2795 3494 de
2824 3452 2992 3510 regno
3013 3435 3241 3507 jussisse
3269 3436 3617 3494 contendere.

2747 3547 2974 3605 CAPUT
3015 3546 3154 3602 XIX.

2822 3617 2900 3672 De
2925 3617 3086 3672 saltu.

2233 3712 2416 3769 Saltus
2462 3712 2668 3775 dictus,
2719 3710 2873 3781 quasi
2903 3709 3124 3764 exsilire
3154 3709 3206 3762 in
3243 3708 3410 3764 altum
3440 3727 3452 3763 :
3489 3717 3576 3765 est
3603 3710 3749 3766 enim

2163 3805 2334 3861 Saltus
2354 3804 2516 3859 altius
2545 3803 2764 3857 exsilire
2788 3802 2869 3856 vel
2891 3801 3118 3872 longius.
3145 3801 3326 3856 Saltus
3351 3803 3494 3858 enim
3521 3804 3751 3874 mystica

2163 3896 2464 3968 proiectum
2491 3895 2752 3950 virtutum
2789 3893 3078 3965 signiﬁcat,
3113 3903 3171 3948 ut
3207 3904 3290 3949 est
3324 3893 3452 3950 illud
3477 3895 3532 3950 in
3562 3894 3702 3950 Isaia
3731 3913 3748 3955 :

2167 3988 2311 4044 Tunc
2347 3987 2498 4042 saliet
2529 3985 2750 4041 claudus
2775 3987 2908 4039 sicut
2937 4001 3116 4039 cerrus
3143 3983 3281 4056 (Isa.
3313 3985 3500 4058 xxxv).
3535 3983 3752 4040 Saltare

2167 4081 2296 4136 totis
2321 4079 2528 4134 viribus
2557 4078 2611 4132 in
2661 4076 2888 4132 Domino
2912 4076 3150 4148 gaudere
3183 4094 3196 4130 :
3229 4077 3369 4132 sicut
3397 4077 3450 4131 in
3481 4077 3623 4133 libro
3647 4077 3752 4133 Re-

2167 4185 2293 4240 gum
2332 4169 2398 4223 de
2427 4167 2593 4223 David
2628 4167 2828 4222 dicitur
2857 4185 2870 4220 :
2902 4166 2970 4220 Et
3013 4165 3220 4221 saltauit
3253 4183 3432 4221 coram
3479 4184 3608 4222 arca
3646 4167 3752 4222 Do-

2092 4295 2146 4355 D
2169 4260 2299 4314 mini
2331 4260 2452 4316 totis
2480 4259 2673 4313 viribus
2701 4257 2788 4331 (II
2819 4256 2948 4328 Reg.
2981 4257 3088 4325 vi);
3117 4267 3174 4312 et
3199 4259 3250 4311 in
3276 4258 3434 4312 aliam
3457 4267 3668 4329 partem
3698 4259 3750 4312 in

2169 4355 2460 4424 Evangelio
2489 4369 2504 4408 :
2537 4353 2876 4408 Cantavimus
2903 4352 3044 4407 vobis
3087 4353 3225 4408 tibiis
3253 4391 3271 4419 ,
3309 4363 3356 4408 et
3385 4369 3493 4409 non
3517 4354 3750 4410 saltastis

2171 4441 2324 4516 (Luc.
2363 4441 2481 4513 vn).

2766 4530 2993 4588 CAPUT
3035 4530 3150 4588 XX.

2807 4624 2886 4678 De
2913 4641 3090 4680 cursu.

2241 4719 2445 4775 Cursus
2475 4735 2506 4774 a
2542 4719 2827 4775 velocitate
2862 4732 3082 4774 crurum
3139 4725 3364 4771 vocatur
3414 4735 3427 4770 :
3475 4726 3563 4772 est
3607 4719 3745 4773 enim

2171 4827 2362 4866 cursus
2391 4810 2640 4865 celeritas
2675 4810 2892 4880 pedum.
2939 4807 3162 4879 Mystice
3209 4815 3388 4861 autem
3437 4822 3633 4862 cursus
3681 4808 3745 4862 ad

2173 4902 2461 4956 transitum
2509 4899 2793 4971 prmsentis
2833 4898 2959 4952 vita:
3000 4898 3262 4968 pertinet,
3315 4896 3398 4950 vel
3439 4897 3746 4952 certaminis

2171 5005 2394 5062 agonem
2421 5004 2530 5058 quo
2559 4989 2756 5044 milites
2781 4987 2978 5044 Christi
3029 4987 3082 5041 in
3111 4987 3211 5042 hoc
3233 4986 3430 5042 mundo
3459 4986 3740 5043 laborant:

2171 5080 2483 5154 un;le_dicit
2508 5079 2794 5150 Apostolus
2825 5096 2840 5133 :
2881 5077 3106 5132 Nescitis
3131 5078 3267 5150 quod
3302 5078 3357 5132 hi
3378 5078 3470 5149 qui
3501 5079 3556 5132 in
3579 5079 3746 5150 stadio

2172 5181 2414 5237 currunt,
2439 5188 2612 5247 omnes
2641 5170 2847 5242 quidem
2878 5181 3119 5233 currunt,
3148 5175 3236 5224 sed
3259 5185 3394 5223 unus
3417 5170 3608 5236 accipit
3635 5172 3746 5222 bru-

2174 5262 2329 5315 uium.
2384 5258 2481 5314 Vos
2516 5260 2720 5332 quidem
2783 5260 2858 5314 sic
2924 5259 3116 5312 currite
3138 5298 3154 5324 ,
3195 5267 3252 5312 ut
3305 5257 3745 5328 comprehendam

2177 5349 2226 5420 (I
2256 5349 2376 5404 Cor.
2409 5348 2506 5423 ix),
2537 5350 2639 5403 hoc
2665 5357 2750 5404 est
2775 5389 2790 5414 ,
2819 5357 2878 5402 ut
2905 5346 3138 5416 palmam
3170 5346 3406 5402 victoria:
3443 5355 3500 5402 et
3539 5345 3744 5416 plenam

2178 5441 2482 5497 mercedem
2517 5439 2716 5495 laboris
2739 5439 2904 5494 vestri
2933 5437 3233 5507 accipiatis.
