3950 6192
273 167 377 224 56.)
1220 161 1311 216 BE
1348 157 1695 219 UNWERSO
1726 151 1904 212 LIBRI
1938 146 2106 205 XXIl.
2142 175 2214 186 ——
2251 144 2380 203 UB.
2422 141 2537 201 XX.
3390 184 3397 201 η
3432 137 3541 196 550

855 274 1084 331 CAPUT
1122 273 1263 329 xx],
1885 268 1931 325 Α
1963 262 2034 315 ita
2072 258 2221 314 omni
2250 256 2613 314 sollicitudine
2650 270 2715 310 ac
2737 253 2979 319 tristitia,
3371 268 3545 309 saeu-

911 366 988 419 De
1013 366 1185 434 jactu.
1962 351 2185 415 laribus,
2216 350 2409 404 allecto
2452 350 2615 403 etiam
2650 355 2706 401 et
2757 361 2921 417 opere
2945 347 3209 417 coniugali
3239 346 3547 402 efﬁciuntur

339 459 531 517 lactus
559 457 738 514 dictus
766 471 795 510 a
822 454 1103 524 iaciendo;
1138 454 1278 510 unde
1303 463 1360 508 et
1384 454 1711 523 piscatorum
1746 454 1859 503 rete
1959 442 2121 498 alieni
2156 449 2256 496 :ut
2285 448 2484 510 praeter
2511 439 2831 494 exercitium
2875 438 3173 507 disciplina:
3218 439 3348 492 nihil
3395 439 3540 492 aliud

270 552 507 623 jtculum
537 549 756 605 dicitur.
788 546 926 603 Huic
955 547 1059 602 arti
1090 563 1219 601 usus
1247 554 1332 600 est
1378 553 1626 613 acceptos
1657 540 1864 610 lapides
1960 534 2229 599 noverint,
2256 547 2355 587 nec
2375 530 2468 586 ulli
2494 530 2752 585 mundiali
2775 545 2919 584 cum
2940 530 3155 599 penitus
3183 530 3540 598 implicentur:

275 619 461 712 procul
501 638 687 694 ferire.
723 637 907 691 hastas
931 639 1169 706 pondere
1196 635 1390 689 librato
1411 633 1611 703 jacere,
1639 631 1862 701 sagittas
1961 623 2031 677 ab
2054 637 2120 677 80
2160 631 2367 676 tantum
2397 660 2413 686 ,
2458 621 2552 691 qui
2588 619 2882 712 certamini
2928 619 3179 688 praesidet
3209 660 3223 683 ,
3264 629 3546 712 sperantes

278 708 405 789 arcu
431 731 707 785 emittere.
1961 712 2259 783 quotidiani
2298 711 2473 766 victus
2521 709 2897 775 substantiam,
2942 719 2997 764 et
3038 723 3250 763 coronae
3274 708 3499 779 gloriam
3531 751 3546 771 ,

851 816 1078 873 CAPUT
1118 816 1279 871 XXII.
1962 802 2336 872 condiguaque
2363 800 2585 871 prmmia
2618 800 2858 854 victoria:
2889 798 3045 853 laude
3071 799 3409 867 conquirere.
3444 799 3550 852 ita-

924 909 998 962 οε
1026 910 1231 963 virm“,
1966 906 2073 962 que
2115 892 2160 946 si
2199 892 2388 963 agonia
2434 890 2723 946 mundialis
2772 889 3120 960 intelligimus
3164 888 3502 958 disciplinam
3534 931 3550 954 ,

352 1007 539 1058 Virtus
562 1012 641 1057 est
674 1002 1011 1056 immensitas
1049 1002 1268 1065 virium,
1314 1000 1366 1054 in
1418 998 1606 1053 labore
1639 1005 1695 1052 et
1734 1011 1865 1066 pon-
1966 979 2119 1049 cuius
2148 980 2395 1051 exemplo
2443 981 2632 1035 beatus
2660 979 2936 1049 θβθδὲοὴιε
2972 993 3071 1032 n05
3097 976 3270 1031 νοιυίι
3303 979 3543 1066 “Wire.

286 1098 414 1150 tlere
443 1094 707 1163 corporis.
736 1094 920 1146 Virtus
970 1092 1204 1160 pertinet
1238 1092 1306 1144 ad
1345 1090 1662 1143 exercitium
1709 1065 1846 1155 spiri-

1990 1072 2123 1125 locet
2149 1081 2348 1140 quanta
2378 1070 2624 1125 custodia
2665 1069 2796 1138 quid
2847 1083 2946 1123 nos
2996 1067 3285 1122 conveniat
3328 1065 3550 1122 facere:

288 1187 414 1248 tale,
454 1196 514 1239 ut
539 1160 834 1239 virtutibus
869 1183 1169 1247 vincamus,
1198 1179 1328 1235 vitia
1357 1193 1691 1249 superemus.
1967 1177 2073 1231 (Ιυει
2105 1163 2336 1231 νυτίιειιε
2353 1170 2604 1230 θροηθίιι
2630 1160 2903 1215 ευδῐοάίνθ
2929 1160 3099 1215 ηοδῑτί
3124 1160 3368 1229 οοῐῬουίδ
3391 1170 3559 1231 δίψιθ

857 1291 1084 1347 CAPUT
1126 1290 1309 1345 XXHL
1970 1252 2164 1304 anima:
2189 1251 2497 1305 castitatem
2515 1290 2531 1316 ,
2560 1265 2696 1320 quos
2725 1263 2945 1305 necesse
2970 1257 3054 1305 est
3085 1250 3325 1319 quotidie
3370 1265 3562 1305 sacro-

882 1340 1307 1416 ᾖξἰῖιειαξξρἦέξ
1972 1343 2176 1396 sanctis
2202 1342 2326 1413 agni
2358 1342 2615 1397 carnibus
2638 1340 2805 1396 vesci.
2845 1340 2998 1408 Qu’od
3027 1341 3167 1394 enim
3204 1340 3278 1393 illi
3326 1340 3379 1394 in
3437 1356 3557 1395 cor-

360 1455 609 1511 Luctatio
637 1470 667 1509 a
692 1453 924 1507 laterum
949 1451 1230 1520 complexu
1258 1459 1468 1514 vocata,
1486 1449 1683 1518 quibus
1707 1447 1875 1502 comi-
1972 1436 2120 1504 poris
2155 1436 2394 1504 puritate
2424 1435 2647 1504 cupiunt
2684 1435 2921 1504 assequi,
2964 1449 3063 1491 nos
3102 1434 3361 1490 debemus
3392 1436 3561 1489 etiam

296 1562 394 1601 nus
446 1552 720 1600 certantes
768 1542 1073 1596 innituntur
1109 1558 1121 1594 :
1162 1540 1255 1609 qui
1292 1539 1480 1595 Grmca
1520 1537 1874 1608 appellatione
1976 1525 2029 1579 ill
2061 1525 2240 1580 cordis
2262 1526 2595 1580 CODSCiemia
2632 1526 2929 1595 Ροεδίάετθο
2966 1525 3025 1580 in
3056 1541 3160 1595 (1³³
3193 1526 3451 1581 Dominus
3474 1535 3563 1579 al“

295 1636 511 1691 athleta:
533 1642 818 1689 vocantur.
860 1633 995 1687 Nam
1036 1641 1091 1687 et
1142 1633 1361 1687 luctatio
1393 1640 1573 1686 nostra
1613 1630 1855 1700 spiritali:

1995 1617 2114 1671 iiter
2136 1625 2297 1684 atque
2323 1616 2588 1686 agonthea
2614 1614 2987 1687 [agonotheta]
3030 1618 3292 1682 residens,
3320 1633 3555 1689 pugnam

295 1737 394 1792 est,
428 1742 537 1781 non
584 1724 861 1780 carnalis:
896 1724 1056 1793 quia,
1101 1730 1240 1778 teste
1283 1722 1541 1793 Apostolo
1585 1721 1744 1795 (Eph.
1775 1722 1850 1788 vt)

2003 1721 2166 1761 ursus
2189 1716 2351 1776 atque
2371 1706 2682 1762 certaminis
2714 1708 2884 1761 nostri
2901 1705 3105 1778 jugiter
3131 1718 3410 1778 exspectat
3458 1727 3471 1762 :
3505 1720 3563 1764 ut

298 1833 400 1871 non
434 1823 521 1871 est
549 1814 706 1870 nobis
733 1813 1042 1868 colluctatio
1082 1814 1341 1867 adversus
1377 1828 1594 1868 carnem
1647 1821 1703 1867 et
1754 1827 1879 1866 san-
1977 1812 2061 1862 ea:
2106 1813 2229 1867 (ιυὶθ
2273 1798 2329 1852 in
2365 1798 2650 1868 Ρτοβθιυίο
2694 1798 2980 1853 ιδυΓιΈῐιηιδ
3014 1799 3301 1882 admittere
3325 1839 3340 1864 ν
3386 1816 3454 1856 ηε
3489 1801 3566 1855 itt-

298 1910 511 1979 guiuem
542 1923 556 1959 ε
592 1906 687 1960 εεά
724 1905 983 1959 adversus
1010 1904 1282 1975 principes
1319 1911 1374 1957 ει
1417 1911 1708 1973 potestates
1729 1943 1745 1968 ν
1779 1903 1878 1957 ad-
1982 1890 2255 1945 trinsecus
2281 1890 2499 1959 quidem
2550 1890 2929 1946 concalescere
2959 1891 3012 1945 in
3038 1899 3194 1946 cauta
3239 1894 3566 1963 cogitatione

302 2015 487 2054 versus
515 1998 701 2071 mundi
738 2005 976 2051 rectores
1016 1996 1360 2057 tenebrarum
1404 1996 1593 2051 harum
1623 2035 1638 2060 ,
1691 2004 1862 2050 contra

2005 1981 2286 2037 patiamur:
2316 1988 2373 2035 et
2408 1980 2460 2033 in
2498 1980 2696 2049 quibus
2725 1981 2963 2035 humana
2991 1983 3316 2052 cogitatione
3342 1985 3565 2038 confun-

299 2091 561 2161 spiritalia
592 2089 855 2159 nequitias.
880 2088 933 2142 in
964 2088 1293 2143 caelestibus.
1981 2070 2158 2127 dimur
2179 2110 2195 2136 ,
2248 2085 2319 2125 ne
2353 2070 2567 2125 occulta
2599 2071 2817 2140 quidem
2869 2072 3305 2139 concupiscentia
3358 2073 3570 2140 pollua-

860 2198 1088 2255 CAPUT
1128 2198 1315 2253 χχιν.
1874 2182 1907 2192 ο
1983 2176 2124 2214 mur.
2154 2161 2284 2228 Quae
2311 2160 2438 2215 licet
2458 2162 2629 2230 possit
2656 2161 2934 2255 hominum
2976 2161 3255 2255 praeterire
3294 2162 3566 2255 notitiam,

903 2270 979 2323 De
1005 2252 1270 2339 ῥαιωεινα,
1302 2252 1311 2253 “
1984 2259 2294 2315 sanctorum
2331 2260 2512 2306 tamen
2538 2252 2872 2321 angelorum,
2890 2252 3164 2320 ipsiusque
3186 2252 3571 2320 omnipotentis

370 2362 550 2418 [locus
590 2370 774 2417 autem
814 2360 1121 2416 [actamnis
1164 2359 1423 2430 ,ρηιωδηδ
1461 2359 1677 2414 ἀερίων,
1714 2359 1883 2415 palm-
1987 2340 2081 2396 Dei
2107 2342 2388 2396 scientiam
2416 2342 2563 2396 nulla
2591 2342 2991 2413 subterfugiunt
3018 2350 3247 2408 secreta,
3277 2356 3376 2397 nec
3401 2344 3572 2398 latere

301 2461 474 2508 stram
520 2460 701 2505 autem
741 2450 827 2505 vel
854 2467 954 2521 apo
1003 2459 1079 2503 tes
1125 2450 1290 2520 pales,
1322 2450 1374 2503 id
1400 2457 1485 2503 est
1510 2465 1542 2503 a
1571 2449 1861 2504 luctatione

2014 2440 2255 2485 poterunt.
2312 2432 2377 2486 Et
2428 2432 2481 2486 in
2526 2434 2630 2489 hoc
2667 2432 2892 2487 multum
2930 2433 3113 2501 dispar
3145 2433 3344 2487 donum
3368 2440 3475 2499 est,
3506 2446 3574 2487 ac

304 2543 387 2597 vel
413 2558 515 2612 apo
548 2552 635 2595 tou
658 2540 875 2612 pallet'n,
901 2542 952 2595 id
975 2549 1075 2604 est,
1102 2556 1131 2593 a
1164 2549 1312 2594 motu
1344 2540 1511 2595 ruina:
1534 2539 1689 2595 fortis
1714 2542 1861 2595 nomi

2012 2536 2084 2574 ter
2114 2522 2215 2576 hoc
2243 2521 2609 2591 diligentiores
2638 2538 2737 2577 nos
2774 2536 2895 2578 esse
2922 2523 3201 2588 debemus,
3229 2522 3425 2593 quibus
3464 2537 3572 2578 non

304 2611 490 2689 nam“
522 2611 710 2686 (“cum
738 2649 751 2684 ε
777 2630 985 2687 scilicet
1008 2631 1149 2700 quod
1178 2631 1231 2685 in
1257 2630 1510 2686 luctando
1530 2646 1654 2686 cum
1682 2632 1890 2687 medgos
1990 2612 2221 2666 terrenis
2247 2620 2301 2665 et
2325 2614 2788 2668 marcescentibus
2815 2611 3056 2679 ﬂoribus,
3085 2614 3179 2669 sed
3204 2614 3422 2670 aeternis
3442 2629 3573 2671 con-

304 2723 589 2793 arripiant,
638 2720 752 2776 fere
779 2722 1051 2793 quatiunt,
1079 2721 1240 2790 idque
1268 2721 1407 2790 apud
1432 2719 1651 2777 Graecos
1694 2720 1889 2791 pallein
1990 2712 2135 2758 εθνιει
2174 2705 2425 2774 Seminis,
2475 2705 2529 2759 in
2558 2706 2777 2761 ηιοδυω
2807 2706 3007 2777 regalis
3031 2706 3373 2774 diademalis:
3410 2708 3562 2779 δμῶ’

309 2822 557 2868 vocatur.
1995 2793 2118 2849 talis
2143 2808 2344 2849 corona
2369 2804 2636 2850 servatur.

877 2900 1103 2956 CAPUT
1146 2899 1310 2954 XXV.
1942 2955 1950 2956 ί
2548 2887 2777 2943 CAPUT
2818 2886 3028 2942 XXVII.

951 2955 1046 3049 De,
1066 3009 1252 3064 agone.
1920 2955 1965 3018 Ο
2493 2976 2574 3033 De
2603 2978 2743 3032 ludis
2767 2980 3102 3035 circensibus.

378 3085 510 3154 0mg
557 3085 737 3140 Latini
778 3085 1101 3150 certamina,
1142 3083 1317 3140 Graeci
1366 3100 1568 3156 330mg
1598 3092 1815 3150 vocant,
1863 3097 1895 3137 α
2067 3066 2201 3122 Ludi
2251 3067 2524 3123 circenses
2564 3084 2840 3124 sacrorum
2879 3085 3041 3126 causa
3089 3087 3154 3125 ac
3200 3072 3422 3128 deorum
3455 3089 3584 3145 gen-

308 3177 613 3248 [requenua
640 3191 745 3245 qua
774 3176 1121 3231 celebramur
1154 3194 1166 3229 ;
1200 3176 1464 3246 siquidem
1522 3193 1739 3232 omnem
1786 3190 1898 3232 cm-
1997 3162 2174 3218 tilium
2211 3161 2668 3218 celebratiouibus
2715 3164 2946 3221 instituti
2997 3175 3167 3221 sunt:
3211 3168 3352 3222 unde
3393 3176 3450 3224 et
3487 3171 3579 3240 qui

310 3280 421 3325 tum
468 3278 631 3339 atqiie
681 3274 1001 3322 conventum
1052 3282 1223 3337 agona
1273 3267 1399 3321 dici.
1448 3266 1594 3331 Alii,
1646 3268 1791 3336 quod
1843 3268 1896 3321 in
1998 3270 2094 3312 eos
2130 3265 2502 3327 exspectant,
2559 3257 2864 3312 daemonum
2911 3257 3144 3313 cultibus
3193 3259 3461 3317 inservire
3502 3264 3589 3317 vi-

309 3358 525 3415 circulis
562 3366 618 3413 et
648 3357 804 3427 quasi
846 3356 1050 3426 agonis,
1089 3357 1141 3410 id
1187 3365 1299 3419 est,
1348 3356 1466 3415 sine
1498 3355 1695 3426 angulo
1741 3356 1896 3423 locis,
1999 3348 2217 3404 dentur-

312 3449 620 3533 ederentur,
659 3456 996 3518 nuncupatos
1022 3462 1223 3518 agonas
1248 3456 1457 3517 putant.
1601 3470 1607 3476 ·
2529 3440 2756 3497 CAPUT
2797 3441 3029 3498 XXVIII.

884 3555 1112 3612 CAPUT
1155 3555 1357 3612 XXVI:
2652 3534 2732 3589 De
2758 3535 2928 3589 circis.

788 3625 866 3680 De
892 3628 1162 3697 generibus
1186 3644 1432 3698 agonum.
2069 3624 2127 3681 in
2156 3625 2322 3691 circo,
2353 3627 2493 3683 unde
2519 3629 2844 3683 emittuntur
2867 3629 3016 3698 equi,
3058 3643 3307 3687 carceres
3331 3632 3590 3689 dixerunt

390 3721 637 3791 Agonum
676 3733 875 3790 genera
906 3727 1033 3773 sunt
1072 3708 1187 3774 haec
1234 3737 1247 3773 :
1283 3720 1619 3777 immensitas
1660 3722 1856 3778 virium
1882 3762 1899 3791 ,
1999 3716 2069 3771 ab
2114 3732 2178 3772 ea
2236 3734 2313 3782 re.
2366 3734 2471 3789 qua
2501 3727 2555 3774 ei
2591 3718 2681 3774 ille
2708 3733 2916 3786 carcer»
2962 3720 3054 3791 qui
3101 3730 3187 3776 εει
3231 3723 3287 3776 in
3321 3723 3581 3779 CiVitawt

317 3827 508 3867 cursus
534 3809 811 3874 celeritas,
849 3809 1138 3878 sagittandi
1170 3811 1382 3879 peritia,
1406 3812 1585 3867 standi
1614 3814 1901 3884 patientia,
2001 3806 2147 3875 quod
2186 3807 2327 3862 sicut
2356 3808 2428 3863 ibi
2473 3809 2722 3863 homines
2774 3810 3013 3863 damnati
3059 3819 3224 3880 autne
3261 3812 3476 3879 inclusi,
3508 3816 3581 3868 ita

319 3904 386 3957 ad
413 3902 677 3958 citharam
705 3916 919 3971 quoque
947 3900 1107 3954 tibias
1144 3900 1432 3957 incedendi
1456 3910 1660 3974 gestus,
1688 3906 1756 3961 de
1782 3920 1899 3960 mo-
2001 3895 2090 3949 hic
2113 3898 2236 3965 equi
2267 3907 2606 3963 coercentur.
2654 3914 2723 3953 ne
2772 3910 2969 3969 exeant
2990 3940 3005 3965 ,
3047 3909 3338 3971 antequam
3370 3905 3582 3974 signum

321 3993 472 4048 ribus
497 4007 736 4062 quoque,
791 3992 859 4046 de
904 3991 1097 4055 forma,
1128 3991 1195 4045 de
1226 3993 1478 4048 cantandi
1513 3995 1900 4063 modulatione,
2001 3989 2272 4043 emittant.
2300 3989 2503 4045 Carcer
2530 3998 2712 4044 autem
2736 3990 3052 4060 spiritaliter
3076 4006 3289 4060 poenam
3316 3995 3589 4065 signiﬁcat

323 4083 599 4138 terrestris
625 4096 840 4152 quoque
865 4082 1014 4146 belli,
1056 4090 1112 4137 et
1149 4083 1358 4139 navalis
1379 4085 1570 4153 praelii,
1594 4088 1901 4158 perpetien-
2002 4090 2322 4155 praesentem
2377 4082 2462 4137 vel
2508 4081 2743 4135 futuram
2777 4100 2792 4137 :
2837 4090 2896 4137 ut
2928 4093 3013 4138 est
3060 4084 3188 4137 illud
3223 4083 3527 4143 Psalmistte
3568 4105 3583 4140 :

322 4174 624 4243 durumque
647 4173 1032 4243 suppliciorum
1058 4175 1381 4229 certamina.
1416 4174 1493 4230 De
1521 4191 1692 4247 agone
1722 4185 1900 4231 autem
2003 4175 2174 4239 Educ,
2210 4173 2386 4243 inquit
2414 4213 2430 4237 ,
2479 4173 2546 4227 de
2568 4189 2777 4227 carcere
2828 4176 3060 4228 animum
3105 4192 3293 4244 meam,
3324 4178 3394 4232 ad
3422 4181 3591 4249 conﬁo

323 4264 595 4317 mundano
628 4261 916 4332 Apostolus
965 4252 1193 4332 sumpsit
1240 4264 1545 4334 exemplum
1580 4266 1646 4321 ad
1674 4282 1900 4338 agonem
1931 4280 1978 4338 ,ς
2004 4265 2217 4320 tendum
2246 4262 2446 4318 nomini
2480 4272 2572 4316 tuo
2622 4260 2803 4334 (Psal.
2827 4264 2992 4334 cm).
3026 4265 3123 4319 liic
3152 4278 3426 4322 carcerem
3483 4269 3586 4324 dua

323 4353 617 4423 spiritalem
660 4370 673 4405 :
704 4352 889 4407 dicens
924 4370 936 4406 :
983 4351 1167 4407 Omnis
1215 4364 1393 4407 autem
1428 4394 1443 4418 ,
1489 4356 1579 4425 qui
1634 4357 1688 4410 in
1708 4316 1902 4428 0agone
1929 4316 1979 4375 Β
2006 4359 2131 4430 plici
2156 4359 2314 4412 modo
2341 4355 2579 4425 majores
2615 4355 2914 4428 intelligere
2950 4357 3378 4413 volueruntzaut
3404 4362 3589 4416 saeculi

322 4443 610 4507 contendit,
628 4443 692 4496 ab
708 4444 948 4498 omnibus
973 4445 1284 4506 seabstinet,
1305 4456 1353 4499 et
1369 4445 1446 4499 illi
1460 4447 1691 4517 quidem,
1716 4458 1771 4502 ut
1788 4465 1905 4503 cor-
2007 4450 2164 4504 istius
2192 4446 2433 4518 poenales
2477 4446 2753 4515 angustias
2775 4486 2789 4510 ,
2822 4462 2957 4515 quas
2990 4448 3229 4518 patimur
3255 4451 3307 4505 in
3339 4451 3443 4505 isto
3469 4467 3593 4508 cor-

323 4533 618 4603 ruptibilem
642 4550 890 4588 coronam
912 4536 1314 4605 accipiantmos
1331 4538 1901 4609 autemincorruplam,
2005 4556 2136 4612 pore
2166 4538 2443 4595 constituti
2487 4556 2502 4590 :
2545 4546 2640 4591 aut
2690 4539 2863 4608 magis
2896 4540 3168 4594 custodias
3204 4540 3421 4605 inferni,
3455 4558 3593 4612 quas

322 4634 425 4680 etc.
444 4624 492 4697 (1
512 4622 636 4679 Cor.
656 4625 1026 4696 tx).Aquibus
1044 4627 1296 4693 omnibus
1315 4628 1532 4692 dixerit,
1548 4628 1901 4699 inquiratnus,
2007 4633 2236 4686 eradere
2267 4645 2373 4684 non
2403 4629 2531 4684 licet
2561 4629 2680 4698 lege
2708 4628 3060 4685 humanitatis
3094 4630 3340 4688 inﬁrmas.
3393 4636 3591 4688 Carcer

322 4725 382 4770 ut
405 4716 579 4786 possit
616 4715 772 4771 nobis
815 4716 1073 4786 Spiritalis
1102 4717 1289 4789 agonis
1319 4718 1604 4775 instructio
1626 4734 1907 4789 compara-
1940 4708 1943 4713 λ
2009 4724 2155 4779 enim
2182 4723 2356 4778 dictus
2386 4729 2491 4787 est,
2528 4722 2683 4792 quasi
2725 4737 2922 4777 arcer:
2967 4737 3035 4779 eo
3070 4721 3214 4791 quod
3244 4737 3274 4776 a
3312 4738 3372 4778 se
3407 4733 3593 4777 arcent

326 4808 471 4863 tione
514 4807 749 4863 carnalis
780 4808 1007 4879 acquiri.
1039 4809 1120 4864 llli
1145 4810 1366 4875 etenim,
1398 4811 1490 4880 qui
1520 4812 1573 4865 in
1604 4811 1708 4866 hoc
1733 4827 1905 4880 agone
2011 4815 2164 4870 exire
2191 4812 2497 4869 conclusos.
2529 4813 2635 4868 Sed
2664 4829 2761 4868 cur
2793 4828 2853 4868 se
2878 4813 2944 4868 de
2973 4813 3075 4869 isto
3111 4827 3330 4867 carcere
3363 4812 3596 4867 liberare

322 4900 519 4956 visiblli
568 4900 788 4955 student
826 4900 1064 4973 legitime
1099 4901 1396 4968 decertare,
1429 4903 1610 4957 utendi
1655 4904 1906 4960 omnibus
2013 4906 2369 4971 desideraret,
2392 4921 2555 4960 causa
2587 4905 2935 4975 subsequitur
2964 4919 2979 4957 :
3008 4904 3091 4956 Ad
3121 4904 3471 4972 conﬁtendum
3502 4922 3592 4958 nt)-

324 4992 484 5056 eseis,
516 5005 654 5060 quas
694 4990 946 5045 desiderii
993 4990 1158 5047 libido
1193 4991 1544 5061 suggesserit,
1577 5007 1681 5046 non
1706 4992 1908 5048 habent
2013 4998 2142 5052 mini
2168 5008 2279 5051 tuo.
2307 4998 2459 5053 Tune
2485 4998 2630 5052 enim
2675 5013 2705 5052 a
2751 4997 2960 5051 cunctis
3008 4994 3256 5051 ﬁdelibus
3294 4994 3439 5051 Patri
3461 5011 3594 5053 con»

327 5082 637 5136 facultatem
672 5095 687 5135 :
720 5082 813 5136 sed
840 5080 947 5135 illis
983 5083 1374 5147 tantummodo,
1417 5097 1556 5152 quas
1594 5084 1906 5139 eorumdem
2015 5087 2182 5144 fessio
2225 5089 2401 5144 laudis
2428 5090 2734 5151 exhibetur,
2760 5087 2975 5157 quando
3012 5101 3134 5140 eum
3184 5087 3607 5142 resurrectionis

327 5175 687 5228 certaminum
717 5173 907 5228 statuit
932 5173 1236 5245 disciplina.
1282 5174 1348 5227 Et
1386 5191 1493 5229 non
1530 5175 1701 5230 solum
1737 5176 1905 5231 inter-
2016 5180 2283 5236 miraculo
2313 5179 2379 5234 de
2407 5178 2601 5233 inferni
2632 5190 2854 5233 carcere
2882 5182 3092 5231 constat
3126 5176 3403 5232 eductum.

329 5267 487 5322 dictis
516 5267 659 5322 escis
687 5277 742 5322 et
787 5267 1067 5334 ebrietate,
1104 5268 1359 5337 omnique
1409 5269 1625 5336 crapula
1666 5285 1760 5324 eos
1816 5286 1920 5328 ne-
2530 5291 2545 5299 ο
2580 5266 2807 5323 CAPUT
2845 5265 3038 5320 XXIX.

330 5376 480 5416 cesso
517 5370 602 5415 est
630 5362 903 5416 abstinere
927 5380 940 5414 :
964 5376 1150 5415 verum
1189 5362 1352 5415 etiam
1399 5371 1594 5416 cuncta
1643 5362 1832 5417 inertia
1856 5371 1912 5417 et
2653 5356 2731 5410 De
2762 5355 2981 5425 aurigiS-

329 5452 441 5505 otio
470 5462 635 5519 atque
674 5450 904 5515 desidia,
954 5461 1008 5506 ut
1055 5452 1388 5521 quotidi-anis
1427 5452 1724 5516 exercitiis,
1768 5452 1909 5524 jugi-
2086 5449 2192 5502 Ars
2227 5448 2393 5509 cirri,
2439 5448 2624 5517 auriga
2672 5454 2727 5501 et
2760 5461 2975 5510 currus,
3005 5446 3217 5515 equites
3237 5447 3349 5502 sive
3370 5448 3603 5518 pedites.

329 5557 433 5613 que
458 5542 811 5597 meditatione
841 5542 1010 5596 virtus
1038 5558 1222 5597 eorum
1269 5543 1436 5615 possit
1470 5557 1781 5597 accrescere
1811 5561 1823 5596 :
1856 5552 1911 5598 et
2018 5543 2215 5611 Auriga
2245 5540 2463 5609 pri-prie
2493 5540 2666 5594 dictus
2686 5578 2699 5601 .
2731 5537 2875 5606 quod
2920 5553 3136 5594 currum
3167 5550 3292 5610 agat
3324 5552 3395 5643 et,
3424 5556 3603 5615 regat,
