3950 6192
358 194 458 250 551

349 312 467 361 ςινο
503 303 644 373 quod
674 301 831 355 feriat
867 300 1080 371 iunctos
1127 312 1312 365 equos.
1345 294 1476 350 Nam
1518 296 1719 360 haurit,
1763 296 1812 350 id
1846 306 1925 348 est
1959 308 2000 361 Α

356 399 501 462 ferit,
548 402 607 449 ut
638 411 651 446 :
690 392 852 445 Latus
886 390 1060 443 haurit
1097 398 1356 458 apertum.
1392 388 1512 458 Ipse
1554 398 1636 441 est
1669 396 1725 442 et
1762 388 1930 456 agita—

357 499 459 551 tor,
494 487 544 541 id
577 491 679 549 est,
706 482 1038 544 verberator,
1069 479 1136 532 ab
1163 478 1372 548 agendo
1396 477 1592 532 dictus.

920 587 1145 644 CAPUT
1182 583 1351 641 XXX.

992 659 1069 712 De
1098 674 1277 711 curru.

428 760 630 815 Currus
652 763 830 808 autem
875 767 907 806 a
946 766 1106 804 cursu
1138 750 1335 813 dictus,
1369 748 1455 801 vel
1485 747 1607 817 quia
1656 753 1801 802 rotas
1835 744 1933 797 Ita-

357 856 487 908 bcre
511 850 725 904 videtur
759 864 771 899 :
807 844 948 899 unde
974 850 1030 896 et
1053 856 1269 897 carrum
1296 880 1311 905 ,
1339 840 1495 910 quasi
1521 852 1757 893 cursum.
1793 834 1930 889 Cur-

359 957 450 993 rns
476 937 575 993 sub
597 933 855 1003 allegoria
882 929 1076 1000 duplici
1103 928 1262 982 modo
1286 926 1622 997 intelligitur.
1653 925 1755 978 Aut
1788 924 1930 976 enim

357 1029 630 1100 angelicus
662 1024 934 1079 exercitus
982 1022 1038 1075 in
1068 1035 1136 1075 eo
1164 1020 1487 1089 exprimitur
1515 1035 1529 1072 :
1570 1018 1713 1073 unde
1739 1017 1932 1087 legitur

357 1121 410 1176 in
440 1119 579 1172 libro
619 1116 825 1185 Regum
864 1112 1012 1166 Elias
1061 1110 1218 1181 igneo
1264 1124 1429 1164 curru
1484 1117 1672 1177 raptus
1717 1107 1772 1161 in
1817 1120 1928 1161 coe-

356 1214 464 1268 lum
496 1210 596 1282 (IV
630 1210 757 1280 Reg.
792 1208 886 1279 n);
917 1222 1017 1277 per
1044 1205 1263 1277 angelos
1296 1204 1494 1274 quippe
1526 1203 1616 1257 illa
1656 1200 1797 1256 facta
1824 1241 1839 1267 ,
1879 1210 1935 1255 et

354 1315 570 1360 ostensa
609 1311 734 1357 sunt
788 1299 1097 1368 adjumenta
1126 1312 1141 1351 :
1172 1296 1296 1366 quia
1338 1309 1439 1361 nec
1472 1295 1538 1348 ad
1563 1293 1758 1349 ctelum
1810 1291 1932 1361 qni-

355 1400 479 1453 dem
511 1410 726 1450 aereum
754 1408 849 1464 per
878 1407 937 1446 se
963 1389 1256 1445 ascendere
1286 1397 1516 1460 poterat,
1536 1401 1696 1457 quem
1728 1394 1936 1439 naturte

355 1504 467 1543 sure
518 1486 805 1542 inﬁrmitas
858 1483 1117 1554 gravabat
1156 1498 1169 1535 :
1206 1488 1301 1534 aut
1338 1486 1644 1535 sanctorum
1692 1476 1934 1530 omnium

355 1579 587 1634 societas
616 1595 630 1631 :
660 1576 802 1630 unde
830 1582 915 1629 est
942 1571 1071 1627 illud
1099 1570 1399 1625 Psalmista:
1426 1585 1440 1622 :
1473 1566 1675 1623 Curras
1704 1566 1803 1620 Dei
1839 1566 1934 1619 de-

358 1686 466 1723 cem
494 1666 717 1721 millium
747 1662 1037 1734 multiplex,
1074 1660 1244 1716 millia
1273 1659 1584 1723 lrrtrmlium,
1614 1657 1868 1711 Dominus
1883 1656 1937 1710 in

354 1760 459 1814 illis
485 1757 657 1829 (Psal.
691 1754 879 1825 ωιτη).
898 1754 1220 1808 Sanctorum
1245 1765 1374 1821 ergo
1396 1748 1721 1803 unanimitas
1746 1760 1936 1801 currus

352 1859 440 1906 est
472 1846 707 1911 Domini,
736 1861 894 1915 quem
935 1844 1043 1909 ille,
1073 1842 1219 1898 velut
1245 1841 1456 1910 auriga,
1488 1839 1716 1901 insidet,
1769 1844 1825 1891 et
1869 1835 1937 1889 ad

356 1938 648 1994 Voluntatis
676 1951 788 1991 suae
816 1934 1171 1989 ministerium
1193 1929 1413 1986 salutari
1440 1928 1557 1998 lege
1585 1927 1933 1990 moderatur:

357 2029 450 2083 sel
501 2036 558 2080 ut
589 2027 748 2080 istum
774 2036 994 2078 currum
1025 2020 1333 2075 ostenderet
1364 2032 1471 2072 non
1515 2014 1669 2084 equis
1696 2014 1936 2068 deditum

355 2118 448 2172 sed
477 2114 729 2170 Immanis
757 2110 1173 2183 cogitationibus
1205 2107 1521 2162 attributum
1552 2144 1567 2168 ,
1604 2103 1682 2157 ait
1707 2119 1722 2156 :
1747 2101 1937 2157 Decem

353 2205 577 2259 millium
612 2202 926 2272 multiplex:
958 2200 1099 2270 quod
1136 2200 1272 2254 bene
1306 2197 1371 2252 ad
1405 2197 1717 2251 innumeros
1769 2208 1937 2266 popu-

353 2298 456 2361 los,
498 2312 603 2353 non
663 2294 729 2349 ad
777 2309 950 2363 equos
996 2292 1238 2347 noscitur
1274 2290 1566 2361 pertinere,
1602 2286 1881 2367 subiunxit
1918 2303 1934 2339 :

356 2388 531 2443 Millia
569 2386 857 2442 laetantium
906 2397 925 2435 :
972 2384 1116 2453 quod
1146 2382 1334 2450 utique
1379 2381 1447 2436 de
1500 2380 1748 2436 ﬁdelibus
1776 2377 1938 2434 debet

353 2478 598 2549 intelligi.
632 2477 699 2531 Et
725 2483 783 2528 ut
808 2474 1181 2528 ostenderetur
1228 2470 1427 2525 laetitim
1457 2469 1732 2539 plenitudo
1754 2507 1767 2529 ,
1812 2467 1886 2521 ait
1916 2483 1933 2521 :

354 2570 610 2623 Dominus
633 2567 686 2619 in
708 2564 813 2618 illis
840 2578 858 2615 :
883 2563 974 2632 qui
1004 2577 1213 2633 magna:
1237 2560 1615 2615 exsultationis
1635 2568 1721 2613 est
1748 2572 1937 2613 cumu-

354 2659 472 2721 lus,
521 2665 576 2711 ct
613 2657 878 2709 bonorum
920 2652 1159 2706 omnium
1205 2650 1429 2705 dulcedo
1478 2648 1761 2702 mirabilis.
1800 2646 1935 2700 Nam

353 2742 643 2816 aliquando
672 2756 862 2798 currus
890 2742 1121 2796 societas
1153 2738 1464 2808 impiorum,
1496 2735 1713 2792 vinculo
1734 2749 1934 2806 pecca-

361 2848 539 2891 torum
571 2833 811 2903 alligata,
839 2830 1172 2901 intelligitur.
1205 2827 1358 2884 Unde
1381 2827 1435 2881 in
1457 2825 1642 2882 Exodo
1677 2820 1937 2895 scriptum

353 2936 481 2983 est:
516 2924 716 2981 Currus
765 2921 1095 2987 Pharaonis,
1149 2930 1197 2976 et
1229 2920 1517 2975 exercitum
1558 2918 1674 2989 ejus
1718 2917 1935 2988 projecit

353 3021 408 3075 iu
440 3035 584 3073 mare
609 3015 808 3090 (Exod.
832 3014 946 3087 xv).

906 3103 1134 3161 CAPUT
1173 3102 1368 3159 XXXI.

757 3197 837 3253 De
864 3185 1033 3269 equis,
1063 3195 1249 3269 quibus
1288 3195 1538 3250 curritur.

424 3289 730 3361 Quadrigas,
759 3296 814 3344 et
842 3288 1001 3359 bigte,
1035 3295 1091 3342 et
1143 3287 1329 3355 trigae,
1357 3294 1413 3341 et
1441 3285 1640 3356 sejugte
1660 3297 1693 3339 a
1714 3296 1941 3339 numero

354 3396 620 3454 equorum
666 3390 723 3436 et
746 3378 879 3451 jugo
925 3379 1093 3444 dicti,
1137 3391 1204 3432 ex
1240 3376 1435 3446 quibus
1464 3376 1755 3447 quadrigas
1796 3373 1939 3439 soli,

353 3476 508 3547 bigas
538 3474 678 3528 lunae
702 3512 718 3538 ,
769 3472 939 3542 trigas
966 3468 1154 3525 inferis
1176 3509 1192 3534 ,
1223 3466 1435 3539 sejugas
1461 3466 1605 3533 Jovi,
1635 3465 1940 3522 desultores

354 3566 582 3623 lucifero
630 3574 687 3620 et
735 3564 967 3634 hespero
1021 3568 1386 3618 sacraverant.
1446 3558 1774 3629 Quadrigam
1820 3556 1940 3612 ideo

354 3662 453 3719 soli
476 3661 730 3733 jungunt,
758 3660 884 3729 quia
913 3673 1013 3727 per
1039 3666 1271 3728 quatuor
1305 3663 1551 3726 tempora
1580 3668 1755 3709 annus
1777 3652 1942 3709 verti-

360 3765 447 3810 tur
464 3771 478 3806 :
495 3766 644 3815 vere,
658 3757 865 3814 aestate,
881 3756 1160 3812 autumno,
1176 3746 1445 3801 ethieme.
1461 3743 1620 3815 Bigas
1632 3744 1796 3809 lunae,
1809 3758 1945 3814 quo—

358 3843 501 3899 niam
526 3840 740 3911 gemino
770 3853 932 3894 cursu
975 3852 1099 3893 cum
1153 3834 1268 3892 sole
1304 3835 1603 3901 contendit,
1659 3833 1774 3889 sive
1814 3833 1942 3904 quia

358 3933 446 3987 die
476 3940 530 3986 et
561 3937 719 3985 nocte
772 3928 1031 3983 videtur:
1054 3926 1288 3998 jungunt
1333 3925 1481 3980 enim
1540 3940 1704 3979 unum
1744 3938 1942 3994 equum

359 4023 596 4094 nigrum,
622 4020 850 4075 alterum
882 4018 1192 4074 candidum.
1228 4009 1420 4086 Trigas
1443 4014 1549 4070 diis
1584 4013 1791 4079 inferis,
1817 4014 1943 4085 quia

359 4114 394 4168 ii
424 4128 522 4183 per
562 4120 674 4166 tres
702 4119 890 4165 aetates
933 4108 1182 4164 homines
1228 4106 1295 4161 ad
1343 4121 1403 4162 se
1432 4107 1669 4177 rapiunt,
1716 4106 1770 4161 id
1811 4114 1896 4162 est
1924 4147 1941 4173 ,

358 4220 457 4275 per
480 4202 785 4269 infantiam,
798 4200 1160 4271 juventutem,
1178 4206 1340 4269 atque
1360 4208 1654 4257 senectam.
1688 4195 1945 4268 Sejugum

1036 184 1094 239 Β.
1139 181 1388 238 RABAN!
1428 180 1645 240 MAURI
1682 181 1995 237 ARCIIIEP.
2038 181 2344 238 MOGUNT.
2388 181 2666 237 OPERUSI
2710 182 2888 238 PARS
2928 182 2989 238 II.

3488 182 3604 238 532

2578 293 2805 349 CAPUT
2845 293 3056 349 XXXII.

2557 384 2635 438 De
2655 394 2845 452 septem
2873 384 3072 452 spatiis.

2102 476 2318 545 Septem
2363 475 2534 546 spatia
2567 475 2842 545 quadriga
2874 482 3122 536 currunt,
3171 473 3472 529 referentes
3500 475 3611 529 hoc

2030 568 2100 620 ad
2130 582 2347 621 cursum
2375 574 2580 634 septem
2617 564 2897 618 stellarum
2926 603 2940 623 ,
2979 563 3175 632 quibus
3205 564 3459 617 mundum
3491 563 3609 632 regi

2032 658 2215 711 dicunt
2245 675 2258 709 :
2288 657 2401 711 sive
2425 656 2491 709 ad
2526 670 2745 709 cursum
2772 663 2977 723 septem
3001 653 3211 707 dierum
3235 654 3609 722 praesentium,

2031 749 2227 817 quibus
2259 747 2494 817 peractis
2529 746 2653 800 vitae
2689 745 2954 799 terminus
2983 752 3391 798 consummatur
3413 783 3429 808 ,
3473 758 3623 813 quo-

2032 853 2152 893 rum
2171 836 2296 893 ﬁnis
2323 845 2402 891 est
2431 844 2602 902 creta,
2628 835 2680 889 id
2703 842 2810 899 est,
2833 835 3116 905 judicium.

2562 946 2790 1002 CAPUT
2829 947 3065 1003 XXXIII.

2640 1017 2717 1071 De
2739 1018 3017 1088 equitibus.

2104 1109 2274 1163 Porro
2301 1108 2513 1178 equites
2552 1109 2853 1178 singulares
2909 1109 3032 1163 ideo
3069 1125 3289 1165 currere
3315 1110 3571 1166 dicuntur
3599 1128 3614 1167 :

2034 1201 2158 1268 quia
2204 1199 2553 1271 singulariter
2600 1201 2968 1270 unusquisque
3024 1217 3243 1256 cursum
3289 1205 3412 1258 vitae
3452 1205 3619 1274 hujus

2033 1291 2243 1362 peragit
2279 1300 2443 1359 atque
2482 1291 2677 1354 transit
2721 1307 2734 1345 :
2783 1291 2920 1345 alius
2953 1291 3057 1345 alio
3098 1301 3335 1362 tempore
3380 1309 3620 1362 sequens

2036 1381 2219 1446 alium,
2246 1395 2344 1451 per
2371 1396 2533 1435 unam
2564 1391 2742 1436 tamen
2780 1383 2918 1436 viam
2968 1383 3312 1439 mortalitatis
3340 1400 3510 1454 usque
3548 1385 3617 1440 ad

2033 1473 2306 1543 propriam
2331 1481 2529 1528 metam
2558 1473 2767 1528 mortis.

2579 1562 2808 1619 CAPUT
2844 1563 3083 1619 XXXIV.

2634 1655 2711 1709 De
2739 1656 3014 1724 peditibus.

2111 1742 2324 1800 Pedites
2352 1754 2532 1799 autem
2560 1744 2709 1798 aiunt
2738 1754 3024 1815 propterea
3047 1746 3183 1815 pede
3203 1762 3428 1803 currere
3452 1766 3466 1802 :
3489 1751 3623 1819 quia

2037 1834 2264 1905 pedibus
2316 1834 2553 1889 curritur
2602 1834 2937 1889 mortalitati.
2984 1834 3065 1891 0b
3113 1835 3214 1891 hoc
3257 1852 3288 1890 a
3346 1840 3621 1908 superiori

2037 1935 2193 1996 parte
2219 1935 2445 1980 currunt
2472 1926 2540 1982 ad
2566 1925 2848 1992 inferiora,
2877 1927 2933 1982 id
2958 1936 3063 1993 est,
3098 1928 3167 1982 ab
3192 1928 3417 1983 Oriente
3446 1947 3623 2001 usque

2038 2018 2105 2073 ad
2136 2018 2479 2074 Occidentem
2506 2033 2521 2072 :
2552 2017 2679 2088 quia
2709 2017 2963 2074 mortales
2991 2020 3241 2074 oriuntur
3262 2031 3316 2075 et
3341 2023 3619 2077 occidunt.

2038 2107 2177 2164 Nudi
2215 2116 2484 2173 currunt,
2516 2110 2641 2178 quia
2671 2116 2727 2161 et
2754 2107 2958 2162 homini
2986 2109 3039 2162 in
3073 2108 3270 2163 saecqu
3302 2110 3460 2165 nulla:
3493 2113 3625 2166 reli-

2037 2199 2180 2269 quite
2202 2185 2545 2254 suntfllecto
2576 2197 2750 2266 spatio
2778 2205 3039 2263 currunt,
3092 2198 3216 2268 quia
3268 2198 3412 2253 inter
3452 2199 3625 2254 vitam

2038 2296 2094 2344 et
2123 2294 2353 2343 mortem
2384 2285 2517 2340 nihil
2540 2285 2725 2339 distat.
2749 2284 2854 2340 Sed
2876 2286 2993 2340 haec
3019 2286 3184 2356 igitur
3205 2296 3491 2356 propterea
3528 2288 3622 2343 Iino

2038 2384 2191 2448 gunt,
2230 2383 2292 2430 ut
2336 2374 2599 2428 vanitates
2651 2389 2778 2429 suas
2821 2381 2876 2428 et
2907 2374 3188 2443 sacrilegia
3237 2389 3502 2430 excusare
3531 2391 3629 2431 co-

2038 2477 2256 2524 nentur.
2308 2467 2536 2537 Equites
2562 2474 2742 2520 autem
2773 2466 3080 2534 signiﬁcant
3119 2482 3239 2529 eos,
3287 2469 3379 2537 qui
3420 2468 3623 2523 alienis

2038 2557 2379 2613 adminiculis
2406 2557 2573 2627 arljuti
2595 2571 2707 2611 rem
2729 2566 3012 2627 peragunt.
3048 2556 3262 2613 PeJites
3286 2568 3495 2626 autem,
3529 2562 3626 2630 qui

2036 2646 2256 2717 proprio
2308 2645 2492 2700 labore
2545 2644 2858 2700 certaminis
2924 2660 3142 2700 cursum
3197 2658 3621 2702 consummant:

2038 2740 2183 2793 unde
2228 2739 2294 2793 de
2328 2739 2604 2809 equitibus
2643 2737 2914 2809 Propheta
2960 2740 3028 2794 ad
3078 2740 3363 2805 Dominum
3421 2743 3561 2800 dicit
3606 2763 3621 2799 :

2038 2832 2333 2887 Ascendens
2358 2848 2514 2903 super
2534 2848 2689 2903 equos
2713 2839 2852 2899 tuos,
2874 2842 2923 2887 et
2946 2834 3209 2905 equitatus
3240 2844 3364 2890 tuus
3386 2838 3622 2904 sanitas,

2039 2924 2095 2979 id
2120 2932 2224 2990 est,
2257 2924 2508 2979 ascendis
2532 2924 2585 2978 in
2608 2924 2772 2979 corda
2794 2923 3086 2980 electorum
3115 2934 3329 2981 tuorum
3360 2908 3459 2997 per
3496 2930 3624 2985 illu-

1967 2992 2011 3055 c
2042 3015 2389 3070 minationem
2445 3016 2665 3086 gratiae,
2698 3030 2800 3084 per
2847 3030 3052 3085 quam,
3104 3025 3156 3072 te
3205 2992 3457 3090 regente,
3513 3021 3626 3078 iter

2039 3105 2302 3160 virtutum
2338 3105 2621 3171 incedant,
2661 3120 2863 3176 perque
2889 3106 3075 3162 orbem
3107 3116 3276 3164 totum
3307 3118 3362 3163 te
3386 3125 3628 3184 evange-

2039 3196 2255 3252 lizando
2290 3196 2529 3252 ferentes
2554 3205 2825 3266 perpetuae
2855 3196 3043 3253 salutis
3067 3200 3268 3255 mundo
3298 3201 3465 3256 vitam
3492 3216 3637 3270 prat—

2040 3288 2242 3342 dicent.
2297 3286 2376 3341 De
2419 3287 2693 3358 peditibus
2742 3295 2921 3343 autem
2971 3289 3103 3345 item
3141 3290 3420 3362 Scriptura
3446 3294 3621 3350 dicit:

2044 3378 2213 3435 Pedes
2235 3389 2533 3435 sanctorum
2567 3396 2783 3434 suorum
2812 3382 3057 3448 servabit,
3084 3385 3302 3455 et-impii
3324 3385 3381 3440 in
3398 3390 3623 3444 tenebris

2047 3472 2386 3527 conticescent
2414 3470 2469 3544 (Ι
2499 3470 2629 3543 Reg.
2658 3471 2742 3544 ιι).
2773 3471 2947 3529 Pedes
2982 3475 3124 3529 enim
3151 3488 3462 3534 sanctorum
3491 3496 3623 3537 suo-

2048 3581 2168 3620 rum
2206 3565 2464 3621 Dominus
2489 3565 2759 3633 servabit,
2805 3568 2908 3623 hoc
2935 3576 3038 3635 est,
3070 3570 3366 3629 electorum
3396 3591 3623 3635 suorum

2041 3670 2204 3727 opera
2233 3654 2286 3710 in
2317 3655 2457 3710 viam
2476 3653 2701 3724 iustitia:
2722 3658 2918 3728 diriget
2958 3674 2973 3714 :
3002 3669 3057 3716 et
3086 3661 3235 3734 impii
3275 3664 3332 3719 in
3381 3669 3625 3726 tenebris

2043 3747 2450 3813 conticescent,
2480 3748 2605 3819 quia
2640 3750 2909 3805 mittentur
2940 3753 2995 3806 in
3036 3755 3273 3810 tenebras
3313 3760 3623 3829 exteriores,

2044 3838 2134 3891 ubi
2157 3837 2255 3892 erit
2284 3838 2438 3908 ﬂetus
2477 3847 2527 3893 et
2550 3840 2748 3894 stridor
2767 3840 3000 3896 dentiam
3029 3843 3242 3916 (Matth.
3279 3862 3406 3913 vm,
3439 3852 3621 3922 ml);

2044 3928 2137 3984 ubi
2165 3937 2539 3997 concrescent,
2568 3929 2623 3986 id
2655 3938 2763 3997 est,
2790 3932 2858 3987 ab
2884 3936 3196 4005 arrogantia
3224 3939 3493 4011 superbiae
3509 3956 3625 3999 sua:

2043 4020 2349 4076 cessabunt.

2590 4110 2816 4170 CAPUT
2850 4113 3063 4172 XXXV.

2498 4198 2578 4255 De
2601 4202 2859 4258 coloribus
2882 4222 3153 4277 equorum.

359 4296 629 4393 maximus
668 4308 861 4349 currus
909 4292 1081 4348 currit
1129 4290 1248 4346 ,Ιονί
1285 4307 1300 4344 :
1335 4298 1556 4393 prop-ter
1595 4290 1739 4393 quod
1770 4289 1943 4393 maxi-
1971 4332 2026 4393 Β
2109 4290 2279 4393 .Circa
2307 4306 2500 4393 causas
2524 4308 2738 4366 quoque
2770 4296 3155 4356 elementorum
3191 4302 3350 4359 iidem
3396 4309 3622 4378 gentiles

359 4401 506 4440 mum
532 4386 754 4441 deorum
801 4399 1025 4439 suorum
1056 4397 1178 4438 eum
1208 4397 1328 4438 esse
1355 4380 1603 4437 credunt.
1656 4381 1944 4453 Quadriga

360 4484 540 4528 autem
590 4473 643 4526 in
684 4472 982 4542 Scripturis
1036 4470 1207 4526 sacris
1266 4479 1361 4525 aut
1409 4480 1643 4541 quatuor
1701 4471 1945 4543 Evange-

361 4565 498 4619 lisue
526 4564 640 4618 sive
671 4563 962 4632 Evangelia
1014 4561 1407 4631 intelliguntur,
1436 4560 1525 4616 vel
1555 4569 1789 4632 quatuor
1833 4562 1944 4617 vir-

361 4662 506 4707 tutes
528 4650 875 4721 principales,
908 4652 1010 4705 hoc
1038 4658 1142 4714 est,
1172 4651 1482 4720 prudentia,
1507 4649 1737 4719 iustitia,
1766 4650 1941 4725 forti-

361 4744 508 4809 tudo,
538 4752 595 4798 et
630 4741 1006 4810 temperantia.
1058 4740 1116 4795 In
1155 4742 1352 4812 quibus
1393 4742 1638 4798 omnium
1678 4743 1939 4799 virtutum

359 4851 572 4895 summa
613 4834 863 4891 consistit
891 4852 905 4887 :
933 4849 1053 4903 quae
1095 4834 1258 4889 etiam
1305 4835 1581 4889 hominem
1626 4834 1694 4889 ad
1728 4835 1946 4891 celsitu-

358 4929 537 4985 dinem
564 4924 917 4998 perfectionis
938 4925 1241 4995 provehunt
1268 4932 1323 4980 et
1360 4926 1428 4981 ad
1451 4926 1677 4981 caeleste
1719 4940 1944 4997 regnum

360 5024 678 5095 perducunt.
718 5019 776 5075 In
821 5019 906 5074 bis
932 5027 1110 5073 autem
1138 5017 1244 5073 duo
1264 5017 1610 5074 Testamenta
1637 5017 1947 5089 intelligun-

360 5124 466 5179 tur,
511 5120 604 5167 aut
652 5112 757 5169 duo
799 5108 980 5181 pupuli
1031 5107 1266 5165 ﬁdelium
1303 5123 1413 5163 :ex
1459 5106 1662 5164 Judteis
1695 5107 1946 5163 videlicet

358 5213 414 5260 et
442 5204 714 5275 gentibus,
743 5218 878 5274 quos
906 5201 1090 5274 auriga
1142 5199 1379 5255 caelestis
1415 5199 1714 5255 secundum
1752 5197 1942 5253 volun-

361 5304 529 5350 tatem
573 5309 726 5350 suam
769 5293 962 5349 ducit:
991 5292 1134 5348 unde
1162 5300 1218 5348 et
1249 5290 1532 5347 Psalmista
1569 5291 1646 5345 ait
1693 5307 1707 5344 :
1762 5289 1941 5345 Deduc

360 5401 464 5451 me,
509 5384 749 5450 nomine,
780 5387 833 5441 in
880 5386 961 5441 via
990 5394 1104 5452 tua,
1145 5395 1194 5439 et
1219 5383 1493 5440 ambulabo
1521 5384 1578 5439 in
1606 5384 1820 5438 veritate
1849 5391 1943 5437 tua

346 5477 512 5549 (Psal.
543 5478 762 5549 axxxv).

2049 4382 2211 4436 etiam
2264 4382 2476 4438 colores
2521 4398 2784 4454 equorum
2831 4387 3149 4458 junxerunt.
3206 4392 3414 4451 Roseos
3474 4398 3619 4455 enim

2049 4469 2173 4536 soli,
2198 4470 2252 4525 id
2274 4479 2359 4526 est
2384 4472 2525 4543 igni;
2559 4472 2710 4529 albos
2734 4476 2868 4541 aeri,
2894 4479 3145 4546 prasinos
3164 4489 3322 4538 terra:
3343 4523 3359 4547 .
3399 4498 3622 4544 venetus

2050 4562 2185 4617 mari
2221 4561 2600 4618 assimilantes.
2651 4563 2785 4619 Item
2830 4581 3015 4623 roseos
3061 4573 3236 4626 testati
3265 4589 3486 4630 currere
3529 4594 3623 4633 vo-

2049 4652 2284 4719 luerunt,
2315 4652 2460 4723 quod
2503 4652 2645 4724 ignei
2666 4654 2861 4710 coloris
2880 4657 2988 4712 sint
3008 4698 3024 4723 ,
3050 4667 3106 4713 et
3129 4670 3319 4717 cuncta
3371 4672 3497 4721 tunc
3528 4666 3620 4720 Ila-

2048 4756 2292 4803 vescant.
2323 4746 2488 4802 Alhos
2529 4747 2717 4812 hiemi,
2752 4750 2896 4818 quod
2928 4751 3002 4805 sit
3025 4751 3286 4822 glacialis,
3312 4766 3366 4809 et
3414 4756 3620 4828 frigori-

2046 4837 2149 4893 bus
2176 4838 2427 4893 universa
2451 4847 2763 4894 canescant.
2794 4839 2918 4896 Veri
2956 4843 3205 4912 prasinos
3250 4847 3410 4902 viridi
3442 4849 3619 4905 colore

2045 4929 2189 4999 quod
2218 4937 2345 5012 tunc
2383 4931 2669 5000 pampinus
2710 4931 2986 4988 densatur.
3033 4932 3265 4991 Venetos
3310 4938 3424 4994 sive
3472 4940 3619 4994 rufus

2046 5027 2303 5074 autumno
2331 5034 2574 5085 currere,
2601 5036 2736 5090 quos
2768 5031 2825 5077 et
2860 5022 3012 5079 Marti
3042 5038 3416 5093 sacraverunt,
3451 5044 3481 5083 a
3511 5047 3618 5099 quo

2048 5102 2275 5162 Romani
2328 5109 2647 5165 exoriuntur
2692 5127 2705 5163 :
2750 5111 2873 5167 inde
2918 5120 2973 5167 et
3017 5115 3213 5170 vexilla
3251 5117 3615 5175 Romanorum

2046 5213 2209 5255 cocco
2249 5198 2591 5267 decorentur,
2640 5217 2708 5257 eo
2747 5203 2890 5272 quod
2921 5203 3063 5260 Mars
3107 5208 3367 5278 sanguine
3402 5213 3612 5281 gaudet.

2049 5289 2154 5347 Sed
2183 5290 2299 5347 h:ec
2324 5306 2463 5347 vana
2485 5301 2614 5348 sunt
2640 5293 2763 5349 ﬁdei
2788 5293 3106 5353 Christiana:
3127 5303 3397 5357 contraria
3434 5321 3447 5357 :
3480 5304 3616 5358 unde

2047 5381 2473 5439 animadvertere
2509 5381 2702 5449 debes,
2731 5384 3070 5454 Christiane,
3105 5398 3239 5459 quot
3273 5391 3477 5447 circum
3526 5411 3616 5448 no-

2048 5474 2195 5528 mina
2221 5474 2496 5530 immunda
2532 5476 2864 5547 possideant.
2908 5479 3249 5552 Quapropter
3289 5484 3495 5539 alienus
3515 5487 3615 5540 erit

2051 5565 2144 5621 tibi
2181 5565 2352 5634 locus,
2384 5582 2544 5638 quem
2578 5567 2793 5637 plurimi
2819 5569 3033 5626 Satanae
3060 5574 3284 5643 spiritus
3328 5590 3614 5647 occupave-
