3950 6192
227 296 324 358 ὅῖὅ

1164 300 1248 354 DE
1288 298 1635 355 UNIVERSO
1676 297 1850 352 LIBRI
1894 296 2055 351 XXII.
2096 325 2165 335 —--
2204 296 2331 348 LIB.
2375 294 2492 349 XX.

3384 294 3486 350 554

227 421 341 470 runt
378 426 393 465 :
429 421 603 469 totum
675 410 821 463 enim
882 409 1027 462 illum
1074 411 1320 464 diabolus
1372 422 1427 465 et
1479 411 1652 482 angeli
1692 412 1808 481 ejus
1834 412 1885 470 Α
1913 408 2129 472 theatri,
2178 423 2299 462 cum
2329 408 2709 475 amphitheatri
2753 408 3087 471 crudelitate,
3137 424 3261 463 cum
3288 412 3490 469 att-od-

228 506 587 575 repleverunt.
620 501 874 556 Attamen
917 501 970 554 in
1003 500 1326 573 Apocalypsi
1370 504 1618 572 legimus,
1663 505 1807 574 quod

226 595 537 665 apparuerit
578 591 773 648 Joanni
813 607 982 662 equus
1006 593 1181 658 albus,
1211 593 1384 662 rufus,
1412 596 1586 666 niger,
1619 606 1671 651 et
1700 596 1809 665 pal-

224 686 358 741 lidus
390 704 404 738 :
442 700 678 754 quorum
709 683 996 738 diversitas
1031 684 1325 755 spiritalem
1377 688 1567 755 quaerit
1618 687 1811 741 intelli-

225 776 482 847 gentiam.
534 774 690 832 Unde
743 788 916 844 equus
969 774 1125 830 albus
1180 776 1449 845 signiﬁcat
1511 777 1806 832 Eeclesiam

224 880 384 935 super
418 866 603 919 nivem
635 864 804 933 gratia
833 862 1136 919 dealbatam
1168 882 1181 917 :
1215 864 1387 935 Super
1411 883 1563 936 quem
1601 868 1811 921 sedebat

224 955 323 1020 ille,
350 956 449 1025 qui
472 952 695 1009 habebat
741 970 945 1019 arcum,
990 953 1073 1007 cui
1118 964 1166 1007 et
1218 955 1342 1008 data
1382 964 1459 1009 est
1506 965 1812 1009 corona:et

224 1048 375 1100 exivit
417 1046 631 1100 uincens
655 1086 671 1111 ,
715 1056 772 1099 ut
810 1046 1027 1100 vinceret
1061 1046 1243 1117 (Apoc.
1275 1047 1383 1121 vr);
1425 1048 1567 1117 quod
1600 1047 1811 1102 Domini

224 1152 381 1207 supra
434 1133 735 1191 Ecclesiam
789 1133 981 1189 sedens
1030 1135 1289 1206 spiritalis
1338 1137 1599 1192 doctrinm
1625 1147 1811 1191 corntra

228 1227 419 1298 impios
444 1239 598 1281 arma
630 1224 809 1279 ferens
843 1224 1123 1279 victoriam
1164 1226 1277 1281 suis
1326 1227 1573 1297 percipit.
1630 1226 1813 1296 Equus

227 1332 400 1373 autem
430 1316 603 1385 rufus,
635 1333 795 1390 super
821 1333 983 1388 quem
1004 1318 1225 1373 sedebat
1252 1318 1363 1385 ille,
1389 1320 1478 1390 qui
1512 1328 1816 1388 sumpserat

228 1425 412 1480 pacem
445 1408 513 1463 de
546 1417 689 1464 terra
717 1449 732 1474 ,
763 1406 1033 1478 signiﬁcat
1078 1407 1332 1477 populum
1378 1410 1658 1463 sinistrum
1683 1451 1698 1474 ,
1747 1426 1811 1464 ex

230 1516 441 1556 sesmre
490 1515 591 1556 suo
645 1500 855 1555 diabolo
904 1500 1371 1571 sanguinulentam
1403 1542 1417 1566 ,
1464 1502 1549 1555 cui
1602 1516 1816 1571 semper

228 1592 501 1648 discordia
531 1592 728 1664 placet.
762 1592 945 1662 Equus
988 1607 1117 1647 vero
1146 1593 1319 1662 niger,
1354 1607 1517 1663 super
1541 1607 1699 1662 quem
1729 1607 1815 1647 se-

232 1686 406 1750 debat,
435 1685 529 1755 qui
556 1694 815 1739 stateram
853 1684 1085 1739 habebat
1114 1684 1170 1738 in
1198 1684 1360 1739 manu
1391 1701 1488 1740 sua
1510 1726 1524 1750 ,
1555 1685 1813 1739 falsorum

231 1783 444 1829 caterva
470 1781 553 1827 est
585 1772 810 1827 fratrum
846 1789 861 1826 :
890 1772 946 1827 hi
975 1780 1235 1828 stateram
1280 1781 1439 1828 rectae
1466 1773 1816 1844 professionis

232 1865 430 1920 habent
467 1882 481 1917 :
531 1871 587 1918 et
639 1864 814 1920 socios
859 1863 1058 1919 laedunt
1107 1879 1206 1934 per
1243 1879 1405 1937 opera
1449 1866 1814 1920 tenebrarum.

231 1954 357 2009 Nam
393 1969 568 2026 equus
596 1954 824 2024 pallidus
852 1996 865 2020 ,
899 1954 953 2008 in
981 1969 1087 2024 quo
1110 1954 1330 2009 sedebat
1356 1954 1469 2019 ille,
1508 1955 1592 2009 cui
1623 1970 1816 2010 nomen

230 2058 341 2103 erat
371 2063 547 2112 mors,
581 2056 637 2102 et
670 2062 833 2117 quem
881 2046 1125 2102 infernus
1175 2047 1524 2117 sequebatur,
1579 2047 1817 2102 hmretici

229 2151 346 2196 sunt
377 2158 392 2195 :
421 2132 518 2212 qui
547 2156 607 2195 se
637 2138 729 2212 [si]
760 2140 1060 2195 catholicos
1094 2139 1285 2194 fallunt
1329 2148 1501 2194 morte
1552 2139 1819 2195 inhabita-

230 2235 359 2290 triee
390 2233 567 2303 digni,
607 2232 943 2302 perditorum
973 2241 1093 2302 post
1132 2248 1190 2287 se
1232 2233 1450 2303 rapiunt
1494 2232 1814 2287 exercitum.

230 2323 485 2379 Diabolus
508 2324 654 2377 enim
685 2332 739 2378 et
765 2322 999 2377 ministri
1023 2322 1139 2393 ejus
1170 2323 1560 2394 metonymicds
1589 2338 1738 2377 mors
1765 2331 1821 2377 et

231 2414 473 2469 infernus
518 2413 649 2469 dicti
676 2421 802 2467 sunt
832 2431 843 2465 :
874 2428 940 2466 ee
969 2412 1112 2483 quod
1143 2413 1328 2467 multis
1355 2428 1519 2468 causa
1546 2413 1739 2469 mortis
1764 2421 1820 2466 et

230 2503 569 2559 infernorum
599 2512 742 2558 sunt.

772 2592 1001 2649 CAPUT
1041 2593 1279 2649 XXXVI.

854 2683 929 2738 De
960 2685 1166 2738 theatro

292 2776 598 2832 Theatrum
630 2784 735 2841 est,
784 2791 892 2846 quo
920 2790 1083 2831 scena
1120 2775 1413 2831 includitur
1437 2816 1450 2841 ,
1492 2776 1820 2833 semicirculi

229 2869 453 2938 ﬁguram
511 2865 720 2920 habens
747 2906 763 2932 ,
815 2866 870 2920 in
907 2881 1014 2937 quo
1044 2874 1250 2921 stantes
1289 2881 1477 2921 omnes
1507 2866 1818 2938 inspiciunt.

228 2955 391 3027 Cujus
418 2954 598 3010 forma
624 2956 861 3025 primum
888 2955 1118 3010 rotunda
1148 2964 1267 3011 erat
1304 2956 1445 3012 sicut
1482 2956 1824 3027 amphithea-

230 3054 369 3101 trum
426 3064 440 3100 :
501 3055 693 3116 postea
745 3063 810 3103 ex
875 3047 1054 3102 medio
1110 3047 1509 3118 amphitheatro
1548 3049 1819 3103 theatrum

229 3136 454 3193 factum.
491 3107 790 3192 Theatrum
839 3147 1017 3193 autem
1052 3153 1082 3192 a
1130 3107 1436 3210 spectaculo
1480 3139 1817 3196 nominatum
1846 3107 1891 3170 C

229 3247 325 3301 apo
343 3241 423 3285 tes
452 3230 704 3296 theorias,
733 3231 875 3301 quod
894 3231 947 3284 in
965 3245 1030 3286 eo
1050 3230 1279 3301 populus
1300 3240 1452 3287 stans
1476 3247 1638 3303 super
1656 3240 1819 3304 atque

228 3331 486 3393 spectans
532 3320 688 3377 ludos
744 3322 1221 3393 contemplaretur.
1272 3322 1419 3377 Idem
1478 3338 1610 3379 vero
1664 3326 1820 3380 thea-

230 3419 394 3477 trum,
445 3410 590 3466 idem
639 3420 693 3466 et
744 3413 1144 3482 prostibulum,
1202 3428 1268 3470 eo
1317 3414 1460 3484 quod
1508 3423 1633 3486 post
1665 3415 1819 3471 ludos

228 3512 455 3559 exactos
519 3503 839 3558 meretrices
897 3511 1224 3574 prostarent.
1275 3503 1421 3560 Idem
1483 3513 1537 3560 et
1593 3506 1823 3576 lupanar

229 3608 488 3653 vocatum
516 3596 586 3651 ab
611 3596 816 3652 eisdem
857 3596 1237 3653 meretricibus
1257 3637 1271 3661 ,
1307 3613 1427 3667 qua:
1458 3608 1679 3668 propter
1705 3596 1823 3652 vul-

227 3690 337 3763 gati
367 3689 619 3760 corporis
643 3689 902 3745 vilitatem
928 3689 1067 3760 lupa:
1090 3699 1487 3763 nuncupantur.
1525 3689 1657 3744 Nam
1686 3689 1823 3759 lupa:

229 3782 555 3838 meretrices
585 3790 710 3836 sunt
756 3796 785 3836 a
814 3782 1112 3853 rapacitate
1152 3791 1375 3847 vocatae,
1405 3795 1471 3836 eo
1497 3782 1637 3851 quod
1665 3780 1732 3835 ad
1763 3796 1823 3838 se

229 3874 454 3946 rapiant
483 3872 735 3939 miseros,
785 3881 841 3928 et
892 3874 1319 3943 apprehendant.
1344 3871 1650 3943 Lupanaria
1677 3873 1823 3927 enim

229 3978 262 4019 a
284 3962 521 4035 paganis
544 3964 838 4017 constituta
864 3972 1009 4025 sunt,
1041 3969 1102 4016 ut
1128 3960 1303 4032 pudor
1331 3961 1618 4016 mulierum
1645 3959 1823 4015 infeli-

227 4054 379 4110 cium
418 4052 495 4107 ibi
518 4052 913 4123 publicaretur,
944 4060 999 4107 et
1022 4051 1256 4108 ludibrio
1281 4052 1615 4108 haberentur
1634 4060 1743 4106 tam
1768 4052 1824 4106 hi

230 4147 323 4215 qui
358 4144 609 4199 facerent
635 4184 650 4211 ,
682 4159 845 4213 quam
878 4144 969 4215 qui
1000 4152 1335 4214 paterentur.
1376 4143 1603 4215 Mystice
1642 4152 1824 4198 autem

230 4239 513 4293 theatrum
566 4247 887 4307 prmsentem
934 4238 1191 4293 mundum
1249 4239 1555 4308 signiﬁcare
1597 4246 1819 4308 potest:

228 4330 284 4384 in
310 4343 425 4400 quo
445 4328 527 4394 hi,
557 4330 646 4399 qui
686 4328 868 4383 luxum
910 4327 1070 4397 hujus
1100 4330 1280 4385 smculi
1317 4339 1639 4400 sequuntur,
1687 4329 1827 4385 ludi-

228 4420 357 4476 brio
387 4421 591 4475 habent
620 4436 806 4476 servos
833 4419 927 4475 Dei
953 4462 967 4485 ,
1000 4428 1056 4474 et
1084 4436 1269 4477 eorum
1301 4437 1491 4492 poenas
1529 4423 1823 4493 spectando

228 4512 513 4567 laetantur.
543 4511 700 4568 Unde
722 4512 1010 4582 Apostolus
1035 4512 1165 4568 dicit
1195 4532 1208 4567 :
1242 4513 1610 4585 Spectaculum
1639 4531 1819 4569 sumus

229 4602 366 4673 facti
388 4602 442 4654 in
468 4603 565 4655 hoc
589 4603 784 4657 mundo
808 4602 1006 4674 angelis
1026 4612 1073 4656 et
1095 4603 1392 4657 hominibus
1418 4615 1625 4675 propter
1655 4606 1822 4661 Deum

229 4695 285 4767 (1
314 4692 447 4749 Cor.
480 4693 576 4764 Iv).
924 4684 935 4689 “

770 4782 998 4841 CAPUT
1034 4783 1292 4840 XXXVII.

734 4878 810 4932 De
838 4876 991 4947 ferali
1029 4877 1329 4931 certamine.

306 4970 575 5025 Ferarum
602 4984 781 5042 pugna
808 4976 948 5033 erat,
987 4967 1219 5022 emissas
1256 4966 1459 5023 bestias
1492 4967 1719 5036 juvenes
1741 4984 1834 5023 ex-

225 5065 460 5132 cipere:
496 5061 754 5116 adversus
804 5076 900 5116 eas
926 5058 1174 5114 ultroneo
1215 5056 1403 5113 funere
1447 5068 1677 5123 certare,
1727 5074 1833 5112 non

227 5154 489 5217 crimine,
525 5156 619 5209 sed
649 5153 851 5208 furore.

760 5242 987 5299 CAPUT
1026 5241 1308 5299 XXXVIII.

564 5336 638 5390 De
662 5337 849 5389 borum
877 5337 1231 5389 exsecratione
1258 5333 1519 5389 ludorum.

313 5430 443 5486 εἰπε
477 5430 675 5501 quippe
713 5427 1017 5499 spectacula
1048 5427 1380 5483 crudelitatis
1404 5467 1417 5492 ,
1469 5435 1524 5481 et
1572 5427 1831 5496 inspectio

231 5522 566 5584 vanitatum,
600 5536 704 5574 non
732 5519 905 5574 solum
932 5520 1209 5574 hominum
1232 5519 1398 5583 vitiis,
1426 5519 1517 5574 sed
1544 5528 1600 5573 et
1636 5519 1832 5574 daemo-

232 5628 372 5668 num
410 5610 579 5679 jussis
632 5604 874 5663 instituta
902 5617 1045 5662 sunt.
1066 5607 1313 5685 .Proinde
1363 5606 1497 5660 nihil
1527 5622 1647 5661 esse
1675 5607 1834 5660 debet

238 5703 558 5761 Christiano
606 5717 725 5756 cum
773 5699 999 5753 circensi
1053 5698 1284 5753 insania.
1331 5713 1453 5751 cum
1500 5696 1832 5767 impudicitia

615 5796 883 5856 PATROL.
934 5789 1096 5854 CXI.

1910 505 2021 552 tate
2055 513 2252 561 arenae,
2287 512 2409 552 cum
2436 497 2646 551 luxnria
2677 498 2807 553 ludi.
2839 500 3009 554 Deum
3029 500 3173 554 enim
3198 512 3373 571 negat,
3398 503 3491 573 qui

1911 586 2039 644 talia
2067 589 2372 658 praesumit,
2428 588 2550 642 ﬁdei
2597 589 2917 644 Christianae
2945 591 3327 660 praevaricator
3361 590 3493 647 effe-

1910 688 2030 735 ctus
2058 698 2071 732 :
2103 680 2193 748 qui
2219 674 2269 734 id
2298 680 2475 735 denuo
2504 680 2725 750 appetit,
2756 679 2899 748 quod
2926 681 2978 734 in
3006 680 3223 737 lavacro
3243 680 3355 750 jam
3385 685 3497 753 pri-

1911 772 2032 825 dem
2068 772 2417 836 renuntiavit,
2447 772 2497 825 id
2525 780 2627 834 est,
2665 771 2874 825 diabolo
2901 788 3021 826 eum
3048 776 3259 843 pompis
3282 784 3338 829 et
3362 792 3495 847 ope-

1912 860 2063 916 ribus
2088 860 2225 934 ejus.

2440 955 2665 1034 CAPUT
2715 956 2953 1011 xxxux.

2548 1088 2621 1142 De
2657 1092 2888 1144 naribus.

1983 1221 2195 1274 Artium
2254 1222 2607 1289 quarumdam
2683 1222 2939 1276 vocabula
2971 1263 2986 1287 ,
3047 1223 3242 1292 quibus
3295 1225 3503 1295 aliquid

1915 1310 2241 1373 fabricatur,
2299 1310 2555 1391 deinceps
2621 1328 2685 1366 ex
2747 1322 2900 1382 parte
2955 1315 3188 1369 notanda
3232 1300 3498 1371 decerno.

1915 1400 2123 1455 Artifex
2163 1401 2412 1472 generale
2454 1418 2647 1457 nomen
2693 1422 2705 1456 :
2754 1415 2993 1470 vocatus,
3029 1407 3171 1476 quod
3212 1417 3383 1464 artem
3418 1409 3500 1463 fa-

1917 1494 2025 1547 ciat
2053 1512 2065 1547 :
2097 1494 2238 1548 sicut
2269 1492 2499 1560 aurifex,
2552 1496 2644 1565 qui
2680 1511 2892 1553 aurum.
2927 1498 3073 1555 Faxo
3113 1502 3257 1561 enim
3290 1516 3388 1571 pro
3423 1502 3504 1559 fa-

1916 1584 2003 1639 cio
2031 1585 2238 1653 antiqui
2267 1585 2535 1640 dicebant.
2580 1586 2874 1643 Nauclerus
2917 1590 3166 1645 dominus
3218 1590 3373 1646 navis
3420 1600 3506 1647 est

1916 1676 2253 1746 appellatus:
2286 1678 2361 1731 ita
2387 1679 2528 1747 quod
2554 1680 2705 1734 navis
2752 1681 2803 1734 iu
2842 1690 2986 1736 sorte
3014 1681 3129 1751 ejus
3176 1683 3267 1737 sit.
3314 1682 3503 1740 Cieros

1845 1754 1891 1813 Β
1918 1762 2062 1820 enim
2086 1764 2273 1822 Graece
2294 1783 2413 1823 sors
2439 1768 2653 1823 dicitur.
2680 1768 2869 1825 Caeteri
2899 1782 3077 1828 autem
3100 1774 3154 1827 in
3181 1774 3302 1828 navi
3326 1774 3380 1829 in
3406 1790 3505 1846 gu-

1918 1855 2235 1911 bernatione
2261 1856 2376 1926 ejus
2401 1868 2544 1913 sunt.
2596 1858 2889 1927 Gubernio,
2940 1864 3034 1933 qui
3074 1874 3129 1918 et
3148 1865 3504 1935 gubernator,

1917 1947 2071 2015 quasi
2097 1948 2502 2015 cohibernator,
2532 1952 2677 2020 quod
2714 1953 2966 2007 cohibeat
2988 1956 3274 2024 prudentia
3302 1974 3399 2013 sua
3420 1958 3506 2014 hi-

1917 2041 2108 2107 berna,
2151 2042 2202 2095 id
2253 2050 2357 2107 est,
2391 2050 2742 2112 tempestates
2765 2046 2951 2099 maris.
2993 2045 3161 2102 Nauta
3187 2063 3216 2100 a
3258 2064 3394 2105 nave
3423 2048 3507 2106 di-

1918 2139 2039 2186 ctus
2100 2147 2197 2202 per
2255 2132 2684 2187 derivationem:
2739 2135 2917 2189 navita
2969 2146 3149 2191 autem
3197 2154 3296 2207 pro
3337 2148 3507 2195 nauta

1918 2222 2126 2292 poetice
2149 2224 2346 2277 dicitur
2373 2236 2387 2276 :
2419 2223 2560 2277 sicut
2581 2221 2792 2280 Mavors
2814 2240 2913 2293 pro
2933 2225 3077 2281 Mars
3103 2245 3114 2280 :
3144 2243 3268 2282 nam
3298 2239 3504 2284 rectum

1919 2320 2002 2368 est
2030 2321 2214 2368 nauta.
2250 2313 2453 2368 Remex
2485 2322 2727 2380 vocatur,
2759 2316 2903 2386 quod
2948 2331 3153 2372 remum
3200 2320 3338 2389 gerit
3372 2339 3383 2372 :
3426 2321 3507 2376 sic

1921 2403 2103 2460 autem
2152 2420 2356 2473 remex,
2398 2407 2668 2477 quomodo
2708 2408 2903 2470 tubex,
2951 2408 3147 2464 dicitur
3175 2412 3507 2468 nominativo

1921 2506 2071 2552 casu.
2102 2496 2331 2567 Epihata
2358 2497 2547 2553 Grmco
2578 2498 2798 2554 nomine
2828 2500 3149 2570 appellatur,
3189 2503 3279 2571 qui
3314 2503 3508 2560 Latine

1920 2586 2120 2644 dicitur
2149 2589 2574 2658 superveniens:
2623 2590 2712 2646 hic
2759 2592 2893 2646 nihil
2946 2592 3109 2648 habet
3140 2596 3359 2666 negotii,
3413 2598 3510 2653 sed

1923 2678 2082 2736 naulo
2122 2678 2251 2735 dato
2280 2678 2333 2732 in
2372 2678 2506 2735 alias
2535 2690 2709 2736 terras
2747 2683 2981 2738 transire
3010 2684 3262 2754 disponit.
3319 2686 3511 2743 Navim

1922 2771 2142 2842 quidam
2172 2772 2460 2842 perhibent
2506 2773 2727 2839 dictam,
2777 2791 2843 2830 eo
2891 2777 3035 2846 quod
3064 2793 3299 2848 gnavum
3328 2788 3507 2836 recto-

1923 2878 2039 2918 rem
2077 2871 2307 2933 quaerat,
2334 2864 2386 2918 id
2434 2872 2535 2927 est,
2568 2866 2820 2934 peritum,
2851 2867 3169 2938 sapientem.
3203 2879 3509 2936 strenuum,

1922 2953 2013 3024 qui
2041 2953 2320 3008 continere
2363 2962 2420 3008 et
2463 2955 2764 3023 gubernare
2793 2957 2944 3012 novit
2970 2970 3191 3030 propter
3237 2963 3510 3021 maritima

1921 3042 2162 3113 pericula
2189 3052 2245 3098 et
2265 3058 2459 3102 casus:
2490 3046 2630 3101 unde
2672 3053 2729 3101 et
2758 3047 2890 3103 illud
2920 3048 3225 3106 Salomonis
3250 3070 3263 3106 :
3301 3053 3510 3111 Intelli-

1920 3152 2045 3206 gens
2087 3137 2441 3208 gubernacula
2487 3140 2767 3209 possidebit
2821 3139 3003 3213 (Prov.
3044 3143 3106 3214 ι).
3154 3114 3320 3201 Navis
3363 3148 3514 3202 enim

1922 3231 2150 3302 mystice
2201 3239 2295 3286 aut
2342 3231 2641 3288 Ecclesiam
2692 3234 2999 3304 signiﬁcat,
3056 3245 3114 3292 ut
3146 3245 3231 3293 est
3281 3238 3412 3295 illud
3456 3240 3513 3295 in

1921 3319 2213 3393 Evangelio
2226 3340 2256 3411 ’ξ
2310 3322 2478 3377 Navis
2505 3332 2679 3379 autem
2692 3325 3003 3394 jactabatur
3038 3328 3094 3383 in
3118 3329 3305 3385 mediis
3331 3332 3511 3399 ﬂucti-

1922 3412 2018 3467 bus
2046 3411 2258 3484 (Matth.
2288 3412 2441 3486 xw);
2488 3422 2546 3470 et
2579 3415 2633 3470 in
2659 3414 2867 3485 psalmo
2895 3435 2906 3470 :
2941 3417 3057 3473 Hoc
3089 3437 3237 3479 mare
3263 3439 3514 3493 magnum

1921 3512 1970 3557 et
1990 3504 2308 3578 spatiosum,
2354 3514 2461 3561 etc.
2481 3545 2497 3571 ,
2546 3522 2716 3577 usque
2738 3547 2754 3572 ,
2786 3509 2895 3569 illic
2941 3529 3095 3567 naves
3123 3516 3514 3584 pertransibunt

1924 3591 2099 3665 (Psal.
2129 3597 2272 3667 cm).
2317 3595 2376 3650 In
2405 3598 2634 3654 navibus
2682 3609 2862 3656 autem
2905 3604 3099 3659 merito
3139 3607 3515 3677 signiﬁcantur

1924 3686 2201 3753 Ecclesiae,
2228 3704 2347 3759 quae
2369 3691 2705 3759 periculosos
2730 3692 2925 3749 ﬂuetus
2964 3698 3150 3753 mundi
3194 3713 3291 3768 per
3310 3699 3515 3769 lignum

1924 3779 2170 3848 gloriosae
2192 3781 2370 3837 crucis
2389 3784 2640 3847 evadunt,
2665 3794 2941 3854 portantes
2964 3789 3212 3858 populos,
3244 3792 3336 3860 qui
3358 3792 3516 3863 signo

1925 3869 2051 3937 ﬁdei
2084 3872 2450 3927 crediderunt.
2510 3874 2567 3928 ln
2597 3874 2682 3930 his
2711 3878 2940 3932 navibus
2966 3879 3177 3934 habitat
3217 3879 3469 3936 Christus
3497 3901 3508 3935 :

1924 3960 2016 4029 qui
2062 3963 2109 4015 si
2155 3977 2187 4015 a
2234 3963 2582 4020 credentibus
2618 3966 2910 4035 excitetur,
2946 3968 3080 4024 dicit
3110 3969 3515 4027 immanissima:

1926 4052 2231 4120 tempestati
2262 4061 2322 4106 ut
2348 4054 2614 4122 quiescat,
2671 4063 2726 4110 et
2753 4058 3005 4125 quiescit.
3055 4057 3188 4114 Item
3216 4058 3345 4114 alibi
3371 4061 3512 4115 idem

1924 4141 2187 4210 propheta
2228 4141 2345 4195 ait:
2405 4141 2475 4196 In
2518 4144 2708 4213 spiritu
2751 4147 3031 4201 vehementi
3068 4157 3298 4203 conteres
3355 4165 3514 4205 naves

1928 4231 2144 4287 Tharsis
2171 4230 2342 4303 (Psal.
2387 4230 2594 4307 nvn);
2634 4236 2760 4306 quia
2806 4252 2901 4306 per
2929 4236 3163 4308 Spiritus
3191 4241 3513 4312 sanetigrav

1926 4326 2054 4379 tiam
2078 4325 2522 4396 philosophorum
2543 4329 2755 4398 dogma,
2782 4329 2874 4398 qui
2895 4330 2949 4383 in
2978 4345 3128 4386 mare
3152 4332 3309 4388 istius
3328 4334 3511 4389 saeculi

1926 4417 2249 4488 disputando
2282 4419 2629 4481 transierunt,
2659 4433 2757 4489 per
2780 4421 3162 4490 prindicatores
3188 4433 3511 4480 evacuatum

1928 4516 2032 4563 est.
2064 4508 2326 4563 Dominus
2356 4524 2484 4579 ergo
2523 4510 2677 4564 navis
2699 4510 2959 4577 ecclesiae,
2986 4512 3101 4582 ipse
3135 4513 3383 4571 Salvator
3409 4527 3512 4581 est,

1931 4600 2020 4670 qui
2057 4609 2112 4655 et
2158 4602 2524 4671 gubernator:
2583 4603 2710 4672 quia
2756 4617 2853 4672 per
2907 4603 3168 4674 Spiritum
3206 4624 3363 4664 suum
3399 4612 3518 4682 ipse

1931 4709 2049 4748 eam
2077 4694 2213 4762 regit
2237 4702 2400 4762 atque
2434 4693 2723 4764 gubernat,
2748 4695 2918 4750 donec
2946 4711 3066 4752 eam
3088 4698 3156 4751 ad
3184 4708 3397 4770 portum
3426 4717 3516 4756 sa-

1933 4784 2059 4838 lutis
2090 4793 2305 4838 aeternae
2348 4783 2627 4854 perducat.
2676 4782 2812 4840 Item
2858 4784 2913 4841 in
2941 4786 3104 4842 aliam
3130 4800 3338 4857 partem
3364 4791 3519 4844 navis

1877 4908 1903 4925 ς
1934 4873 2215 4943 accipitur,
2250 4881 2310 4927 ut
2352 4873 2406 4927 in
2440 4872 2618 4930 Isaia:
2668 4870 2876 4928 Ululate
2903 4915 2916 4939 ,
2970 4892 3122 4931 naves
3166 4879 3328 4930 maris
3376 4876 3513 4945 (Ian.

1936 4962 2094 5036 χχιιι)
2120 4980 2135 5029 ;
2167 4979 2275 5034 quo
2303 4964 2521 5020 nomine
2544 4964 2895 5033 designantur
2928 4967 3251 5035 pllil0s0phi,
3295 4967 3373 5019 vel
3404 4967 3515 5019 ha:-

1936 5052 2089 5107 retici
2122 5053 2371 5107 inanibus
2389 5054 2777 5121 quazstionibus
2803 5055 3139 5109 aberrantes.
3191 5055 3373 5117 Rates,
3404 5056 3514 5122 prio

1934 5159 2084 5198 mum
2137 5152 2194 5197 et
2239 5143 2672 5212 antiquissimum
2727 5144 2925 5213 navigii
2970 5160 3178 5210 genus,
3222 5159 3252 5221 φ
3288 5144 3511 5197 rudibus

1938 5235 2101 5305 tignis
2141 5233 2522 5302 asseribusque
2565 5244 2917 5289 consertum:
2967 5236 3033 5289 al
3061 5235 3214 5302 cujus
3263 5234 3513 5289 similitu-

1937 5326 2115 5379 dinem
2145 5325 2418 5380 fabricntte
2462 5339 2625 5379 naves
2662 5324 2876 5377 ratariae
2900 5324 3073 5380 dictae.
3122 5323 3274 5377 Nunc
3290 5323 3403 5391 jam
3432 5338 3518 5375 ra-

1938 5430 2019 5474 tes
2044 5417 2266 5473 abusive
2304 5420 2504 5471 n'aves:
2541 5430 2664 5470 nam
2688 5414 2902 5484 proprie
2924 5421 3069 5469 rates
3110 5422 3235 5469 sunt
3257 5428 3518 5469 connexa:

1937 5513 2163 5567 invicem
2191 5510 2389 5565 trabes.
2435 5507 2638 5562 Trieris
2668 5506 2823 5577 navis
2864 5521 3078 5576 magna,
3128 5520 3287 5573 quam
3329 5503 3518 5560 Graece

1937 5603 2229 5656 durconem
2260 5607 2474 5661 vocant,
2503 5597 2569 5650 de
2589 5611 2694 5665 qua
2724 5595 2776 5649 in
2805 5593 2940 5649 Isaia
2968 5611 2981 5647 :
3018 5593 3141 5647 Non
3163 5593 3399 5648 transibit
3428 5606 3521 5661 per

1938 5709 2051 5747 eam
2093 5689 2265 5743 trieris
2309 5704 2496 5758 magna
2553 5685 2686 5759 (Isa.
2742 5684 2954 5756 xxxnn).
3007 5683 3255 5738 Liburna:
3300 5683 3455 5736 dicte:
3488 5697 3518 5733 ιι

3013 5772 3088 5837 18
