3950 6192
472 171 578 270 sas

463 323 652 397 Libyls
685 342 698 377 :
737 337 903 378 naves
944 321 1089 377 enim
1128 332 1251 376 sunt
1294 320 1707 392 negotiatorum,
1760 319 1827 374 de
1860 321 2055 390 quibus
2084 324 2130 380 Λ

461 412 723 470 Horatius
746 428 760 465 :

713 520 812 572 Ibis
830 518 1061 572 Liburnis
1083 520 1217 571 inter
1245 516 1345 569 alta
1371 517 1586 568 navium.

538 627 806 681 Rostrataa
833 637 998 678 naves
1029 629 1233 678 vocata:
1278 621 1347 675 ab
1376 634 1443 675 eo
1470 619 1614 690 quod
1642 618 1698 673 in
1744 616 1925 674 fronte
1953 632 2045 671 ro-

464 728 576 774 stra
602 729 742 771 aerea
767 715 1000 768 habeant
1026 720 1249 783 propter
1268 709 1539 781 scopulos,
1587 722 1657 764 ne
1704 707 1968 763 feriantur
1991 715 2047 761 et

457 809 803 865 collidantur.
851 807 1048 878 Longae
1082 818 1247 860 naves
1275 810 1420 868 sunt,
1467 817 1604 872 quas
1629 801 1919 856 dromones
1951 814 2048 855 vo-

464 914 651 956 camus
678 917 693 953 :
734 897 889 953 dicta:
910 913 975 952 eo
1006 895 1150 966 quod
1179 894 1447 964 longiores
1475 893 1586 948 sint
1607 891 1820 948 caeteris
1848 908 1861 945 :
1894 890 2047 962 cujus

456 992 768 1050 contrarius
791 989 1085 1055 musculus,
1116 996 1332 1044 curtum
1372 985 1663 1056 navigium.
1723 984 1921 1039 Dromo
1942 997 2041 1037 au-

456 1094 568 1139 tem
597 1100 626 1138 a
663 1081 996 1138 decurrendo
1026 1079 1202 1135 dictus
1229 1095 1243 1133 :
1292 1092 1508 1134 cursum
1536 1076 1683 1132 enim
1701 1073 1889 1130 Graece
1919 1075 2044 1128 dro-

459 1190 585 1231 mon
608 1180 825 1229 vocant.
874 1170 1077 1227 Classis
1111 1170 1258 1225 dicta
1302 1176 1386 1223 est
1415 1166 1606 1223 Graeco
1633 1165 1896 1221 vocabulo
1940 1179 2043 1234 apo

448 1272 552 1317 'ton
590 1263 763 1326 ealon,
813 1262 867 1316 id
891 1262 995 1328 est,
1027 1260 1188 1332 lignis
1215 1274 1229 1313 :
1259 1259 1401 1313 unde
1429 1266 1483 1313 et
1511 1256 1730 1312 calones
1754 1255 2038 1322 naviculzc,

450 1369 576 1422 qua:
598 1352 743 1423 ligna
771 1349 1032 1405 militibus
1060 1356 1298 1420 portant.
1331 1346 1500 1402 Barca
1544 1353 1648 1411 est,
1695 1359 1815 1415 qua:
1846 1351 2040 1399 cuncta

456 1445 609 1499 navis
640 1441 963 1499 commercia
995 1442 1065 1496 ad
1087 1440 1237 1494 littus
1264 1445 1447 1508 portat
1472 1454 1484 1490 :
1511 1436 1652 1490 hanc
1680 1435 1832 1490 navis
1863 1434 1917 1489 in
1950 1449 2040 1505 pe-

442 1535 575 1605 ‘lago
601 1542 822 1603 propter
864 1531 1058 1586 nimias
1096 1530 1268 1585 undas
1296 1543 1395 1584 suo
1423 1527 1648 1597 suscipit
1673 1526 1881 1595 gremio
1905 1544 1917 1579 :
1948 1526 2038 1581 ubi

455 1638 636 1683 autem
667 1623 1178 1697 apprcpinquaverit
1216 1630 1461 1692 portum,
1496 1618 1672 1674 reddit
1700 1618 1872 1672 vicem
1910 1617 2037 1672 bar-

455 1734 517 1774 ca
542 1718 684 1783 navi,
710 1731 871 1787 quam
895 1714 1104 1785 accepit
1129 1714 1182 1768 in
1204 1713 1414 1784 pelago.
1433 1711 1574 1766 Paro
1600 1709 1871 1780 navigium
1895 1709 2038 1778 pira-

456 1822 630 1866 tarum
673 1818 878 1881 aptum,
909 1816 965 1863 ct
1000 1823 1065 1861 ex
1098 1807 1183 1862 his
1208 1806 1283 1861 ita
1306 1813 1576 1861 vocatum.
1605 1802 1857 1875 Myoparo
1882 1802 2036 1871 quasi

442 1905 709 1959 minimus
737 1918 868 1972 paro
894 1919 907 1954 :
931 1908 1016 1959 est
1033 1899 1175 1954 enim
1203 1898 1401 1969 scapha
1426 1912 1494 1952 ex
1515 1895 1715 1950 vimine
1732 1893 1898 1957 facta,
1919 1908 2037 1962 qua:

450 2000 695 2050 contecta
721 1992 886 2047 crudo
915 1990 1064 2046 corio
1088 2003 1256 2057 genus
1294 1986 1491 2057 navigii
1518 1985 1719 2055 praebet
1745 2002 1758 2039 :
1788 1984 2036 2055 qualibus

451 2089 674 2138 utuntur
705 2079 1094 2136 Germanorum
1124 2077 1314 2147 pirata:
1343 2076 1396 2129 in
1424 2074 1615 2130 oceani
1645 2074 1916 2128 littoribus
1949 2073 2032 2127 vel

449 2173 730 2243 paludibus
756 2172 827 2227 ob
850 2169 1169 2241 agilitatem,
1202 2168 1267 2223 de
1294 2166 1490 2237 quibus
1512 2164 1737 2220 historia
1769 2183 1781 2218 :
1816 2183 1835 2216 ι
1867 2163 2027 2229 Gens,

444 2264 643 2332 inquit,
676 2261 951 2317 Saxonum
991 2258 1428 2332 ntyoparonibus,
1474 2274 1581 2313 non
1610 2257 1818 2312 viribus
1853 2257 2031 2311 nitun-

436 2361 557 2417 tur,
589 2351 727 2422 fuga:
752 2351 930 2421 potius
956 2365 1117 2420 quam
1162 2348 1302 2404 bello
1352 2348 1582 2418 parati.»
1604 2347 1844 2413 Celoces,
1894 2364 2031 2418 quas

436 2443 620 2498 ‘Grzcci
661 2443 863 2498 cclctas
910 2450 1129 2505 vocant,
1170 2440 1221 2494 id
1263 2449 1348 2495 est
1395 2440 1606 2495 veloces
1646 2441 1900 2505 biremes,
1944 2440 2029 2495 vel

444 2536 697 2590 triremes
722 2533 911 2604 agiles,
938 2545 992 2587 ct
1022 2533 1088 2585 ad
1115 2532 1471 2587 ministerium
1506 2532 1698 2586 classis
1738 2542 1896 2601 aptzc.
1924 2532 2030 2587 En-

438 2624 569 2678 ‘nius
598 2641 610 2676 :

575 2712 776 2763 Labitur
797 2718 940 2763 uncta
964 2712 1127 2761 carina
1154 2722 1245 2773 per
1262 2722 1457 2773 aequora
1484 2720 1603 2758 cana
1635 2708 1828 2759 celoeis.

440 2792 680 2848 Leuibus
712 2791 961 2847 navicula
1013 2790 1216 2857 brevis,
1262 2805 1382 2860 qua:
1409 2789 1514 2845 alia
1560 2789 1916 2860 appellatione
1948 2787 2028 2842 di-

430 2886 586 2942 citur
605 2893 660 2940 et
687 2885 878 2956 cymba
901 2894 955 2939 et
977 2882 1257 2954 caupolus,
1288 2883 1431 2938 sicut
1466 2891 1522 2937 et
1550 2881 1806 2948 lintcrrid
1827 2889 1912 2936 est
1937 2895 2028 2935 ca-

442 2978 628 3043 rabus,
659 2991 769 3046 quo
813 2976 866 3030 in
896 2976 1040 3030 Pado
1083 2974 1476 3045 paludibusque
1512 2981 1755 3028 utuntur.
1788 2971 2028 3027 Carabus

431 3077 526 3124 est
545 3084 710 3141 parva
732 3069 935 3138 scapha
957 3082 1026 3121 ex
1041 3067 1240 3121 vimine
1254 3064 1418 3129 facta,
1441 3080 1562 3135 quae
1582 3071 1829 3119 contecta
1853 3064 2022 3118 crudo

426 3162 592 3217 ﬁcorio
618 3176 788 3233 genus
822 3160 1021 3229 navigii
1062 3158 1284 3229 praebet.
1324 3156 1487 3211 Varia
1514 3157 1658 3211 enim
1689 3155 1908 3210 navium
1940 3170 2032 3226 ge-

428 3267 574 3308 inera
601 3252 815 3307 diversa
859 3248 1232 3306 conventicula
1260 3254 1488 3318 possunt
1513 3246 1817 3317 exprimere
1863 3247 2033 3301 bono-

427 3358 563 3398 -runt
595 3351 651 3398 et
692 3341 976 3396 malorum.
1005 3340 1062 3395 In
1090 3339 1286 3409 quibus
1334 3337 1460 3393 boni
1507 3337 1669 3400 bona,
1697 3335 1821 3390 mali
1850 3344 2030 3390 autem

442 3432 584 3488 mala
620 3432 1014 3488 machinantur.
1062 3429 1327 3484 Similiter
1349 3437 1402 3483 et
1427 3428 1793 3483 instrumenta
1814 3426 2031 3480 navium

432 3526 594 3580 ~varia
624 3525 868 3581 diversas
897 3531 1041 3577 artes
1070 3520 1401 3593 signiﬁcant,
1433 3521 1486 3575 in
1519 3520 1717 3590 quibus
1751 3518 1877 3575 boni
1902 3533 2029 3589 pro-

431 3616 607 3673 desse
633 3616 869 3678 student,
902 3613 1028 3667 mali
1055 3620 1231 3666 autem
1255 3625 1470 3665 nocere.

1044 3720 1274 3782 CAPUT
1314 3720 1425 3775 XL.

719 3790 796 3848 De
825 3791 1061 3862 partibus
1087 3793 1296 3847 navium
1331 3802 1380 3847 et
1413 3792 1770 3846 armamentis.

509 3882 716 3956 Puppis
741 3880 1009 3953 posterior
1033 3897 1161 3952 pars
1189 3882 1342 3936 navis
1369 3890 1471 3947 est,
1499 3881 1654 3951 quasi
1681 3889 1804 3951 post
1829 3899 1843 3935 :
1873 3895 2033 3952 prora

430 3982 630 4033 autem
660 3973 922 4039 anterior,
953 3973 1109 4043 quasi
1137 3973 1338 4043 priora.
1363 3972 1568 4027 Cumba
1594 3972 1745 4028 locus
1774 3973 1915 4029 imus
1939 3989 2036 4029 na—

426 4067 552 4134 'vis,
581 4064 725 4137 quod
750 4063 904 4134 aquis
930 4062 1226 4118 incumbat.
1278 4061 1475 4117 Carina
1513 4078 1544 4117 a
1571 4063 1839 4119 currendo
1867 4064 2033 4131 dicta,

428 4157 603 4228 «quasi
639 4155 878 4210 eurrina.
935 4153 1062 4208 Furi
1097 4153 1347 4217 navium,
1408 4151 1577 4207 latera
1616 4167 1852 4208 concava
1882 4169 1912 4208 a
1953 4152 2032 4209 fe-

444 4248 618 4302 rendo
648 4259 814 4301 onere
848 4242 1015 4307 dicta,
1047 4244 1162 4298 sive
1192 4243 1431 4298 tabulata
1462 4244 1699 4310 navium,
1747 4260 1866 4314 qua:
1894 4253 2034 4299 ster-

450 4346 652 4392 nuntur
686 4350 702 4390 :
746 4336 891 4391 dicta
918 4334 987 4389 ab
1016 4348 1082 4390 eo
1110 4333 1254 4403 quod
1297 4332 1544 4389 incessus
1580 4332 1757 4389 ferant
1784 4332 1864 4387 vel
1902 4332 2037 4388 foris

404 4476 409 4481 .
434 4427 739 4482 emineant.
781 4424 1041 4480 Transtra
1061 4392 1186 4479 sunt
1212 4421 1423 4487 tabulis,
1450 4422 1542 4476 ubi
1570 4421 1759 4477 sedent
1784 4421 2034 4492 remiges,
2068 4392 2115 4450 θ

451 4517 594 4586 quod
633 4518 685 4571 in
711 4525 1019 4573 transverso
1038 4517 1148 4573 sint
1175 4516 1339 4582 dicta,
1368 4530 1487 4585 qua:
1510 4515 1764 4586 Virgilius
1786 4514 1913 4586 juga
1936 4530 2035 4585 ap-

438 4607 629 4678 .pvllat.
656 4606 846 4663 Tonsm
870 4609 1003 4662 remi
1024 4625 1054 4663 a
1078 4608 1418 4664 removendis
1438 4616 1491 4662 et
1511 4607 1841 4662 decutiendis
1862 4605 2036 4662 ﬁucti-

450 4700 576 4762 bus,
600 4697 740 4751 sicut
762 4705 1008 4754 tonsores
1022 4716 1052 4754 a
1074 4700 1363 4755 tondendis
1377 4707 1432 4754 et
1450 4698 1787 4755 decutiendis
1803 4699 2030 4769 capillis.

441 4788 691 4845 Palmula
711 4800 795 4845 est
810 4798 1048 4846 extrema
1069 4790 1298 4846 latitudo
1320 4793 1476 4856 remi,
1499 4806 1528 4845 a
1550 4790 1723 4861 palma
1746 4791 1906 4853 dicta,
1925 4806 2030 4861 qua

448 4898 603 4939 mare
653 4881 963 4951 impellitur.
1015 4881 1275 4936 Antennte
1303 4891 1482 4936 autem
1517 4882 1691 4946 dieue,
1732 4881 1875 4951 quod
1910 4891 2038 4935 ante

442 4987 669 5027 amnem
721 4971 830 5026 sint
881 4972 1108 5041 positae:
1158 4969 1472 5042 praeterﬂuit
1513 4973 1657 5027 enim
1695 4987 1787 5026 eas
1838 4973 2031 5027 amnis.

442 5063 687 5129 Cornua,
713 5070 972 5118 extrema:
999 5070 1180 5132 partes
1206 5072 1563 5118 antennarum
1595 5072 1739 5128 sunt,
1769 5062 1911 5116 dicta
1939 5076 2036 5130 per

446 5166 687 5226 tropum.
736 5154 908 5211 Malus
935 5163 1019 5211 est
1061 5156 1222 5211 arbor
1250 5156 1401 5210 navis
1422 5196 1436 5220 ,
1480 5170 1586 5225 qua
1618 5152 1733 5208 vela
1764 5153 2034 5208 sustinen-

451 5258 559 5302 tur.
611 5248 778 5305 Malus
804 5260 983 5305 autem
1006 5248 1198 5309 dictus,
1241 5249 1366 5318 quia
1416 5247 1579 5302 habet
1602 5247 1774 5301 instar
1818 5246 1941 5301 mali
1977 5249 2028 5301 in

453 5342 809 5397 summitate:
875 5342 958 5396 vel
1013 5341 1139 5412 quia
1193 5341 1344 5409 quasi
1402 5341 1724 5411 quibusdam
1774 5339 2033 5396 malleolis

455 5430 646 5500 ligneis
697 5432 952 5501 cingitur,
1008 5445 1235 5500 quorum
1280 5426 1607 5485 volubilitate
1652 5430 1769 5485 vela
1824 5430 2033 5486 facilius

455 5518 753 5573 elevantur.
798 5521 994 5577 Clavus
1023 5531 1125 5589 est,
1182 5537 1290 5593 quo
1343 5522 1542 5592 regitur
1591 5522 2030 5592 gubernaculum,

467 5610 531 5665 de
553 5623 661 5686 quo
689 5610 895 5667 Ennius
921 5631 932 5666 :

1140 211 1201 265 Β.
1245 209 1497 266 RABANI
1538 209 1757 265 MAURI
1794 209 2108 264 ARCIIIEP.
2150 208 2455 265 MOGUNT.
2497 209 2779 267 OPERUM
2817 208 2999 265 PARS
3037 207 3101 263 II.

3624 208 3731 266 555

2287 320 2347 369 Ut
2366 321 2551 371 clavum
2577 328 2766 371 reetnm
2789 331 3003 382 teneam,
3031 332 3300 383 navemque
3319 321 3612 381 gubernem.

2220 401 2520 457 Ponicqus
2567 403 2790 459 malleus
2839 404 2895 457 in
2923 417 3084 457 manu
3115 409 3375 472 portatus,
3408 418 3517 473 quo
3543 405 3735 461 modus

2147 493 2466 565 signumque
2494 494 2653 549 datur
2676 494 3086 565 remigantibus,
3118 493 3184 548 de
3206 509 3314 564 quo
3340 493 3566 551 Plautus
3594 514 3608 551 :

2208 582 2283 632 Ad
2303 582 2601 644 loquendum
2619 590 2767 645 atque
2790 582 3047 633 tacendum
3087 587 3195 630 tute
3223 583 3405 632 habeas
3427 582 3733 643 porticuum.

2147 664 2412 727 Tonsilla,
2449 666 2678 720 uncinus
2728 664 2937 720 ferreus
2962 665 3046 719 vel
3098 666 3328 738 ligneus,
3374 667 3442 722 ad
3470 683 3633 738 quem
3680 670 3735 725 in

2146 753 2326 809 littore
2355 753 2589 808 deﬁxum
2622 753 2778 809 funes
2804 755 3023 810 navium
3050 755 3343 827 illigantur,
3393 758 3461 812 de
3486 772 3596 827 quo
3629 759 3739 814 En-

2266 934 2502 986 Tonsillas
2522 936 2737 998 rapiunt,
2762 933 3015 998 conﬁgunt
3036 934 3175 985 littus
3195 935 3422 986 aduneas.

2210 1014 2461 1070 Anchora
2488 1014 2622 1070 deus
2652 1015 2860 1070 ferreus
2884 1030 2952 1069 ex
2972 1013 3160 1070 Graeca
3179 1014 3504 1087 etymologia
3537 1031 3737 1071 nomen

2142 1105 2332 1159 ducit:
2385 1105 2528 1174 quod
2555 1105 2713 1174 quasi
2762 1098 2998 1161 hominis
3044 1121 3257 1172 manus,
3311 1108 3743 1177 comprehendat

2140 1196 2224 1252 vel
2249 1196 2497 1267 scopulos
2525 1196 2611 1253 vel
2646 1212 2839 1254 arenas
2866 1212 2882 1251 :
2908 1213 3033 1252 nam
3058 1213 3252 1253 manus
3271 1196 3461 1253 Grrcce
3487 1199 3639 1252 clteir
3666 1200 3740 1253 di-

2139 1288 2301 1343 citur.
2349 1287 2506 1357 Apud
2555 1286 2775 1345 Gmeos
2823 1298 3002 1343 autem
3053 1288 3438 1358 aspirationem
3485 1305 3593 1344 non
3638 1289 3736 1344 ha-

2139 1378 2233 1434 bet
2264 1393 2279 1432 :
2319 1394 2444 1435 nam
2479 1395 2673 1450 ancyra
2708 1379 2924 1435 dicitur.
2972 1378 3124 1434 Unde
3167 1379 3308 1449 apud
3338 1379 3576 1449 majores
3618 1380 3742 1434 sine

2139 1469 2468 1539 aspiratione
2494 1468 2892 1541 proferebatur.
2947 1468 3226 1542 Signiﬁcat
3271 1477 3454 1524 autem
3492 1460 3739 1525 anchora

2140 1558 2492 1614 intentionem
2531 1574 2743 1624 sanam,
2771 1567 2826 1615 et
2864 1558 3117 1614 aﬁ‘eetum
3165 1560 3331 1614 animi
3364 1561 3589 1623 bonum,
3632 1576 3740 1630 quo

2139 1650 2301 1706 homo
2327 1651 2497 1707 tendit
2523 1652 2593 1707 ad
2643 1652 2813 1707 Deum
2840 1662 2897 1707 et
2918 1652 2987 1706 ad
3033 1651 3201 1707 vitam
3243 1659 3526 1706 azternam.
3580 1652 3740 1708 Unde

2145 1744 2432 1814 Apostolus
2451 1745 2699 1801 hortatur
2720 1760 2819 1801 nos
2837 1745 3022 1801 dicens
3046 1763 3060 1799 :
3087 1743 3457 1800 Fortissimum
3483 1745 3738 1800 solatium

2141 1835 2448 1903 habeamus,
2490 1837 2581 1907 qui
2625 1835 2955 1906 confugimus
2995 1836 3066 1889 ad
3099 1835 3376 1890 tenendam
3409 1837 3737 1905 propositam

2138 1943 2305 1997 spem,
2324 1942 2482 1997 quam
2504 1926 2639 1981 sicut
2659 1926 2941 1981 anchoram
2968 1925 3217 1980 habemus
3247 1925 3442 1979 anima:
3462 1934 3639 1978 tutam
3674 1942 3738 1980 ac

2136 2018 2346 2087 ﬁrmam
2370 2059 2387 2085 ,
2428 2028 2476 2073 et
2524 2018 2847 2072 incedentem
2877 2033 3037 2088 usque
3062 2016 3131 2070 ad
3161 2016 3411 2071 interiora
3434 2014 3734 2077 oetaminis,

2136 2108 2225 2162 ubi
2261 2124 2557 2179 prtecursor
2600 2107 2832 2162 introivit
2875 2124 2971 2178 pro
3010 2107 3158 2161 nobis
3192 2105 3375 2173 Iesus,
3425 2114 3537 2163 etc.
3574 2104 3733 2178 (Πρὸ.

2134 2198 2230 2265 vt).

2732 2288 2960 2347 CAPUT
2998 2286 3137 2344 XLI.

2797 2379 2875 2434 De
2914 2377 3057 2434 uelis.

2201 2473 2331 2529 Vela
2354 2471 2527 2529 Grzeci
2552 2487 2771 2528 armena
2797 2472 3000 2539 dicunt,
3023 2470 3250 2541 proinde
3278 2469 3422 2540 quod
3449 2485 3585 2527 aere
3619 2486 3736 2528 mo-

2128 2570 2340 2620 ventur.
2371 2563 2526 2634 Apud
2547 2562 2767 2621 Latinos
2789 2571 2974 2620 autem
2993 2562 3113 2618 vela
3145 2576 3179 2617 a
3209 2560 3391 2618 volatu
3417 2561 3589 2619 dicta.
3624 2561 3741 2621 Un-

2127 2654 2194 2711 de
2214 2663 2298 2711 est
2317 2655 2447 2712 illud
2473 2671 2488 2709 :

2676 2746 2910 2800 Veiorum
2935 2748 3189 2812 pandimus
3221 2745 3339 2797 alas.

2127 2832 2259 2888 Vela
2310 2847 2441 2905 ergo
2499 2832 2715 2888 navium
2778 2834 2957 2906 typice
3006 2832 3312 2904 exprimere
3356 2839 3597 2903 possunt
3645 2847 3737 2889 vo-

2127 2923 2362 2980 luntates
2390 2922 2692 2989 hominum,
2722 2939 2842 2994 quae
2867 2932 3050 2989 vento,
3080 2924 3188 2979 hoc
3214 2931 3320 2990 est,
3343 2921 3585 2995 spiritali
3631 2923 3736 2979 im-

2056 3040 2100 3101 ρ
2130 3014 2287 3085 pulsu
2314 3015 2382 3069 ad
2402 3030 2622 3070 cursum
2641 3015 2768 3070 vitae
2796 3015 2971 3080 bonae,
3003 3015 3119 3070 sive
3149 3014 3305 3069 malae
3331 3013 3401 3069 ad
3446 3013 3736 3069 interitum

2134 3104 2495 3175 impelluntur.
2524 3104 2758 3176 Spiritus
2782 3106 2927 3161 enim
2954 3105 3048 3163 Dei
3074 3105 3249 3161 bonus
3266 3103 3485 3159 deducit
3505 3103 3565 3160 in
3589 3103 3740 3160 viam

2134 3203 2335 3251 rectam
2364 3213 2376 3248 :
2417 3203 2473 3250 et
2501 3210 2732 3265 nequam
2758 3194 2983 3264 spiritus
3009 3194 3064 3249 in
3090 3195 3234 3250 viam
3264 3208 3515 3266 pravam.

2708 3306 2938 3364 CAPUT
2977 3308 3136 3363 XLII.

2753 3396 2831 3451 De
2868 3397 3104 3467 funibus.

2203 3490 2379 3546 Funes
2421 3490 2548 3545 dicti
2600 3488 2743 3560 quod
2785 3498 2946 3545 antea
2975 3489 3029 3544 in
3069 3504 3224 3545 usum
3261 3489 3483 3547 luminis
3512 3489 3739 3550 fuerunt

2132 3582 2448 3637 circumdati
2479 3596 2604 3637 cera
2636 3598 2651 3634 :
2684 3579 2827 3635 unde
2852 3589 2907 3637 et
2937 3580 3159 3636 funalia.
3193 3580 3390 3637 Restes
3427 3592 3586 3650 sunt,
3618 3584 3735 3639 sive

2134 3675 2274 3743 quod
2304 3682 2450 3729 rates
2470 3673 2807 3739 contineant,
2831 3687 2928 3730 seu
2954 3672 3098 3743 quod
3125 3672 3209 3729 his
3231 3682 3376 3730 retes
3407 3676 3731 3731 tendantur.

2134 3763 2407 3820 [ludentes
2444 3773 2570 3821 sunt
2618 3763 2776 3819 funes
2804 3765 3022 3820 navium
3061 3779 3128 3820 ex
3155 3763 3326 3820 nimio
3371 3764 3615 3826 stridore
3655 3767 3731 3822 ita

2134 3854 2284 3909 dicti.
2315 3854 2492 3910 Funes
2510 3869 2641 3910 vero
2668 3854 2781 3910 sive
2806 3854 3060 3910 rudentes
3091 3854 3390 3911 retinacula
3416 3856 3735 3927 exprimere

2133 3954 2357 4015 possunt
2386 3945 2740 4015 voluptatum,
2765 3961 2885 4016 quae
2906 3954 2960 4000 et
2981 3946 3191 4001 animas
3220 3946 3531 4015 hominum,
3582 3964 3655 4006 ne
3679 3951 3732 4005 in

2133 4036 2489 4107 praecipitium
2514 4043 2696 4101 ruant,
2733 4036 2987 4091 retinent.
3033 4035 3221 4102 Funis,
3259 4036 3391 4093 ﬁdes
3416 4038 3732 4104 Trinitatis,

2134 4137 2195 4183 ut
2217 4128 2272 4183 in
2290 4127 2576 4183 Salomone
2597 4142 2611 4180 :
2626 4125 2796 4182 Furtis
2816 4126 3005 4199 triplex
3020 4127 3227 4199 difficile
3242 4128 3508 4196 rumpitur
3524 4129 3730 4201 (Ecclc.

2136 4220 2231 4293 tv).
2286 4220 2463 4275 Funes
2489 4218 2670 4291 populi
2702 4218 2890 4274 ﬁdeles
2920 4218 2974 4273 in
3019 4218 3302 4274 Trinitatis
3329 4218 3433 4275 ﬁde
3457 4213 3731 4283 contexti.

2136 4321 2195 4367 ιιι
2223 4311 2278 4364 in
2324 4310 2569 4381 psalmo:
2623 4308 2802 4365 Funes
2832 4309 3123 4365 ceciderunt
3172 4311 3301 4365 mihi
3348 4311 3404 4366 in
3451 4313 3736 4382 praetoris

2143 4401 2315 4475 (Psal.
2350 4403 2462 4474 xv).
2528 4401 2707 4458 Funes
2761 4402 3099 4475 prolongatio
3153 4410 3521 4473 peccatorum,
3577 4404 3733 4460 utin

2141 4493 2305 4549 Isaia:
2332 4492 2422 4548 Va:
2440 4494 2528 4565 qui
2554 4493 2760 4549 trahitis
2788 4493 3087 4564 iniquitates
3113 4493 3166 4547 in
3196 4493 3449 4561 funiculis
3477 4497 3735 4551 uanitatis

2142 4583 2277 4655 (lsa.
2308 4583 2380 4655 v).

2714 4671 2943 4728 CAPUT
2993 4672 3174 4727 XLIII.

2772 4764 2849 4819 De
2872 4765 3083 4820 retibus.

2210 4881 2373 4936 [tetes
2393 4889 2596 4936 vocatas
2614 4880 2731 4936 sive
2746 4896 2777 4935 a
2798 4880 3092 4937 retinendis
3105 4880 3362 4950 piscibus,
3380 4883 3499 4938 sive
3519 4898 3553 4938 a
3576 4886 3737 4941 resti—

2136 4974 2256 5038 bus,
2281 4970 2477 5043 quibus
2500 4972 2809 5027 tenduntur.
2833 4971 3008 5027 Minus
3034 4980 3211 5027 autem
3239 4982 3357 5027 rete
3377 4974 3733 5047 simplagium

2134 5062 2331 5117 dicitur
2368 5077 2399 5116 a
2432 5061 2604 5133 plagis
2639 5079 2651 5115 :
2693 5077 2817 5116 nam
2846 5062 3062 5132 proprie
3087 5062 3269 5133 plagas
3295 5062 3530 5120 dicimus
3571 5065 3737 5121 [utres

2134 5152 2253 5207 illos
2293 5152 2488 5222 quibus
2516 5152 2650 5206 retia
2678 5152 2970 5207 tenduntur
2997 5154 3145 5209 circa
3172 5153 3335 5209 imam
3364 5164 3422 5210 et
3454 5171 3733 5211 summam

2136 5252 2362 5315 partem.
2392 5242 2577 5297 Funda
2603 5258 2773 5315 genus
2794 5254 2879 5300 est
2899 5245 3201 5315 piscatoria:
3226 5247 3377 5311 retis,
3402 5247 3548 5301 dicta
3571 5249 3646 5303 ab
3666 5264 3737 5304 eo

2137 5331 2279 5403 quod
2310 5335 2364 5387 in
2397 5330 2622 5387 fundum
2645 5333 2892 5387 mittatur
2930 5353 2942 5386 :
2985 5335 3173 5390 eadem
3208 5335 3371 5391 etiam
3400 5351 3432 5390 a
3462 5336 3737 5406 jactando

2132 5427 2368 5497 iaculum
2396 5427 2611 5481 dicitur.
2643 5425 2898 5482 Plautus:
2928 5424 3131 5482 Probus
3165 5428 3373 5498 quidem
3394 5439 3551 5483 antea
3564 5428 3737 5503 jacu-

2137 5521 2275 5576 lator
2302 5537 2437 5574 cras.
2467 5519 2701 5590 Tragum
2727 5534 2895 5590 genus
2925 5521 3072 5585 retis,
3104 5521 3173 5575 ab
3192 5536 3259 5575 co
3287 5520 3433 5591 quod
3470 5521 3732 5586 trahitur,

2142 5624 2524 5684 nuncupatum.
2560 5612 2691 5683 ipsa
2718 5622 2801 5668 est
2840 5621 2896 5669 et
2921 5613 3242 5670 verriculum
3275 5630 3288 5668 :
3318 5629 3536 5669 verrere
3574 5615 3734 5670 enim
