3950 6192
218 286 315 342 557
1198 287 1286 344 DE
1323 288 1671 345 UNIVERSO
1706 287 1886 343 LIBRI
1921 286 2083 344 XXII.
2123 318 2193 327 —
2226 287 2355 342 LIB.
2392 287 2511 342 XX.

216 397 430 454 trahere
456 405 564 452 est.
599 397 752 452 Retia
779 397 893 453 sive
944 412 1156 469 sagenae
1201 398 1641 468 praedicationem
1685 412 1799 470 my-
1826 401 1875 460 Α
2466 398 2693 455 CAPUT
2728 398 2908 456 XLIV.

215 491 348 544 slice
368 489 659 561 designant
680 489 972 561 Evangelii.
1008 489 1161 546 Unde
1184 498 1240 545 et
1261 490 1523 561 Apostoli,
1546 490 1706 562 typici
1726 488 1802 559 pi-
2382 490 2456 544 De
2487 490 2754 559 fabrorum
2781 491 3010 560 fornace.

215 588 485 644 scatores,
514 596 547 635 a
574 580 803 636 Domino
840 580 1130 636 mittuntur
1156 581 1209 635 in
1236 595 1389 637 mare
1418 581 1576 636 istius
1596 579 1801 646 saeculi,
1972 580 2148 636 Faber
2188 595 2219 634 a
2254 579 2500 637 faciendo
2520 578 2665 635 ferro
2691 581 3001 652 impositum
3044 596 3238 637 nomen
3268 582 3433 639 habet
3462 597 3478 638 :

215 679 273 724 ut
316 668 667 741 dogmatibus
713 670 826 725 suis
869 677 1062 726 eruant
1109 671 1359 727 homines
1412 670 1481 725 ab
1528 669 1805 725 erroribus
1903 670 2031 726 hinc
2053 670 2359 725 derivatum
2387 680 2470 726 est
2498 686 2696 727 nomen
2731 671 2796 726 ad
2819 671 2953 727 alias
2997 673 3195 727 artium
3226 673 3483 730 materias

216 762 530 828 mundanis,
559 770 616 816 et
639 762 940 832 perducant
963 762 1032 817 ad
1051 770 1257 817 rectam
1286 761 1445 818 ﬁdem
1469 762 1585 816 Dei.
1614 760 1691 815 De
1718 772 1807 841 sa;
1840 803 1876 841 ,ἢ
1904 760 2085 815 fabros
2108 760 2197 816 vel
2233 760 2467 816 fabricas
2510 761 2692 817 dicere
2717 780 2730 814 :
2782 763 2878 818 sed
2916 777 3039 817 cum
3068 761 3385 833 adjectione,
3423 771 3487 818 ut

216 870 348 927 gena
376 821 616 909 vero'ita
641 821 699 909 in
716 853 1004 925 Evangelia
1025 854 1220 925 legitur
1248 872 1261 907 :
1290 852 1471 908 Simile
1494 862 1569 907 est
1592 821 1876 922 regnantis}:li
1903 849 2057 906 faber
2094 851 2377 922 Iignarius,
2428 858 2485 907 et
2526 851 2731 922 reliqua
2757 892 2770 917 ,
2807 862 3025 922 propter
3055 821 3235 923 operis
3279 821 3489 909 scilicet

216 944 462 1000 cie/orum
484 960 695 1016 sugente
721 945 895 999 missa:
924 945 979 998 in
1001 960 1165 1010 mare,
1196 953 1244 999 et
1265 960 1331 999 ea:
1353 945 1494 998 omni
1520 959 1705 1014 genere
1728 943 1808 1013 pi-
1906 940 2248 996 ﬁrmitatem:
2277 941 2332 996 in
2354 942 2631 997 fabrorum
2661 950 2842 998 autem
2870 940 3089 998 fornace
3109 942 3337 1014 gentiles
3360 941 3489 996 Vul-

215 1038 380 1093 scium
399 1038 758 1108 cangreganti.
793 1037 986 1103 Quam,
1007 1053 1125 1091 cum
1146 1035 1355 1108 impleta
1387 1045 1540 1101 esset,
1580 1035 1806 1090 educen-
1906 1048 2101 1088 cauum
2144 1041 2421 1090 auctorem
2469 1034 2693 1090 dicunt:
2745 1034 3039 1105 ﬁguraliter
3067 1051 3164 1105 per
3190 1035 3487 1091 Vulcanum

3368 289 3471 346 538

217 1137 288 1182 tes
311 1136 362 1182 et
384 1143 539 1183 secus
569 1126 714 1181 littus
736 1126 970 1181 sedentes
990 1126 1249 1198 elegerunt
1269 1126 1428 1181 bonos
1448 1127 1504 1181 in
1525 1142 1673 1191 vasa,
1702 1141 1810 1179 ma-

218 1220 290 1274 los
314 1229 499 1273 autem
525 1219 672 1289 foras
699 1219 953 1272 miserunt
980 1216 1194 1290 (Matth.
1222 1216 1367 1290 xm).
1420 1215 1534 1272 Sub
1557 1217 1659 1271 hac
1679 1229 1809 1287 ergo

216 1309 474 1379 parabola
522 1316 710 1364 sancta
753 1306 992 1362 Ecclesia
1031 1321 1243 1378 sagenae
1268 1316 1655 1376 comparatur:
1684 1306 1809 1375 quia

219 1412 270 1457 et
294 1398 666 1472 piscatoribus
713 1406 798 1453 est
826 1399 1144 1462 commissa,
1194 1405 1246 1453 et
1293 1412 1394 1468 per
1415 1412 1535 1453 eam
1563 1398 1631 1452 ad
1655 1406 1812 1453 teter-

220 1507 340 1548 num
362 1504 598 1562 regnum
623 1504 654 1543 a
682 1488 963 1559 prmsentis
984 1488 1163 1543 saeculi
1189 1487 1441 1545 ﬂuctibus
1467 1488 1721 1554 trahitur,
1746 1504 1813 1543 ne

220 1583 269 1636 in
297 1590 522 1636 atterunt
550 1579 741 1635 mortis
768 1576 1032 1649 profunda
1072 1587 1350 1651 mergatur
1373 1619 1389 1642 ,
1420 1593 1540 1649 qua:
1566 1593 1633 1634 ex
1665 1575 1813 1633 omni

221 1685 417 1745 genere
450 1670 689 1742 piscium
713 1677 1003 1742 congregat
1029 1688 1041 1724 :
1092 1670 1219 1741 quia
1250 1671 1318 1726 ad
1348 1679 1697 1741 peccatorum
1722 1683 1815 1725 ve-

1908 1123 2087 1195 ignent
2133 1123 2525 1197 signiﬁcantes,
2568 1125 2685 1180 sine
2715 1140 2823 1195 qua
2862 1125 3067 1180 nullum
3093 1125 3296 1181 metalli
3319 1141 3491 1198 genus

1909 1214 2060 1270 fundi
2099 1214 2423 1284 extendique
2454 1221 2651 1284 potest.
2701 1214 2845 1270 Nihil
2868 1224 2953 1270 est
2994 1216 3139 1271 enim
3176 1231 3312 1286 pene
3347 1219 3491 1288 quod

1911 1304 2034 1376 igne
2060 1318 2167 1359 non
2192 1301 2472 1359 efﬁciatur.
2530 1304 2670 1359 Alibi
2696 1304 2841 1359 enim
2884 1304 3083 1360 vitrum
3102 1345 3118 1371 ,
3149 1305 3275 1360 alibi
3300 1319 3493 1376 argen-

1911 1405 2047 1461 tum,
2077 1395 2205 1451 alihi
2231 1395 2507 1466 plumbum
2527 1437 2542 1462 ,
2589 1396 2715 1451 alibi
2744 1396 2992 1464 minium,
3038 1397 3165 1453 alibi
3192 1398 3488 1470 pigmenta,

1914 1485 2041 1541 alibi
2062 1485 2420 1541 medicamina
2452 1485 2634 1542 efﬁcit.
2660 1486 2790 1558 Igne
2816 1486 3021 1559 lapides
3041 1490 3093 1544 in
3109 1505 3185 1545 :cs
3211 1491 3491 1546 resolvun—

1916 1586 2020 1632 tur.
2066 1578 2194 1648 Igne
2223 1577 2426 1634 ferrum
2456 1579 2693 1652 gignitur
2717 1595 2782 1635 ac
2815 1580 3082 1636 domatur.
3137 1580 3265 1653 Igne
3301 1598 3493 1637 aurum

1913 1666 2210 1738 perﬁcitur.
2261 1668 2387 1741 Igne
2414 1678 2653 1726 cremato
2678 1671 2855 1741 lapide
2879 1682 3139 1728 caementa
3184 1682 3239 1728 et
3259 1674 3495 1743 parietes

218 1765 359 1820 niam
389 1762 672 1833 sapientes
717 1769 775 1817 et
823 1761 1024 1828 fatuos,
1056 1762 1257 1819 liberos
1282 1771 1338 1818 et
1370 1777 1582 1830 servos,
1613 1761 1807 1818 divites
1834 1770 1881 1828 Β
1909 1757 2161 1828 ligantur.
2214 1758 2445 1829 Lapides
2471 1761 2656 1832 nigros
2700 1760 2840 1833 ignis
2868 1763 3147 1832 coquendo
3170 1764 3493 1820 candiﬁcat:

218 1864 271 1910 et
292 1868 587 1926 pauperes,
617 1851 786 1909 fortes
811 1863 866 1908 et
895 1852 1139 1909 inﬁrmos
1162 1863 1340 1910 vocat.
1370 1853 1524 1910 Unde
1543 1869 1642 1924 per
1663 1853 1812 1909 Psal-

218 1947 435 2001 mistatn
461 1944 531 1999 de
556 1958 620 1999 ea
640 1943 840 1999 dicitur
864 1957 880 1998 :
908 1943 991 1997 Ad
1020 1953 1070 1998 te
1098 1945 1268 1999 omnis
1298 1960 1422 1998 caro
1450 1945 1617 1999 veniet
1638 1943 1809 2016 (Psal.

217 2037 387 2109 t.xrv.)
418 2036 556 2104 Quze
598 2049 798 2106 sagena
823 2034 1032 2089 scilicet
1060 2044 1187 2090 tunc
1227 2034 1610 2090 universaliter
1640 2034 1814 2105 reple-

219 2138 321 2193 tur,
366 2142 498 2183 eum
531 2127 587 2181 in
610 2125 716 2180 ﬁne
741 2139 839 2181 suo
866 2125 1086 2180 humani
1115 2126 1328 2197 generis
1349 2140 1557 2180 summa
1598 2124 1814 2180 conclu-

218 2220 385 2285 ditur,
414 2232 584 2287 quam
612 2217 849 2272 educunt
876 2223 931 2271 et
952 2231 1111 2271 secus
1129 2215 1280 2272 littus
1300 2216 1526 2273 sedent:
1551 2217 1678 2288 quia
1707 2216 1815 2271 sic-

217 2321 274 2366 ut
313 2325 474 2366 mare
504 2308 777 2372 saeculum,
817 2309 891 2363 ita
938 2309 1120 2364 saeculi
1151 2308 1313 2365 ﬁnem
1356 2309 1625 2382 signiﬁcat
1665 2308 1813 2364 littus

218 2402 407 2467 maris,
450 2401 510 2456 in
534 2414 646 2470 quo
690 2399 899 2456 scilicet
926 2399 1033 2455 ﬁne
1074 2398 1201 2455 boni
1235 2400 1412 2470 pisces
1437 2399 1491 2455 in
1525 2399 1669 2456 vasis
1712 2399 1813 2454 eli-

218 2500 426 2564 guntur
450 2530 468 2557 ,
517 2490 645 2545 mali
689 2488 1048 2561 proiiciantur
1102 2489 1251 2547 foras
1285 2508 1299 2545 :
1346 2493 1473 2562 quia
1523 2500 1579 2548 et
1610 2492 1814 2549 electus

219 2581 455 2653 quisque
503 2581 559 2635 in
610 2580 958 2636 tabernacula
999 2588 1203 2637 aeterna
1232 2584 1529 2654 recipitur;
1580 2591 1636 2639 ct
1662 2593 1815 2638 teter-

219 2672 276 2729 ni
298 2673 426 2729 luce
460 2671 616 2744 regni
649 2672 881 2743 perdita,
913 2672 981 2727 ad
1002 2673 1300 2730 exteriores
1327 2675 1579 2730 tenebras
1600 2675 1814 2744 reprobi

220 2762 633 2834 pertrahuntur.
703 2759 839 2815 Nam
890 2760 1027 2817 retia
1100 2761 1393 2833 aliquando
1439 2763 1811 2833 deceptionem

221 2851 425 2907 diaboli
457 2851 765 2923 designant,
787 2859 848 2906 ut
880 2851 936 2905 in
958 2851 1175 2907 Psalmo
1212 2870 1226 2905 :
1257 2850 1457 2908 Cadent
1483 2854 1539 2907 in
1563 2852 1814 2908 retiacqu

220 2941 336 3010 ejus
362 2949 666 3011 peccatores
689 2936 861 3011 (Psal.
885 2940 1031 3012 exs).
1059 2940 1370 3012 Conopeum
1395 2949 1561 3009 retes,
1591 2957 1696 3012 qua
1721 2958 1815 2998 cu-

226 3031 356 3086 lices
382 3029 757 3086 excluduntur
776 3030 828 3085 in
855 3031 1074 3085 modum
1097 3033 1338 3099 tentorii,
1361 3048 1469 3103 qua
1490 3034 1663 3106 magis
1690 3034 1815 3089 Ale-

1912 1845 2054 1918 ligna
2081 1847 2309 1903 candida
2357 1850 2564 1904 urendo
2610 1849 2877 1907 obfuseat.
2920 1851 3195 1908 Carbones
3225 1868 3291 1908 ex
3320 1868 3495 1924 pruna

1913 1932 2110 2006 fulgida
2139 1936 2323 2007 nigros
2345 1936 2493 2003 facit,
2521 1938 2587 1993 de
2616 1938 2775 2010 lignis
2794 1940 2945 1997 duris
2970 1940 3209 2014 fragiles,
3236 1945 3303 1999 de
3325 1947 3498 2014 putri-

1911 2025 2108 2081 bilibus
2149 2026 2509 2098 imputribiles
2540 2029 2738 2096 reddit,
2776 2030 2964 2086 stricta
2994 2032 3171 2099 solvit,
3205 2033 3376 2090 soluta
3406 2051 3496 2091 re-

1911 2116 2143 2187 stringit,
2177 2117 2313 2173 dura
2365 2118 2558 2186 mollit,
2598 2121 2779 2175 mollia
2826 2122 2961 2178 dura
2988 2124 3195 2191 reddit,
3246 2126 3410 2182 habet
3441 2136 3499 2183 et

1912 2207 2287 2264 medicaminis
2311 2223 2489 2265 usum.
2541 2209 2679 2265 Nam
2718 2225 2861 2281 saepe
2907 2213 3017 2268 ruri
3046 2215 3289 2284 prodest.
3318 2216 3494 2272 Pesti-

1912 2298 2091 2355 lentiae
2112 2314 2326 2371 quoque
2347 2341 2363 2368 ,
2408 2317 2529 2373 quae
2553 2302 2933 2361 obscuratione
2966 2305 3097 2361 solis
3140 2309 3495 2373 contrahitur,

1912 2389 2161 2444 auxiliari
2189 2397 2399 2446 certum
2448 2399 2551 2447 est.
2596 2392 2655 2447 In
2697 2408 2861 2465 opere
2907 2410 3122 2466 quoque
3151 2396 3297 2452 aliud
3324 2397 3497 2469 gignit

1912 2478 2101 2547 primis
2125 2480 2362 2551 ignibus,
2389 2479 2536 2538 aliud
2561 2484 2831 2549 secundis,
2884 2484 3031 2539 aliud
3075 2486 3269 2541 tertiis.
3327 2485 3502 2542 Habet

1913 2582 2126 2637 quoque
2158 2576 2212 2623 et
2251 2568 2411 2623 aliam
2439 2569 2495 2624 in
2524 2584 2583 2625 se
2611 2570 2976 2627 diversitatem
3002 2573 3140 2643 ignis
3166 2588 3182 2627 :
3214 2587 3339 2628 nam
3361 2575 3502 2630 alius

1913 2666 2027 2723 est,
2060 2659 2152 2728 qui
2175 2659 2295 2715 usui
2326 2660 2599 2716 humano:
2630 2660 2787 2726 alius,
2833 2662 2924 2731 qui
2960 2662 3013 2716 in
3051 2662 3256 2734 judicio
3282 2672 3505 2735 apparet

1915 2749 2134 2805 divino:
2171 2749 2285 2804 sive
2305 2750 2397 2819 qui
2432 2750 2498 2805 de
2530 2749 2668 2805 etelo
2692 2749 2894 2805 fulmen
2940 2753 3193 2823 astringit
3221 2771 3233 2806 :
3267 2753 3380 2808 sive
3409 2755 3503 2823 qui

1915 2839 1982 2895 de
2010 2846 2155 2894 terra
2178 2854 2277 2908 per
2301 2840 2535 2896 vertices
2556 2841 2819 2897 montium
2838 2850 3109 2897 eructuat.
3148 2842 3289 2914 Ignis
3318 2854 3505 2899 autem

1915 2930 2110 2998 dictus,
2141 2932 2285 3001 quod
2310 2931 2444 2986 nihil
2464 2932 2608 3004 gigni
2634 2940 2815 3002 potest
2835 2949 2902 2989 ex
2928 2949 3012 3001 eo,
3045 2944 3130 2991 est
3156 2936 3302 2991 enim
3328 2936 3506 2992 invio-

1917 3022 2079 3079 labile
2130 3023 2459 3080 elementum
2485 3064 2500 3091 ,
2556 3040 2838 3082 assumens
2889 3025 3228 3101 [absumens]
3284 3038 3481 3097 cuncta

221 3122 485 3178 xandrini
521 3130 770 3188 utuntur,
795 3123 922 3192 quia
942 3123 1017 3178 ibi
1045 3137 1110 3177 ex
1137 3122 1258 3180 Nilo
1283 3124 1483 3180 culices
1508 3124 1711 3195 copiosi
1736 3140 1827 3179 na-
1853 3126 1897 3189 ρ
1928 3133 2049 3189 quae
2078 3119 2234 3188 rapit.
2261 3118 2337 3172 De
2366 3119 2506 3189 ignis
2532 3127 2713 3175 autem
2738 3121 2966 3193 mystica
2981 3121 3375 3193 significatione
3391 3122 3506 3192 jam

224 3225 496 3272 scuntur:
531 3213 675 3269 unde
699 3222 755 3269 et
776 3229 1078 3284 conopeum
1114 3213 1314 3270 dicitur
1356 3231 1370 3269 :
1409 3230 1533 3270 nam
1568 3215 1817 3285 Canopos

224 3304 502 3377 Egyptus
539 3312 643 3359 est.
694 3304 916 3376 Legitur
936 3320 1153 3375 quoque
1173 3305 1228 3360 in
1255 3305 1394 3362 libro
1418 3304 1601 3361 Juditb
1629 3305 1696 3361 de
1718 3305 1820 3361 Ilo-

225 3397 493 3468 Iopherne
515 3395 744 3464 (Judith.
761 3396 841 3468 ιι),
866 3397 1011 3466 quod
1030 3396 1279 3453 habuerit
1297 3411 1598 3467 conopeum
1621 3404 1677 3452 et
1687 3412 1821 3451 usus

226 3496 374 3543 esset
398 3486 515 3541 illo.
560 3485 849 3553 Columna,
892 3500 1013 3557 qua:
1038 3494 1157 3542 erat
1191 3486 1260 3542 ad
1302 3492 1467 3557 caput
1503 3486 1686 3542 lectuli
1713 3485 1821 3542 Ilo-

226 3577 538 3650 Iopbernis,
567 3577 836 3648 signiﬁcat
882 3578 1140 3634 duritiam
1171 3579 1321 3649 pravi
1354 3580 1555 3645 cordis,
1590 3596 1710 3651 quae
1735 3594 1823 3636 er-

227 3683 412 3725 rorem
428 3667 622 3739 genuit
643 3667 906 3724 maleﬁdae
925 3668 1235 3723 securitatis
1261 3687 1273 3723 :
1300 3669 1536 3740 gladius,
1562 3670 1655 3740 qui
1676 3669 1730 3724 in
1756 3684 1820 3724 ea

226 3760 433 3832 ligatus
482 3758 795 3830 pendebat,
851 3758 1055 3814 malitia
1100 3767 1185 3815 est
1244 3759 1443 3829 iniquze
1484 3760 1818 3816 intentionis.

226 3851 402 3907 Coma
436 3849 638 3921 capitis
670 3849 836 3906 elatio
879 3850 1127 3920 superba:
1172 3851 1409 3907 mentis:
1463 3852 1651 3907 cervix
1692 3866 1824 3907 vero

224 3940 580 3999 contumacia
606 3940 805 4011 iniqua:
825 3940 1092 3996 actionis:
1128 3949 1185 3996 et
1211 3955 1530 4011 conopeum,
1569 3942 1674 3997 hoc
1716 3950 1821 4007 est,

230 4044 382 4090 retes
418 4047 735 4087 muscarum
766 4031 992 4087 insidias
1016 4030 1293 4102 signiﬁcat.
1313 4032 1510 4089 dolosa:
1539 4032 1824 4104 cogitatio—

224 4126 337 4180 nis.
377 4122 740 4179 Commendat
750 4137 879 4194 ergo
890 4121 1077 4179 Iudith
1106 4131 1287 4179 nostra
1312 4124 1500 4192 puella:
1524 4139 1635 4179 suae
1659 4123 1824 4178 ostio-

224 4230 357 4270 rum
411 4214 760 4269 custodiam:
817 4213 944 4283 quia
998 4222 1187 4269 sancta
1242 4213 1483 4269 Ecclesia
1539 4213 1825 4282 unicuique

224 4306 479 4363 ﬁdelium
531 4305 814 4362 catholicae
861 4305 985 4362 ﬁdei
1015 4306 1261 4377 praecipit
1302 4307 1502 4362 habere
1532 4307 1826 4361 observan-

226 4397 390 4451 tiam.
435 4394 573 4450 Orat
610 4396 727 4465 ipsa
765 4412 887 4451 cum
910 4396 1165 4468 lacrymis
1201 4412 1214 4448 :
1247 4397 1374 4467 quia
1408 4412 1699 4467 supernum
1728 4414 1825 4453 au-

224 4488 424 4542 xilium
454 4487 633 4555 poscit
652 4486 841 4542 intima
866 4487 1149 4542 devotione
1170 4487 1370 4542 cordis.
1398 4486 1622 4542 Accedit
1650 4488 1720 4543 ad
1738 4504 1825 4544 co-

222 4580 513 4642 lumnam,
567 4585 622 4632 et
661 4576 889 4633 exsolvit
935 4578 1222 4649 pugionem
1246 4619 1262 4645 ,
1308 4593 1407 4649 per
1448 4593 1609 4648 quem
1650 4580 1823 4636 hostis

220 4666 559 4738 nequissimi
600 4676 840 4736 amputet
879 4676 1077 4737 caput:
1123 4684 1247 4724 cum
1299 4669 1568 4725 denudata
1616 4670 1822 4725 malitia

220 4758 360 4813 duri
388 4757 574 4812 cordis
611 4757 845 4812 abscidit
880 4759 951 4813 ab
998 4759 1153 4815 hoste
1182 4760 1522 4815 occasionem
1557 4772 1824 4833 protervae

221 4848 581 4904 tcntationis.
644 4847 837 4903 Aufert
884 4858 941 4904 et
996 4864 1293 4921 conopeum
1352 4870 1364 4907 :
1411 4854 1537 4923 quia
1604 4852 1824 4910 fraudes

219 4942 356 5011 ejus
386 4941 621 5011 detegit,
648 4941 844 5009 quibus
874 4941 1145 5011 simplices
1173 4952 1227 4998 et
1259 4942 1503 5000 incautos
1546 4944 1824 5015 implicare

222 5032 561 5089 contendit:
612 5031 798 5101 sicque
853 5041 1104 5089 truncum
1150 5034 1320 5089 hostis
1364 5048 1562 5105 corpus
1604 5034 1824 5102 evolvit,

220 5139 364 5180 cum
391 5125 569 5192 ipsum
604 5123 881 5178 inimicum
909 5141 977 5179 cx
1008 5125 1155 5179 omni
1186 5133 1337 5195 parte
1361 5125 1633 5181 inﬁrmum
1656 5135 1710 5182 et
1736 5128 1827 5183 de-

224 5215 405 5270 bilem
433 5227 559 5268 esse
599 5214 869 5268 ostendit:
898 5223 960 5269 ut
985 5231 1051 5270 eo
1087 5214 1297 5271 facilius
1324 5216 1610 5272 bellatores
1627 5218 1825 5273 Christi

223 5306 519 5362 conﬁdant
582 5306 793 5360 hostem
842 5308 1229 5377 nequissimum
1280 5325 1338 5365 se
1381 5311 1595 5366 vincere
1646 5327 1823 5382 posse,

226 5414 352 5468 quo
375 5412 503 5451 eum
540 5397 768 5467 plcniter
800 5400 1049 5455 ediscunt
1078 5400 1321 5472 fragilem
1365 5414 1419 5458 et
1468 5406 1823 5473 superabilem

232 5492 380 5542 fure.

939 5654 1144 5669 ἡ

1919 3210 2167 3280 superius
2187 3210 2389 3266 dictum
2420 3218 2526 3278 est,
2555 3211 2645 3267 ubi
2670 3213 2736 3267 de
2759 3221 2993 3282 quatuor
3019 3213 3301 3269 elementis
3326 3215 3509 3284 dispu-

1921 3308 2094 3355 tatum
2127 3308 2231 3356 est.
2264 3300 2321 3355 Si
2350 3308 2530 3356 autem
2560 3301 2683 3371 quis
2708 3302 2826 3358 haec
2854 3318 2974 3373 qua:
3007 3304 3095 3359 hic
3120 3304 3323 3373 scripta
3356 3313 3504 3369 sunt,

1920 3385 2027 3445 illis
2050 3404 2369 3459 comparare
2387 3391 2639 3457 voluerit,
2680 3408 2779 3464 per
2804 3392 3117 3450 eﬂicientias
3145 3410 3331 3451 earum
3355 3395 3510 3450 forsi-

1920 3489 2013 3535 tan
2059 3480 2233 3537 adhuc
2284 3482 2439 3553 plura
2489 3486 2745 3555 mysteria
2781 3485 2907 3541 inde
2951 3488 3153 3557 poterit
3192 3488 3505 3560 explanare.

1921 3573 2096 3630 Faber
2132 3589 2258 3631 vero
2284 3575 2426 3631 Deus
2454 3576 2770 3648 intelligitur
2797 3618 2811 3645 ,
2853 3595 2953 3649 pra
2993 3595 3057 3636 ea
3097 3583 3239 3651 quod
3262 3563 3266 3566 ’
3289 3596 3508 3637 onmem

1922 3661 2182 3720 fabricam
2204 3665 2329 3720 εωΙὶ
2354 3675 2408 3721 ει
2429 3675 2589 3722 terra:
2610 3676 2866 3738 operatus
2893 3669 2981 3735 sit,
3009 3670 3144 3725 utin
3172 3670 3463 3742 Evangelia
3492 3691 3505 3726 :

1924 3754 2115 3810 Nonne
2141 3755 2224 3811 hic
2250 3766 2322 3810 est
2353 3756 2492 3826 fabri
2515 3757 2699 3827 ﬁlius?
2725 3757 2941 3828 (Matth.
2975 3759 3119 3831 xm.)
3157 3760 3346 3826 Fabri,
3377 3776 3506 3816 san-

1923 3846 1996 3901 cti
2015 3847 2417 3916 praedicatores,
2446 3848 2586 3904 sicut
2610 3848 2817 3920 Regum
2854 3849 2993 3905 liber
3020 3851 3150 3905 dicit
3182 3869 3194 3904 :
3226 3850 3395 3905 Porro
3423 3852 3508 3921 fa-

1923 3936 2011 3990 ber
2029 3936 2285 4005 ferrarius
2318 3953 2422 3991 non
2448 3938 2805 3993 inveniebatur
2832 3939 2888 3993 in
2915 3936 3088 3993 Israel
3119 3938 3170 4011 (I
3200 3938 3332 4010 Reg.
3358 3942 3504 4010 xm).

1922 4028 2085 4083 Fabri
2129 4044 2294 4098 regna
2333 4029 2572 4099 gentium
2599 4043 2630 4082 a
2658 4038 2891 4099 quatuor
2911 4032 3100 4085 mundi
3126 4031 3375 4100 partibus
3405 4048 3507 4103 pa-

1922 4119 2105 4190 pulum
2139 4119 2328 4187 Israel,
2362 4120 2448 4175 vel
2471 4129 2697 4179 caeteros
2718 4121 2951 4185 humiles
2970 4122 3248 4179 servitutis
3271 4123 3506 4192 pondere

1922 4212 2307 4283 deprimentes,
2339 4221 2399 4266 ut
2437 4213 2493 4267 in
2533 4212 2795 4277 Zacbaria
2820 4231 2834 4268 :
2864 4213 2936 4269 Et
2977 4230 3093 4269 ecce
3117 4223 3345 4286 quatuor
3367 4214 3510 4283 fabri

1924 4303 2108 4377 (Zach.
2142 4305 2204 4378 ι).
2256 4304 2485 4360 Fabrica
2511 4305 2720 4362 duabus
2767 4307 2930 4363 rebus
2963 4314 3198 4375 constat,
3241 4309 3418 4364 ventis
3454 4317 3512 4365 et

1923 4394 2156 4451 flamma.
2215 4396 2459 4452 Flamma
2506 4411 2635 4453 vero
2682 4397 2899 4468 proprie
2944 4397 3181 4455 fornacis
3234 4407 3316 4455 est
3341 4401 3510 4468 dicta,

1852 4473 1902 4532 D
1928 4487 2072 4557 quod
2105 4485 2232 4541 ﬂatu
2267 4485 2470 4542 follium
2518 4487 2803 4543 excitetur.
2858 4487 3071 4545 Fornax
3108 4504 3237 4547 vero
3277 4491 3347 4546 ab
3388 4493 3513 4565 igne

1929 4584 2161 4633 vocata:
2193 4577 2330 4647 phos
2368 4576 2511 4630 enim
2559 4576 2698 4646 ignis
2731 4584 2832 4632 est.
2874 4576 3130 4634 Caminus
3168 4588 3254 4636 est
3289 4580 3508 4647 fornax,

1930 4669 2179 4727 Graecum
2211 4678 2296 4726 est
2324 4668 2626 4724 derivatum
2656 4685 2687 4724 a
2723 4684 2916 4725 cauma
2944 4688 2958 4725 :
2988 4669 3178 4727 fornax
3225 4675 3370 4729 enim
3397 4675 3514 4731 sive

1930 4761 2178 4816 caminus
2193 4768 2288 4815 aut
2306 4760 2705 4817 tribulationem
2718 4762 2941 4817 nimiam
2955 4766 3238 4833 prtesenlis
3255 4767 3513 4836 temporis

1931 4854 2109 4924 typice
2154 4854 2460 4925 exprimere
2486 4863 2701 4925 potest:
2753 4864 2815 4911 ut
2854 4866 2941 4913 est
2972 4857 3101 4913 illud
3146 4859 3511 4914 testimonium

1928 4946 2338 5017 prapheticum:
2366 4945 2626 5001 Liberavit
2648 4962 2733 5001 vos
2756 4947 3013 5003 Dominus
3042 4949 3106 5002 de
3147 4948 3362 5017 fornace
3408 4949 3513 5017 fer-

1928 5056 2018 5094 rea
2070 5038 2201 5112 (Jer.
2253 5047 2368 5114 ιιι),
2416 5043 2519 5097 hoc
2548 5051 2652 5107 est,
2703 5041 2957 5114 Egypto,
3010 5042 3102 5098 ubi
3147 5043 3377 5111 populus
3417 5042 3509 5096 Dei

1929 5136 2118 5205 grandi
2139 5136 2485 5192 tribulatione
2513 5138 2846 5192 vexabatur:
2878 5145 2972 5191 aut
2997 5138 3254 5208 gehennae
3277 5145 3513 5191 tormen-

1932 5237 2045 5281 tum
2083 5226 2372 5296 signiﬁcat,
2411 5236 2471 5281 ut
2499 5238 2583 5282 est
2608 5228 2738 5282 illud
2767 5229 2822 5282 in
2847 5226 3130 5297 Evangelia
3164 5243 3179 5279 :
3212 5225 3405 5280 Mittite
3424 5242 3512 5280 eos

1928 5318 1984 5373 in
2008 5318 2272 5371 caminum
2318 5317 2474 5387 ignis,
2510 5319 2595 5371 ubi
2623 5319 2721 5372 erit
2763 5320 2913 5387 ﬂetus
2954 5328 3000 5372 et
3048 5319 3246 5372 stridor
3277 5318 3509 5373 dentium

1932 5406 2146 5479 (Matth.
2180 5406 2320 5478 xm).

2006 5495 2161 5549 lucus
2189 5507 2295 5558 est,
2346 5495 2397 5547 in
2428 5510 2535 5563 quo
2565 5494 2765 5548 ferrum
2794 5495 3056 5559 tunditur,
3094 5511 3124 5550 a
3162 5496 3406 5551 cudendo
3433 5498 3512 5550 di-

1937 5597 2059 5641 ctus
2086 5603 2098 5639 :
2129 5601 2193 5641 eo
2220 5585 2361 5655 quod
2390 5585 2496 5638 illic
2520 5585 2719 5654 aliquid
2744 5587 3024 5653 cudamus,
3056 5587 3106 5642 id
3132 5598 3235 5654 est,
3270 5587 3513 5642 feriendo

1941 5676 2317 5744 producamus.
2352 5674 2558 5730 Cudcro
2582 5677 2725 5732 enim
2760 5678 2963 5734 caedere
2984 5687 3053 5733 et
3084 5678 3245 5734 ferire
3279 5687 3381 5735 est.
3415 5676 3515 5735 Ve-
