3950 6192
457 263 560 319 359

1124 262 1183 316 Β.
1225 262 1478 317 BABANI
1518 263 1739 321 MAURI
1776 263 2094 320 ARClllEP.
2133 264 2439 322 MOGUNT.
2478 266 2767 325 OPERUM
2806 266 2987 324 PARS
3022 266 3085 322 ll.

3618 270 3723 325 560

456 384 602 429 teres
631 380 812 429 autem
866 387 973 428 non
1013 372 1261 428 incudem
1312 374 1597 442 vocabant,
1622 376 1718 431 sed
1755 375 1996 431 intudem
2019 417 2032 441 ,
2065 392 2115 450 Α
2145 376 2431 436 Salomone
2460 381 2719 452 templum
2741 381 3042 438 aedificante
3061 379 3307 452 signatur
3326 396 3450 436 cum
3485 382 3686 440 dicitur
3710 405 3724 441 :

452 480 520 520 eo
554 463 696 533 quod
720 463 771 517 in
801 477 864 518 ea
901 461 1175 517 metallum
1199 463 1471 530 tundatur,
1501 463 1602 520 hoc
1623 473 1724 531 est,
1764 466 2034 521 tendatur.

456 553 608 613 Unde
627 562 682 607 et
714 554 867 608 tudes
895 553 1138 620 malleus,
1160 569 1192 608 a
1219 554 1509 621 tundendo,
1548 556 1602 612 id
1630 566 1735 623 est,
1774 557 2040 615 tendendo

453 646 644 701 dictus.
682 645 755 700 De
780 644 972 700 incude
994 654 1172 700 autem
1195 645 1271 702 ita
1295 645 1348 701 in
1372 646 1511 702 libro
1530 648 1630 704 Job
1652 649 1913 720 scriptum
1936 660 2036 718 est,

452 751 575 793 cum
594 736 658 791 de
675 735 973 790 chialhan
998 743 1251 790 narratur
1274 755 1287 791 :
1313 735 1419 791 Cor
1436 737 1550 808 ejus
1567 740 1877 811 irrumpitur
1887 742 2039 812 quasi

452 826 587 895 lapis
604 866 617 891 ,
650 837 696 880 et
730 827 1015 897 stringetur
1037 827 1190 898 quasi
1212 827 1533 883 malleatoris
1560 831 1708 885 incus
1735 831 1876 903 (Job.
1902 832 2033 903 xu).

451 918 699 973 incudem
730 918 927 989 quippe
962 918 1245 974 malleator
1289 920 1417 975 solis
1461 931 1641 993 aptam
1677 926 2038 994 percussioni—

453 1010 551 1064 bus
591 1007 726 1080 ﬁgit.
758 1009 838 1063 Ad
868 1010 970 1063 hoc
992 1026 1228 1080 namque
1256 1012 1411 1067 incus
1437 1016 1717 1082 statuitur,
1748 1024 1807 1071 ut
1834 1018 2038 1079 crebris

451 1102 648 1157 ictibus
678 1101 923 1157 feriatur.
962 1101 1261 1158 Leviathan
1301 1120 1428 1176 ergo
1452 1146 1468 1171 ,
1511 1114 1571 1160 ut
1598 1106 1928 1163 malleatoris
1957 1110 2039 1164 in-

447 1213 571 1263 cus,
598 1198 895 1268 stringctur
913 1214 925 1251 :
944 1197 1069 1265 quia
1098 1196 1295 1252 inferni
1312 1198 1540 1255 vinculis
1566 1201 1954 1267 coarctabitur,
1978 1209 2039 1256 ut

456 1291 637 1349 merui
666 1289 915 1360 supplicii
943 1290 1198 1344 continua
1239 1291 1585 1361 percussione
1613 1291 1891 1346 tundatur.
1935 1290 2037 1358 Qui

449 1382 609 1437 modo
651 1396 867 1453 quoque
908 1382 1230 1452 percutitur,
1271 1382 1400 1440 dum
1422 1382 1556 1453 justi
1583 1384 1809 1453 quique,
1859 1382 1955 1438 illo
1980 1383 2036 1437 in

450 1474 658 1529 insidiis
685 1474 963 1546 vigilante,
1020 1474 1115 1530 sed
1142 1474 1418 1531 doloribus
1456 1476 1783 1539 tabescente,
1826 1474 2037 1531 salvan-

450 1576 558 1618 tur.
591 1564 650 1619 ln
672 1564 867 1620 incude
898 1573 1077 1619 autem
1105 1563 1209 1618 alia
1232 1579 1361 1619 vasa
1386 1563 1692 1621 formantur
1720 1580 1734 1629 ;
1773 1564 1888 1634 ipse
1910 1579 2036 1619 vero

450 1665 528 1710 tot
556 1655 998 1727 percussionibus
1032 1656 1085 1709 in
1118 1669 1213 1710 vas
1238 1655 1382 1710 aliud
1409 1670 1517 1711 non
1552 1654 1894 1710 transfertur.
1932 1653 2036 1709 lle-

2142 469 2339 525 Domus
2370 479 2542 524 autent
2569 488 2686 525 cum
2709 471 3093 541 a'diﬁcaretur,
3125 469 3191 525 de
3230 470 3494 542 lapidibus
3531 472 3730 528 dolatis

2139 569 2293 631 atque
2324 561 2566 632 perfectis
2613 561 2876 631 wdiﬁcata
2922 572 2997 616 est
3030 573 3048 612 :
3084 558 3307 615 malleus
3356 571 3405 616 et
3448 563 3652 617 securis
3680 574 3729 619 et

2139 667 2289 705 omne
2341 651 2715 720 ferramentum
2760 669 2864 706 non
2907 662 3028 709 sunt
3080 653 3264 706 audita
3296 653 3354 707 in
3379 653 3562 722 domo,
3603 672 3730 709 cum

2138 740 2493 809 a'diﬁcaretur
2527 740 2645 813 (III
2682 741 2810 812 Reg.
2843 742 2941 815 vt).
2992 741 3131 811 Quid
3174 742 3319 799 enim
3371 743 3564 799 domus
3609 743 3732 810 illa,

2139 832 2242 886 nisi
2271 844 2511 888 sanctam
2544 834 2862 903 Ecclesium,
2890 849 3054 903 quam
3082 834 3137 887 in
3182 833 3491 891 cmlestibus
3536 836 3732 892 Domi-

2139 940 2243 979 nus
2263 924 2548 991 inhabitat,
2578 925 2877 997 figurabat:
2906 925 2977 979 ad
3000 922 3153 995 cujus
3174 926 3588 982 mditicationem
3611 927 3733 983 ele-

2138 1024 2344 1069 cto:um
2384 1015 2600 1083 animm,
2639 1016 2791 1086 quasi
2814 1015 3031 1087 quidam
3062 1014 3283 1084 expoliti
3312 1016 3533 1086 lapides,
3580 1015 3733 1072 defe-

2138 1113 2366 1161 runtur:
2405 1106 2499 1176 qui
2534 1121 2655 1160 cum
2686 1106 3020 1163 aedificantur
3057 1106 3111 1159 in
3160 1106 3345 1172 castis,
3394 1108 3575 1162 nullus
3619 1108 3735 1163 illic

2131 1194 2243 1265 jam
2276 1194 2568 1264 disciplina:
2610 1195 2835 1250 malleus
2886 1204 3144 1249 resonat:
3195 1196 3324 1266 quia
3371 1197 3537 1251 dolati
3567 1206 3738 1267 atque

2137 1284 2363 1356 perfecti
2399 1286 2524 1341 illuc
2552 1286 2757 1356 lapides
2783 1286 3051 1351 ducimur,
3106 1295 3168 1341 ut
3201 1288 3338 1343 locis
3357 1288 3515 1358 juxta
3566 1290 3731 1344 meri-

2139 1384 2252 1428 tum
2281 1375 2533 1447 congruis
2564 1376 2934 1446 disponamur.
2980 1376 3113 1431 Item
3149 1378 3329 1435 mallei
3358 1389 3487 1434 sunt
3505 1382 3735 1436 commi-

2138 1466 2381 1521 nationes
2404 1467 2599 1521 divina:
2623 1466 2883 1521 adversus
2911 1476 3250 1536 peccatores,
3274 1480 3335 1522 ut
3373 1470 3426 1523 in
3454 1467 3731 1524 lere-mia:

2141 1558 2329 1613 Nonne
2354 1558 2508 1614 verba
2536 1576 2651 1615 mea
2687 1569 2809 1614 sunt
2853 1561 2989 1615 sicut
3034 1561 3170 1633 ignis
3193 1601 3210 1629 ,
3267 1572 3318 1618 et
3345 1564 3481 1619 sicut
3506 1565 3736 1620 malleus

2138 1662 2404 1708 conterens
2452 1662 2627 1722 petras
2675 1652 2809 1723 (ler.
2846 1654 3037 1727 xxm)?
3082 1655 3220 1711 Item
3265 1656 3477 1724 mallei,
3521 1656 3737 1729 ﬂagella

446 1754 534 1800 etc
556 1760 686 1816 ergo
720 1744 1021 1801 Leviatban
1048 1745 1150 1800 iste
1174 1745 1357 1800 incudi
1389 1752 1733 1816 comparatus
1757 1751 1841 1799 est
1869 1760 1882 1797 :
1908 1741 2037 1812 quia
2067 1755 2111 1815 Β
2138 1752 2503 1815 peccatorum,
2534 1744 2675 1799 sicut
2720 1744 2976 1801 Salomon
3008 1745 3180 1802 dicit:
3210 1746 3393 1803 Μαιιεί
3445 1748 3737 1804 stultorum

448 1852 547 1892 nos
602 1835 691 1892 illo
745 1844 1106 1908 persequente
1133 1876 1149 1902 ,
1199 1837 1624 1906 componimur:
1689 1835 1806 1906 ipse
1857 1842 2039 1890 autem

445 1944 658 2000 semper
677 1930 999 2001 percutitur,
1048 1938 1105 1986 et
1146 1930 1202 1985 in
1241 1943 1339 1984 vas
1365 1929 1505 1984 νἠτ
1550 1943 1827 1998 nunquam
1864 1938 2041 1984 muta-

448 2031 554 2074 llli'.
1114 2038 1125 2050 ⁸
1408 2064 1447 2080 φ

519 2113 738 2169 Malleus
785 2122 1045 2169 vocatus:
1080 2112 1231 2185 quia,
1284 2115 1413 2168 dum
1454 2111 1586 2189 quid
1613 2110 1756 2168 calet
1793 2120 1850 2167 et
1879 2111 2040 2167 molle

445 2212 565 2270 est,
616 2204 775 2259 caedit
805 2213 862 2260 et
900 2204 1152 2275 producit
1207 2222 1220 2258 :
1260 2204 1315 2260 in
1363 2202 1645 2275 Scriptura
1695 2203 1843 2265 enim
1886 2220 2039 2260 sacra

447 2294 625 2349 mallei
664 2296 882 2351 nomine
930 2295 1222 2366 aliquando
1270 2295 1513 2352 diabolus
1558 2295 1892 2365 designatur,
1941 2311 2041 2366 per

445 2399 605 2451 quem
656 2399 801 2440 nunc
854 2385 1279 2454 delinquentium
1335 2385 1509 2455 culpa:
1569 2384 1882 2440 feriuntur:
1942 2385 2039 2441 ali-

440 2476 661 2545 quando
692 2490 823 2531 vero
867 2476 1147 2546 percussio
1177 2476 1415 2532 caelestis
1445 2478 1752 2547 accipitur:
1788 2478 1916 2547 quia
1953 2478 2038 2533 vel

443 2562 601 2617 electi
633 2577 900 2632 supernos
925 2564 1066 2620 ictus
1094 2564 1356 2632 sentiunt,
1386 2573 1447 2621 ut
1484 2581 1515 2621 a
1545 2567 1728 2636 pravis
1751 2568 2038 2623 itineribus

443 2654 791 2725 corrigantur
816 2672 830 2709 :
859 2655 944 2710 vel
980 2653 1127 2724 justa
1156 2656 1238 2713 ira
1264 2658 1525 2727 reprobos
1551 2658 1811 2728 percutit,
1842 2667 1901 2712 ut
1927 2658 2037 2729 jam

443 2743 707 2814 supplicia
729 2753 931 2800 aeterna
954 2746 1312 2815 praweniens,
1339 2747 1467 2816 quid
1490 2747 1652 2803 etiam
1681 2747 1738 2803 in
1758 2756 2033 2817 posterum

444 2842 778 2907 mereantur,
810 2836 1064 2892 ostendit.
1117 2836 1251 2893 Nam
1297 2838 1424 2908 quia
1464 2838 1825 2910 appellatione
1855 2839 2033 2895 mallei

444 2924 701 2996 antiquus
727 2927 900 2983 hostis
924 2927 1266 2998 exprimitur,
1302 2928 1574 3001 Propheta
1622 2938 1871 2995 testatur,
1908 2945 2034 2986 cum

444 3029 609 3084 super
629 3030 755 3071 eum
777 3016 885 3071 vim
907 3017 1140 3073 extremi
1161 3017 1351 3087 judicii
1367 3018 1780 3090 contemplatur,
1816 3018 2031 3075 dicens:

2139 1830 2359 1902 corpora
2387 1834 2728 1903 percutientes
2759 1832 2943 1906 (Prov.
2976 1835 3111 1908 six).

2207 1926 2465 1997 Forcipes
2488 1927 2641 1997 quasi
2674 1927 2979 1997 ferricipes,
3005 1944 3071 1984 eo
3090 1928 3235 1999 quod
3254 1927 3458 1987 ferrum
3483 1929 3733 1991 candens

2138 2018 2356 2088 capiant
2381 2027 2726 2089 teneantque,
2751 2020 2867 2075 sive
2896 2020 3039 2090 quod
3069 2021 3138 2075 ab
3164 2021 3251 2077 bis
3286 2020 3487 2091 aliquid
3516 2020 3735 2078 forvum

2137 2108 2381 2179 capimus
2413 2116 2469 2164 et
2507 2117 2777 2175 tenemus,
2805 2110 2960 2179 quasi
2996 2110 3321 2183 forvicapes,
3355 2128 3483 2167 nam
3517 2111 3734 2168 forvum

2138 2211 2220 2256 est
2244 2201 2497 2256 calidum.
2526 2201 2677 2256 Unde
2705 2210 2760 2256 et
2780 2201 3051 2258 formosos
3076 2203 3325 2269 dicimus,
3356 2203 3556 2273 quibus
3578 2204 3738 2259 calor

2136 2292 2416 2362 sanguinis
2445 2307 2511 2347 ex
2549 2292 2745 2348 rubore
2773 2291 3227 2362 pulchritudinem
3276 2302 3445 2349 creat.
3493 2294 3572 2349 De
3614 2294 3732 2349 for-

2135 2383 2256 2454 cipe
2278 2383 2353 2438 ita
2379 2383 2433 2438 in
2462 2382 2596 2437 Isaia
2627 2381 2856 2454 legitur:
2886 2379 2955 2435 Et
3001 2381 3188 2437 volavit
3237 2382 3306 2436 ad
3353 2399 3434 2437 me
3481 2400 3624 2437 unus
3672 2385 3736 2438 de

2135 2476 2402 2546 seraphin,
2437 2486 2483 2530 et
2511 2476 2567 2529 in
2598 2492 2760 2530 manu
2787 2475 2903 2546 ejus
2929 2474 3165 2530 calculus
3189 2492 3342 2547 quem
3376 2476 3579 2547 forcipe
3599 2478 3737 2532 tule-

2137 2578 2216 2622 rat
2245 2568 2311 2622 de
2338 2568 2497 2622 altari
2523 2567 2660 2639 (Isa.
2688 2567 2784 2640 γι).
2821 2566 2974 2623 Unde
3003 2567 3057 2622 in
3089 2566 3316 2638 forcipe,
3348 2583 3453 2636 qua
3488 2568 3739 2624 calculus

2135 2658 2634 2729 comprehenditur,
2665 2658 2772 2713 duo
2821 2657 3168 2712 Testamenta
3200 2657 3581 2728 designantur,
3612 2674 3735 2730 qua:

2137 2751 2279 2805 inter
2304 2763 2364 2804 se
2386 2747 2621 2819 Spiritus
2644 2747 2821 2803 sancti
2856 2748 3055 2803 unione
3082 2748 3380 2814 sociantur,
3406 2757 3464 2803 et
3502 2749 3732 2805 verbum

2136 2842 2231 2898 Dei
2256 2842 2323 2897 ad
2350 2841 2687 2912 purgandum
2726 2841 2869 2896 labia
2909 2840 3183 2911 prophetae
3209 2855 3306 2911 per
3342 2840 3594 2911 angelica
3634 2841 3735 2899 mi-

2135 2933 2356 2989 nisteria
2384 2931 2559 2997 affert,
2590 2941 2649 2987 ut
2672 2931 2869 3003 popqu
2890 2931 3050 3003 digne
3071 2932 3242 3001 possit
3264 2931 3521 2988 nuntiare
3542 2932 3733 2988 volun-

2134 3032 2302 3079 tatem
2337 3024 2453 3078 Dei.
2481 3022 2633 3077 Lima
2676 3022 2820 3079 dicta
2850 3036 2917 3076 eo
2944 3020 3087 3092 quod
3125 3021 3246 3079 lene
3272 3020 3474 3086 faciat;
3510 3038 3641 3077 nam
3670 3022 3733 3077 li-

446 3100 722 3167 Quomodo
748 3103 1050 3174 confractus
1077 3115 1155 3159 est
1177 3114 1224 3160 et
1249 3106 1504 3160 contritus
1532 3104 1754 3161 malleus
1774 3107 2030 3161 universa:
2058 3122 2102 3182 ρ
2135 3131 2282 3170 mum
2316 3114 2437 3171 lene
2478 3122 2583 3179 est,
2613 3113 2668 3168 in
2701 3128 2810 3182 quo
2837 3113 2963 3168 boni
3001 3112 3242 3169 doctoris
3280 3112 3516 3182 exprimi
3557 3120 3735 3183 potest

428 3203 599 3250 terra:
621 3196 648 3250 2
677 3195 813 3270 (Jer.
846 3198 923 3270 ι.)
958 3198 1037 3254 Ac
1070 3198 1116 3255 si
1141 3198 1348 3265 diceret
1375 3217 1389 3253 :
1428 3214 1576 3266 eum,
1620 3214 1720 3270 per
1743 3214 1905 3269 quem
1934 3213 2030 3253 va-

430 3287 591 3342 scula
619 3304 716 3346 sua
744 3290 1005 3347 Dominus
1031 3292 1086 3347 in
1116 3292 1405 3353 ministerii
1437 3308 1539 3348 usu
1583 3291 1867 3347 formanda
1910 3306 2032 3362 per-

443 3379 598 3446 cutit,
628 3380 750 3450 quis
772 3382 1091 3454 perpendat,
1114 3398 1223 3453 quo
1252 3383 1486 3449 turbine,
1513 3381 1764 3438 veniente
1787 3390 2033 3437 extremo

434 3468 663 3541 judicio,
702 3472 756 3529 in
783 3481 989 3528 aeterna
1025 3472 1377 3529 damnatione
1418 3473 1747 3547 confringat.
1792 3470 2035 3528 Rursum

430 3580 543 3635 :per
579 3566 832 3624 malleum
866 3568 1144 3640 percussio
1185 3568 1423 3625 ctelestis
1471 3566 1795 3637 exprimitur
1825 3583 1837 3618 :
1889 3564 2035 3636 quod

2133 3207 2390 3273 officium,
2413 3207 2507 3276 qui
2536 3214 2744 3263 mentes
2782 3205 3059 3260 hominum
3085 3203 3340 3274 iucundis
3385 3204 3733 3261 sermonibus

2135 3299 2393 3353 leuilicat.
2438 3304 2493 3353 et
2537 3296 2807 3366 placidum
2847 3294 2981 3350 facit
3015 3296 3083 3351 ad
3127 3295 3454 3351 atnlieudum
3503 3295 3729 3350 verbum

2137 3390 2252 3455 Dei,
2275 3398 2331 3444 et
2356 3389 2422 3444 ad
2452 3387 2841 3459 perliciendum
2888 3386 3046 3443 bonis
3089 3386 3345 3459 operibus
3392 3386 3731 3444 voluntatem

2136 3481 2329 3553 ipsius.

1384 3858 1683 3935 LIBER
1736 3854 2302 3936 VIGESIMUS
2360 3851 2780 3932 PRIMUS.

956 4150 1183 4209 CAPUT
1215 4150 1505 4208 PRIMUM.

910 4267 982 4322 De
1023 4267 1239 4337 fabricis
1285 4268 1563 4339 parietum.

2751 4147 2981 4206 CAPUT
3014 4146 3101 4203 Ill.

2669 4260 2746 4316 De
2780 4261 3183 4317 constructione.

506 4384 569 4441 lu
597 4384 819 4441 fabricis
856 4384 1120 4456 parietum
1159 4393 1320 4455 atque
1348 4390 1613 4439 tectorum
1640 4379 1813 4439 Graeci
1842 4380 2027 4435 inven-
2055 4369 2105 4428 D
2200 4372 2541 4429 Constructio
2587 4381 2672 4429 est
2712 4372 2940 4429 laterum
2968 4382 3024 4430 et
3059 4372 3364 4431 altitudinis
3408 4376 3719 4434 :edificatio.

434 4470 616 4531 torem
645 4473 919 4530 Dzedalum
944 4482 1210 4529 asserunt.
1242 4469 1350 4528 Iste
1381 4471 1526 4527 enim
1547 4470 1755 4541 primus
1774 4468 2027 4525 didicisse

443 4565 704 4622 fabricam
736 4580 767 4620 a
796 4563 1036 4620 Minerva
1065 4563 1284 4619 dicitur.
1329 4561 1535 4618 Fabros
1577 4570 1757 4616 autem
1793 4559 1906 4614 sive
1939 4573 2027 4612 ar-

443 4656 617 4711 tiﬁces
661 4653 834 4710 Graeci
870 4662 1115 4710 tectonas
1159 4661 1375 4715 vocant,
1414 4652 1466 4706 id
1512 4657 1598 4706 est
1649 4653 2023 4705 instructorcs.

442 4748 737 4806 Architecti
779 4756 957 4807 autem
998 4744 1328 4801 cmmentarii
1365 4752 1512 4810 sunt,
1538 4742 1627 4812 qui
1655 4742 1943 4811 disponunt
1973 4739 2024 4793 in

443 4840 838 4906 fundamentis;
869 4840 1009 4895 unde
1031 4848 1093 4913 et
1113 4835 1402 4907 Apostolus
1421 4835 1487 4891 de
1514 4834 1804 4905 semetipso
1826 4848 1839 4887 :
1861 4832 2026 4899 Quasi

439 4935 666 5007 sapiens,
692 4932 886 5004 inquit,
905 4930 1216 4986 architectus
1239 4926 1638 4997 fundamentum
1655 4924 1804 4994 posui
1825 4921 1875 4994 (I
1899 4920 2020 4976 Cor.

439 5027 547 5099 ιιι).
586 5026 895 5083 Machiones
923 5023 1049 5078 dicti
1075 5037 1104 5076 a
1133 5017 1429 5083 machinis,
1466 5016 1519 5071 in
1551 5016 1746 5086 quibus
1773 5015 2024 5071 insistunt

438 5128 660 5190 propter
683 5116 1020 5174 altitudinem
1050 5113 1340 5186 parietum.

1062 5241 1290 5301 CAPUT
1334 5242 1396 5297 ll.

1000 5356 1075 5413 De
1105 5356 1460 5428 dispositione.

510 5464 886 5525 Atidiflciorum
910 5476 1094 5539 partes
1120 5475 1246 5524 sunt
1270 5476 1379 5522 tres
1406 5484 1419 5521 :
1445 5465 1747 5536 dispositio,
1778 5474 2023 5521 constru-

442 5564 574 5630 ctio,
597 5576 871 5622 venustas.
915 5566 1203 5636 Dispositio
1227 5573 1311 5622 cst
1339 5578 1479 5619 arma
1516 5560 1600 5617 vel
1625 5561 1722 5617 soli
1752 5569 1807 5618 et
1832 5560 2022 5619 funda-

443 5663 749 5712 mentorum
777 5656 1085 5727 descriptio.

2128 4462 2469 4521 Constructio
2517 4476 2701 4521 autem
2746 4466 2830 4522 vel
2886 4467 3169 4523 instructio
3210 4477 3421 4535 vocata,
3469 4484 3542 4526 eo
3580 4470 3722 4541 quod

2129 4555 2415 4628 instringat
2456 4564 2510 4612 et
2553 4558 2828 4614 cohzerere
2867 4557 3052 4624 faciat,
3084 4568 3146 4615 ut
3189 4558 3433 4630 lapides,
3459 4561 3639 4621 lutum
3665 4572 3722 4618 et

2128 4647 2330 4720 lignum
2376 4649 2609 4705 invicem
2653 4650 2778 4706 sibi.
2829 4650 2965 4707 Nam
3004 4652 3254 4709 intinctio
3303 4651 3435 4709 Ωιι-τί
3483 4654 3543 4710 in
3582 4669 3719 4725 aqua

2129 4738 2385 4793 strictura
2426 4749 2528 4793 est.
2581 4738 2696 4795 Nisi
2736 4740 2882 4795 enim
2934 4742 3173 4797 candens
3216 4740 3475 4813 tingatur,
3526 4742 3717 4813 stringi

2125 4835 2181 4883 et
2208 4828 2481 4883 cohaerere
2525 4844 2629 4883 non
2670 4837 2851 4899 potest
2892 4828 3116 4884 ferrum.
3160 4829 3294 4887 item
3323 4833 3715 4890 constructio:

2125 4914 2467 4972 multitudine
2488 4917 2723 4988 lapidum
2737 4930 2789 4973 et
2805 4918 3070 4989 lignorum
3092 4920 3260 4985 dicta,
3275 4921 3418 4975 unde
3439 4930 3499 4976 et
3519 4932 3710 4977 strues.

2123 5003 2283 5061 Aliud
2303 5013 2388 5061 est
2407 5006 2552 5061 enim
2574 5006 2885 5075 aediﬁcatio,
2902 5009 3044 5067 aliud
3063 5010 3404 5066 instauratio.
3436 5010 3579 5066 Nam
3593 5011 3714 5067 ardi-

2126 5095 2306 5152 ﬁcatio
2344 5112 2484 5152 nova
2510 5100 2843 5155 constructio
2883 5110 2984 5156 est.
3034 5102 3359 5158 instauratio
3390 5118 3547 5167 vero,
3575 5103 3711 5173 quod

2125 5197 2407 5255 reparatur
2443 5189 2510 5242 ad
2545 5188 2720 5243 instar
2757 5190 2973 5262 prioris.
3018 5191 3153 5247 Nam
3183 5194 3350 5248 instar
3373 5203 3593 5251 veteres
3618 5209 3714 5265 pro

2123 5277 2470 5333 similitudine
2507 5280 2796 5348 ponebant.
2828 5281 2955 5337 Inde
2991 5292 3047 5337 et
3090 5282 3395 5339 instaurare
3438 5284 3710 5339 dicebant.

2122 5369 2347 5425 Constat
2392 5380 2573 5425 autem
2617 5374 2952 5429 constructio
2993 5373 3370 5437 fundamento,
3420 5373 3712 5444 lapidibus.

2121 5460 2289 5526 calce,
2320 5477 2485 5516 arena
2526 5471 2581 5517 et
2623 5463 2801 5536 lignis.
2842 5465 3275 5521 Fundamentum
3313 5467 3545 5530 dictum,
3571 5462 3712 5535 quod

2121 5553 2317 5609 fundus
2357 5551 2428 5608 sit
2461 5553 2699 5609 aedificii.
2740 5556 2885 5611 Idem
2928 5566 2982 5613 et
3028 5568 3348 5614 uenientum
3380 5574 3411 5612 a
3454 5555 3711 5613 caedendo

2122 5646 2345 5708 dictum,
2378 5644 2520 5712 quod
2551 5660 2691 5701 caeso
2719 5645 2894 5718 lapide
2923 5659 3130 5721 surgat.
3165 5649 3238 5704 Dc
3268 5649 3495 5723 mystica
3528 5656 3707 5703 autem
