3950 6192
215 397 310 455 561

1184 393 1271 449 DE
1308 391 1650 449 UNIVERSO
1683 389 1868 448 LIBRI
1910 394 2066 449 XXII.
2107 425 2173 433 —-
2214 394 2341 449 ΜΒ.
2388 394 2528 450 χχι.

3382 394 3490 452 562

218 511 620 583 signiﬁcatione
662 507 991 563 fundamenti
1017 506 1127 576 jam
1178 507 1426 575 superius
1467 505 1669 559 dictum
1700 514 1800 559 est.
1834 509 1882 566 Α
1910 505 2053 560 biam
2084 504 2240 575 hujus
2271 507 2453 562 mundi
2481 506 2768 578 significat,
2799 507 2881 562 vel
2914 506 3072 576 impia
3100 507 3348 578 dogmata
3381 511 3489 564 lla:-

217 603 449 674 Lapides
480 616 613 672 ergo
650 600 844 655 diversi
873 597 1085 669 generis
1112 596 1167 649 in
1196 595 1481 651 structuris
1511 595 1619 665 apti
1660 604 1807 660 sunt,

217 710 451 765 quorum
504 690 830 763 significatio
872 690 955 756 (ut
980 702 1141 756 supra
1166 686 1276 754 jam
1320 686 1521 741 dictum
1549 686 1652 759 est)
1676 694 1730 740 et
1757 688 1807 739 in

216 785 415 839 bonam
444 790 504 836 et
531 782 586 835 in
625 780 952 835 contrariam
980 787 1190 848 partem
1216 777 1453 847 ponitur,
1477 777 1602 846 quia
1625 776 1803 830 dicun-

219 883 302 928 tur
324 872 541 941 lapides
566 870 815 934 vivi,hoc
841 878 924 924 est
944 869 1138 932 sancti,
1169 868 1259 938 qui
1289 868 1355 921 ad
1382 884 1412 922 c
1437 868 1657 921 rlestem
1686 882 1812 921 con-

215 963 579 1017 structionem
638 960 845 1015 habiles
894 968 1066 1013 sunt.
1103 969 1156 1013 et
1206 958 1410 1027 lapides
1455 957 1713 1013 insensati
1757 968 1812 1014 et

217 1053 357 1116 duri,
390 1052 486 1122 qui
532 1050 876 1105 ferramentis
913 1048 1285 1121 spiritualibus
1334 1048 1479 1103 nullo
1508 1050 1666 1103 modo
1709 1066 1814 1104 αρ-

217 1141 366 1205 dunt,
401 1141 534 1211 quia
579 1140 723 1195 nulla
754 1155 1026 1209 nunquam
1075 1138 1444 1193 conversionis
1489 1140 1808 1208 poenitentia

219 1232 556 1293 molliuntur,
591 1246 692 1285 nec
716 1229 902 1291 calcis,
939 1231 1042 1284 hoc
1065 1238 1147 1284 est
1172 1230 1455 1284 charitatis
1494 1232 1700 1302 glutino
1723 1233 1812 1287 ad-

220 1320 451 1374 inn‘cem
472 1318 716 1389 copulari
741 1319 1105 1373 consentiunt.
1138 1318 1314 1373 Arena
1347 1327 1548 1384 autem,
1572 1336 1690 1389 quae
1715 1337 1812 1391 per

220 1426 274 1465 se
328 1410 556 1463 infirma
612 1418 715 1474 est,
746 1418 801 1463 et
852 1409 1010 1464 fluida
1062 1420 1224 1481 atque
1280 1411 1546 1467 instabilis
1591 1422 1805 1478 manet,

221 1499 439 1568 quanio
469 1513 596 1552 cum
640 1498 806 1553 calcis
834 1497 1177 1568 adiunctione
1211 1501 1610 1568 commiscetur,
1641 1502 1809 1557 firmi-

220 1600 381 1646 tatem
408 1591 646 1661 percipit
667 1600 724 1646 et
742 1591 810 1645 ad
834 1590 1245 1645 aedificationem
1270 1591 1414 1647 utilis
1442 1594 1689 1649 habetur.
1720 1592 1813 1651 Sic

217 1689 267 1736 ct
296 1688 654 1751 peccatorum
695 1680 971 1745 sterilitas,
1003 1695 1122 1750 qua:
1159 1697 1255 1752 per
1296 1696 1355 1736 se
1392 1682 1539 1738 utilis
1574 1699 1677 1739 non
1704 1693 1808 1751 est,

220 1781 397 1828 tamen
444 1787 548 1844 per
593 1773 1004 1828 conversionem
1046 1770 1112 1826 ad
1145 1780 1454 1828 sanctorum
1496 1776 1807 1831 societatem

217 1863 502 1935 pertingit,
534 1863 883 1918 stabilitatem
914 1862 1177 1918 bonorum
1220 1878 1442 1932 operum
1483 1866 1732 1935 percipit,
1760 1873 1816 1920 et

217 1966 313 2019 per
332 1952 649 2008 dilectionis
693 1950 1004 2007 mandatum
1050 1951 1117 2005 ad
1161 1952 1572 2009 instructionem
1619 1963 1819 2011 sancta:

219 2041 477 2097 Ecclesia:
497 2042 812 2112 pertinebit.

284 2132 568 2189 Fictilium
590 2147 814 2203 operum
838 2133 907 2188 ad
927 2132 1167 2203 parietes
1193 2142 1248 2189 et
1272 2132 1623 2190 fundamenta
1650 2134 1821 2191 coctis

218 2224 523 2290 laterculis,
549 2224 618 2279 ad
671 2232 811 2280 tecta
866 2225 1165 2282 imbriculis
1208 2226 1510 2298 tegulisque
1540 2236 1816 2299 aptantur.

220 2316 437 2391 Tegula:
459 2326 692 2383 vocatur,
718 2317 859 2388 quod
884 2324 1069 2387 tegant
1096 2318 1259 2384 aedes,
1293 2326 1349 2374 et
1369 2318 1644 2385 imbrices,
1676 2319 1819 2390 quod

218 2410 499 2481 accipiant
544 2409 767 2465 imbres.
827 2409 1042 2482 Tegula:
1081 2418 1263 2466 autem
1300 2410 1491 2480 prima:
1536 2411 1821 2481 positionis

220 2514 442 2565 nomen,
484 2496 641 2568 cujus
682 2499 1059 2555 diminutivum
1097 2499 1345 2571 tigillum.
1382 2499 1646 2557 Laterculi
1693 2517 1820 2558 vero

218 2592 419 2657 vocati,
441 2591 589 2661 quod
612 2590 708 2646 lati
735 2589 1041 2647 formentur
1064 2591 1407 2647 circumactis
1430 2591 1663 2663 undique
1688 2607 1820 2662 qua-

220 2699 343 2745 tnor
376 2687 601 2743 tabulis.
650 2684 875 2743 Lateres
903 2695 1086 2741 autent
1118 2685 1271 2742 crudi
1306 2693 1461 2753 sunt,
1489 2686 1582 2755 qui
1624 2694 1680 2741 et
1718 2686 1819 2757 ipsi

219 2780 343 2836 inde
368 2779 663 2846 nominati,
693 2779 836 2851 quod
881 2778 978 2833 lati
1023 2778 1218 2851 ligneis
1262 2776 1453 2833 formis
1495 2776 1815 2840 ellieiuntur,

219 2884 453 2939 quorum
478 2875 661 2925 crates
700 2868 973 2933 dicuntur,
998 2867 1052 2922 in
1079 2867 1276 2938 quibus
1298 2866 1469 2921 lutum
1497 2878 1596 2936 pro
1628 2865 1817 2921 iisdem

218 2956 486 3015 lateribus
500 2956 683 3013 crudis
695 2965 912 3029 portare
925 2956 1115 3013 solent.
1136 2955 1275 3011 Sunt
1288 2956 1432 3011 enim
1455 2954 1817 3011 connexiones

218 3064 544 3114 cannarum,
570 3049 702 3105 dicti
726 3064 826 3119 apo
849 3057 940 3103 tou
961 3047 1182 3112 cratein,
1210 3046 1263 3101 id
1287 3053 1390 3114 est,
1419 3047 1562 3117 quod
1590 3061 1648 3101 se
1678 3045 1816 3100 invi-

218 3156 335 3198 cem
368 3148 616 3197 teneant.
644 3138 840 3195 Lutum
865 3146 1045 3195 autem
1072 3146 1325 3193 vocatum
1355 3135 1575 3208 quidam
1602 3151 1700 3207 per
1723 3151 1820 3189 an-

1912 597 2221 659 reticorum,
2256 597 2346 666 qui
2395 606 2676 667 postquam
2727 598 2856 651 moti
2904 605 3027 651 sunt
3074 597 3140 651 ab
3168 594 3406 657 Oriente.
3440 600 3493 654 id

1908 700 1989 744 est
2018 705 2047 743 a
2076 704 2205 744 vero
2232 689 2432 744 lumine
2463 696 2833 753 recesserunt,
2866 696 2920 743 et
2949 697 3210 743 venerunt
3255 689 3306 742 in
3343 704 3494 743 cam-

1910 798 2034 851 pum
2059 781 2303 836 Sennaar
2324 782 2416 851 qui
2443 781 2828 851 interpretatur
2844 780 3082 834 excussio
3101 780 3357 841 dentium,
3388 792 3497 834 sta-

1911 872 2007 926 tim
2056 872 2315 927 adversus
2363 871 2647 926 Dominum
2676 912 2688 936 ,
2733 869 3027 940 impietatis
3073 885 3183 924 sua:
3232 869 3499 925 aediﬁcant

1911 962 2125 1025 turrim,
2155 976 2221 1017 ac
2256 960 2565 1032 dogmatum
2602 960 2908 1030 superbiam
2949 959 3159 1015 nefario
3201 974 3333 1014 ausu
3361 972 3493 1014 con-

1911 1054 2139 1125 fingunt,
2164 1053 2407 1109 volentes
2452 1053 2763 1109 curiositate
2807 1068 2913 1109 non
2963 1053 3108 1107 licita
3160 1051 3327 1122 ipsius
3373 1052 3495 1108 οωιί

1910 1147 2016 1201 alta
2053 1153 2369 1215 penetrare;
2391 1145 2484 1199 sed
2510 1145 2648 1199 sicut
2694 1144 2766 1198 illi
2818 1158 2913 1213 per
2958 1144 3262 1212 superbiam
3292 1143 3362 1197 ab
3393 1159 3496 1197 una

1909 1239 2089 1311 lingua
2112 1239 2167 1293 in
2188 1238 2371 1293 multis
2394 1237 2551 1293 divisi
2576 1246 2721 1301 sunt,
2751 1237 2823 1290 ita
2851 1244 2905 1289 et
2929 1236 3169 1291 hmretici
3194 1235 3263 1289 ab
3288 1236 3496 1290 unitate

1912 1326 2033 1382 fidei
2064 1327 2403 1382 confessione
2432 1325 2696 1397 segregati
2729 1325 2870 1379 inter
2900 1339 2957 1379 se
2975 1365 2989 1389 ,
3014 1324 3327 1379 diversitate
3351 1340 3500 1379 erm-

1912 1419 2007 1485 ris,
2037 1419 2192 1490 quasi
2232 1435 2331 1490 per
2374 1419 2761 1473 dissonantiam
2808 1418 3022 1489 lingum,
3055 1418 3282 1473 invicem
3324 1433 3502 1472 secer-

1914 1519 2133 1566 nuntur.
2185 1510 2404 1566 Canalis
2441 1510 2583 1565 dicta
2632 1510 2699 1563 ab
2730 1524 2794 1564 eo
2825 1510 2966 1578 quod
3003 1524 3132 1564 cava
3180 1508 3251 1563 sit
3291 1510 3343 1563 in
3386 1524 3499 1563 mo-

1913 1604 2039 1659 tluut
2076 1621 2285 1669 canum,
2327 1618 2456 1659 sane
2498 1604 2739 1658 eamdem
2784 1602 2975 1656 melius
3010 1616 3206 1672 genere
3243 1601 3503 1656 feminino

1912 1711 2073 1765 quam
2119 1696 2417 1751 masculino
2475 1694 2818 1765 proferimus.
2872 1695 2947 1748 De
3000 1694 3275 1749 canalibus
3330 1695 3402 1749 ita
3447 1694 3501 1747 in

1913 1783 2109 1840 Genesi
2148 1784 2345 1854 legitur
2371 1800 2385 1838 :
2413 1784 2621 1839 Tollens
2646 1785 2822 1854 itaque
2860 1784 3024 1838 Jacob
3056 1788 3225 1856 virgas
3251 1785 3501 1856 populeas

1917 1874 2109 1929 virides
2137 1884 2185 1928 et
2212 1873 2598 1945 amygdalinas,
2626 1885 2674 1927 et
2701 1891 2766 1928 ex
2792 1874 3040 1943 platanis,
3064 1891 3130 1929 e1:
3146 1885 3292 1946 parte
3321 1876 3501 1931 decor—

1920 1964 2095 2018 ticavit
2121 1980 2230 2029 eas,
2261 1972 2310 2017 et
2346 1963 2567 2033 ponebat
2595 1964 2650 2018 in
2678 1962 2975 2028 canalibus,
3017 1964 3103 2018 ubi
3136 1966 3503 2033 effundebatur

1918 2069 2079 2123 aqua,
2108 2063 2156 2108 et
2181 2053 2445 2108 veniebam
2476 2053 2547 2108 ad
2569 2063 2779 2124 puteum
2807 2062 2989 2109 contra
3015 2072 3225 2126 pecora,
3248 2066 3305 2109 ut
3324 2059 3497 2110 conri-

1917 2153 2093 2214 percnt
2130 2160 2190 2198 eo
2229 2154 2476 2215 tempore,
2502 2160 2621 2199 cum
2665 2147 2896 2201 venirent
2938 2147 3007 2201 ad
3048 2149 3358 2218 potandum.
3389 2158 3498 2203 etc.

1919 2231 2072 2307 (Gen.
2103 2235 2252 2308 xxx),
2282 2234 2438 2305 cujus
2479 2237 2791 2308 mysterium
2841 2237 2944 2291 tale
2974 2247 3058 2293 est
3073 2256 3098 2297 .:
3127 2238 3254 2309 quid
3275 2246 3362 2294 est
3396 2238 3515 2292 vir-3

1919 2340 2016 2395 gas
2060 2327 2258 2384 virides
2300 2328 2702 2400 amygdalinas,
2752 2337 2914 2400 atque
2962 2346 3029 2386 ex
3078 2331 3339 2399 platanis,
3380 2341 3505 2386 ante

1919 2417 2102 2473 oculos
2147 2434 2367 2490 gregum
2413 2434 2632 2489 ponere,
2669 2420 2772 2475 nisi
2820 2435 2917 2489 per
2945 2418 3239 2491 Scriptura:
3282 2421 3502 2486 seriem,

1919 2508 2262 2578 antiquorum
2294 2508 2513 2563 Patrum
2536 2509 2676 2565 vitas
2713 2518 2874 2579 atque
2915 2510 3213 2566 sententias
3244 2512 3295 2565 iu
3321 2525 3506 2566 exent-

1919 2599 2065 2670 plum
2096 2601 2307 2671 pepulis
2337 2601 2615 2671 praebere?
2642 2601 2774 2670 Quae
2792 2602 3203 2681 nimirumqquia
3235 2603 3387 2673 juxta
3420 2600 3506 2659 ra:

1922 2692 2085 2747 tionis
2111 2709 2339 2748 examen
2368 2701 2531 2748 recta;
2556 2700 2701 2758 sunt,
2724 2693 2886 2763 virgae
2912 2693 3280 2758 nominantur,
3310 2694 3508 2763 quibus

1919 2798 1986 2839 ex
2015 2796 2168 2856 parte
2193 2786 2451 2840 corticem
2478 2785 2767 2849 subtrahit,
2798 2793 2857 2839 ut
2884 2785 2938 2838 in
2970 2785 3054 2839 bis
3075 2801 3195 2854 quae
3224 2785 3505 2854 expolian‘

1919 2884 2027 2941 tur,
2058 2875 2278 2930 intimus
2311 2875 2517 2931 candor
2559 2882 2850 2945 appareat,
2880 2884 2936 2930 ct
2962 2891 3028 2928 ex
3057 2886 3209 2945 parte
3247 2877 3505 2930 corticem

1919 2972 2122 3029 servat,
2147 2973 2207 3019 ut
2249 2965 2388 3020 sicut
2442 2964 2617 3020 fuerat
2661 2964 2901 3020 exterius
2934 2965 2985 3019 in
3017 2966 3244 3021 veritate
3287 2982 3503 3035 pertna~

1919 3063 2064 3110 neat.
2094 3053 2437 3126 Viridiorque
2476 3056 2750 3127 virgarum
2777 3056 2925 3111 color
2951 3054 3201 3123 ellicitur,
3233 3058 3359 3112 dum
3385 3075 3502 3112 cor-

1920 3153 2008 3200 tex
2040 3159 2107 3201 ex
2138 3153 2293 3216 parte
2315 3145 2672 3212 subtrahitur,
2696 3154 2752 3201 et
2783 3162 2848 3200 ex
2877 3154 3031 3216 parte
3061 3147 3342 3201 retinetur.
3367 3146 3504 3202 Ante

219 3230 509 3303 tlpbrasim
535 3238 749 3302 putant,
778 3231 920 3302 quod
944 3244 1049 3285 non
1075 3229 1146 3285 sit
1173 3228 1453 3283 mundum.
1485 3226 1621 3282 Nam
1652 3242 1813 3283 omne
1840 3208 1887 3272 δ
1920 3208 2368 3290 considerationis
2416 3234 2561 3290 enim
2612 3208 2812 3290 nostra:
2868 3208 3052 3291 oculos
3098 3236 3503 3305 prtedicantium

218 3323 387 3379 totum
418 3323 684 3379 mundum
725 3331 827 3379 est.
873 3321 1147 3377 Fictilium
1189 3327 1371 3375 autem
1412 3335 1635 3391 operum
1676 3322 1814 3376 ratio

214 3415 370 3487 juxta
416 3415 706 3486 mysticam
752 3415 1202 3487 significationem
1248 3414 1314 3468 ad
1352 3413 1685 3468 creationem
1715 3413 1815 3468 bu-

218 3521 395 3564 mana:
420 3508 749 3563 conditionis
783 3516 963 3578 potest
1003 3506 1217 3570 referri,
1248 3506 1374 3575 quia
1403 3506 1662 3576 scriptum
1689 3516 1773 3561 est
1798 3525 1811 3560 :

218 3596 499 3655 Formanit
543 3598 686 3653 Deus
728 3599 988 3652 hominem
1014 3596 1080 3651 de
1106 3596 1231 3651 limo
1261 3606 1439 3661 terrae,
1467 3605 1515 3651 et
1543 3596 1814 3667 inspiravit

214 3692 273 3747 in
300 3691 498 3762 [aciem
520 3690 637 3760 ejus
663 3690 985 3761 spiraculum
1012 3690 1157 3755 vitaz,
1182 3698 1230 3743 et
1263 3689 1434 3758 [actus
1458 3698 1532 3743 est
1574 3689 1728 3743 homo
1758 3691 1812 3745 in

216 3783 456 3836 animum
501 3780 753 3835 viventem
797 3777 951 3851 (Gen.
994 3780 1079 3849 ιι).
1136 3777 1358 3849 Figulus
1403 3787 1582 3834 autem
1634 3790 1816 3835 noster

217 3870 363 3927 Dens
393 3878 503 3935 est,
530 3871 674 3941 quod
703 3870 963 3942 propheta
992 3870 1257 3926 Jeremias
1283 3879 1335 3924 et
1367 3870 1639 3940 apostolus
1676 3870 1815 3925 Pau-

215 3962 301 4019 lus
349 3963 608 4034 probant.
634 3960 769 4017 Nam
815 3962 956 4033 apud
1000 3959 1291 4017 Jeremiam
1341 3960 1657 4031 prophetam
1710 3962 1815 4017 tale

216 4053 423 4124 aliquid
451 4052 698 4125 legimus,
720 4053 808 4107 ubi
826 4050 1047 4121 jubctur
1066 4066 1098 4105 a
1126 4051 1236 4107 Deo
1258 4050 1486 4105 introire
1513 4050 1567 4104 in
1597 4050 1813 4103 domum

217 4144 391 4218 ﬁguli,
418 4153 478 4200 et
507 4144 692 4199 videre
712 4159 838 4199 eum
862 4144 1151 4214 fingentem
1189 4142 1373 4212 utique
1399 4156 1494 4196 vas
1517 4140 1812 4211 collapsum

217 4237 284 4293 de
310 4235 569 4292 manibus
609 4235 741 4301 suis,
772 4235 1093 4305 recolligens
1122 4248 1338 4289 rursum
1370 4231 1527 4287 ﬁnxit
1552 4231 1679 4286 illud
1725 4246 1815 4286 sc-

216 4328 463 4384 cundum
513 4326 848 4382 voluntatem
893 4340 1046 4381 suam
1085 4322 1195 4380 :Et
1240 4325 1412 4395 factus
1456 4334 1563 4391 est,
1613 4324 1811 4394 inquit,

215 4437 391 4476 sermo
416 4418 634 4474 Domini
658 4418 728 4473 ad
752 4434 892 4485 eum,
922 4418 1139 4472 dicens:
1165 4415 1422 4487 Nunquid
1450 4431 1543 4485 ego
1573 4432 1676 4469 non
1698 4431 1815 4480 pos-

216 4527 335 4567 sum
355 4511 537 4582 facere
555 4509 741 4564 domus
763 4508 955 4575 Israel,
970 4509 1105 4563 sicut
1119 4505 1313 4580 figulus
1334 4507 1431 4561 iste
1443 4505 1469 4559 2
1483 4504 1618 4578 (Jer.
1634 4505 1814 4576 xvm.)

214 4603 286 4661 Et
313 4601 601 4672 Sapientia
631 4602 761 4657 dicit
787 4620 801 4655 :
834 4599 974 4655 Vasa
1013 4598 1163 4671 ﬁguli
1186 4597 1369 4670 probat
1412 4598 1623 4669 fornax,
1648 4608 1697 4653 et
1722 4599 1812 4653 Ito-

215 4696 387 4749 mines
404 4694 587 4765 justos
608 4694 822 4748 tentatio
849 4691 1039 4765 (Ercli.
1074 4689 1266 4762 xxvu).
1296 4688 1471 4745 Habet
1489 4705 1620 4762 ergo
1641 4691 1811 4746 nostri

215 4783 365 4841 Deus
407 4789 756 4854 potestatem,
788 4784 928 4838 sicut
968 4790 1023 4837 et
1064 4780 1259 4852 figulus
1298 4779 1416 4845 luti,
1450 4789 1509 4835 ut
1550 4780 1710 4837 faciat
1744 4782 1811 4837 ab

214 4873 409 4929 eadem
438 4885 617 4926 massa
644 4887 771 4926 vasa
803 4871 870 4925 ad
895 4871 1177 4935 honorem,
1205 4878 1263 4925 et
1283 4885 1409 4925 vasa
1437 4871 1504 4925 ad
1532 4879 1812 4926 contume-

215 4964 371 5019 liam.
424 4963 503 5017 De
550 4962 806 5017 lateribus
846 4972 1025 5017 autem
1058 4962 1112 5017 in
1143 4960 1339 5017 Genesi
1372 4962 1446 5015 ita
1478 4960 1688 5033 legitur,
1722 4964 1812 5018 ubi

215 5054 283 5112 de
302 5052 712 5109 constructione
733 5053 898 5107 turris
920 5052 1250 5107 mentionem
1274 5050 1402 5106 facit
1420 5071 1432 5106 :
1450 5049 1682 5121 Cumque
1695 5069 1815 5122 pro-

212 5144 585 5215 ﬁciscerentur
606 5144 669 5198 de
708 5142 943 5210 Oriente,
960 5144 1262 5199 invenerunt
1298 5159 1541 5214 campum
1573 5145 1630 5197 in
1673 5155 1813 5199 terra

214 5233 489 5298 Sennaar,
512 5243 561 5288 et
584 5235 940 5289 habitaverunt
968 5235 1023 5289 in
1053 5251 1113 5289 eo
1130 5275 1146 5300 ,
1167 5234 1404 5305 dixitque
1434 5232 1569 5289 alter
1597 5235 1667 5289 ad
1693 5254 1815 5307 pro~

212 5322 425 5379 timum
455 5338 651 5378 suum:
689 5321 887 5389 Venite,
919 5324 1177 5393 faciamus
1202 5322 1411 5388 lateres,
1442 5333 1489 5377 et
1532 5340 1814 5397 coquamus

212 5427 307 5469 eos
326 5413 466 5484 igni,
480 5412 872 5483 habueruntque
893 5411 1079 5466 lateres
1099 5429 1192 5483 pro
1214 5414 1380 5477 saxis,
1395 5422 1442 5467 et
1472 5412 1701 5468 bitumen
1720 5433 1814 5486 pro

214 5511 496 5557 manto.
514 5498 583 5556 Et
603 5503 848 5558 dixerunt
865 5500 1092 5565 :Venite,
1117 5502 1374 5572 faciamus
1396 5502 1542 5558 nobis
1557 5504 1811 5561 civitatem

215 5601 273 5649 τι
296 5595 514 5661 turrim,
542 5596 696 5666 cujus
720 5594 929 5649 culmen
960 5595 1221 5665 pertingat
1252 5595 1322 5649 ad
1353 5593 1561 5663 cretum,
1596 5606 1645 5651 et
1684 5596 1814 5653 cele-

214 5688 432 5741 brsmus
478 5703 666 5742 nomen
696 5696 930 5743 nostrum
961 5697 1240 5758 antequam
1272 5687 1574 5743 dividantur
1611 5689 1667 5743 in
1701 5691 1818 5744 uni-

220 5791 400 5833 versas
431 5786 601 5833 terras
621 5777 774 5849 (Gen.
801 5779 902 5847 xi),
926 5786 980 5833 et
1008 5777 1232 5849 reliqua.
1267 5779 1455 5835 Turris
1481 5780 1594 5837 hmc
1627 5797 1815 5853 super-

1846 4555 1897 4615 Ι)

1918 3323 2139 3380 Patrum
2180 3326 2494 3389 sententite,
2523 3325 2675 3396 quasi
2708 3325 2868 3397 virga:
2904 3326 3085 3389 varize,
3116 3336 3408 3397 ponuntur.
3445 3326 3503 3385 lu

1916 3415 2112 3488 quibus
2142 3416 2267 3471 dum
2310 3416 2625 3487 plerumque
2662 3416 2987 3472 intellectum
3018 3417 3209 3473 littera:
3251 3418 3503 3491 fuginnn,

1916 3507 2069 3578 quasi
2126 3507 2384 3563 corticem
2448 3508 2851 3575 subtrabimus,
2905 3521 2961 3563 et
3004 3510 3130 3564 dum
3190 3511 3507 3581 plerumque

1920 3596 2248 3653 intellectum
2292 3598 2482 3653 littera:
2510 3598 2810 3668 sequimur,
2836 3601 2991 3670 quasi
3032 3602 3287 3657 corticem
3324 3618 3504 3657 reser-

1919 3702 2128 3743 vamus.
2167 3687 2415 3758 Dumque
2442 3689 2512 3744 ab
2539 3689 2671 3759 ipsis
2697 3699 2880 3747 cortex
2908 3690 3104 3746 littere
3143 3693 3502 3755 subtrahitur,

1919 3776 2191 3849 allegoria:
2214 3778 2415 3832 candor
2438 3779 2664 3834 interior
2691 3780 3116 3845 demonstratur,
3145 3793 3201 3837 et
3226 3782 3353 3836 dum
3382 3799 3502 3838 cor-

1917 3874 2007 3922 tex
2067 3869 2430 3938 relinquitur,
2492 3870 2777 3925 exterioris
2847 3870 3216 3940 intelligentiae
3269 3873 3499 3928 virentia

1916 3956 2161 4028 exempla
2214 3966 2602 4014 monstrantur.
2656 3958 2801 4025 Quas
2850 3960 2986 4014 bene
3033 3959 3199 4016 Iacob
3245 3962 3299 4017 in
3349 3977 3504 4032 aqtue

1918 4048 2193 4103 canalibus
2222 4050 2431 4119 posuit,
2458 4050 2585 4121 quia
2616 4059 2671 4105 ct
2697 4050 3026 4121 Redemptor
3056 4060 3239 4106 noster
3269 4051 3321 4106 in
3350 4051 3501 4105 libris

1916 4153 2009 4193 eas
2046 4154 2215 4196 sacrm
2250 4140 2512 4206 scientiae,
2543 4139 2738 4211 quibus
2779 4158 2876 4196 nos
2906 4142 3229 4197 intrinsecus
3270 4142 3501 4197 infundi-

1917 4244 2059 4296 mur,
2091 4229 2227 4285 fixit.
2274 4229 2384 4285 llas
2431 4232 2755 4302 aspicientes
2796 4233 2996 4289 arietes
3040 4249 3162 4289 eum
3197 4235 3387 4291 ovibus
3412 4252 3502 4290 co-

1916 4328 2067 4386 eunt,
2091 4321 2215 4390 quia
2246 4321 2539 4378 rationales
2565 4326 2735 4379 nostri
2768 4321 3004 4395 Spiritus
3042 4326 3346 4383 intellectus
3373 4328 3501 4383 dum

1917 4412 1973 4466 in
2008 4427 2195 4468 earum
2244 4413 2543 4471 intentione
2571 4414 2736 4474 defixi
2762 4426 2907 4483 sunt,
2934 4418 3160 4492 singulis
3203 4420 3504 4491 quibusque

1922 4502 2223 4559 actionibus
2246 4506 2664 4576 permiscentur,
2694 4517 2751 4564 ut
2792 4508 2926 4566 tales
2955 4509 3095 4567 fetus
3119 4528 3341 4583 operum
3373 4530 3498 4584 pro-

1921 4602 2144 4661 creent,
2188 4595 2366 4665 qualia
2410 4596 2656 4669 exempla
2708 4601 3125 4671 praecedentium
3176 4603 3229 4658 in
3281 4604 3504 4661 vocibus

1918 4694 2305 4755 praeceptorum
2333 4686 2536 4742 vident.

1988 4773 2207 4831 Fistula:
2252 4791 2511 4848 aquarum
2549 4788 2675 4835 sunt
2699 4779 2875 4848 dictze,
2903 4797 3046 4853 quoi.
3077 4799 3246 4854 aquas
3277 4782 3505 4843 fundant

1917 4873 1972 4920 et
2016 4866 2284 4922 emittant.
2321 4865 2453 4923 Nam
2481 4869 2693 4924 stellein
2722 4869 2910 4928 Graece
2938 4873 3153 4928 mittere
3179 4882 3284 4939 est,
3313 4873 3502 4929 formae

1916 4972 2101 5012 earum
2135 4973 2235 5029 pro
2275 4960 2646 5051 magnitudine
2676 4968 2851 5031 aqum,
2883 4969 2937 5017 et
2984 4963 3299 5033 capacitatis
3343 4964 3503 5018 modo

1918 5050 2072 5104 fiunt.
2102 5048 2333 5106 Possunt
2359 5048 2543 5107 autem
2575 5051 2766 5108 fistula:
2797 5053 3025 5125 mystice
3050 5053 3333 5124 designare
3359 5069 3501 5122 pra:-

1916 5140 2215 5195 dicatorum
2238 5155 2355 5206 ora,
2378 5156 2444 5196 ex
2469 5141 2665 5212 quibus
2695 5158 2848 5213 aqua:
2871 5142 3128 5199 doctrina:
3157 5143 3505 5199 effunduntur

1918 5228 1971 5281 in
2000 5228 2164 5283 corda
2209 5229 2538 5297 auditorum,
2569 5246 2638 5286 ex
2687 5232 2845 5288 bonis
2891 5232 3143 5287 videlicet
3189 5234 3504 5290 doctoribus

1916 5319 2161 5374 salubres
2204 5334 2360 5389 aquze
2400 5328 2455 5376 et
2485 5335 2701 5388 suaves,
2732 5337 2799 5379 ex
2843 5321 2997 5378 malis
3039 5337 3171 5379 vero
3214 5339 3413 5378 amarae
3450 5336 3506 5380 et

1919 5412 2114 5467 noxiae.

2525 5505 2753 5562 CAPUT
2788 5506 2873 5561 ιν.

2499 5596 2573 5654 De
2630 5611 2912 5656 venustate.

1994 5690 2109 5747 lluc
2139 5706 2307 5761 usque
2344 5700 2527 5762 partes
2552 5696 2989 5753 eonstructionis.
3041 5697 3294 5767 Sequitur
3321 5696 3385 5750 de
3413 5713 3503 5754 ve-

1918 5792 2133 5839 nustate
2177 5783 2542 5843 aedificiorum.
2596 5786 2855 5847 Venustas
2903 5799 3025 5858 est,
3072 5789 3329 5862 quidquid
3373 5789 3500 5845 illud
