3950 6192
459 373 564 429 563

459 595 583 634 rum
629 595 762 635 auro
805 579 1054 635 distincta
1084 579 1356 650 laquearia
1377 621 1394 646 ,
1419 590 1474 635 et
1500 580 1720 652 pretiosi
1749 582 2036 636 marmoris

459 682 677 740 crustat,
707 681 762 728 et
789 672 1034 727 colorum
1062 672 1303 745 picturae.

1095 782 1323 843 CAPUT
1346 786 1409 839 γ.

1024 874 1103 929 De
1161 873 1461 944 laqueariis.

528 972 603 1025 De
644 968 931 1037 laqueariis
973 967 1087 1036 jam
1134 969 1335 1024 dictum
1377 978 1478 1033 est,
1524 970 1647 1040 quia
1700 970 2032 1040 splendorem

455 1065 843 1136 siinpliciorum
884 1063 1086 1119 Christi
1128 1062 1477 1129 famulorum,
1510 1073 1565 1118 et
1611 1072 1787 1117 tamen
1836 1063 2034 1117 virtute

454 1158 762 1214 sublimium
784 1156 1011 1227 ﬁguram
1042 1164 1247 1221 tenent,
1269 1164 1325 1211 et
1351 1156 1597 1211 decorem
1621 1155 1873 1211 Ecclesia:
1901 1171 2028 1225 prze

456 1252 602 1303 bent.

1069 1332 1295 1389 CAPUT
1328 1334 1411 1387 Vl.

1092 1424 1168 1476 De
1195 1424 1405 1477 crustis.

520 1520 729 1578 Crustas
780 1530 959 1575 autem
1023 1519 1215 1574 tabula).
1259 1529 1385 1575 sunt
1443 1519 1768 1573 marmoris:
1798 1517 1937 1570 [infe
1979 1526 2033 1569 et

452 1613 765 1669 marmorati
803 1613 1036 1682 parietes
1064 1610 1288 1665 crustati
1314 1611 1580 1666 dicuntur.

1049 1722 1279 1777 CAPUT
1318 1721 1426 1777 νη.

1015 1813 1094 1868 De
1138 1813 1463 1868 lit/rostratis.

520 1904 849 1960 Litbostrota
884 1913 1012 1960 sunt
1034 1904 1309 1960 elaborata
1356 1912 1473 1958 arte
1516 1904 1740 1974 picturae
1788 1902 2028 1972 parvulis

448 1997 647 2053 crustis
670 2013 735 2053 ac
761 1996 991 2052 tessellis
1019 1996 1201 2051 tinctis
1228 1996 1282 2050 in
1315 1996 1494 2051 varios
1520 1994 1749 2050 colores.
1776 1993 2028 2049 Tessella:

447 2097 624 2143 autem
652 2103 682 2141 a
709 2088 928 2144 tesseris
960 2087 1281 2151 nominatae,
1310 2085 1365 2140 id
1402 2095 1486 2141 est
1517 2085 1795 2155 quadratis
1832 2083 2028 2153 lapillis

444 2192 543 2247 per
569 2177 996 2232 diminutionem.
1025 2177 1101 2231 De
1120 2176 1429 2232 litboslroto
1451 2186 1631 2232 autem
1659 2177 1712 2230 in
1737 2174 2027 2246 Evangelio

443 2272 506 2326 ﬁt
548 2270 772 2335 mentio,
805 2271 894 2325 ubi
937 2271 991 2325 in
1026 2270 1277 2339 passione
1318 2269 1529 2326 Domini
1572 2268 1776 2323 Pilatus
1818 2268 2027 2323 sedisse

442 2375 543 2429 pro
568 2359 822 2414 tribunali
851 2360 1103 2414 scribitur
1144 2360 1197 2413 in
1228 2360 1346 2415 loco
1376 2359 1466 2430 qui
1501 2359 1701 2414 dicitur
1725 2358 2027 2413 Lithostro-

442 2459 529 2505 tos
571 2448 751 2519 (Joan.
781 2448 927 2518 xxx),
971 2447 1233 2504 Hebraice
1264 2457 1442 2504 autem
1480 2449 1782 2504 Gabbatha.
1825 2448 1882 2504 In
1918 2464 2026 2518 quo

441 2538 839 2603 manifestatur,
865 2538 1007 2607 quod
1030 2537 1288 2594 falsorum
1310 2546 1684 2594 accusatorum
1710 2540 1859 2594 varia
1880 2540 2025 2595 ﬁctio

440 2618 552 2686 rion
580 2630 752 2700 potuit
789 2628 1006 2685 vincere
1032 2629 1329 2700 simplicem
1374 2632 1731 2687 assertionem
1759 2633 2021 2697 veritatis,

440 2720 542 2778 sed
571 2721 664 2792 qui
687 2729 1008 2792 potestatem
1030 2722 1218 2778 habuit
1246 2722 1479 2793 ponendi
1514 2723 1749 2777 animam
1774 2739 1945 2791 suam,
1969 2734 2024 2779 et

441 2813 641 2868 iterum
668 2812 911 2867 sumendi
937 2827 1076 2878 eam,
1105 2813 1246 2868 dedit
1268 2813 1615 2882 semetipsum
1637 2828 1737 2883 pro
1764 2815 1940 2880 nobis,
1968 2824 2025 2869 ut

436 2920 540 2976 per
553 2902 865 2959 etl'usionem
887 2904 1163 2973 sanguinis
1189 2904 1270 2959 sui
1294 2903 1530 2959 maculas
1551 2903 1794 2960 diversas
1815 2914 2026 2961 nostro-

439 3011 564 3050 rum
594 2995 820 3055 diluoiret
848 3004 1214 3064 peccatorum.

1032 3104 1260 3161 CAPUT
1296 3104 1425 3160 Vlll.

1070 3195 1150 3250 De
1185 3196 1390 3268 plastis.

515 3288 744 3345 Plastice
777 3297 862 3344 est
895 3288 1162 3359 parietum
1201 3303 1269 3343 ex
1303 3301 1471 3359 gypso
1519 3286 1720 3359 efﬁgies
1761 3288 2019 3359 signaque

441 3378 763 3449 exprimere,
792 3378 1120 3450 pingereque
1148 3377 1437 3434 coloribus.
1481 3376 1713 3433 Plattein
1735 3384 1915 3433 autem
1942 3379 2023 3433 di-

440 3476 587 3525 ctum
600 3468 802 3533 Graece,
817 3468 961 3538 quod
984 3467 1175 3522 Latine
1190 3475 1273 3523 est
1285 3466 1489 3537 ﬁngere
1503 3474 1648 3521 terra
1670 3466 1753 3522 vel
1766 3481 1935 3538 gypso
1949 3466 2022 3521 si-

439 3557 791 3613 militudines.
821 3556 950 3612 Nam
973 3564 1028 3612 et
1044 3556 1302 3627 impressa
1329 3555 1517 3626 argilla
1538 3554 1765 3611 formam
1786 3555 2020 3625 aliquam

440 3648 643 3714 facere,
669 3647 859 3718 plastis
894 3656 1001 3711 est,
1032 3647 1174 3702 unde
1208 3656 1264 3701 et
1303 3645 1666 3717 protoplastus
1712 3655 1797 3702 est
1844 3646 2021 3701 dictus

439 3739 625 3803 homo,
647 3738 740 3807 qui
769 3753 835 3793 ex
865 3737 995 3792 limo
1023 3737 1230 3808 primus
1254 3745 1336 3792 est
1359 3736 1628 3791 conditus.

1054 3847 1279 3904 CAPUT
1317 3845 1410 3901 IX.

1056 3936 1134 3992 De
1161 3938 1385 4009 pictura.

511 4033 726 4089 Pictura
754 4039 837 4087 est
854 4031 1029 4100 imago
1058 4028 1369 4099 exprimens
1397 4028 1633 4097 speciem
1666 4027 1741 4083 rei
1770 4027 2015 4098 alicujus,

437 4140 560 4197 qua:
589 4125 716 4179 dum
750 4123 862 4179 visa
890 4121 1075 4187 fuerit,
1100 4120 1168 4175 ad
1210 4118 1639 4175 recordationem
1669 4128 1903 4173 mentem
1936 4133 2019 4173 re-

438 4216 611 4272 duxit.

1062 4302 1289 4360 CAPUT
1324 4302 1391 4357 Χ.

1036 4394 1114 4449 De
1137 4393 1414 4449 coloribus.

1126 372 1187 427 Β.
1227 372 1481 427 RABANI
1518 372 1738 431 MAURI
1777 372 2095 430 ARCHIEP.
2140 371 2445 429 MOGUNT.
2487 372 2768 431 OPERUM
2811 373 2989 430 PARS
3027 376 3091 430 ll.

458 488 763 544 ornamenti
785 495 841 542 et
861 487 1074 542 decoris
1097 502 1257 543 causa
1279 487 1520 545 aediﬁciis
1544 488 1773 553 additur,
1788 496 1847 542 ut
1873 497 2039 544 tecto-
2066 493 2114 551 Α

2754 488 2980 545 CAPUT
3020 490 3105 544 Xl.

2489 575 2563 629 De
2590 577 2946 633 instrumentis
2971 580 3331 648 wdi/iciorum.

2206 665 2547 720 Structuram
2575 675 2755 721 autem
2775 668 3042 738 parietum
3056 670 3123 724 ad
3149 686 3396 730 normam
3412 675 3557 744 ﬁeri,
3576 688 3625 735 et
3649 686 3713 737 ad

2135 755 2569 824 perpendiculum
2603 756 2932 827 respondere
2976 768 3206 829 oportet.
3261 762 3461 823 Norma
3494 768 3640 825 dicta
3683 790 3714 826 a

2135 845 2323 901 Graeco
2376 846 2655 913 vocabulo,
2681 857 2833 904 extra
2865 865 3028 920 quam
3050 862 3257 907 rectum
3281 856 3416 911 nihil
3475 860 3596 916 ﬁeri
3625 878 3711 931 po-

2135 943 2258 990 test.
2305 935 2660 1007 Componitur
2707 949 2889 996 autem
2932 957 3001 996 ex
3053 943 3226 1000 tribus
3271 949 3498 1018 regulis,
3537 954 3611 1008 ita
3657 964 3713 1010 ut

2135 1026 2253 1083 dure
2282 1028 2391 1082 sint
2414 1026 2663 1084 binorum
2688 1029 2886 1099 pedum
2914 1052 2927 1086 :
2961 1034 3120 1088 tertia
3149 1035 3349 1092 habeat
3368 1041 3535 1109 pedes
3556 1043 3711 1111 duos,

2133 1116 2321 1173 uncias
2348 1134 2401 1182 χ,
2448 1134 2583 1188 quas
2608 1121 2799 1190 aequali
2829 1123 3188 1181 crassitudine
3216 1127 3415 1197 politas
3450 1136 3714 1190 extremis

2131 1210 2500 1265 cacuminibus
2513 1211 2617 1266 sibi
2637 1211 2849 1284 jungat,
2879 1222 2938 1268 ut
2958 1230 3193 1271 scemam
3222 1216 3486 1294 [schema]
3517 1225 3712 1295 trigoni

2132 1297 2352 1354 faciant.
2388 1298 2446 1355 Id
2486 1300 2593 1356 erit
2626 1317 2836 1357 norma.
2866 1303 3073 1376 Regula
3119 1307 3287 1375 dicta,
3327 1313 3473 1382 quod
3528 1315 3601 1369 sit
3626 1331 3711 1369 re-

2133 1396 2240 1452 cta,
2290 1388 2445 1459 quasi
2481 1390 2705 1457 rectula,
2752 1400 2808 1447 et
2846 1393 3288 1464 impedimentum
3338 1416 3447 1455 non
3490 1403 3709 1460 habeat.

2135 1478 2580 1551 Perpendiculum
2599 1491 2702 1549 est,
2732 1485 2879 1554 quod
2925 1501 3137 1558 semper
3179 1491 3520 1560 appenditur.
3551 1494 3715 1552 Deni-

2132 1585 2240 1640 que
2268 1571 2322 1625 in
2348 1570 2550 1627 fabrica
2580 1573 2686 1629 nisi
2735 1575 2916 1630 omnia
2954 1577 3022 1632 ad
3042 1580 3485 1649 perpendiculum
3509 1594 3570 1640 et
3589 1599 3711 1641 cer-

2136 1670 2243 1715 tam
2295 1660 2534 1733 regulam
2579 1661 2758 1718 ﬁant:
2798 1679 3021 1720 necesse
3057 1676 3161 1733 est,
3214 1680 3409 1725 cuncta
3452 1675 3714 1732 mendosa

2134 1751 2484 1816 instruantur,
2527 1762 2589 1807 ut
2625 1752 2804 1824 aliqua
2832 1770 2997 1825 parva
3030 1757 3164 1824 sint,
3198 1759 3378 1830 aliqua
3428 1762 3710 1831 cubantia,

2060 1845 2106 1903 B
2133 1858 2300 1912 prona
2342 1842 2619 1910 nonnulla,
2659 1844 2763 1899 alia
2799 1845 2989 1916 supina
3018 1866 3031 1902 :
3069 1856 3126 1903 et
3165 1859 3389 1920 propter
3419 1853 3524 1908 hoc
3546 1864 3713 1912 ruant

2132 1933 2405 1998 universa,
2449 1948 2569 2003 quae
2598 1943 2723 1990 sunt
2749 1935 2891 1991 male
2914 1946 3244 1993 constructa.
3268 1940 3327 1996 ln
3354 1958 3544 1999 norma
3566 1946 3717 2002 enim

2130 2031 2187 2077 et
2217 2022 2396 2095 regula
2438 2032 2603 2093 atque
2625 2025 3007 2095 perpendiculo
3041 2030 3311 2099 xequitatis
3341 2033 3480 2087 ratio
3516 2034 3716 2091 intelli-

2129 2113 2301 2179 genda
2347 2122 2449 2179 est,
2486 2124 2546 2169 ut
2586 2120 2766 2170 omnia
2810 2131 2975 2187 opera
3016 2128 3203 2174 nostra
3246 2123 3542 2179 secundum
3587 2140 3708 2181 sano

2128 2212 2339 2259 ctarum
2384 2203 2787 2274 Scripturarum
2840 2208 3185 2264 traditionem
3230 2221 3285 2265 et
3330 2213 3577 2283 regulam
3626 2231 3712 2272 re-

2129 2306 2229 2350 cue
2269 2295 2417 2362 ﬁdei,
2452 2297 3006 2368 perpendiculnmque
3048 2316 3195 2356 sana:
3238 2302 3501 2360 doctrinae
3544 2305 3711 2363 facia.

2127 2402 2267 2453 mus,
2314 2396 2369 2443 et
2392 2388 2688 2443 secundum
2725 2389 2852 2456 hoc,
2901 2392 3047 2460 quod
3095 2393 3276 2448 divina
3317 2406 3595 2467 praecepta
3622 2399 3717 2453 do.

2125 2488 2268 2544 cent,
2299 2478 2379 2534 sic
2402 2494 2567 2548 opera
2608 2489 2792 2536 nostra
2813 2481 2880 2536 ad
2905 2481 3134 2538 salutem
3180 2486 3337 2540 nobis
3365 2489 3713 2556 proveniant.

2125 2571 2298 2626 Aliter
2332 2580 2512 2628 autem
2559 2573 2736 2642 perdit
2765 2589 2920 2630 suum
2947 2575 3206 2643 laborem,
3254 2578 3347 2648 qui
3387 2590 3548 2635 extra
3596 2581 3719 2637 hare

2125 2660 2256 2717 facit
2294 2682 2307 2717 :
2346 2663 2472 2733 quia
2526 2664 2628 2718 nisi
2671 2663 2926 2720 Dominus
2971 2667 3304 2737 aediﬁcaverit
3364 2671 3605 2735 domum,
3659 2674 3713 2727 in

2126 2772 2314 2841 vanum
2354 2755 2613 2819 laborant,
2660 2757 2750 2826 qui
2795 2758 3062 2827 aediﬁcant
3115 2776 3232 2815 eam
3274 2758 3450 2830 (Psal.
3496 2765 3709 2836 cxx").

2126 2846 2320 2901 Trulla:
2344 2862 2543 2902 nomen
2587 2846 2810 2914 factum,
2839 2863 2904 2905 eo
2950 2851 3092 2920 quod
3143 2853 3312 2908 trudit
3349 2862 3406 2907 et
3446 2854 3711 2920 detrudit,

2124 2936 2176 2990 id
2205 2944 2307 3002 est,
2335 2936 2560 2992 includit
2597 2938 2748 2994 calce
2766 2938 2852 2994 vel
2904 2940 3256 3012 lutolapides.
3308 2943 3497 2999 Trulla
3527 2954 3711 3001 autem

2124 3027 2454 3081 czennentarii
2492 3026 2763 3098 signiﬁcat
2800 3028 3095 3098 spiritalem
3132 3030 3550 3090 aediﬁcationem
3592 3035 3715 3100 Dei,

2123 3130 2285 3186 quam
2324 3116 2438 3186 ipse
2493 3114 2691 3173 artifex
2710 3117 2947 3186 optimus
2981 3119 3035 3172 in
3080 3122 3486 3178 constructione
3526 3123 3714 3181 Eccle-

2052 3196 2096 3258 C
2127 3208 2221 3263 sia:
2278 3223 2389 3263 sua:
2431 3209 2562 3280 agit.
2605 3208 2760 3264 Unde
2805 3209 2859 3263 in
2922 3208 3089 3265 Amos
3131 3212 3395 3282 propheta
3442 3214 3713 3285 scriptum

2123 3306 2208 3352 est
2235 3316 2249 3349 :
2280 3296 2347 3351 Et
2398 3315 2515 3353 ecce
2550 3297 2811 3354 Dominus
2839 3308 2986 3355 stans
3023 3317 3181 3371 super
3217 3319 3429 3357 murum
3459 3304 3638 3371 litum,
3663 3316 3713 3361 et

2121 3387 2178 3440 in
2225 3403 2412 3443 manus
2450 3388 2566 3458 ejus
2617 3388 2779 3442 trulla
2807 3390 3149 3456 cwmcntarii,
3187 3401 3238 3445 et
3275 3391 3410 3447 dixit
3450 3392 3712 3450 Dominus

2121 3478 2190 3532 ad
2214 3496 2294 3533 me
2322 3475 2495 3541 :Quid
2518 3488 2576 3533 tu
2601 3478 2959 3546 vides,Amos?
2982 3489 3031 3535 et
3053 3479 3196 3535 dixi:
3223 3480 3462 3536 'l'rullam
3488 3500 3713 3551 cremen-

2121 3571 2244 3625 tarii
2268 3584 2285 3623 :
2312 3579 2358 3624 et
2382 3570 2515 3624 dixit
2542 3570 2798 3626 Dominus
2837 3588 2855 3626 :
2887 3571 3023 3627 Ecce
3056 3590 3148 3644 ego
3172 3590 3363 3645 ponam
3409 3574 3631 3631 trullam
3656 3578 3710 3632 in

2119 3662 2292 3717 medio
2326 3662 2505 3734 populi
2542 3665 2644 3719 mei
2683 3664 2875 3731 Israel,
2915 3683 3017 3720 non
3063 3668 3315 3739 adjiciam
3356 3669 3502 3724 ultra
3552 3690 3710 3744 super

2122 3750 2520 3819 wdiﬁcationem
2584 3752 2661 3807 vel
2706 3753 3122 3810 misericordiam
3173 3757 3424 3813 inducere
3471 3777 3619 3825 eum,
3660 3774 3707 3817 et

2119 3838 2462 3894 demolientur
2486 3841 2690 3896 excelsa
2715 3841 2845 3897 idoli
2866 3853 2913 3897 et
2945 3844 3387 3914 sanctiﬁcationes
3416 3846 3593 3904 Israel
3620 3851 3710 3905 de-

2117 3928 2427 3984 solabuntur
2461 3930 2641 4002 (Amos
2675 3932 2793 4005 vn).
2823 3934 3083 3992 Dominus
3102 3946 3308 4004 autem,
3338 3940 3430 4009 qui
3452 3950 3539 3997 est
3569 3952 3715 3998 stru-

2117 4026 2236 4074 ctor
2274 4021 2521 4076 maceriae
2553 4030 2608 4077 et
2643 4022 2780 4093 lapis
2808 4025 3105 4095 angularis,
3128 4031 3498 4086 comminatur
3525 4034 3708 4088 aufer-

2117 4127 2176 4166 re
2214 4125 2274 4167 se
2304 4111 2522 4168 trullam
2552 4115 2607 4169 in
2647 4116 2851 4172 auxilio
2889 4119 3246 4188 protectionis
3281 4135 3394 4176 sua:
3423 4138 3454 4176 a
3505 4123 3705 4194 populo

2115 4203 2303 4259 Israel.
2341 4205 2585 4276 Cumque
2625 4207 2885 4265 Dominus
2927 4214 3320 4281 protectionem
3359 4231 3521 4271 suam
3547 4228 3604 4273 et
3624 4218 3708 4288 (ut

2117 4297 2188 4350 ita
2218 4295 2418 4370 dicam)
2446 4298 2672 4368 parietis
2694 4300 3079 4357 vestimentum
3115 4302 3274 4359 trulla
3302 4316 3559 4363 cessante
3574 4310 3709 4365 sub-

2118 4385 2344 4440 traxerit
2383 4403 2396 4440 :
2443 4395 2572 4443 tunc
2623 4387 2984 4469 demolientur
3039 4391 3253 4447 excelsa
3303 4393 3602 4463 idolorum,
3650 4405 3709 4453 et

508 4485 726 4542 Colores
767 4492 945 4539 autem
974 4484 1104 4540 dicti
1140 4521 1155 4545 ,
1210 4483 1352 4553 quod
1378 4481 1558 4537 calore
1596 4480 1737 4552 ignis
1775 4482 1858 4537 vel
1904 4482 2017 4537 sole
2044 4547 2081 4553 _
2116 4475 2572 4534 sanctiﬁcationes
2643 4479 2830 4536 decem
2876 4480 3111 4537 tribuum
3177 4482 3571 4540 desolabumur
3622 4487 3711 4542 vel

431 4573 807 4647 perﬁciuntur,
833 4574 946 4629 sive
973 4575 1115 4642 quod
1161 4547 1316 4627 initio
1344 4547 1679 4637 colabantu'r,
1703 4580 1764 4626 ut
1789 4587 2015 4629 summa:
2042 4547 2093 4606 Β
2117 4566 2490 4624 destruentur.
2539 4569 2701 4626 Juxta
2743 4586 3039 4645 anagogem
3072 4575 3205 4630 dicit
3241 4575 3503 4633 Dominus
3539 4577 3707 4634 Chri-

432 4665 751 4724 subtilitatis
773 4666 1086 4720 existerent.
1119 4664 1340 4721 Colores
1375 4672 1556 4720 autem
1585 4673 1881 4720 nascuntur
1923 4673 2018 4720 aut

432 4759 590 4824 ﬁunt,
622 4762 918 4812 nascuntur
943 4762 1001 4807 ut
1021 4754 1246 4824 sinopis,
1264 4755 1502 4820 rubrica,
1525 4754 1876 4824 paritonium,
1902 4770 2014 4810 me-

431 4850 624 4917 linum,
649 4848 869 4913 eretria,
900 4847 1372 4918 auripigmentum.
1403 4845 1596 4902 Cazteri
1622 4847 1897 4918 ﬁnguntur
1921 4857 2015 4904 aut

430 4953 551 5001 arte
580 4950 672 5001 aut
692 4939 1062 5012 permistione.
1089 4937 1310 4994 Colores
1335 4946 1518 4992 autem
1537 4936 1739 4994 diversi
1767 4938 2010 4994 diversas

426 5033 738 5108 signiﬁcant
764 5031 972 5102 species
992 5030 1481 5101 virtutum,quibhs
1499 5029 1785 5085 decoratur
1803 5029 2007 5100 plasma

429 5127 531 5183 Dei
565 5126 634 5181 ad
669 5124 957 5197 imaginem
986 5123 1068 5179 sui
1093 5120 1424 5187 Conditoris,
1447 5130 1507 5176 ut
1531 5120 1784 5176 ruborem
1808 5119 2010 5191 sinopi-

412 5217 517 5273 .dis
544 5215 629 5272 vel
665 5214 819 5271 minii
859 5213 1109 5269 ostendat
1144 5212 1198 5268 in
1239 5212 1433 5267 ardore
1459 5210 1760 5275 cbaritatis,
1794 5219 1849 5266 et
1876 5226 2007 5281 pur-

426 5308 726 5377 purismum
773 5306 829 5361 in
876 5303 1135 5376 martyrio
1173 5310 1229 5360 et
1271 5301 1609 5372 passionibus
1661 5316 1760 5371 pro
1809 5300 2012 5356 Christi

430 5399 652 5455 nomine
693 5398 964 5469 expensis,
1003 5397 1057 5452 in
1098 5394 1491 5466 auripigmento
1535 5392 1872 5464 splendorem
1917 5407 2009 5448 sa-

429 5489 666 5558 pientiae,
695 5490 750 5543 in
770 5496 964 5544 veneto
983 5496 1143 5558 atque
1169 5485 1461 5559 hyacintho
1488 5485 1762 5542 cmicstem
1778 5498 2006 5540 conver-

433 5578 719 5643 sationem,
750 5580 805 5632 in
835 5592 1024 5633 cerusa
1068 5581 1358 5634 candorem
1391 5577 1682 5642 castitatis,
1714 5584 1771 5631 et
1795 5574 2009 5631 caeteris

434 5669 712 5739 speciebus
739 5669 1021 5734 virtutum,
1056 5680 1114 5723 ut
1136 5686 1234 5740 pro
1262 5686 1319 5724 se
1348 5669 1721 5740 opportunitas
1749 5667 2008 5738 temporis

434 5758 611 5825 all'crt,
638 5770 690 5814 et
728 5761 863 5815 ratio
889 5762 1119 5831 postulat
1147 5763 1369 5816 ordinis.

2114 4668 2254 4725 stus,
2300 4670 2357 4717 et
2382 4671 2491 4717 stat
2511 4678 2674 4732 super
2702 4680 2915 4719 murum
2946 4664 3340 4733 ﬁrmissimum,
3374 4682 3545 4738 super
3567 4686 3706 4741 apo-

2112 4749 2281 4806 stolos
2306 4761 2360 4808 et
2402 4763 2620 4808 sanctos
2648 4768 2799 4818 suos,
2844 4754 3039 4824 quibus
3077 4756 3243 4821 dedit,
3275 4765 3333 4811 ut
3362 4758 3467 4827 ipsi
3510 4775 3708 4816 murus

2114 4839 2456 4896 ﬁrmissimus
2496 4852 2838 4896 vocarentur.
2872 4841 3024 4899 Unde
3051 4851 3107 4899 et
3131 4842 3294 4903 Petro
3322 4844 3461 4901 dixit
3488 4866 3503 4902 :
3540 4848 3624 4904 Tu
3648 4866 3705 4905 es

2114 4930 2328 5001 Petrus,
2365 4946 2415 4989 et
2448 4953 2606 5008 super
2648 4937 2783 4991 hanc
2840 4947 3041 5007 petram
3078 4937 3351 5007 wdiﬁcabo
3400 4937 3703 4998 Ecclesium

2114 5041 2282 5080 meam
2312 5039 2331 5077 :
2359 5037 2407 5080 et
2435 5036 2599 5097 porta?
2615 5027 2772 5097 inferi
2794 5044 2897 5082 non
2924 5027 3276 5099 praevalebunt
3305 5030 3561 5088 adversus
3583 5050 3701 5089 eam

2117 5115 2329 5186 (Matth.
2360 5117 2492 5191 xvr).
2524 5118 2626 5186 Qui
2653 5135 2860 5185 murus,
2889 5119 2991 5175 nisi
3011 5120 3225 5175 Domini
3248 5119 3578 5178 defendatur
3604 5140 3703 5180 au-

2115 5207 2263 5273 xilio,
2287 5223 2501 5263 omnem
2525 5207 2891 5264 fortitudinem
2905 5210 3107 5265 amittit
3131 5228 3144 5263 :
3171 5210 3267 5265 sed
3292 5225 3357 5266 eo
3375 5222 3700 5286 protegente

2116 5300 2171 5354 in
2196 5309 2400 5355 tantum
2430 5302 2683 5357 robustus
2703 5309 2807 5367 est,
2830 5301 3116 5357 utdicatur
3140 5303 3208 5357 ad
3234 5317 3357 5358 eum
3389 5322 3402 5358 :
3434 5303 3497 5359 Si
3521 5317 3699 5361 trans-

2114 5390 2237 5445 ieris
2291 5408 2384 5461 per
2451 5391 2640 5463 ignem,
2691 5392 2907 5462 ﬂamma
2964 5408 3069 5445 non
3118 5393 3382 5447 comburat
3436 5404 3489 5449 te
3553 5394 3690 5467 (lsa.

2110 5483 2297 5556 mu);
2346 5494 2657 5555 quantoque
2728 5485 2900 5555 magis
2973 5485 3359 5540 tentationibns
3424 5489 3693 5554 tunditur,

2115 5584 2264 5630 tanto
2300 5574 2420 5646 plus
2446 5574 2634 5631 fortior
2664 5574 2723 5630 ﬁt
2747 5585 2802 5631 et
2836 5591 2934 5646 pro
2964 5577 3182 5633 nomine
3207 5576 3508 5638 Salvatoris
3557 5579 3700 5635 inter

2112 5668 2319 5739 ﬂagella
2364 5669 2593 5725 laetatur.
2643 5669 2813 5726 Scala:
2839 5688 2869 5726 a
2910 5672 3238 5737 scandendo,
3268 5671 3321 5727 id
3362 5684 3469 5737 est,
3504 5688 3698 5729 ascen-

2112 5758 2285 5814 dendo
2318 5769 2542 5816 vocatre.
2594 5760 2809 5817 llazrcnt
2837 5761 2983 5820 enim
3007 5763 3244 5834 parietes
3270 5781 3282 5817 :
3305 5763 3469 5819 scala:
3508 5774 3692 5818 autem
