3950 6192
155 405 252 461 565

1119 405 1208 461 DE
1247 403 1594 462 UNIVERSO
1631 403 1807 458 LIBRI
1847 405 2010 460 XXII.
2048 435 2118 446 ——
2157 405 2284 460 LIB.
2325 405 2466 461 XXI.

3297 404 3408 459 5136

152 537 264 592 qum
295 518 574 582 dicuntur,
606 525 700 571 aut
729 531 846 570 una:
875 523 1000 572 sunt
1019 525 1114 571 aut
1143 516 1492 586 plures,qula
1517 516 1726 570 numeri
1757 521 1802 578 Α
1833 517 2074 572 trabibus
2116 527 2295 573 autem
2341 519 2392 572 in
2445 517 2579 571 libro
2619 516 2822 586 Regum
2861 516 2931 570 ita
2980 515 3242 586 scriptum
3272 524 3356 571 est
3396 531 3420 570 :

153 619 358 666 tantum
412 608 644 680 pluralis
697 616 781 663 est
835 622 1056 672 nomen,
1081 615 1142 661 ut
1177 607 1394 672 litterae,
1454 622 1572 674 qua:
1616 607 1729 676 epi-

153 702 341 756 stolam
384 700 713 769 signiﬁcant.
747 698 920 754 Scalae
955 699 1100 753 enim
1155 699 1382 769 mystice
1425 698 1731 768 signiﬁcant

153 790 426 862 profectus
445 797 756 844 sanctorum
777 803 878 856 per
896 787 1313 858 prmdicationes
1336 802 1542 841 eorum.
1577 787 1731 842 Unde

155 884 203 936 in
247 882 452 938 Genesi
485 880 686 951 legitur
727 877 878 950 (Gen.
917 879 1129 950 xxvnt),
1159 880 1304 949 quod
1337 878 1538 932 viderit
1565 878 1732 932 Jaco‘.)

157 975 202 1027 in
229 973 440 1027 somnis
469 972 670 1027 scalam
685 980 920 1025 stantem
953 985 1115 1041 super
1137 979 1357 1034 terram,
1384 978 1438 1024 et
1471 967 1730 1023 cacumen

151 1063 263 1133 ejus
316 1074 545 1134 tangens
605 1061 822 1117 caelum.
890 1059 1126 1116 Somnus
1198 1060 1302 1116 iste
1364 1058 1532 1115 Jacob
1587 1073 1734 1113 mors

156 1155 260 1209 sive
307 1154 492 1224 passio
533 1162 618 1208 est
669 1151 893 1207 Christi.
923 1150 1087 1221 Lapis
1127 1151 1196 1206 ad
1251 1159 1417 1220 caput
1456 1150 1595 1221 ejus,
1640 1149 1732 1219 qui

157 1245 472 1301 nominatim
517 1242 915 1313 quodammodo
949 1242 1127 1296 dictus
1167 1250 1252 1296 est
1303 1242 1467 1296 etiam
1517 1248 1731 1305 unctus,

157 1337 400 1391 Christus
453 1332 810 1405 signiﬁcatur.
855 1331 1025 1403 Caput
1075 1332 1217 1387 enim
1258 1334 1355 1387 viri
1386 1333 1627 1387 Christus
1656 1341 1732 1387 est

158 1427 204 1500 (1
229 1427 352 1481 Cor.
376 1426 502 1496 x1);
535 1426 657 1496 quis
684 1425 826 1478 enim
857 1424 1029 1479 nescit
1071 1424 1348 1480 Christum
1389 1427 1458 1480 ab
1479 1425 1735 1480 unctione

159 1513 454 1583 appellari?
495 1513 696 1567 Domus
747 1519 928 1567 autem
984 1511 1078 1568 Dei
1124 1512 1442 1567 Bethlehcm
1494 1513 1730 1568 dicitur:

160 1605 273 1672 quia
317 1603 395 1659 ibi
439 1613 599 1658 natus
633 1612 718 1658 est
751 1602 1019 1658 Christus.
1063 1603 1227 1657 Porta
1275 1618 1403 1658 vero
1435 1603 1578 1668 caeli,
1606 1604 1732 1673 quia

160 1693 225 1747 ibi
281 1693 336 1746 in
389 1701 592 1748 terram
655 1691 959 1757 descendit,
1026 1693 1118 1746 ubi
1169 1692 1366 1746 iterum
1420 1693 1488 1746 ad
1537 1693 1733 1749 ccelum

159 1787 484 1842 conscendit.
514 1786 730 1841 Erectio
773 1794 955 1840 autem
980 1785 1174 1855 lapidis
1217 1789 1543 1844 resurrectio
1576 1787 1733 1844 Chri-

1832 607 2018 662 Posuit
2049 608 2304 663 Salomon
2339 609 2508 663 trabes
2537 609 2590 662 in
2633 609 2789 661 domo
2816 624 2905 677 per
2934 607 3209 662 circuitum
3249 607 3418 675 forins

1831 717 2002 764 secus,
2054 710 2110 752 ut
2157 717 2260 754 non
2290 701 2545 754 luererent
2588 700 2753 753 muris
2775 698 2972 768 templi,
2998 708 3104 752 etc.
3140 697 3190 767 (1
3200 699 3223 750 1
3232 698 3255 750 Ι
3286 698 3410 770 Reg.

1832 793 1930 863 v1.)
1978 791 2078 858 Qui
2109 792 2291 862 itaque
2321 793 2504 848 trabes
2552 791 2766 857 domus,
2807 806 2925 860 qnze
2965 791 3207 845 tabulata
3236 801 3417 860 porta--

1835 881 1981 944 bant,
2017 881 2118 936 nisi
2157 881 2536 950 praedicatores
2563 881 2758 946 sancti,
2786 890 2912 936 sunt
2932 881 3110 952 typicc
3142 882 3448 952 designati,

1834 972 1924 1039 qui
1950 972 2075 1026 dum
2098 972 2200 1041 ipsi
2229 973 2516 1028 sublimem
2541 981 2703 1042 atque
2731 974 3104 1029 hanorabilem
3131 974 3185 1029 in
3229 974 3418 1030 Eccle-

1835 1062 1914 1116 sia
1939 1061 2030 1117 Dei
2057 1062 2233 1118 locum
2265 1071 2505 1128 teneant,
2533 1062 2859 1118 inﬁrmiores
2885 1078 3128 1133 quosque
3157 1079 3221 1118 ac
3243 1062 3414 1134 fragi—

1835 1152 1913 1208 les
1933 1152 2046 1208 suis
2075 1153 2551 1223 praedicationibus
2577 1155 2644 1209 ab
2666 1154 3006 1209 inﬁrmorum
3029 1154 3268 1224 appetitu
3295 1170 3415 1210 sus-

1835 1243 2030 1297 tollant
2059 1261 2072 1296 :
2117 1251 2279 1314 atque
2306 1243 2374 1298 ad
2407 1243 2650 1300 cmlestia
2677 1244 3034 1300 desideranda
3060 1259 3124 1300 ac
3153 1245 3416 1315 speranda

1834 1334 2207 1403 suspendunt:
2243 1334 2356 1391 suis
2385 1335 2548 1388 etiam
2597 1334 3098 1401 intercessionibus,
3140 1344 3200 1389 ut
3229 1335 3286 1391 in
3313 1351 3416 1391 ca:-

1833 1425 1942 1494 ptis
1963 1424 2283 1493 persistant,
2314 1423 2667 1494 adjuvantur?
2694 1424 2826 1480 Item
2862 1427 3045 1482 trahes
3074 1427 3176 1481 sub
3201 1426 3309 1481 alia
3339 1427 3414 1482 si-

1833 1515 2175 1586 gniﬁcatione
2197 1516 2251 1570 in
2272 1515 2561 1586 Evangelio
2582 1515 2753 1586 posita
2779 1524 2880 1578 est,
2908 1516 2998 1570 ubi
3023 1516 3280 1572 Dominus
3303 1517 3379 1571 ait
3403 1533 3416 1570 :

1837 1606 1977 1672 Quid
1999 1619 2172 1661 autem
2201 1607 2340 1662 vides
2385 1607 2639 1677 festucam
2668 1608 2724 1662 in
2749 1605 2900 1660 oculo
2935 1607 3117 1678 fratris
3163 1607 3262 1672 tui,
3311 1615 3426 1660 tra-

1835 1697 1947 1750 bem
1998 1705 2192 1760 autem,
2242 1713 2360 1766 qua:
2386 1698 2442 1751 in
2467 1696 2618 1751 oculo
2649 1707 2739 1751 tuo
2796 1706 2890 1764 est,
2932 1713 3033 1751 non
3082 1697 3426 1754 consideras?

1839 1786 2053 1858 (Matth.
2088 1787 2208 1859 vn.)
2237 1787 2337 1842 Hic
2367 1789 2548 1844 trabes
2578 1798 2858 1858 peccatum
2889 1788 3084 1858 majus,
3109 1795 3164 1843 et
3184 1790 3430 1845 maxime-

160 1878 220 1930 sti
263 1885 366 1931 est.
424 1876 594 1932 Porro
622 1876 768 1932 scala
818 1877 1072 1933 Christus
1122 1885 1226 1942 est,
1257 1877 1351 1948 qui
1401 1879 1538 1934 dixit
1569 1893 1584 1933 :
1613 1877 1727 1952 Ego
1755 1875 1803 1935 B
1831 1877 2030 1933 invidia
2069 1878 2289 1950 intelligi
2316 1887 2528 1949 potest:
2562 1879 2766 1934 festuca
2789 1887 3076 1949 peccatum
3100 1879 3280 1935 minus
3304 1881 3421 1936 sive

158 1985 264 2022 mn
309 1969 395 2022 via
418 1966 604 2038 (Joan.
639 1967 750 2038 xiv)
776 1985 790 2034 ;
821 1984 920 2039 per
964 1970 1104 2024 hanc
1144 1969 1512 2027 ascendebant
1541 1979 1598 2027 et
1635 1970 1732 2027 de-

159 2057 487 2112 scendebant
534 2056 709 2126 angeli
746 2055 902 2129 (Gen.
937 2057 1153 2130 xxvm),
1210 2059 1265 2115 in
1312 2060 1508 2128 quibus
1533 2060 1734 2132 signiﬁ-

158 2150 252 2203 cati
292 2158 420 2204 sunt
448 2149 796 2220 evangelista:
824 2150 1211 2219 praedicatores
1268 2150 1474 2206 Christi
1507 2167 1734 2208 :ascen-

157 2240 336 2295 dentes
386 2240 600 2308 utique,
625 2255 749 2294 eum
770 2240 841 2294 ad
868 2240 1269 2312 intelligendam
1294 2242 1411 2313 ejus
1440 2243 1735 2312 superemi-

158 2333 524 2387 nentissimam
542 2331 876 2386 divinitatem
897 2334 1164 2387 excedunt
1187 2333 1499 2388 universam
1522 2342 1737 2389 creatu-

160 2437 263 2476 ram
288 2440 301 2475 :
329 2431 389 2476 ut
410 2436 538 2476 cum
563 2421 842 2476 inveniant
864 2421 918 2477 in
942 2422 1231 2492 principio,
1258 2421 1496 2478 Verbum
1518 2423 1732 2478 Domini

158 2515 285 2584 apud
305 2514 616 2579 Dominum,
631 2528 729 2582 per
749 2529 908 2583 quem
933 2511 1077 2568 facta
1092 2522 1218 2568 sunt
1241 2513 1424 2568 omnia
1445 2511 1628 2584 (Joan.
1653 2513 1693 2584 ι)
1715 2530 1730 2581 ;

158 2606 543 2662 descendentes
580 2613 780 2669 autem,
825 2612 886 2658 ut
933 2619 1056 2659 eum
1092 2604 1372 2660 inveniant
1412 2603 1615 2658 factum
1669 2619 1734 2659 ex

157 2697 393 2763 muliere,
417 2696 627 2750 factum
656 2697 757 2751 sub
769 2695 924 2766 lege;
951 2703 1137 2763 uteos,
1165 2695 1258 2766 qui
1286 2695 1388 2752 sub
1417 2693 1535 2765 lege
1556 2703 1732 2761 erant,

156 2789 443 2845 redimeret
453 2786 603 2859 (Gal.
642 2788 739 2859 tv).

757 2877 990 2934 CAPUT
1029 2876 1141 2933 XII.

771 2971 844 3024 De
890 2970 1128 3041 lignariis
1140 3008 1155 3024 .

217 3063 531 3134 Lignarius,
557 3061 885 3132 generaliter
901 3061 1030 3131 ligni
1055 3059 1236 3130 opifex
1263 3059 1582 3130 appellatur.
1607 3057 1737 3112 Car-

154 3155 443 3227 pcntarius,
493 3152 732 3224 speciale
797 3167 991 3208 nomen
1028 3161 1113 3207 est
1158 3167 1172 3206 :
1213 3159 1527 3221 carpentum
1585 3149 1733 3214 facit,

156 3250 287 3303 sicut
333 3247 746 3302 navicularius:
780 3247 908 3315 quia
944 3253 1150 3300 tantum
1191 3244 1409 3298 navium
1435 3253 1519 3297 est
1569 3241 1736 3298 fabri-
1762 3225 1806 3287 (ἶ

155 3350 300 3396 catur
338 3349 396 3396 et
425 3338 653 3394 artifex.
717 3336 1053 3392 Sarcitector
1083 3334 1278 3398 dictus,
1333 3335 1479 3402 quod
1504 3349 1568 3387 ex
1598 3333 1737 3387 mul-

157 3431 220 3486 tis
252 3432 377 3486 liiuc
401 3439 458 3486 et
495 3428 620 3483 inde
651 3425 954 3496 conjunctis
1007 3425 1206 3480 tabulis
1247 3440 1413 3478 unum
1461 3424 1591 3480 tecti
1617 3439 1734 3478 sar-

154 3522 256 3575 ciat
292 3536 538 3592 corpus:
565 3519 708 3574 idem
732 3526 789 3573 et
839 3517 1121 3590 lignarius,
1161 3515 1289 3586 quia
1327 3515 1554 3571 tectoria
1577 3514 1738 3585 lignis

157 3613 374 3667 inducit.
437 3610 680 3682 Lignarii
729 3624 858 3680 ergo
906 3625 971 3664 ac
1017 3608 1347 3678 carpentarii
1376 3614 1538 3676 atque
1567 3607 1737 3662 sarci-

157 3713 389 3759 teetores
407 3711 642 3774 possunt
663 3700 888 3772 intelligi
911 3701 1082 3756 sancti
1104 3699 1356 3754 doctores
1397 3707 1561 3767 atque
1593 3714 1733 3769 pra:-

156 3798 422 3851 dieatores
473 3794 780 3866 Evangelii,
837 3793 930 3864 qui
985 3792 1229 3863 spiritale
1285 3791 1574 3847 aediﬁcium
1628 3793 1738 3848 Deo

156 3889 258 3942 suis
307 3886 662 3943 sermonibus
705 3893 868 3954 atque
902 3884 1060 3938 bonis
1109 3881 1373 3953 exemplis
1408 3891 1735 3953 praeparant,

153 3990 202 4034 et
244 3981 360 4036 sive
403 3995 474 4035 ex
527 3979 740 4032 noviter
774 3975 1124 4032 credentibus
1153 3977 1371 4029 domum
1412 3975 1525 4030 Deo
1573 3975 1740 4028 aediﬁ-

153 4081 293 4138 cant,
323 4071 445 4126 sive
468 4085 535 4125 ex
573 4070 678 4134 his,
729 4083 866 4138 quos
894 4067 1135 4122 hmreticoi
1192 4075 1352 4134 atque
1404 4065 1738 4121 schismatici

151 4179 243 4231 per
269 4176 525 4218 errorem
576 4165 951 4228 corruperant,
1005 4157 1200 4210 iterum
1233 4156 1354 4210 illos
1382 4155 1733 4224 increpando,

151 4263 307 4323 atque
329 4251 681 4321 corrigendo,
711 4251 778 4304 ad
814 4248 1057 4319 spiritale
1087 4247 1371 4302 aediﬁcium
1403 4249 1497 4302 Dei
1528 4256 1736 4302 restau-

152 4354 288 4398 rant.
333 4343 498 4398 Unde
517 4351 574 4396 et
612 4341 665 4395 in
697 4340 883 4395 Exodo
931 4338 1264 4409 carpentarii
1290 4338 1560 4408 leguntur,
1589 4347 1645 4393 et
1683 4337 1738 4392 in

149 4437 285 4493 libro
338 4437 557 4508 Regum
609 4433 752 4488 fabri
800 4433 1109 4504 lignorum,
1159 4441 1218 4486 et
1261 4431 1590 4486 caementarii
1649 4432 1741 4486 de-

148 4531 489 4593 scribuntur,
539 4526 630 4597 qui
662 4526 1044 4580 instaurabunt
1066 4531 1366 4580 sartatccta
1396 4524 1589 4579 domus
1612 4524 1732 4580 Dei.

149 4621 379 4676 Materia
406 4618 534 4673 inde
574 4617 773 4672 dicitur
801 4630 965 4670 omne
991 4615 1218 4686 lignum,
1251 4616 1395 4684 quod
1451 4631 1518 4670 ex
1549 4630 1613 4670 ea
1640 4617 1738 4671 ali-

147 4715 270 4782 quid
326 4706 750 4767 elliciatur:vel
803 4707 848 4760 si
908 4706 976 4760 ad
1001 4704 1223 4774 januam
1260 4703 1488 4771 referas,
1547 4705 1634 4760 vel
1669 4707 1736 4761 ad

148 4816 406 4871 statuam,
484 4801 715 4857 materia
766 4799 893 4853 erit.
942 4798 1024 4854 Ad
1077 4797 1278 4868 aliquid
1330 4797 1476 4852 enim
1524 4813 1740 4868 seraper

148 4901 379 4956 materia
423 4899 744 4969 accipienda
798 4908 907 4965 est,
959 4898 1102 4955 sicut
1150 4897 1424 4953 elementa
1453 4897 1735 4951 materiam

150 5009 334 5048 rerum
368 5007 498 5048 esse
541 4991 814 5046 dicimus:
857 4991 983 5060 quia
1033 4989 1158 5044 inde
1199 5003 1287 5053 ea,
1328 5003 1447 5057 qua:
1484 4993 1610 5041 sunt
1659 4986 1738 5040 fa-

146 5096 226 5142 cta
286 5086 680 5139 videmus:ct
728 5083 980 5147 materia,
1024 5081 1178 5152 quasi
1229 5088 1426 5144 mater,
1468 5077 1635 5133 dicta.
1683 5079 1738 5134 In

146 5179 387 5237 Materia
415 5177 565 5232 enim
601 5177 830 5247 mystice
861 5175 1096 5246 intelligi
1125 5181 1305 5244 potest
1325 5173 1560 5228 humana
1589 5186 1740 5225 crea-

146 5281 305 5326 tura:
337 5269 492 5325 unde
535 5266 732 5322 artifex
779 5281 1023 5321 summus
1060 5280 1160 5336 per
1212 5262 1439 5334 Opiﬁces
1461 5277 1606 5328 suos,
1639 5262 1740 5317 hoc

142 5373 243 5428 est,
286 5363 553 5418 doctores
603 5366 819 5413 sanctos
871 5356 1224 5426 multiplicem
1272 5360 1541 5423 pneparat
1577 5367 1740 5406 orna-

142 5464 252 5510 tum
299 5451 577 5516 ecclesiae,
635 5459 689 5504 et
725 5464 852 5502 vasa
903 5455 1025 5517 apta
1072 5447 1140 5500 ad
1179 5443 1545 5500 ministerium
1574 5457 1730 5496 suum

142 5546 406 5601 aediﬁcat.
466 5540 676 5597 Trabes
713 5547 934 5604 vocatae,
1000 5537 1142 5607 quod
1184 5536 1238 5589 in
1285 5543 1598 5589 transverso
1645 5549 1734 5603 po-

143 5637 258 5691 sita:
331 5643 607 5701 utrosque
655 5629 895 5700 parietes
962 5627 1292 5683 contineant.
1342 5623 1500 5678 Aliud
1551 5632 1730 5677 autem

142 5737 263 5780 sunt
296 5727 480 5796 tigna,
519 5721 663 5776 aliud
697 5721 877 5775 trabes
903 5738 912 5772 :
940 5718 1085 5789 tigna
1128 5717 1273 5774 enim
1299 5713 1486 5784 juncta
1525 5716 1731 5771 trabem

145 5819 372 5875 Liciunt.
430 5816 638 5870 Trabes
701 5821 885 5869 autem
933 5820 1076 5876 sunt,
1103 5825 1224 5866 cum
1266 5817 1390 5864 sunt
1413 5807 1624 5864 dolatae.
1658 5808 1733 5864 De

1836 1967 2121 2024 subitanca
2142 1969 2442 2024 iracundia.
2472 1970 2698 2024 Asseres
2726 1970 2792 2024 ab
2813 1986 2932 2025 asse
2962 1971 3114 2037 dicti,
3166 1971 3294 2040 quia
3320 1972 3429 2027 soli

1835 2068 2126 2129 ponuntur,
2158 2074 2333 2130 neque
2358 2059 2652 2128 conjuncti.
2683 2059 2952 2115 Scindula:
2983 2076 3047 2115 eo
3090 2061 3235 2129 quod
3272 2061 3418 2116 scin-

1837 2153 2048 2216 dantur,
2080 2152 2132 2207 id
2157 2160 2260 2220 est,
2294 2152 2624 2208 dividantur.
2654 2153 2712 2207 In
2755 2153 3028 2208 asseribus
3059 2161 3243 2207 autem
3293 2153 3420 2222 quia

1836 2251 1980 2298 tecto
2003 2242 2196 2298 domus
2240 2243 2585 2307 conveniunt,
2610 2242 2747 2299 bene
2770 2242 3089 2314 pteniteutia
3119 2242 3291 2311 accipi
3323 2257 3421 2312 po-

1836 2342 1962 2400 test,
1993 2334 2075 2390 vel
2098 2335 2355 2402 charitas,
2405 2351 2525 2406 qua:
2559 2336 2736 2404 operit
2786 2333 3186 2388 multitudinem
3230 2347 3422 2402 pecca-

1838 2433 2014 2480 torum
2067 2425 2120 2496 (I
2162 2422 2434 2497 Petunt),
2480 2433 2536 2479 et
2586 2425 2639 2479 in
2686 2424 2894 2496 psalmo
2943 2424 3214 2494 Propheta
3248 2424 3418 2479 dicit:

1834 2514 1986 2570 Beati
2013 2532 2238 2586 quorum
2285 2517 2516 2570 remissa:
2545 2525 2668 2569 sunt
2723 2515 3044 2584 iniquitates,
3094 2525 3142 2569 et
3199 2530 3428 2585 quorum

1835 2614 1969 2659 tecta
2010 2614 2129 2659 sunt
2169 2615 2382 2676 peccata
2405 2603 2580 2677 (Psal.
2613 2603 2787 2675 xxxx).
2815 2603 2996 2676 Epigri
3023 2614 3079 2658 et
3104 2603 3241 2658 clavi
3271 2610 3430 2669 sunt,

1836 2696 2031 2767 quibus
2059 2696 2260 2769 lignum
2284 2696 2429 2768 ligno
2455 2697 2717 2751 adhaeret.
2749 2694 2898 2752 Clavi
2927 2695 3079 2761 dicti,
3109 2697 3264 2767 quasi
3293 2697 3424 2751 cha-

1835 2785 1965 2852 labi,
2005 2787 2131 2855 quia
2161 2802 2230 2842 ex
2277 2786 2503 2858 chalybe
2548 2785 2702 2853 ﬁunt,
2770 2787 2822 2842 id
2849 2795 2932 2842 est
2961 2786 3104 2841 ferro
3138 2805 3151 2841 :
3199 2787 3424 2858 chalybs

1836 2878 1981 2933 enim
2031 2877 2233 2933 ferrum
2273 2887 2375 2934 est.
2415 2877 2563 2934 Clavi
2617 2886 2796 2934 autem
2840 2879 3066 2950 mystice
3114 2887 3424 2933 sanctorum

1835 2970 2247 3040 praedicationes
2275 2970 2438 3025 corda
2462 2969 2744 3025 hominum
2773 2969 3154 3041 transﬁgentes
3200 2970 3434 3040 intelligi

1835 3071 2063 3134 possunt
2092 3081 2105 3117 :
2131 3063 2273 3118 unde
2300 3063 2354 3117 in
2378 3061 2667 3118 Salomone
2696 3062 2956 3132 scriptum
2978 3071 3062 3119 est
3091 3080 3103 3116 :
3139 3060 3307 3116 Verba
3331 3080 3423 3116 sa-

1837 3155 2091 3222 pientium
2137 3164 2186 3210 et
2227 3153 2428 3208 stimuli
2488 3165 2536 3209 et
2570 3155 2723 3225 quasi
2769 3152 2903 3207 clavi
2952 3153 3009 3207 in
3053 3151 3220 3205 altum
3261 3151 3432 3221 deﬁxi

1839 3244 2037 3317 (Eccle.
2070 3243 2190 3316 xu).
2221 3243 2441 3300 Tabula:
2473 3259 2504 3298 a
2533 3244 2810 3299 veteribus
2839 3242 3033 3314 tegula:
3068 3243 3424 3306 vocabantur,

1837 3350 1868 3388 a
1899 3334 2126 3405 tegendo
2145 3335 2372 3400 scilicet,
2430 3336 2572 3390 unde
2607 3341 2662 3389 et
2692 3332 2902 3404 tagulae.
2953 3331 3321 3388 Commissura
3345 3333 3426 3400 die

1836 3426 1978 3482 citur
2003 3425 2312 3481 tabularum
2345 3424 2673 3494 conjunctio.
2709 3423 2928 3478 Tabulae
2979 3431 3160 3477 autem
3200 3434 3427 3493 possunt

1837 3517 2143 3589 signiﬁcare
2173 3515 2358 3572 ﬁdeles
2385 3517 2684 3581 auditores,
2740 3515 2833 3586 qui
2878 3530 2907 3568 a
2956 3514 3204 3568 trabibus
3240 3513 3323 3568 vel
3359 3514 3424 3568 ti-

1837 3608 1978 3680 gnis,
2016 3609 2117 3663 hoc
2145 3616 2248 3673 cst,
2276 3625 2308 3663 a
2330 3607 2535 3664 sanctis
2564 3607 2874 3663 doctoribus
2902 3613 3315 3662 sustentantur:
3347 3605 3426 3662 sic

1837 3708 1891 3754 et
1919 3699 2273 3754 commissura
2300 3713 2487 3754 eorum
2511 3699 2689 3752 unitas
2719 3706 2774 3752 et
2813 3697 3052 3752 charitas
3089 3696 3313 3765 lntelligi
3336 3712 3417 3766 po»

1839 3797 1966 3846 test.
1993 3790 2177 3846 Sectio
2197 3799 2377 3846 autem
2399 3789 2542 3844 dicta
2572 3805 2603 3842 a
2629 3788 2908 3858 sequendo
2931 3803 2995 3844 ea
3032 3803 3152 3858 qua:
3171 3789 3420 3859 coeperit.

1838 3883 1974 3938 Nam
2007 3898 2196 3939 secare
2229 3882 2426 3937 sectari
2457 3890 2512 3937 et
2545 3881 2697 3950 sequi
2725 3889 2831 3934 est.
2867 3879 3046 3934 Serra:
3103 3887 3280 3932 autem
3327 3895 3426 3935 no-

1839 3991 1962 4030 men
2009 3977 2078 4031 de
2110 3989 2243 4030 sono
2291 3971 2495 4027 factum
2549 3979 2654 4035 est,
2697 3970 2750 4024 id
2799 3976 2902 4033 est,
2947 3983 2977 4021 a
3009 3967 3264 4023 stridore.
3295 3965 3425 4024 Haec

1839 4066 2270 4136 persecutionem
2319 4068 2374 4122 in
2413 4066 2751 4123 Christianos
2794 4065 2988 4119 factam
3021 4065 3089 4117 ab
3120 4061 3446 4118 inﬁdelibus.

1841 4157 2152 4228 signiﬁcare
2169 4167 2348 4228 potest
2372 4177 2384 4212 :
2419 4159 2560 4214 unde
2582 4168 2638 4213 et
2661 4158 2712 4212 in
2735 4155 2994 4227 Apostolo
3022 4155 3252 4226 legimus
3277 4171 3290 4208 :
3318 4153 3425 4206 La-

1838 4252 2004 4322 pidati
2030 4261 2171 4316 sunt,
2194 4252 2318 4305 secti
2353 4261 2493 4317 sunt,
2519 4251 2572 4303 in
2613 4249 2868 4304 occisione
2892 4247 3056 4318 gladii
3087 4246 3282 4300 mortui
3300 4256 3438 4300 sunt

1842 4339 1999 4412 (IIeb.
2025 4341 2122 4412 xi).
2157 4341 2224 4395 Et
2244 4341 2436 4396 Isaiam
2460 4341 2781 4410 prophetam
2812 4339 2988 4409 lignea
3041 4352 3194 4392 serra
3236 4352 3420 4392 serra-

1844 4444 1955 4489 tum
1982 4434 2261 4503 Scriptura
2292 4441 2496 4487 narrat.
2529 4431 2776 4487 Circinus
2799 4432 2995 4495 dictus,
3024 4431 3165 4499 quod
3192 4445 3422 4500 vergens

1843 4527 1912 4580 do
1936 4523 2131 4579 eﬂiciat
2154 4523 2436 4588 circulum,
2481 4523 2635 4594 cujus
2663 4523 2855 4576 modus
2877 4521 3147 4590 duplicata
3179 4521 3319 4575 linea
3340 4521 3418 4585 ﬁt,

1844 4632 1964 4686 qua:
1991 4616 2219 4685 simplex
2262 4631 2360 4686 per
2405 4616 2740 4670 latitudinem
2786 4622 3011 4670 extensa
3059 4613 3254 4669 fuerat.
3284 4614 3425 4669 Pun-

1843 4714 1965 4761 ctus
1995 4714 2176 4759 autem
2212 4705 2264 4758 in
2293 4705 2469 4760 medio
2495 4703 2684 4759 circini
2721 4713 2968 4758 centrum
3000 4717 3031 4757 a
3057 4701 3262 4757 Graecis
3293 4703 3434 4758 dici—

1846 4805 1952 4861 tur,
1982 4796 2033 4849 in
2065 4795 2219 4865 cujus
2263 4795 2493 4850 medium
2519 4804 2713 4850 cuncta
2734 4801 3088 4864 convergunt.
3116 4793 3190 4848 De
3218 4792 3432 4847 circino

1844 4896 2024 4942 autem
2072 4896 2128 4942 et
2169 4887 2380 4942 caeteris
2431 4886 2806 4942 instrumentis
2854 4883 3235 4941 artiﬁciosisin
3265 4882 3420 4942 Isaia.

1845 4979 1934 5034 ubi
1982 4979 2048 5032 dc
2093 4979 2268 5049 plaste
2321 4978 2449 5035 idoli
2494 4978 2698 5033 mentio
2726 4978 2806 5044 ﬁt,
2859 4977 2934 5032 ita
2979 4976 3239 5045 scriptum
3291 4983 3420 5028 est.:

1842 5068 2018 5122 Faber
2052 5069 2306 5138 ferrarius
2353 5068 2482 5122 lima
2533 5077 2778 5138 operatus
2807 5067 2964 5121 estin
3011 5065 3216 5134 prunis,
3271 5073 3320 5117 et
3367 5065 3418 5116 in

1857 5160 2044 5214 ualleis
2099 5160 2341 5230 formavit
2388 5159 2543 5225 illud,
2594 5169 2642 5213 et
2688 5167 2931 5229 aperatus
2970 5166 3045 5209 est
3104 5157 3159 5208 in
3209 5155 3422 5209 brachio

1841 5251 2167 5319 fortitudinis
2188 5267 2320 5304 suar.
2376 5250 2582 5319 Artifex
2613 5249 2867 5318 lignarius
2889 5246 3115 5301 extendit
3161 5261 3420 5309 normam,

1842 5343 2085 5412 formavit
2114 5342 2248 5396 illud
2276 5343 2332 5395 in
2362 5342 2582 5395 runcina
2620 5355 2638 5392 :
2671 5340 2790 5409 fecit
2823 5337 2955 5391 illud
2983 5338 3039 5390 in
3067 5337 3334 5406 angulari,
3373 5347 3419 5390 et

1840 5432 1896 5485 in
1924 5432 2122 5486 circino
2151 5433 2376 5486 tornatvit
2403 5431 2557 5497 illud,
2592 5441 2640 5485 et
2675 5430 2796 5499 fecit
2821 5428 3103 5498 imaginem
3127 5427 3243 5491 viri,
3267 5429 3425 5497 quasi

1838 5529 2129 5598 speciosum
2163 5528 2425 5582 hominem
2451 5525 2769 5580 habitantem
2804 5524 2858 5576 in
2880 5522 3034 5575 domo
3084 5519 3218 5590 (lsa.
3249 5525 3416 5592 κων).

1839 5619 2110 5688 Quidquid
2141 5627 2322 5672 autem
2351 5617 2418 5672 de
2441 5616 2598 5672 idolis
2634 5615 2835 5670 dictum
2886 5621 2989 5678 est,
3016 5621 3195 5683 potest
3227 5614 3424 5671 referri

1839 5720 1894 5766 et
1932 5709 1998 5764 ad
2059 5712 2326 5765 haereseos
2377 5707 2665 5779 principes,
2719 5705 2810 5776 qui
2859 5703 3143 5759 simulacra
3198 5702 3419 5772 dogma-

1843 5813 1955 5858 tum
1984 5818 2204 5861 suorum
2250 5811 2414 5870 atque
2441 5797 2707 5854 mendacii
2756 5795 2950 5851 artiﬁci
3007 5793 3167 5850 corde
3198 5809 3420 5865 compos
