3950 6192
466 370 566 424 567

1144 371 1203 424 Β.
1248 369 1499 425 RABANI
1518 410 1519 413 η
1536 370 1753 425 ωυιιι
1792 371 2051 426 ΑΒὉΗΙΕ

2157 371 2462 430 MOGUNT.
2498 372 2783 432 ορειιωι
2816 376 2997 433 PARS
3032 377 3098 434 ιι.

3626 378 3738 435 568

466 501 618 553 num,
634 493 690 542 et
714 498 1041 543 venerantur
1061 502 1145 552 ea,
1182 502 1301 556 qua:
1325 502 1357 540 a
1385 501 1443 542 se
1474 486 1652 542 sciunt
1697 500 1817 542 esse
1864 486 2035 541 simu-
2063 488 2114 549 Α
2139 496 2222 543 εει
2250 487 2391 544 mala
2416 504 2579 559 opera
2605 504 2887 557 exercere,
2918 491 3003 547 vel
3037 492 3176 548 male
3206 496 3420 557 docere,
3453 502 3515 549 ut
3543 496 3600 551 in
3626 493 3734 552 Sa-

463 584 604 638 !ata:
631 598 738 638 non
764 581 959 638 sufﬁcit
1002 582 1083 637 eis
1120 596 1276 637 error
1300 582 1573 651 proprius,
1621 583 1726 638 nisi
1774 582 2047 653 simplices

464 691 707 746 quosque
729 689 918 730 eorum
947 673 1257 729 adulatione
1287 673 1616 744 deceperint,
1659 675 1747 743 qui
1780 683 2043 743 qumstum

464 770 658 832 putant
681 775 801 815 esse
834 760 1117 831 pietatem,
1146 767 1204 814 et
1234 759 1503 814 devorant
1534 760 1725 814 domus
1766 760 2045 813 viduarum

464 852 514 923 (Ι
543 852 673 906 Tim.
699 851 799 922 vi),
848 852 1241 920 abutentesque
1282 850 1422 921 vulgi
1464 851 1760 921 imperitia,
1807 852 1880 905 ita
1930 860 2048 905 arte

464 946 773 1010 dialectica,
818 945 974 1014 quasi
1005 944 1171 1008 ascia,
1214 942 1435 998 tcrebro
1465 953 1519 998 et
1554 941 1682 998 lima
1711 951 1767 997 et
1798 944 2046 1007 runcina,

464 1037 701 1091 formant
726 1036 921 1105 dogma
944 1051 1123 1098 suum,
1152 1044 1222 1090 eti
1254 1035 1456 1089 eudunt
1485 1033 1680 1090 malleo
1705 1045 1867 1103 atque
1895 1035 2051 1088 inau-

465 1139 588 1182 rant
640 1128 909 1182 sermonis
958 1128 1215 1182 rhetorici
1273 1135 1575 1191 venustate,
1624 1143 1845 1198 quorum
1910 1127 2048 1181 Deus

462 1228 754 1281 venterest,
790 1229 836 1271 et
884 1217 1052 1287 gloria
1094 1219 1149 1271 in
1187 1218 1494 1287 confusione
1538 1235 1719 1273 eorum
1747 1216 1915 1289 (Phil.
1942 1220 2043 1286 tu).

466 1307 688 1364 Securis
711 1316 935 1363 vocatur
954 1324 1018 1362 eo
1033 1308 1173 1377 quod
1194 1323 1259 1361 ea
1272 1307 1494 1363 arbores
1514 1308 1877 1372 succidantur,
1897 1309 2048 1378 quasi

465 1407 729 1463 succuris.
753 1406 884 1462 Item
908 1406 1134 1467 securis,
1158 1405 1314 1474 quasi
1338 1404 1622 1461 semicuris
1650 1422 1663 1458 :
1688 1420 1756 1461 ex
1782 1420 1887 1460 una
1909 1404 2052 1459 enim

466 1506 621 1567 parte
647 1506 805 1553 acuta
833 1505 933 1559 est,
962 1513 1026 1552 ex
1050 1496 1216 1552 altera
1250 1496 1499 1552 fossoria.
1526 1496 1651 1553 Haec
1679 1497 1821 1567 apud
1845 1506 2055 1551 veteres

466 1600 641 1655 penna
682 1588 1010 1652 vocabatur;
1059 1598 1342 1657 utramque
1392 1594 1573 1642 autem
1603 1587 1809 1643 habens
1856 1588 2052 1652 aciem,

465 1678 740 1748 bipennis.
788 1677 925 1732 Nam
965 1678 1213 1748 bipennis
1256 1681 1475 1747 dicitur,
1517 1680 1662 1750 quod
1709 1694 1774 1734 ex
1826 1690 2056 1751 utraque

466 1776 625 1837 parte
645 1769 842 1824 habeat
860 1779 1075 1824 acutam
1100 1769 1295 1837 aciem,
1318 1771 1474 1841 quasi
1495 1771 1631 1826 duas
1647 1786 1857 1841 pennas
1883 1789 1897 1826 :
1920 1787 2055 1842 pen-

468 1872 597 1911 num
627 1866 808 1912 autem
836 1858 1045 1928 antiqui
1080 1866 1299 1913 acutum
1325 1858 1598 1915 dicebant.
1630 1858 1705 1914 De
1737 1875 1928 1915 secure
1952 1876 2052 1915 au-

469 1958 575 2002 tem
611 1947 847 2003 Joannes
883 1950 1120 2019 Baptista
1145 1950 1213 2006 ad
1254 1948 1469 2006 Judaeos
1498 1951 1572 2006 ita
1600 1952 1715 2007 ait:
1747 1949 1873 2006 1am
1917 1952 2055 2006 enim

466 2041 665 2095 securis
699 2043 769 2095 ad
820 2042 1021 2097 radices
1059 2044 1307 2098 arborum
1343 2046 1515 2115 posita
1568 2055 1645 2101 est
1690 2044 1905 2118 (Matth.
1949 2049 2051 2119 ιιι).

467 2131 647 2186 Arbor
685 2132 846 2203 hujus
874 2135 1059 2189 mundi
1083 2143 1168 2189 est
1194 2136 1503 2192 universum
1534 2152 1706 2208 genus
1735 2138 2050 2195 humanum.

470 2224 693 2280 Securis
716 2240 841 2280 vero
869 2235 956 2281 est
983 2226 1312 2297 Redemptor
1330 2236 1536 2295 noster,
1561 2229 1653 2299 qui
1681 2230 1829 2286 velut
1854 2244 1921 2285 ex
1945 2247 2057 2285 ma-

468 2315 665 2371 nubrio
690 2325 745 2372 et
773 2314 922 2372 ferro
948 2326 1164 2373 constat
1202 2336 1214 2371 :
1251 2326 1568 2389 teneturque
1596 2335 1666 2376 ex
1700 2321 2052 2387 humanitate,

467 2405 566 2460 sed
583 2404 774 2460 incidit
787 2421 857 2462 ex
879 2406 1159 2462 divinitate
1183 2426 1195 2461 :
1223 2423 1341 2477 quze
1364 2408 1613 2464 videlicet
1631 2407 1965 2478 securisjam
1987 2411 2057 2466 ad

467 2494 709 2549 radicem
743 2497 954 2550 arboris
990 2497 1146 2552 istius
1171 2498 1346 2566 posita
1368 2509 1451 2554 est
1483 2514 1498 2553 :
1527 2501 1653 2570 quia
1687 2496 1815 2556 etsi
1847 2516 1944 2570 per
1963 2517 2057 2573 pa-

469 2583 720 2639 tientiam
755 2595 1053 2654 exspectat,
1088 2587 1297 2641 videtur
1334 2597 1513 2643 tamen
1545 2591 1675 2659 quid
1714 2591 1919 2645 factura
1951 2600 2051 2646 εει.

471 2672 658 2730 Potest
678 2685 735 2728 ct
749 2677 957 2732 securis
982 2678 1200 2734 nomine
1219 2680 1530 2748 praedicatio
1543 2685 1810 2738 sermonis
1820 2699 2053 2756 evange-

469 2766 560 2822 lici
582 2767 806 2838 intelligi
825 2783 838 2821 :
858 2770 1006 2838 quia,
1029 2771 1322 2826 secundum
1351 2772 1689 2839 Apostolum.
1712 2775 1859 2829 vivus
1884 2791 2055 2830 sermo

470 2858 569 2913 Dei
612 2869 661 2913 et
704 2861 886 2930 efficax
933 2871 980 2915 et
1010 2860 1383 2930 penetrabilior
1426 2864 1569 2916 omni
1607 2863 1786 2934 gladio
1814 2866 2052 2937 ancipiti,

469 2962 517 3005 et
542 2952 833 3022 pertingens
858 2970 1022 3023 usque
1060 2954 1132 3007 ad
1172 2954 1478 3010 divisionem
1522 2956 1738 3021 animm,
1781 2959 1955 3011 carnis
2005 2968 2054 3011 et

468 3043 709 3111 spiritus,
732 3060 1037 3115 compagum
1077 3062 1278 3116 quoque
1310 3055 1357 3100 et
1378 3045 1752 3111 medullarum,
1783 3056 1828 3102 et
1852 3048 2052 3102 discre-

2147 575 2363 633 lomone
2393 596 2406 632 :
2432 577 2581 634 Unus
2629 580 2926 650 wdiﬁcans,
2975 594 3023 637 et
3058 599 3194 637 unus
3228 584 3504 639 destruens
3538 584 3737 655 (Eccii.

2148 668 2359 740 xxxiv).
2387 669 2454 723 Et
2483 669 2538 724 in
2562 670 2760 726 bonam
2789 683 3002 740 partem
3029 687 3127 742 per
3149 672 3441 729 Jeremiam
3483 675 3690 731 dicitur
3724 695 3739 731 :

2150 756 2221 814 Ut
2239 760 2479 816 destruas
2534 772 2584 817 et
2636 763 2861 832 azdiﬁces
2928 764 3061 835 (λεν.
3116 765 3179 834 ι).
3243 765 3505 829 Mundare
3561 776 3650 824 est.
3711 786 3745 824 a

2149 848 2297 905 vitiis
2316 864 2638 923 expurgare,
2670 860 2731 906 ut
2755 862 2837 906 est
2854 852 2983 908 illud
3011 853 3290 926 Evangelii
3325 872 3338 907 :
3371 854 3564 926 Tetigit
3594 873 3742 919 eum,

2149 943 2325 998 dicens
2350 958 2368 995 :
2403 942 2556 1009 Volo,
2588 946 2885 1012 mundare;
2923 956 2972 1000 et
3019 946 3296 1015 confestim
3344 951 3601 1002 mundata
3656 958 3741 1002 est

2151 1031 2294 1101 lepra
2317 1032 2535 1104 (Matth.
2565 1033 2706 1108 νιιι).

2743 1143 2968 1200 CAPUT
3003 1144 3139 1201 XIII.

2590 1233 2667 1288 De
2696 1233 2925 1303 ianeﬁcii
2949 1234 3261 1291 inuentione.

2222 1322 2517 1377 Hinervam
2540 1324 2830 1393 quamdam
2855 1323 3097 1381 Gentiles
3138 1325 3325 1380 multis
3351 1325 3585 1397 ingeniis
3602 1341 3754 1397 pra:-

2152 1415 2355 1471 dicant.
2399 1414 2548 1471 Hanc
2591 1416 2736 1471 enim
2791 1417 3026 1486 primam
3078 1415 3315 1472 laneﬁcii
3379 1432 3536 1471 usum
3585 1433 3756 1472 mon-

2155 1515 2376 1562 strasse.
2416 1506 2566 1563 lianc
2591 1509 2756 1563 etiam
2787 1508 2951 1565 telam
2993 1508 3223 1572 ordisse,
3255 1517 3310 1563 et
3335 1509 3616 1565 colorasse
3674 1509 3755 1563 la-

2155 1612 2254 1653 nas
2277 1598 2566 1667 perhibent
2597 1616 2610 1652 :
2635 1597 2792 1654 olivae
2819 1613 3038 1670 quoque
3069 1600 3211 1654 hanc
3242 1599 3433 1655 dicunt
3481 1600 3757 1656 inventri-

2156 1705 2295 1754 cem,
2337 1698 2392 1745 et
2421 1688 2659 1756 fabricae,
2687 1690 3089 1761 multarumque
3130 1691 3328 1745 artium
3361 1692 3754 1762 reperti-ieeur.

2157 1779 2282 1836 Ideo
2308 1779 2384 1834 illi
2427 1780 2586 1851 vulgo
2606 1781 2831 1852 opiﬁces
2851 1781 3155 1851 supplicant
3186 1801 3197 1835 :
3227 1783 3322 1837 sed
3367 1783 3473 1838 hoc
3526 1784 3752 1852 poetice

2157 1869 2393 1943 ﬁngitur.
2422 1870 2538 1927 Non
2568 1873 2712 1927 enim
2744 1871 2985 1928 Minerva
3019 1872 3247 1928 istarum
3264 1874 3464 1928 artium
3494 1875 3759 1944 princeps

2158 1970 2242 2017 est
2269 1980 2282 2016 :
2315 1964 2409 2019 sed
2434 1963 2558 2032 quia
2589 1964 2855 2043 sapientia
2890 1964 2943 2018 in
2983 1963 3159 2032 capite
3190 1978 3315 2019 esse
3342 1963 3546 2018 dicitur
3572 1964 3759 2019 homi-

2157 2054 2265 2118 nis,
2309 2062 2366 2109 et
2393 2053 2631 2109 Minerva
2678 2053 2745 2109 de
2789 2053 2964 2123 capite
2997 2052 3146 2109 Jovis
3184 2063 3311 2108 nata
3362 2052 3607 2124 ﬁngitur,
3653 2055 3759 2109 hoc

2156 2156 2260 2212 est,
2286 2147 2560 2216 ingenium
2584 2163 2600 2212 ;
2636 2147 2863 2217 ideoque
2891 2161 3086 2204 sensus
3105 2146 3388 2216 sapientis,
3420 2146 3517 2215 qui
3539 2147 3762 2201 invenit

2155 2238 2358 2303 omnia,
2396 2240 2450 2293 in
2483 2237 2661 2307 capite
2694 2247 2781 2293 est
2808 2256 2823 2292 :
2855 2238 2976 2293 ideo
3018 2245 3075 2293 et
3114 2238 3225 2293 Dea
3264 2236 3463 2293 artium
3504 2237 3758 2293 Minerva

2156 2329 2352 2384 dicitur
2380 2346 2393 2382 :
2425 2328 2551 2397 quia
2579 2327 2715 2382 nihil
2738 2327 3092 2384 excellentius
3120 2337 3205 2385 est
3230 2327 3468 2399 ingenio,
3508 2342 3623 2398 quo
3673 2342 3761 2382 re-

2156 2428 2356 2489 guntur
2381 2418 2652 2474 universa.

2718 2510 2942 2567 CAPUT
2990 2510 3131 2566 XIV.

2583 2601 2662 2656 De
2683 2603 2906 2658 vestibus
2944 2601 3289 2656 sacerdotum.

2227 2692 2361 2748 Octo
2382 2701 2509 2747 sunt
2530 2693 2585 2748 in
2603 2691 2723 2762 lege
2747 2707 2945 2763 genera
2974 2690 3394 2747 sacerdotalium
3445 2689 3757 2745 vestimen-

2158 2794 2356 2840 torum.
2379 2784 2602 2840 Poderis
2626 2793 2712 2839 est
2756 2783 3110 2840 sacerdotalis
3134 2783 3273 2838 linea
3302 2782 3523 2853 corpori
3589 2781 3755 2837 astri—

2159 2886 2270 2941 cta,
2312 2887 2369 2930 et
2394 2889 2564 2944 usque
2584 2877 2651 2929 ad
2679 2875 2846 2946 pedes
2893 2874 3225 2929 descendens
3253 2891 3266 2927 :
3290 2872 3434 2927 unde
3458 2880 3517 2928 et
3542 2887 3756 2926 nuncu-

2158 2977 2305 3039 pata,
2329 2983 2492 3037 quam
2504 2967 2691 3038 vulgus
2713 2984 2774 3022 ca
2782 2967 2993 3023 misiam
3007 2975 3183 3023 vocat.
3198 2965 3446 3021 Abaneth
3458 2974 3546 3020 est
3559 2964 3760 3034 cingu-

2156 3059 2267 3114 lum
2299 3057 2651 3119 sacerdotale,
2682 3058 2992 3123 rotundum,
3020 3056 3278 3128 polymita
3305 3063 3423 3110 arte
3462 3069 3533 3111 ex
3561 3069 3753 3117 cocco,

470 3135 963 3251 ιονιεοθέῑαῐξὶοηξιηξ
1009 3134 1168 3240 (Ηώς
1212 3138 1310 3209 IV).
1369 3138 1437 3191 Ει
1485 3136 1754 3193 Ῑθΐθωίεδ
1785 3141 2049 3209 propheta
2079 3188 2125 3251 Ε
2155 3164 2413 3219 purpura,
2436 3148 2833 3219 byacinthoque
2853 3156 3188 3211 contextum,
3211 3147 3284 3201 ita
3306 3154 3367 3200 ut
3395 3144 3562 3200 ﬂores
3584 3153 3757 3214 atque

469 3226 699 3282 verbum
744 3227 958 3282 Domini
991 3229 1171 3284 securi
1214 3239 1497 3298 comparat
1536 3230 1767 3291 cmdenti
1796 3239 2047 3301 petram:

467 3318 586 3374 sive
612 3318 820 3374 securis
844 3318 1176 3374 sententiam
1208 3320 1400 3389 jndicii
1446 3319 1710 3375 Altissimi
1761 3320 2051 3391 signiﬁcat,

470 3424 593 3480 qua:
629 3410 698 3464 ad
750 3410 960 3466 radices
1000 3410 1279 3476 arborum,
1326 3410 1380 3465 id
1435 3420 1540 3476 est,
1578 3411 1646 3466 ad
1694 3410 1857 3466 ﬁnem
1904 3412 2052 3482 regni

466 3501 655 3573 populi
707 3500 916 3557 Judaici
950 3503 1123 3571 posita
1153 3512 1238 3558 est
1270 3522 1283 3556 :
1310 3512 1368 3557 ut
1406 3518 1526 3569 eos,
1556 3504 1650 3573 qui
1681 3505 1734 3558 in
1772 3502 2050 3560 Christum

472 3596 699 3651 credere
753 3594 1064 3661 noluerunt,
1116 3597 1183 3652 de
1245 3605 1387 3652 terra
1428 3596 1726 3651 viventium
1783 3597 2049 3653 abscidat.

469 3688 633 3743 Ascia
680 3689 748 3743 ab
775 3687 1004 3742 hastulis
1032 3688 1175 3743 dicta
1195 3728 1211 3754 ,
1250 3702 1388 3757 quas
1419 3704 1449 3742 a
1478 3687 1622 3759 ligno
1658 3687 1866 3753 eximit,
1895 3685 2051 3756 cujus

470 3779 852 3835 diminutivum
878 3788 965 3834 est
1007 3779 1229 3835 asciola.
1260 3779 1359 3835 Est
1385 3789 1566 3836 autem
1596 3780 1884 3836 manubrio
1897 3781 2052 3836 brevi

471 3879 527 3925 et
576 3870 804 3926 adversa
842 3879 994 3941 parte
1037 3869 1278 3926 referens
1315 3871 1396 3925 vel
1448 3870 1749 3941 simplicem
1772 3871 2049 3938 malleum,

468 3972 564 4019 aut
597 3974 845 4019 cavatum
877 3963 963 4019 vel
988 3963 1210 4020 bicorne
1242 3972 1495 4021 rastrum.
1525 3964 1600 4021 De
1636 3964 1814 4021 securi
1845 3972 2051 4030 autem,

2156 3254 2382 3312 gemma:
2409 3240 2462 3295 in
2493 3255 2558 3295 eo
2583 3255 2704 3295 esse
2735 3241 3046 3296 viderentur
3087 3238 3375 3294 distinctae.
3403 3237 3622 3292 Pileum
3672 3247 3758 3294 est

2154 3345 2221 3385 ex
2256 3332 2419 3402 bysso
2441 3332 2749 3397 rotundum,
2780 3331 2939 3401 quasi
2974 3332 3186 3401 sphatra
3215 3330 3419 3395 media,
3450 3337 3621 3399 caput
3669 3339 3754 3384 te.

2154 3438 2286 3492 gens
2309 3421 2661 3487 sacerdotale,
2697 3431 2752 3477 et
2805 3423 2860 3477 in
2887 3422 3141 3492 occipitio
3168 3421 3305 3477 vitta
3329 3420 3702 3476 constrictum
3735 3436 3751 3474 :

2154 3515 2258 3571 hoc
2281 3514 2456 3571 Graeci
2513 3523 2569 3570 et
2588 3515 2761 3570 nostri
2788 3516 2983 3571 tiaram
3034 3513 3119 3571 vel
3145 3513 3354 3586 galeam
3384 3520 3606 3568 vocant.
3640 3511 3755 3567 Ma-

2153 3608 2300 3675 chin,
2337 3607 2483 3679 quod
2510 3614 2595 3663 est
2614 3606 2793 3663 tunica
2825 3607 3029 3671 talaris,
3080 3614 3193 3663 tota
3219 3605 3598 3677 hyacinthina,
3650 3604 3749 3661 ha-

2153 3700 2288 3755 bens
2314 3700 2381 3754 ad
2404 3701 2567 3769 pedes
2590 3699 2932 3770 septuaginta
2944 3698 3052 3754 duo
3073 3697 3458 3764 tintinnabula,
3480 3696 3747 3753 totidem-

2153 3801 2259 3858 que
2281 3787 2584 3842 intermista
2612 3802 2678 3842 ac
2715 3787 3071 3857 dependentia
3094 3786 3239 3841 mala
3268 3786 3483 3856 punica.
3525 3784 3749 3856 Ephod,

2138 3875 2296 3946 quod
2325 3876 2712 3945 interpretatur
2758 3876 2951 3932 Latine
2991 3875 3516 3947 superindumentum
3550 3891 3571 3940 ;
3628 3881 3757 3930 erat

2150 3966 2298 4022 enim
2326 3965 2547 4036 pallium
2591 3966 3055 4037 superhumerale,
3088 3981 3156 4021 ex
3202 3975 3438 4036 quatuor
3465 3964 3756 4021 coloribus

2150 4067 2209 4112 ει
2246 4072 2381 4113 auro
2410 4064 2744 4120 contextum,
2808 4056 3014 4112 habens
3042 4056 3098 4111 in
3128 4064 3360 4126 utroque
3402 4054 3643 4111 humero
3672 4055 3756 4110 la-

2149 4149 2304 4220 pides
2328 4148 2463 4205 duos
2487 4147 2860 4219 smaragdinos
2907 4162 3039 4203 auro
3072 4146 3371 4209 conclusos,
3429 4146 3483 4200 in
3535 4146 3750 4215 quibus

468 4058 614 4114 ascia
656 4067 713 4112 et
769 4059 999 4128 bipenne
1063 4059 1118 4112 in
1174 4056 1438 4114 Psalterio
1473 4058 1736 4128 scriptum
1799 4067 1907 4123 est,
1957 4057 2087 4112 ubi~

468 4150 767 4204 destructio
832 4149 1015 4219 templi
1058 4149 1272 4204 Domini
1327 4159 1787 4205 commemoratur
1816 4148 2050 4206 :Securi-

469 4241 565 4296 bus
606 4242 913 4296 exciderunt
947 4241 1150 4310 januas
1202 4241 1319 4311 ejus
1350 4242 1407 4296 in
1446 4240 1695 4312 idipsum,
1751 4240 1960 4312 bipenni
1998 4250 2047 4296 et
2151 4238 2358 4309 sculpta
2386 4246 2541 4295 erant
2579 4239 2798 4295 nomina
2831 4238 3290 4309 patriarcharum.
3336 4237 3568 4309 Logion,
3598 4237 3756 4307 quod

466 4334 613 4389 ascia
645 4334 942 4403 dejecerunt
989 4349 1106 4387 eam
1153 4331 1326 4405 (Psal.
1378 4333 1591 4405 ωιιιιιι).
1632 4333 1690 4388 ιιι
1734 4331 1919 4388 securi
1956 4330 2051 4387 tri-
2151 4329 2346 4385 Latine
2388 4330 2588 4385 dicitur
2638 4327 2915 4395 rationale,
2974 4342 3187 4399 pannus
3232 4326 3451 4397 duplex,
3496 4342 3643 4382 auro
3699 4336 3759 4383 et

464 4425 799 4481 buiationem
840 4426 998 4496 hujus
1035 4426 1215 4481 seaculi
1237 4426 1607 4482 demonstrat:
1640 4427 1697 4480 in
1726 4425 1893 4491 ascia,
1917 4439 2049 4496 pra-
2151 4428 2386 4490 quatuor
2414 4427 2594 4476 textus
2618 4418 2914 4485 coloribus,
2944 4418 3151 4473 habens
3179 4415 3614 4486 magnitudinem
3638 4415 3758 4485 pal.

466 4532 662 4573 vortam
718 4518 1176 4587 persecutionem,
1226 4533 1332 4587 qua
1375 4527 1594 4574 sanctos
1640 4534 1813 4588 usque
1858 4518 1927 4573 ad
1966 4518 2049 4573 in.
2074 4547 2127 4606 ι)
2153 4518 2230 4573 mi
2255 4532 2353 4588 per
2378 4518 2667 4588 quadrum,
2685 4516 2775 4571 cui
2796 4514 2989 4569 intexti
3017 4521 3176 4568 erant
3199 4510 3486 4568 duodecim
3526 4512 3752 4580 pretio-

465 4607 780 4664 teritionem
807 4616 1227 4680 persequuntur.
1258 4609 1315 4663 ln
1342 4609 1576 4679 bipenne
1603 4609 1877 4679 geminam
1906 4606 2045 4662 aﬁli-
2079 4601 2112 4606 ⁷
2150 4609 2350 4667 sissimi
2363 4609 2585 4680 lapides.
2616 4607 2714 4662 llic
2739 4622 2949 4678 pannus
2975 4601 3405 4676 superbumerali
3430 4610 3629 4658 contra
3649 4618 3754 4673 pe-

466 4696 733 4762 ctionem,
772 4711 880 4766 qua
923 4697 1127 4753 electos
1169 4697 1266 4751 Dei
1293 4698 1447 4766 pravi
1498 4697 1747 4753 homines
1788 4697 1973 4752 verbis
1992 4704 2049 4752 et
2150 4710 2272 4758 ctus
2306 4700 2578 4772 pontiﬁcis
2606 4698 3015 4755 annectebatur.
3043 4695 3313 4761 Petalum,
3340 4708 3508 4750 aurea
3538 4694 3758 4750 lamina

466 4788 630 4846 factis
681 4787 945 4860 aﬁligunt,
1006 4790 1276 4859 designat.
1336 4789 1594 4858 Sealprus
1643 4790 1859 4854 dictus,
1904 4788 2048 4860 quod
2150 4794 2205 4849 in
2234 4792 2411 4849 fronte
2438 4790 2727 4861 pontiﬁcis,
2764 4804 2884 4859 qua:
2929 4803 3124 4845 nomen
3162 4785 3377 4842 Domini
3414 4793 3757 4856 tetragram-

464 4880 758 4953 scalpturis
801 4890 858 4937 et
902 4879 1265 4935 foraminibus
1309 4880 1383 4935 sit
1423 4888 1606 4950 aptus,
1647 4881 1802 4949 quasi
1852 4879 2044 4935 scalfo-
2152 4894 2335 4939 maton
2364 4881 2634 4937 hebraicis
2662 4880 2857 4935 litteris
2882 4880 3115 4934 habebat
3141 4878 3425 4948 scriptum.
3450 4875 3649 4932 Badim
3673 4877 3754 4932 si-

462 4990 586 5040 rus,
612 4972 769 5043 cujus
815 4970 1203 5027 diminutivum
1236 4968 1542 5040 scalpellus.
1568 4969 1805 5025 Terebra
1852 4979 2044 5024 vocata

2157 4993 2217 5033 ve
2244 4974 2544 5039 feminalia,
2568 4973 2621 5028 id
2650 4980 2753 5036 est,
2803 4973 2982 5027 braca:
3024 4969 3182 5024 lineae
3235 4983 3409 5039 usque
3439 4967 3510 5022 ad
3562 4982 3751 5040 genua

464 5080 497 5119 a
526 5078 710 5119 verme
742 5062 893 5135 ligni,
928 5060 1020 5131 qui
1050 5067 1391 5129 nuncupatur
1421 5060 1661 5125 terebra,
1685 5074 1845 5129 quem
1870 5060 2047 5115 Graeci
2148 5065 2537 5137 pertingentes,
2587 5063 2783 5134 quibus
2811 5059 3117 5115 verecunda
3147 5059 3450 5115 sacerdotis
3476 5058 3755 5115 velahan-

467 5157 724 5212 teredona
774 5161 989 5210 vocant.
1015 5151 1153 5207 Hinc
1189 5152 1335 5208 dicta
1359 5153 1570 5208 terebra
1604 5170 1616 5206 :
1650 5153 1812 5222 quod,
1846 5161 1905 5205 ut
1932 5167 2048 5207 νει-η
2150 5167 2256 5211 tur.
2283 5156 2506 5228 Mystice
2531 5162 2714 5210 autem
2739 5153 2958 5223 poderis
2979 5151 3252 5223 signiﬁcat
3276 5151 3588 5206 castitatem
3621 5167 3752 5207 cor-

463 5250 591 5315 mis,
640 5248 862 5305 terendo
900 5245 1168 5317 perforat,
1233 5247 1387 5316 quasi
1448 5244 1703 5310 terefora,
1750 5245 1835 5299 vel
1891 5244 2046 5313 quasi
2146 5247 2296 5317 poris
2326 5254 2381 5300 et
2400 5245 2593 5300 animae
2612 5258 2785 5314 usque
2814 5243 2868 5296 in
2895 5241 3078 5298 ﬁnem.
3127 5240 3415 5313 Cingulum
3442 5254 3575 5294 vero
3605 5255 3751 5296 con-

465 5339 822 5396 transforans.
866 5338 1164 5397 Ediﬁcare
1199 5347 1284 5394 est
1328 5341 1466 5395 bona
1512 5353 1681 5409 opera
1714 5340 1922 5402 facere,
1957 5337 2043 5392 vel
2147 5337 2427 5393 tinentiam
2477 5346 2641 5407 atque
2680 5335 3086 5399 abstinentiam,
3143 5333 3753 5403 mortiﬁcationetnque

465 5442 616 5487 recte
641 5433 852 5497 docere,
903 5440 964 5487 ut
1018 5433 1073 5487 in
1101 5432 1360 5504 Apostolo
1400 5447 1414 5485 :
1450 5430 1649 5502 Siquis
1696 5440 1870 5485 autem
1919 5429 2046 5484 tedi-

466 5522 590 5591 ficat
620 5539 778 5592 supra
807 5524 1210 5592 fundamentum
1241 5525 1362 5590 hoc,
1391 5539 1606 5588 aurum,
1647 5520 2048 5593 argentumnlao

462 5612 613 5681 pides
668 5614 922 5682 pretiosos
965 5614 1018 5685 (1
1056 5615 1178 5669 Cor.
1232 5615 1336 5685 ιιι).
1391 5614 1459 5669 Ει
1519 5615 1574 5668 in
1620 5613 1785 5674 aliam
1832 5620 2043 5682 partem

467 5718 568 5774 pro
604 5704 799 5774 pepulo
823 5705 1130 5761 Judmorum
1172 5722 1270 5776 per
1296 5705 1629 5763 Malacbiam.
1662 5704 1901 5758 dicitur:
1931 5701 2041 5770 Ipsi

474 5792 829 5860 wdiﬁcabunt,
876 5805 924 5847 ct
963 5811 1054 5863 ego
1078 5796 1341 5850 destruant
1371 5794 1627 5864 (Malaclt.
1665 5795 1721 5864 I).
1748 5794 2041 5848 Destruere

2158 5428 2454 5484 carnalium
2487 5426 2902 5483 desideriorum.
2963 5424 3207 5492 Quatuor
3255 5423 3474 5493 quidem
3523 5423 3753 5479 colores

2159 5518 2435 5589 praecipui,
2479 5519 2584 5573 hoc
2608 5525 2713 5581 est,
2764 5515 3111 5588 hyacinthus,
3137 5529 3377 5586 purpura
3429 5528 3752 5583 caecusque

2157 5612 2239 5667 his
2269 5612 2488 5676 tinctus,
2519 5625 2585 5665 ac
2618 5609 2817 5680 byssus
2838 5615 3062 5673 retorta,
3100 5620 3166 5661 ex
3215 5605 3411 5676 quibus
3460 5604 3752 5674 pontiﬁcis

2155 5701 2372 5757 habitus
2418 5709 2703 5756 contextus
2739 5707 2858 5755 erat
2899 5697 3059 5754 simul
3086 5713 3208 5753 cum
3252 5712 3407 5759 auro,
3447 5695 3750 5766 mysticam

2154 5790 2602 5862 signiﬁcationem
2649 5790 2873 5856 habent,
2899 5788 3003 5845 hoc
3030 5798 3142 5855 est,
3178 5803 3370 5843 aurum
3417 5787 3610 5858 ﬁgurat
3649 5801 3736 5844 εδ
