3950 6192
272 360 374 418 569

1241 356 1330 413 DE
1369 353 1715 412 UNIVERSO
1751 355 1927 412 LIBRI
1969 356 2131 412 XXII.
2171 388 2237 397 -—-
2277 358 2404 413 LIB.
2447 360 2586 415 XXI.

3427 363 3535 422 570

269 470 530 544 pientiam
550 466 1237 539 spiritaleutzhyacinthus
1258 468 1843 525 ctelestemeonvcrsa-
1875 474 1921 531 Α
1951 470 2163 539 proprie
2236 469 2542 541 designant,
2604 473 2721 526 sine
2775 488 2877 541 qua
2938 488 3097 527 nemo
3150 473 3233 526 vel
3282 478 3536 534 sacerdo-

270 565 471 619 tionem
518 577 532 613 :
576 574 818 630 purpura
874 558 1193 630 martyrium
1225 577 1236 612 :
1267 574 1462 615 coccus
1518 560 1601 614 bis
1656 560 1854 613 tinetus

268 650 555 708 charitatis
583 648 996 719 perfectionem,
1040 665 1159 719 qua:
1194 649 1247 705 in
1294 651 1502 706 duobus
1553 651 1852 722 praeceptis,

269 745 370 799 hoc
390 751 498 808 est,
544 741 835 798 dilectione
859 741 955 796 Dei
998 750 1053 796 et
1080 742 1310 812 proximi
1347 760 1359 796 :
1392 743 1585 815 byssus
1608 757 1737 797 vero
1766 758 1856 798 ca-

269 833 510 890 stitatem
538 841 701 901 atque
728 830 1047 886 munditiam
1079 848 1091 884 :
1122 830 1319 902 pileum
1343 847 1556 902 quoque
1579 832 1691 886 sive
1719 832 1854 887 tiara

268 923 518 996 byssina,
546 937 667 993 quae
695 929 853 992 caput
883 921 1098 993 tegebat
1150 930 1206 976 et
1260 923 1491 977 ornabat
1532 923 1854 985 sacerdotis,

271 1015 530 1071 admonet
563 1030 688 1069 eum
716 1028 906 1068 omnes
927 1012 1120 1083 capitis
1142 1028 1334 1069 sensus
1362 1014 1473 1068 Deo
1501 1022 1857 1068 consecratos

271 1107 491 1171 habere,
524 1122 593 1162 ne
621 1104 705 1160 vel
734 1105 871 1160 oculi
900 1103 1019 1174 ejus
1071 1105 1291 1161 videant
1314 1106 1626 1170 vanitatem,
1651 1105 1735 1162 vel
1761 1121 1856 1160 au-

273 1212 357 1253 res
411 1196 674 1251 libentius
726 1195 993 1249 audiendo
1030 1195 1381 1267 opprobrium
1431 1197 1702 1266 accipiant
1758 1196 1855 1252 ad-

272 1308 458 1348 versus
510 1292 815 1364 proximum
865 1307 1019 1345 suum
1051 1310 1063 1344 :
1092 1306 1155 1347 os
1203 1292 1441 1347 abundet
1491 1292 1732 1362 nequitia
1766 1300 1856 1348 :et

270 1385 452 1456 lingua
508 1385 783 1440 contineat
820 1383 1000 1438 dolum
1034 1402 1046 1437 :
1075 1384 1189 1438 sive
1220 1383 1383 1437 etiam
1427 1399 1521 1438 cor
1547 1383 1763 1452 crapula
1799 1393 1853 1439 et

273 1480 537 1537 ebrietate
582 1486 880 1550 gravetur:
914 1478 997 1532 vel
1040 1476 1591 1547 olfactusjaspersum
1616 1477 1853 1549 myrrha,

272 1572 387 1627 aloe
415 1581 472 1628 et
500 1572 863 1636 cinnamomo,
901 1571 1098 1627 lectum
1125 1572 1430 1628 meretricis
1470 1572 1853 1642 amplectatur.

271 1663 475 1718 Tunica
509 1678 642 1718 vero
682 1662 1033 1734 hyacinthina
1077 1663 1335 1729 ostendit,
1372 1663 1548 1734 qualis
1593 1678 1715 1718 esse
1764 1664 1859 1719 de-

269 1754 393 1811 beat
424 1755 540 1809 vita
561 1754 936 1819 sacerdotalis,
973 1756 1077 1810 hoc
1100 1764 1205 1821 est,
1234 1756 1485 1826 supernis
1513 1756 1854 1811 solummodo

1956 564 2090 617 tium
2144 563 2461 633 suscipere,
2513 565 2597 619 vel
2651 568 2716 619 ad
2777 566 2967 620 altaris
3037 574 3217 638 potest
3278 570 3529 626 ministe-

1955 658 2094 712 rium
2135 661 2461 723 consecrari,
2484 661 2535 716 id
2560 670 2661 723 est,
2692 662 2734 717 si
2755 678 2857 717 non
2882 664 3139 734 antvirgo
3160 670 3536 734 permanserit,

1955 758 2048 805 aut
2089 752 2394 823 conjugium
2445 762 2632 808 contra
2682 755 2883 810 uxoria:
2909 754 3307 824 conjunctionis
3332 755 3537 815 ftedera

1954 839 2200 897 solverit.

2557 933 2786 990 CAPUT
2817 933 2932 989 XV.

2171 1022 2245 1077 De
2272 1023 2487 1077 diversis
2518 1024 2817 1078 nominibus
2846 1025 3291 1082 vestimentorum.

2026 1114 2324 1169 Diversitas
2350 1115 2794 1169 vestimentorum
2823 1134 2837 1168 :
2871 1123 3106 1187 tegmen,
3146 1125 3417 1188 tegumen,
3462 1118 3543 1173 in-

1957 1204 2786 1270 dumentum,vestimentum,et
2808 1206 3035 1277 reliqua.
3068 1207 3304 1279 Tegmen
3335 1210 3539 1265 dictum

1957 1310 2022 1351 eo
2048 1296 2189 1364 quod
2222 1302 2365 1366 tegat
2391 1296 2653 1360 membra,
2684 1296 2824 1351 sicut
2848 1307 3099 1367 tegumen
3130 1307 3295 1366 tecta,
3323 1316 3441 1370 qua:
3464 1309 3545 1356 te-
3590 1336 3603 1348 -

1957 1398 2087 1460 gunt
2108 1404 2355 1458 corpora.
2372 1386 2769 1443 vestimentum
2796 1405 2924 1445 vero
2952 1399 3057 1455 est,
3089 1391 3230 1460 quod
3275 1407 3446 1462 usque
3473 1392 3542 1449 ad

1955 1477 2242 1549 vestigium
2292 1477 2651 1548 protenditur,
2711 1478 2867 1547 quasi
2922 1480 3361 1551 vestigimentum
3412 1499 3425 1535 :
3480 1490 3541 1536 ut

1957 1578 2041 1624 est
2071 1568 2249 1622 tunica
2299 1567 2500 1633 talaris,
2558 1568 2650 1622 sed
2695 1578 2750 1623 et
2782 1569 2885 1624 hoc
2913 1571 3245 1625 consuetudo
3276 1573 3546 1628 sermonis

1958 1668 2243 1714 auctorum
2291 1659 2593 1715 confundit.
2643 1660 3049 1728 lndumentum,
3103 1664 3244 1732 quod
3296 1663 3441 1719 intus
3476 1665 3546 1720 ad

1958 1768 2154 1823 corpus
2177 1751 2435 1817 induitur,
2454 1754 2607 1824 quasi
2623 1755 3002 1810 intumentum.
3017 1756 3547 1812 Diseerniturautcm

271 1843 558 1900 desideriis
610 1844 946 1901 incessanter
998 1845 1229 1910 intenta,
1282 1854 1337 1900 et
1390 1846 1855 1902 conversationem
1884 1832 1932 1892 Β
1957 1846 2189 1901 vestitus
2216 1859 2245 1899 a
2279 1845 2448 1909 cultu,
2491 1847 2745 1915 quoniam
2781 1847 2945 1902 latius
2986 1848 3307 1918 intelligitur
3348 1849 3545 1905 cultus.

269 1930 417 2001 iuxta
448 1931 769 2003 Apostolum
807 1932 973 2006 (Phil.
1013 1934 1097 2006 ιιι)
1134 1933 1342 1990 habens
1393 1934 1446 1989 in
1478 1935 1654 2001 etelis,
1682 1951 1745 1990 ac
1773 1935 1856 1990 sui

271 2021 971 2081 Salvatorisindesinenter
996 2034 1320 2097 exspectans
1366 2027 1678 2082 adventum.
1727 2026 1857 2096 Quae

268 2113 522 2168 videlicet
545 2114 749 2179 tunica,
794 2115 936 2170 sicut
965 2124 1021 2171 et
1063 2115 1307 2188 byssina,
1355 2116 1424 2172 ad
1472 2118 1635 2188 pedes
1688 2133 1858 2188 usque

270 2207 616 2278 pertingebat
653 2225 668 2261 :
697 2208 838 2262 unde
862 2217 1088 2278 uterque
1114 2208 1303 2265 Graece
1330 2210 1549 2280 poderis
1574 2218 1659 2265 est
1685 2209 1855 2274 dicta,

269 2308 328 2353 ut
352 2299 754 2363 ostenderetur,
780 2299 855 2354 nil
884 2300 940 2355 in
964 2301 1288 2358 sacerdotali
1338 2302 1447 2356 vita
1492 2301 1765 2356 inﬁrmum
1793 2317 1858 2358 ac

271 2388 555 2443 sordidum
589 2404 871 2444 remanere
902 2407 915 2444 :
942 2390 1039 2446 sed
1064 2406 1248 2459 omne,
1279 2392 1423 2461 quod
1466 2400 1671 2462 ageret,
1704 2392 1859 2461 quasi

270 2479 512 2536 atthereo
533 2479 717 2534 colore
748 2480 1207 2551 speciosissimum
1236 2482 1291 2536 in
1337 2483 1590 2537 universa
1614 2484 1858 2539 membra

273 2568 388 2638 ejus
408 2585 442 2624 a
471 2571 649 2641 capite
682 2586 852 2642 usque
881 2573 949 2628 ad
975 2573 1139 2643 pedes
1163 2573 1340 2646 gratia
1385 2573 1649 2629 virtutum
1675 2584 1861 2632 eonte—

272 2670 363 2717 cta
383 2677 509 2718 esse
539 2663 758 2719 debere.
802 2663 1012 2735 prod,
1052 2666 1195 2735 quod
1239 2681 1371 2721 auro
1414 2675 1471 2724 et
1497 2676 1732 2738 quatuor
1761 2684 1856 2724 co-

273 2751 482 2807 loribus
520 2763 839 2809 contextum
886 2764 1025 2825 erat,
1073 2765 1130 2811 et
1180 2756 1384 2827 lapides
1415 2758 1687 2829 pretiosos
1726 2776 1861 2816 cono

275 2845 509 2916 scriptos
534 2847 847 2903 nominibus
872 2848 1102 2904 ﬁliorum
1131 2849 1297 2905 Israel
1339 2851 1575 2908 insertos
1610 2852 1857 2919 habebat,

278 2937 557 3007 signiﬁcat
601 2938 798 2994 bonam
851 2942 1222 3011 Operationem
1256 2942 1413 3011 juxta
1455 2945 1703 3014 exempla
1736 2960 1864 3002 san-

277 3037 490 3086 ctorum
552 3040 767 3102 patrum
793 3072 810 3098 ,
859 3042 914 3089 et
956 3036 1277 3092 exercitium
1324 3037 1606 3092 virtutum.
1656 3037 1863 3108 Logion

276 3134 425 3193 ergo,
455 3122 602 3191 quod
635 3132 717 3178 est
758 3123 1041 3190 rationale,
1066 3126 1210 3195 quod
1238 3126 1291 3181 in
1316 3135 1534 3197 pectore
1562 3128 1864 3185 sacerdotis

274 3210 597 3280 ponebatur,
625 3213 879 3279 ostendit,
934 3214 1077 3285 quod
1105 3216 1359 3271 sacerdos
1383 3224 1438 3270 et
1476 3223 1656 3271 rector
1677 3218 1861 3287 populi

275 3302 372 3360 Dei
403 3304 589 3362 omnia
620 3305 777 3361 debet
802 3305 1195 3363 rationabiliter
1215 3323 1397 3377 agere,
1429 3319 1484 3365 et
1512 3310 1699 3367 subtili
1718 3326 1864 3366 sem-

277 3411 375 3468 per
401 3396 657 3454 examine
677 3397 820 3453 bona
865 3397 1116 3469 malaque
1141 3399 1472 3457 discernere.
1501 3400 1655 3469 Quod
1677 3408 1859 3457 autem

277 3485 331 3540 in
370 3485 625 3541 rationali
645 3494 879 3555 quatuor
896 3487 1115 3543 ordines
1135 3486 1352 3555 fuerint,
1374 3497 1431 3545 et
1451 3490 1645 3545 horum
1669 3489 1862 3561 singuli

277 3576 480 3648 quique
532 3585 644 3632 tres
677 3576 916 3633 habuere
944 3577 1152 3648 lapides
1183 3595 1200 3632 ι
1226 3576 1357 3649 quid
1387 3579 1543 3635 nobis
1583 3580 1864 3635 intimatur

278 3668 480 3739 typice,
507 3666 615 3723 nisi
642 3676 702 3722 ut
735 3667 790 3722 in
824 3668 1116 3724 virtutibus
1139 3683 1259 3738 qua:
1297 3668 1705 3740 distinguuntur
1732 3686 1865 3740 qua-

280 3767 400 3814 tuor
422 3758 811 3830 principaliter,
834 3758 995 3814 ﬁdem
1025 3767 1227 3814 sanctae
1250 3758 1535 3815 Trinitatis
1557 3775 1664 3815 non
1680 3759 1862 3816 ﬁctam

282 3848 595 3904 teneamus?
638 3846 931 3904 Possumus
957 3862 1089 3917 sane
1122 3848 1178 3903 in
1208 3848 1360 3905 vario
1389 3849 1584 3905 decore
1626 3849 1863 3919 lapidum

286 3955 393 3995 non
421 3939 600 3994 solum
622 3938 926 3995 claritatem
957 3938 1307 3995 multifariam
1337 3940 1691 3998 sacerdotalis
1711 3949 1866 3997 actus

282 4037 339 4086 et
386 4030 677 4101 cogitatus,
726 4045 918 4086 verum
973 4031 1140 4086 etiam
1199 4031 1567 4101 spiritualium
1612 4032 1863 4102 accipere

280 4120 616 4176 charismata
670 4120 954 4186 virtutum,
1001 4135 1067 4176 ac
1122 4121 1381 4177 miracula
1430 4121 1746 4187 sanitatum,
1794 4122 1862 4178 de

283 4212 478 4283 quibus
504 4212 619 4283 ipse
643 4210 905 4267 Dominus
936 4210 1213 4282 apostolis,
1231 4209 1499 4281 Inﬁrmos,
1550 4211 1745 4282 inquit,
1772 4228 1865 4264 cu-

282 4313 411 4368 rate,
442 4310 678 4356 mortuos
717 4302 987 4366 suscitate,
1029 4300 1258 4371 leprosos
1304 4300 1574 4366 mandate,
1602 4300 1862 4353 dwmones

282 4390 455 4463 ejicite
478 4390 697 4464 (Matth.
727 4390 804 4464 χ).
846 4390 1091 4445 Petalum
1119 4398 1300 4446 autem
1340 4404 1589 4453 aureum,
1618 4388 1720 4443 hoc
1755 4396 1859 4453 est,

280 4480 481 4537 lamina
505 4495 667 4536 aurea
690 4480 744 4535 in
770 4478 946 4537 fronte
976 4479 1265 4550 pontiﬁcis,
1287 4480 1341 4534 in
1365 4494 1474 4550 qua
1494 4478 1862 4534 sanctumDo-

280 4573 432 4639 mini,
465 4573 570 4627 hoc
616 4579 716 4637 est,
754 4586 949 4627 nomen
1003 4570 1213 4626 Domini
1242 4569 1507 4640 scalptum
1537 4578 1642 4634 est,
1669 4584 1858 4625 sacra-

282 4664 391 4720 tius
434 4664 651 4721 eazteris
707 4673 829 4718 erat
870 4662 1246 4718 indumentum
1318 4661 1460 4718 illius
1494 4670 1589 4717 :et
1643 4662 1856 4717 merito.

280 4758 417 4825 Quia
439 4758 583 4813 sicut
619 4756 801 4811 divina
840 4756 1081 4825 potentia
1102 4754 1336 4820 cunctis,
1359 4768 1482 4823 qua:
1524 4753 1750 4819 creavit,
1771 4769 1861 4810 su-

280 4848 585 4921 pereminet
624 4866 637 4901 :
670 4846 744 4902 ita
773 4846 1078 4917 oportebat,
1103 4854 1165 4900 ut
1185 4860 1382 4900 nomen
1438 4844 1579 4916 ejus,
1603 4854 1859 4902 caeterum

280 4938 556 5011 pontiﬁcis
582 4937 829 4994 habitum
856 4945 1218 5006 ornatumque
1241 4936 1657 5003 transeendens,
1696 4935 1861 4993 altius

281 5031 686 5104 praemineret,
715 5038 771 5086 et
814 5029 959 5086 velut
984 5036 1180 5084 cuncta
1210 5026 1576 5095 sanctiﬁcans,
1605 5027 1860 5083 eximiam

282 5123 337 5178 in
365 5123 484 5194 ejus
509 5121 687 5177 fronte
716 5121 900 5181 sedem
921 5128 1148 5177 teneret.
1172 5118 1458 5192 Signiﬁcat
1481 5128 1663 5176 autem
1690 5120 1863 5192 ipsam

282 5217 635 5290 professionis
670 5226 871 5273 nostra:
921 5216 1175 5274 ﬁduciam
1199 5231 1362 5287 quam
1389 5216 1444 5272 in
1474 5215 1654 5273 fronte
1688 5226 1866 5287 porta-

282 5324 422 5374 mus,
453 5309 695 5365 dicentes
717 5308 912 5379 singuli
940 5324 1062 5364 cum
1093 5306 1351 5379 Apostolo
1377 5325 1390 5362 :
1418 5305 1554 5361 Mihi
1571 5315 1745 5362 autem
1766 5307 1863 5361 ab-

282 5396 349 5451 sit
392 5395 638 5468 gloriari,
678 5397 781 5451 nisi
827 5396 882 5451 in
912 5413 1064 5451 crure
1095 5395 1308 5450 Domini
1325 5395 1491 5450 nostri
1518 5394 1646 5451 Jesu
1670 5393 1866 5451 Christi

281 5486 427 5562 (Cal.
467 5488 568 5561 vi).
616 5488 817 5545 Verum
844 5489 973 5560 quia
1014 5488 1081 5545 de
1123 5488 1336 5545 caeteris
1386 5502 1550 5559 supra
1570 5494 1864 5545 tractatum

278 5591 383 5647 est,
433 5580 706 5637 feminalia
752 5597 873 5652 quae
901 5583 969 5637 ad
1017 5581 1363 5652 operiendam
1422 5594 1646 5636 carnem
1696 5579 1866 5650 turpi-

283 5671 487 5728 tudinis
543 5671 664 5729 ﬁeri
704 5672 1056 5739 mandantur,
1090 5672 1236 5727 illam
1272 5671 1604 5729 eaStimonia:
1657 5670 1864 5741 portio-

283 5779 430 5831 nem,
486 5780 606 5835 quae
650 5766 944 5836 appetitum
1008 5765 1213 5835 copular
1285 5783 1314 5819 e
1341 5761 1580 5835 -njugalis
1626 5762 1860 5827 cohibet,

1956 1933 2091 1990 Item
2127 1933 2305 1989 cultus
2346 1934 2415 1988 ab
2455 1934 2663 1989 habitu.
2708 1935 2844 1990 Nam
2901 1936 3117 1992 habitus
3168 1938 3236 1993 ad
3289 1946 3545 1993 naturam

1955 2026 2226 2096 pertinet;
2258 2026 2795 2082 cultusadhomines.
2818 2027 3098 2099 Plemque
3111 2039 3293 2085 autem
3319 2031 3551 2086 vestium

1957 2122 2051 2170 aut
2074 2130 2106 2169 a
2138 2124 2400 2186 tempore,
2427 2133 2535 2188 quo
2561 2118 2801 2173 maxime
2849 2119 2905 2173 in
2938 2135 3041 2174 usu
3066 2128 3214 2185 sunt,
3259 2122 3539 2192 appellan-

1957 2214 2084 2261 tur:
2116 2215 2208 2261 aut
2236 2223 2265 2261 a
2303 2207 2461 2274 locis,
2504 2208 2595 2263 ubi
2622 2209 2706 2263 vel
2731 2208 2966 2279 primum
2995 2209 3280 2278 confectze,
3322 2211 3406 2267 vel
3430 2227 3547 2267 ma-

1958 2297 2107 2352 xime
2135 2299 2524 2355 venditantur:
2556 2308 2648 2354 aut
2685 2316 2716 2355 a
2757 2316 2956 2370 genere
2994 2301 3192 2358 coloris
3217 2344 3232 2369 ,
3269 2310 3361 2361 aut
3385 2319 3416 2357 a
3444 2319 3545 2359 no-

1960 2388 2107 2443 mine
2132 2398 2492 2459 repertorum.
2528 2391 2770 2447 Vestitus
2798 2399 2981 2447 autem
3014 2393 3230 2463 quando
3264 2393 3320 2447 in
3350 2394 3545 2448 bonam

1958 2488 2169 2551 partem
2196 2482 2492 2552 accipitur,
2526 2484 2752 2555 mystice
2787 2482 3057 2557 signiﬁcat
3086 2493 3180 2539 aut
3214 2484 3399 2550 ﬁdem,
3436 2500 3543 2555 qua

1960 2568 2255 2624 induuntur
2295 2572 2467 2625 renati
2505 2572 2559 2626 in
2589 2573 2914 2642 baptismate
2947 2572 3150 2628 Christi
3186 2592 3199 2626 :
3232 2583 3325 2628 aut
3360 2575 3545 2629 chari-

1964 2665 2150 2713 tatem.
2184 2658 2339 2715 Unde
2367 2670 2449 2716 est
2479 2661 2628 2727 illud,
2656 2663 2799 2732 quod
2824 2664 3085 2734 propheta
3110 2663 3243 2719 dicit
3277 2664 3343 2719 de
3365 2664 3551 2720 Eccle-

1963 2746 2058 2802 sia:
2100 2755 2293 2802 ornatu
2322 2748 2378 2803 in
2417 2748 2683 2805 Psalterio
2710 2769 2723 2805 :
2760 2752 2937 2806 Astitit
2963 2753 3143 2823 regina
3165 2770 3197 2806 a
3220 2753 3420 2809 dextris
3446 2755 3551 2808 tuis

1964 2836 2020 2889 in
2049 2837 2236 2890 vestitu
2253 2837 2528 2904 deaurato,
2547 2840 2875 2894 circumdata
2902 2841 3151 2895 varietate
3178 2839 3351 2911 (Psal.
3380 2840 3548 2913 κων).

1964 2926 2117 2995 Quod
2143 2928 2296 2995 dicit,
2324 2931 2379 2983 in
2407 2932 2591 2984 vestitu
2617 2930 2897 2996 deaurato,
2948 2947 3140 2986 aurum
3171 2933 3237 2987 ad
3267 2933 3555 2989 charitatis

1968 3019 2227 3076 debemus
2255 3029 2440 3091 aptare
2472 3020 2760 3094 fulgorem,
2804 3023 2931 3093 quia
2969 3023 3171 3078 virtute
3217 3023 3553 3079 circumdata

1970 3120 2160 3168 sancta
2189 3112 2498 3183 resplendet
2532 3112 2796 3168 Ecclesia.
2827 3114 2896 3168 Et
2934 3128 3002 3169 ne
3044 3113 3213 3168 solam
3248 3113 3321 3169 ibi
3355 3113 3556 3169 intelli-

1890 3178 1936 3242 δ
1967 3218 2124 3274 geres
2165 3219 2287 3260 esse
2316 3204 2633 3260 charitatem
2670 3223 2682 3258 :
2710 3206 2765 3258 in
2794 3206 2999 3270 vestitu,
3047 3204 3181 3260 dixit
3211 3245 3226 3271 ,
3277 3203 3554 3273 deaurato,

1965 3309 2075 3348 non
2120 3309 2287 3350 aureo
2316 3309 2331 3348 :
2367 3295 2689 3349 deauratum
2725 3296 2869 3350 enim
2907 3295 3138 3350 dicimus
3164 3337 3179 3362 ,
3214 3295 3430 3366 quando
3460 3313 3555 3351 su-

1963 3383 2221 3453 perducta
2256 3384 2465 3453 species
2496 3372 2614 3438 auri
2644 3383 2696 3437 in
2728 3382 2907 3453 aliqua
2942 3384 3167 3438 materia
3220 3384 3540 3456 glutinatur.

1963 3477 2088 3533 Ideo
2110 3487 2290 3533 autem
2318 3493 2481 3549 supra
2516 3479 2744 3533 virtutes
2788 3479 2893 3534 alia
2923 3479 3098 3551 gratia
3136 3480 3421 3536 charitatis
3455 3498 3557 3553 ap-

1962 3568 2166 3637 paruit,
2190 3567 2319 3639 quia
2357 3569 2535 3623 omnia
2559 3566 2676 3637 ejus
2716 3567 2927 3639 fulgore
2952 3570 3190 3627 excellit.
3224 3571 3413 3637 Addit,
3443 3572 3549 3625 cir-

1968 3658 2281 3712 cumamicta
2352 3658 2619 3713 varietate.
2677 3657 3093 3716 Perscrutemur
3160 3678 3259 3717 cur
3309 3661 3553 3719 Ecclesia

1964 3748 2059 3803 Dei
2089 3748 2157 3804 de
2181 3749 2346 3805 vestis
2373 3750 2636 3805 varietate
2675 3749 2946 3817 laudetur,
2979 3752 3063 3807 cui
3097 3761 3271 3807 totum
3320 3753 3554 3823 simplex

1965 3842 2214 3896 convenit
2245 3849 2408 3910 atque
2438 3842 2646 3897 unum?
2674 3841 2780 3897 Sed
2802 3844 2906 3898 hac
2934 3845 3203 3900 varietate
3222 3854 3316 3900 aut
3344 3846 3559 3918 linguas

1964 3930 2289 4001 multiplices
2336 3930 2602 4003 signiﬁcat
2639 3951 2651 3985 :
2686 3933 2812 4002 quia
2856 3934 3037 3989 omnis
3093 3950 3227 4005 gens
3258 3938 3555 3992 secundum

1964 4034 2117 4073 suam
2173 4019 2405 4089 patriam
2459 4021 2514 4074 in
2544 4020 2788 4075 Ecclesia
2837 4022 3019 4092 psallit
3042 4023 3252 4077 auctori
3278 4038 3294 4077 :
3322 4035 3417 4078 aut
3447 4026 3555 4079 vir-

1964 4118 2137 4164 tutum
2192 4109 2609 4179 pulcherrimam
2665 4112 3061 4168 diversitatem.
3116 4112 3355 4169 Ornatur
3400 4116 3547 4170 enim

1963 4221 2096 4259 auro
2117 4205 2503 4275 apostolorum,
2533 4215 2759 4275 argento
2779 4208 3190 4278 prophetarum,
3207 4210 3435 4280 gemmis
3452 4211 3556 4265 vir-

1962 4294 2166 4364 ginum,
2191 4309 2353 4348 cocco
2378 4306 2698 4366 martyrum,
2726 4311 2966 4366 purpura
3009 4297 3409 4367 pmnitentium.
3445 4297 3549 4354 Ista

1962 4399 2042 4442 est
2062 4401 2192 4458 ergo
2214 4387 2451 4442 varietas
2463 4388 2707 4453 unitatis,
2722 4403 2841 4458 quae
2852 4388 3039 4459 oculos
3058 4389 3271 4445 Domini
3294 4406 3365 4445 ex
3378 4391 3554 4447 omni-

1965 4479 2067 4533 bus
2095 4477 2346 4547 gentibus
2372 4478 2459 4547 pia
2489 4477 2898 4533 conversatione
2927 4479 3191 4549 placitura
3220 4481 3550 4537 contexitur.

1970 4570 2150 4627 Vestis
2209 4570 2585 4640 antiquissima
2636 4570 2913 4626 hominum
2969 4570 3071 4627 fuit
3113 4572 3388 4643 perizoma
3422 4615 3437 4640 ,
3497 4574 3554 4630 id

1965 4669 2068 4726 est,
2098 4650 2539 4728 suceinetorium,
2577 4677 2686 4733 quo
2717 4670 2925 4717 tantum
2968 4663 3223 4734 genitalia
3249 4673 3548 4737 contegun-

1970 4760 2076 4806 tur.
2124 4751 2242 4809 lloc
2266 4753 2503 4823 primum
2553 4753 2713 4823 primi
2755 4752 3069 4810 mortalese
3098 4754 3247 4810 foliis
3297 4756 3555 4811 arborum

1965 4843 2067 4899 sibi
2112 4843 2394 4911 fecerunt,
2441 4845 2656 4915 quando
2678 4852 2798 4915 post
2829 4846 3333 4916 praevaricationem
3354 4846 3547 4902 ernbe~

1967 4943 2181 4991 scentes
2205 4933 2450 5006 pudenda
2484 4934 2751 4991 velarunt.
2780 4933 2947 5007 Cujus
2967 4951 3126 4991 usum
3152 4937 3399 5006 quaedam
3427 4933 3553 4988 bar-

1965 5030 2111 5084 barae
2145 5037 2354 5101 gentes,
2390 5028 2517 5084 dum
2561 5029 2673 5084 sint
2716 5029 2896 5096 nudae,
2927 5043 3101 5099 usque
3141 5028 3301 5083 hodie
3344 5034 3549 5081 tenent.

1968 5119 2093 5175 Haec
2120 5126 2177 5175 et
2202 5118 2527 5190 campestria
2552 5126 2933 5189 nuncupantur
2949 5132 3050 5188 pro
3078 5132 3144 5173 eo
3173 5116 3315 5186 quod
3344 5116 3553 5172 hisdem

1961 5210 2225 5281 juvenes,
2258 5210 2349 5279 qui
2388 5210 2517 5264 nudi
2562 5216 2888 5265 exercentur
2941 5209 2996 5263 in
3028 5222 3219 5276 campo
3243 5246 3260 5274 ,
3300 5207 3550 5279 pudenda

1966 5304 2237 5377 operiunt.
2267 5302 2549 5357 Perizoma
2576 5316 2705 5371 ergo
2727 5301 2869 5369 quod
2897 5307 3233 5357 consuerunt
3253 5298 3414 5369 primi
3457 5314 3552 5370 pa.

1972 5402 2150 5449 rentes
2180 5392 2352 5448 nostri
2398 5393 2466 5448 de
2506 5391 2648 5446 foliis
2700 5389 2810 5455 ﬁci,
2850 5398 2904 5443 et
2933 5404 2990 5443 se
3025 5388 3403 5461 contegebant,
3450 5387 3554 5445 hoc

1966 5482 2237 5557 signiﬁcat
2298 5482 2443 5551 quod
2492 5480 2749 5537 saeculum
2810 5494 3060 5549 asperum
3116 5477 3550 5547 amplectuntur,

1968 5576 2059 5646 qui
2105 5573 2383 5645 prurigine
2434 5571 2729 5642 voluptatis
2765 5568 3003 5625 carnalis
3055 5568 3298 5634 haerent,
3351 5567 3553 5639 quique

1969 5667 2180 5738 decepti
2209 5665 2462 5721 haeretica
2492 5662 2781 5734 pravitate,
2811 5669 2865 5716 et
2890 5661 3063 5734 gratia
3091 5660 3187 5715 Dei
3236 5659 3442 5723 nudati,
3476 5665 3553 5713 te-

1970 5768 2221 5832 gumenta
2247 5757 2678 5823 mendaciorum,
2703 5766 2957 5828 tanquam
2984 5752 3113 5811 folia
3145 5752 3255 5821 ﬁci,
3275 5750 3552 5824 colligunt,
