3950 6192
414 347 513 402 571

1048 354 1109 408 B.
1147 355 1402 413 MBAN!
1442 360 1658 418 MAUBI
1693 362 2008 420 ARCHIEP.
2052 365 2357 424 MOGUNT.
2400 370 2685 432 OPERUM
2724 375 2903 434 PARS
2938 379 3009 436 ll.

3558 392 3676 449 57‘).

415 463 674 519 facientes
703 467 802 522 sibi
827 469 1182 524 suecinctoria
1227 473 1530 540 pravitatis,
1559 489 1681 528 cum
1710 476 1777 529 de
1807 477 1987 531 Domi-
2013 478 2064 537 Λ
2092 474 2173 547 (ιιι
2196 479 2415 548 quidam
2439 483 2647 557 volunt)
2670 487 2928 554 Charitas,
2954 499 3011 543 ut
3033 491 3087 544 in
3104 488 3392 563 Evangelia
3421 515 3431 548 :
3461 499 3498 549 Α
3510 501 3665 564 miee,

413 571 484 608 no
536 555 622 611 vel
682 556 920 612 Ecclesia
967 562 1319 617 mentiuntur.
1371 564 1578 620 Tunica
1621 567 1791 622 vestis
1845 568 1986 622 anti-

411 645 671 712 quissima
719 648 1002 716 appellata,
1035 667 1154 720 qua:
1182 652 1234 706 in
1266 662 1412 708 motu
1449 656 1747 711 incedentis
1791 673 1982 712 sonum

411 733 563 787 facit.
595 735 776 791 Tnnus
797 739 940 792 enim
973 755 1154 796 sonus.
1196 742 1436 799 Primum
1466 755 1643 802 autem
1690 748 1840 803 fuere
1873 749 1982 818 pel-

411 821 561 877 licem
595 826 805 890 Iuniae,
828 828 1020 896 quibus
1048 841 1166 899 post
1194 832 1449 888 offensam
1481 844 1535 890 et
1573 839 1890 907 ejectionem
1914 841 1982 896 de

406 913 658 978 paradiso
703 914 875 969 Adam
907 927 960 970 et
1007 919 1116 973 Eva
1168 922 1341 992 induti
1376 935 1521 981 sunt.
1556 928 1766 984 Talaris
1802 931 1979 986 tunica

403 999 569 1066 dicta,
612 1018 676 1058 eo
719 1006 861 1072 quod
899 1008 966 1060 ad
1019 1009 1154 1064 talos
1211 1028 1381 1081 usque
1439 1015 1752 1084 descendat,
1802 1029 1858 1074 et
1913 1021 1979 1075 ad

402 1091 569 1157 pedes
599 1092 823 1159 deﬂuat,
872 1097 1011 1152 sicut
1049 1105 1358 1170 pectoralis,
1390 1107 1514 1175 quia
1562 1111 1701 1178 apud
1727 1113 1978 1182 antiquos

403 1178 581 1234 brevis
611 1192 752 1247 erat,
801 1195 860 1238 ut
901 1197 1107 1242 tantum
1139 1201 1324 1260 pectus
1367 1199 1625 1264 operiret,
1663 1199 1789 1255 licet
1834 1219 1978 1259 nunc

401 1268 675 1337 profusior
701 1274 788 1327 sit.
844 1275 1160 1335 Manieleata
1209 1285 1410 1352 tunica,
1469 1288 1520 1342 id
1555 1299 1638 1344 est
1684 1293 1974 1360 manicata,

399 1373 464 1410 eo
503 1361 645 1427 quod
685 1361 883 1419 habeat
925 1370 1187 1436 manicas,
1241 1388 1400 1443 quam
1439 1377 1773 1436 eheiridoton
1803 1382 1974 1439 (ἐπ’κεὶ

397 1456 611 1502 vocant.
645 1449 847 1507 Tunica
879 1465 1059 1513 autem
1099 1460 1473 1520 indumentum
1520 1469 1790 1540 signiﬁcat
1850 1474 1975 1528 ﬁdei

398 1537 791 1611 integritatem,
825 1562 984 1616 quam
1036 1551 1230 1610 Petrus
1278 1559 1552 1626 apostolus
1575 1537 1852 1620 habuisse
1893 1567 1973 1620 di-

396 1633 688 1699 gnoscitur,
707 1637 772 1690 de
793 1655 899 1706 quo
919 1640 973 1694 in
997 1641 1286 1715 Evangelio
1301 1646 1536 1717 loquitur
1553 1670 1565 1705 :
1585 1650 1715 1706 Cum
1744 1656 1974 1711 audisset

396 1717 586 1776 Petrus
611 1727 733 1794 quia
761 1727 1016 1785 Dominus
1038 1743 1136 1799 est,
1167 1739 1344 1792 tunica
1391 1743 1648 1797 succinxit
1677 1762 1732 1800 se
1755 1757 1802 1801 et
1833 1749 1971 1802 misit

2081 570 2340 637 quomodo
2361 573 2462 626 huc
2490 575 2722 643 intrasti,
2748 595 2852 634 non
2883 580 3080 636 habens
3119 593 3303 638 vestem
3333 588 3624 657 nuptialem
3644 592 3673 646 ἲ

2082 657 2297 728 (Matth.
2331 663 2484 735 un).
2523 666 2914 726 Vestimentum
2948 672 3148 728 lineum
3174 716 3189 742 ,
3221 677 3394 734 virtus
3441 682 3663 748 animze,

2083 751 2196 806 sive
2238 756 2496 811 munditia
2541 760 2829 828 castitatis,
2868 773 2929 818 ut
2979 766 3032 820 in
3063 765 3348 825 Levitico:
3387 771 3668 829 Vestietnr

2079 842 2320 898 sacerdos
2355 849 2667 904 vestimentis
2709 851 2858 907 lineis
2882 864 2931 908 et
2957 855 3296 924 femoralibus
3329 861 3518 931 (Leuit.
3557 865 3658 935 vi).

2077 930 2245 988 Linea
2271 935 2487 1002 dicitur,
2517 941 2643 1008 quia
2667 958 2733 997 ex
2765 943 2877 999 solo
2908 943 3016 1002 lino
3046 946 3123 1002 ﬁt.
3158 930 3467 1008 Linostcma
3490 957 3662 1012 vestis

2077 1030 2161 1075 est
2189 1037 2256 1076 ex
2302 1023 2422 1079 lana
2452 1026 2670 1099 linoque
2722 1043 2973 1089 contexta
3006 1054 3019 1089 :
3050 1046 3105 1092 et
3145 1039 3286 1094 dicta
3340 1042 3658 1112 linoslema,

2077 1112 2203 1180 quia
2230 1113 2282 1167 in
2312 1117 2541 1171 stamine
2573 1118 2836 1186 linum,in
2861 1131 3032 1178 trama
3063 1124 3238 1180 lanam
3270 1129 3452 1185 habet.
3483 1132 3653 1189 Linea

2075 1202 2292 1271 quidem
2341 1207 2503 1263 vestis
2547 1209 2817 1280 signiﬁcat
2860 1213 3329 1272 mortiﬁcationem
3360 1221 3483 1276 vine
3531 1239 3656 1279 ear-

2078 1291 2234 1346 nalis.
2268 1293 2574 1352 Linostema
2604 1314 2755 1367 vero,
2784 1317 2905 1371 quae
2932 1319 2996 1358 ex
3031 1305 3153 1360 lana
3181 1306 3396 1378 linoque
3421 1321 3652 1368 contex-

2077 1388 2130 1433 ta
2177 1391 2282 1447 est,
2333 1385 2740 1455 hypocritarum
2789 1406 3072 1460 personam
3115 1397 3314 1467 signat,
3365 1402 3459 1470 qui
3501 1404 3658 1460 beni-

2073 1473 2336 1539 gnitatem
2367 1491 2492 1546 erga
2511 1481 2786 1546 proximos
2807 1485 3117 1551 ostendunt,
3143 1495 3198 1540 et
3221 1489 3435 1547 dolosas
3453 1493 3650 1564 iniqui-

2075 1570 2212 1618 tates
2253 1577 2549 1635 opponunt.
2589 1569 2728 1636 Quid
2753 1587 2883 1643 ergo
2929 1589 3024 1643 per
3072 1575 3275 1645 lanam,
3307 1580 3413 1636 nisi
3443 1583 3638 1654 simpli-

2073 1656 2241 1712 citas?
2265 1667 2321 1713 et
2345 1659 2474 1729 quid
2498 1677 2596 1730 per
2621 1662 2812 1730 linum,
2839 1666 2942 1721 nisi
2977 1669 3265 1736 subtilitas,
3296 1672 3653 1745 designatur?

2072 1756 2125 1800 et
2151 1763 2292 1818 saepe
2318 1749 2480 1804 homo
2507 1752 2720 1808 subtilis
2749 1765 2806 1810 et
2829 1766 3018 1813 acutus
3060 1762 3302 1818 exterius
3329 1765 3651 1836 simplicita-

393 1829 449 1865 se
485 1815 539 1866 in
587 1833 728 1871 mare
771 1819 950 1887 (Joan.
980 1823 1128 1894 xxi);
1159 1828 1283 1896 quia
1313 1829 1434 1885 ﬁdei
1481 1832 1732 1890 ﬁrmitate
1758 1839 1966 1906 pericu-
2000 1824 2044 1883 Β
2075 1844 2180 1891 tem
2207 1815 2634 1898 mansuetudinis
2660 1846 2917 1913 ostendit,
2950 1856 3006 1903 et
3031 1850 3258 1908 interius
3289 1855 3648 1914 subtilitatem

394 1899 443 1953 la
488 1905 658 1958 evasit
709 1907 864 1964 istius
913 1913 1132 1980 smeuli,
1201 1926 1256 1972 et
1298 1923 1623 1978 tentationes
1671 1930 1964 1997 superavit.

392 1989 525 2045 Item
555 1994 608 2047 in
631 1996 822 2052 Genesi
849 1999 1044 2072 legitur
1070 2003 1222 2076 (Gen.
1257 2012 1488 2083 xxxv"),
1515 2016 1656 2084 quod
1682 1989 1846 2073 Jalcob
1875 2036 1968 2089 pa-

395 2082 626 2138 triarcha
656 2085 854 2159 Joscph
881 2091 994 2148 ﬁlio
1021 2109 1119 2150 suo
1142 2095 1363 2155 fecisset
1386 2082 1622 2158 tunicam
1648 2082 1964 2178 polymitam

390 2178 506 2235 sive
545 2182 792 2251 talarem,
843 2187 947 2244 hoc
987 2201 1091 2258 est,
1141 2197 1447 2268 astralogon
1489 2197 1838 2275 [astragalon]
1869 2220 1964 2258 seu

392 2272 754 2341 manicatam,
809 2293 930 2348 qua:
976 2283 1199 2340 haberet
1253 2291 1493 2346 manicas
1524 2310 1537 2345 :
1568 2294 1774 2364 antiqui
1819 2298 1962 2350 enim

389 2363 564 2433 magis
616 2366 842 2423 colobiis
866 2373 1174 2430 utebantur.
1221 2377 1424 2435 Tunica
1472 2393 1651 2439 autem
1681 2363 1960 2458 polymita,

386 2467 551 2520 quam
577 2454 703 2511 fecit
719 2459 769 2512 ei
791 2469 966 2528 pater,
988 2468 1283 2522 secundum
1314 2471 1625 2542 allegoriam
1640 2479 1960 2534 varietatem

385 2542 705 2611 populorum
740 2562 808 2601 ex
843 2552 1090 2608 omnibus
1119 2560 1370 2626 gentibus
1407 2562 1458 2615 in
1489 2579 1715 2634 corpore
1759 2569 1958 2626 Christi

385 2643 764 2703 congregatam
793 2639 1135 2709 signiﬁcavit.
1161 2646 1293 2701 Item
1321 2650 1425 2706 alio
1449 2653 1606 2708 modo
1622 2653 1838 2727 Joseph,
1868 2663 1960 2729 qui

385 2722 528 2777 inter
559 2723 751 2782 fratres
778 2731 1026 2787 undecim
1057 2751 1227 2805 usque
1261 2741 1328 2794 ad
1368 2740 1531 2797 ﬁnem
1563 2743 1740 2815 justus
1774 2765 1960 2819 perse-

386 2826 603 2869 verasse
625 2816 966 2888 describitur,
1004 2824 1152 2880 solus
1182 2827 1406 2884 talarem
1440 2835 1675 2890 tunicam
1703 2839 1959 2896 habuisse

383 2903 715 2970 perhibetur.
751 2906 888 2974 Quid
917 2920 1001 2966 est
1037 2928 1165 2986 ergo
1196 2918 1382 2975 talaris
1430 2925 1631 2992 tunica,
1662 2929 1766 2983 nisi
1815 2933 1957 2988 actio

383 2999 790 3051 consummata?
813 3003 965 3070 quasi
986 3005 1130 3059 enim
1151 3023 1420 3078 prepensa
1445 3015 1624 3071 tunica
1645 3018 1811 3075 talum
1838 3037 1956 3078 cor-

382 3082 530 3151 poris
569 3087 826 3156 eooperit,
882 3107 1004 3145 cum
1050 3094 1192 3150 bona
1245 3100 1390 3156 actio
1438 3112 1564 3159 ante
1617 3107 1712 3163 Dei
1767 3112 1954 3169 oculos

383 3187 552 3240 usque
581 3175 647 3228 ad
673 3177 794 3231 vitae
821 3195 920 3234 nos
949 3184 1237 3240 terminum
1271 3190 1418 3258 tegit.
1451 3191 1750 3251 Dalmatica
1785 3201 1951 3257 vestis

379 3259 612 3327 primum
656 3263 710 3317 in
757 3265 1023 3325 Dalmatia
1066 3275 1346 3343 provincia
1391 3278 1611 3338 Graecia:
1656 3293 1802 3342 texta
1847 3300 1948 3356 est,

379 3352 557 3406 tunica
586 3358 935 3416 sacerdotalis
961 3366 1189 3420 candida
1217 3384 1340 3423 cum
1382 3372 1550 3428 clavis
1595 3391 1658 3432 ex
1690 3394 1948 3450 purpura.

377 3443 561 3499 Serica
612 3457 696 3501 est
725 3465 756 3502 a
799 3453 980 3508 serico
1028 3456 1172 3512 dicta
1203 3500 1217 3524 ,
1266 3461 1352 3515 vel
1401 3466 1547 3534 quod
1617 3483 1738 3523 eam
1787 3471 1951 3529 Seres

375 3535 533 3604 primi
560 3539 844 3596 miserunt.
875 3544 1202 3615 lloloserica,
1226 3559 1337 3606 tota
1358 3556 1530 3610 serica
1561 3575 1573 3610 :
1604 3557 1778 3614 Holon
1806 3564 1949 3618 enim

376 3633 564 3680 totum.
593 3629 983 3702 Tramoserica,
1013 3642 1245 3697 stamine
1269 3644 1433 3711 lineo,
1463 3655 1634 3704 trama
1655 3667 1721 3707 ex
1751 3657 1944 3712 serico.

374 3713 780 3790 lloloporphyra
819 3732 927 3779 tota
962 3741 1027 3780 ex
1057 3746 1290 3802 purpura
1329 3753 1341 3784 τ
1376 3736 1536 3793 holon
1575 3743 1716 3797 enim
1752 3753 1943 3802 totum.

368 3805 591 3878 Byssina
618 3813 842 3869 candida
871 3818 1111 3875 confecta
1139 3838 1202 3877 ex
1228 3828 1459 3894 quodam
1475 3847 1669 3900 genere
1691 3834 1948 3906 linigros—

368 3899 530 3956 sioris
561 3919 573 3955 :
605 3913 751 3971 sunt,
781 3910 872 3977 qui
895 3917 949 3964 et
978 3925 1145 3981 genus
1179 3917 1445 3984 quoddam
1479 3899 1569 3976 lini
1591 3923 1811 3995 byssum
1825 3943 1945 3985 esse

365 3991 697 4050 existimant.
715 3994 1105 4056 Vestimentum
1121 4013 1202 4059 est
1215 4006 1466 4064 Ecclesiae
1483 4011 1630 4076 ﬁdes,
1649 4016 1761 4071 sive
1775 4018 1943 4074 virtu-

303 4139 309 4145 ,
367 4082 438 4138 tis
469 4086 721 4155 varietas,
748 4090 832 4145 vel
860 4093 1135 4150 nationum
1151 4097 1458 4165 diversitas,
1490 4106 1620 4159 utin
1639 4105 1936 4166 Psalterio:

379 4170 542 4228 (stitit
563 4179 739 4247 regina
760 4195 793 4233 a
816 4181 1012 4237 dextris
1025 4185 1127 4238 tuis
1149 4187 1202 4240 in
1229 4189 1410 4244 vestitu
1424 4192 1699 4261 deaurato,
1719 4198 1941 4254 circum-

363 4264 491 4318 data
506 4269 751 4323 varietate
775 4269 943 4341 (Psal.
963 4277 1130 4346 xuv).
1161 4278 1224 4332 Et
1246 4280 1298 4333 in
1320 4280 1454 4336 Isaia
1477 4303 1488 4337 :
1509 4283 1791 4358 Consurge,
1818 4307 1941 4345 eon-

363 4371 536 4425 surge,
552 4358 765 4414 induere
777 4363 1082 4432 fortitudine
1097 4378 1207 4435 tua,
1226 4370 1372 4438 Sion,
1400 4375 1614 4431 induere
1627 4383 1937 4438 vestimentis

361 4445 546 4515 gloria:
574 4460 696 4516 tute,
730 4452 1080 4524 Hierusalem,
1120 4462 1298 4516 civitas
1329 4478 1509 4520 sancta
1541 4468 1674 4540 (Isa.
1700 4472 1794 4542 LI).
1827 4472 1930 4528 Ve-

364 4537 606 4593 stitnenti
652 4556 869 4611 nomen,
917 4546 1119 4604 Christi
1165 4565 1361 4623 corpus
1385 4537 1931 4628 assumptum-sicut

361 4627 621 4695 propheta
643 4629 772 4684 dicit
799 4649 812 4681 :
844 4633 914 4687 Et
933 4652 1047 4691 ecce
1068 4640 1144 4691 vir
1158 4644 1368 4697 vestitus
1389 4644 1541 4700 lineis
1569 4627 1787 4718 lEzech.
1825 4653 1921 4725 Ix).

358 4717 490 4772 Item
520 4721 899 4779 vestimentum
930 4726 1148 4796 Christi,
1178 4736 1358 4803 populi
1387 4717 1589 4794 ﬁdeles.
1625 4717 1929 4799 Vestimen-

358 4817 472 4865 tum
504 4821 837 4880 sanctorum,
880 4832 1044 4886 opera
1062 4821 1308 4889 justitiaa,
1339 4826 1454 4882 sive
1483 4828 1668 4884 ﬁdeles
1699 4832 1923 4901 Christi,

356 4908 417 4954 ut
446 4901 498 4955 in
519 4901 772 4972 Apostolo
800 4919 814 4958 :
848 4903 1154 4979 Quicunque
1175 4911 1229 4966 in
1257 4911 1465 4970 Christo
1493 4916 1744 4989 baptizati
1777 4926 1924 4991 estis,

354 4989 620 5047 Christum
641 4994 1044 5069 induistis(Gal.
1071 5000 1171 5074 ιιι).
1204 5001 1588 5062 Vestimentum
1615 4989 1922 5081 impiorum,

352 5083 832 5152 operainiquitatis
851 5097 999 5155 sunt,
1026 5099 1085 5144 ut
1108 5090 1236 5149 illud
1259 5093 1556 5154 Psalmistaa
1583 5118 1595 5152 :
1621 5099 1924 5157 Induantur

350 5174 482 5227 sicut
539 5175 792 5245 diploide,
844 5183 1149 5250 confusione
1194 5203 1290 5242 sua
1319 5187 1489 5260 (Psal.
1538 5193 1710 5266 cvm).
1745 5197 1920 5252 Vesti-

349 5272 586 5318 mentum
633 5274 759 5324 caro
789 5269 1038 5336 hominis,
1071 5275 1211 5330 sicut
1243 5278 1295 5331 in
1339 5278 1626 5338 Salomone
1674 5284 1872 5357 legitur
1901 5307 1913 5342 :

348 5351 505 5408 Omni
527 5365 750 5424 tempore
769 5362 875 5416 sint
901 5368 1198 5422 vestimenta
1222 5379 1312 5424 tua
1339 5374 1563 5429 candida
1587 5375 1781 5448 (Eccle.
1812 5381 1911 5451 lx),

346 5443 400 5497 id
449 5455 532 5500 est
574 5450 716 5506 nulla
774 5455 1065 5522 pollutione
1105 5461 1156 5513 in
1207 5460 1420 5519 luxuria
1470 5443 1704 5522 sordida.
1737 5443 1914 5526 Vestis

347 5547 583 5592 mentum
613 5543 886 5599 simulatio
932 5549 1356 5619 hypocritarum,
1409 5566 1467 5609 ut
1506 5558 1559 5610 in
1578 5555 1863 5631 Evangelio
1896 5581 1908 5616 :

355 5622 565 5680 Venient
594 5631 662 5683 ad
678 5650 764 5686 vos
789 5635 840 5688 in
864 5641 1174 5696 vestimentis
1205 5645 1397 5711 ovium,
1429 5650 1566 5702 intus
1594 5662 1765 5704 autem
1789 5667 1907 5708 sunt

341 5716 449 5784 lupi
479 5733 684 5784 rapaces
719 5722 928 5787 (.lluttlt.
953 5727 1066 5797 vn).
1103 5732 1278 5789 Vestis
1311 5738 1585 5806 nuptialis,
1636 5741 1786 5809 ﬁdes,
1822 5744 1902 5798 vel

2071 1930 2288 1985 malitim
2316 1934 2570 2002 contegit.
2613 1935 2720 1991 Iste
2763 1952 2895 2007 ergo
2925 1950 3129 1996 vestem
3165 1959 3223 1998 se
3269 1947 3499 2004 actionis
3533 1965 3647 2006 sua:

2068 2021 2219 2087 quasi
2249 2039 2313 2076 ex
2344 2023 2466 2078 lana
2507 2033 2561 2078 et
2591 2025 2703 2081 lino
2733 2028 2924 2096 induit,
2957 2033 3176 2101 quando
3207 2036 3275 2090 ab
3311 2053 3377 2092 eo
3409 2047 3465 2093 et
3505 2041 3643 2095 sim-

2066 2110 2276 2178 plicitas
2302 2124 2635 2171 monstratur
2668 2119 2723 2172 in
2771 2123 3074 2192 superﬁcie,
3128 2136 3184 2182 et
3207 2130 3479 2188 subtilitas
3521 2151 3642 2189 ma-

2067 2196 2193 2252 litia:
2245 2211 2490 2258 servatur
2541 2205 2593 2259 in
2641 2217 2839 2264 mente.
2870 2209 3139 2270 Lumbare
3189 2229 3445 2284 vocatur,
3493 2225 3639 2292 quod

2065 2289 2258 2346 lumbis
2305 2294 2578 2366 religetur,
2607 2299 2692 2353 vel
2743 2301 2884 2369 quod
2930 2303 3128 2365 lumbis
3178 2308 3400 2364 haereat.
3435 2289 3551 2368 Hoc
3585 2315 3641 2369 in

2063 2381 2297 2452 Egypto
2328 2394 2382 2439 et
2425 2385 2580 2458 Syria
2612 2405 2718 2445 non
2749 2399 2954 2448 tantum
2998 2395 3244 2465 feminze,
3292 2403 3386 2457 sed
3436 2413 3491 2459 et
3537 2406 3639 2460 viri

2061 2480 2303 2528 utuntur.
2334 2476 2483 2532 Unde
2512 2487 2567 2533 et
2597 2479 2896 2539 Hieremias
2948 2496 3096 2542 trans
3144 2488 3474 2560 Euphratem
3519 2496 3640 2550 tulit

2061 2562 2303 2618 lumbare
2336 2581 2514 2634 suum,
2545 2568 2725 2640 ibique
2753 2573 2884 2630 illud
2917 2577 2968 2631 in
3006 2576 3273 2636 foramine
3320 2593 3488 2654 petrze
3512 2588 3634 2642 abs-

2059 2651 2272 2715 condit,
2312 2663 2365 2707 et
2396 2663 2580 2724 postea
2629 2660 2859 2716 scissum
2891 2665 3112 2734 reperit.
3157 2667 3270 2724 Hoc
3309 2651 3633 2740 quibusdam

2058 2747 2112 2792 et
2141 2741 2320 2796 renale
2343 2744 2558 2810 dicitur,
2599 2750 2742 2816 quod
2769 2751 2824 2805 in
2853 2755 3070 2811 renibus
3093 2757 3365 2830 alligatur.
3393 2763 3472 2820 De
3501 2766 3636 2822 lum-

2057 2827 2188 2882 bare
2213 2845 2342 2900 ergo
2358 2832 2615 2892 Dominus
2635 2838 2703 2892 ad
2730 2839 3056 2899 Hieremiam
3079 2847 3155 2901 ita
3181 2827 3258 2904 ait
3281 2868 3295 2904 :
3325 2850 3473 2907 Sicut
3495 2859 3630 2912 enim

2057 2918 2290 2973 adhaeret
2318 2920 2552 2978 lumbare
2577 2927 2645 2980 ad
2675 2926 2876 2985 lumbos
2902 2935 3017 2999 viri,
3049 2937 3126 2990 sic
3155 2939 3476 3008 agglutinavi
3503 2946 3631 2999 mihi

2056 3023 2257 3063 omnem
2282 3010 2452 3067 Israel
2473 3025 2520 3068 et
2549 3033 2751 3072 omnem
2774 3021 2986 3076 domum
3000 3024 3167 3094 Iuda,
3199 3030 3326 3084 dicit
3351 3032 3626 3102 Dominus,

2056 3109 2110 3152 ut
2139 3112 2269 3156 esset
2294 3105 2422 3159 milii
2447 3107 2500 3161 in
2534 3111 2804 3180 populum,
2835 3125 2882 3169 et
2913 3118 2968 3172 in
2998 3136 3204 3190 nomen,
3232 3135 3280 3178 et
3310 3127 3365 3179 in
3389 3127 3619 3198 laudem,

2055 3201 2101 3245 et
2124 3193 2178 3247 in
2203 3193 2447 3264 gloriam,
2464 3208 2510 3252 et
2535 3217 2640 3256 non
2666 3205 2945 3261 audierunt
2963 3209 3098 3279 (Jer.
3130 3193 3624 3287 xm).Cinctorium

2055 3283 2166 3337 sive
2219 3284 2480 3353 lumbare,
2531 3293 2674 3360 quod
2705 3294 2760 3348 in
2811 3299 3030 3356 renibus
3068 3283 3355 3375 jungitur,
3397 3313 3626 3382 populus

2051 3372 2213 3427 Israel
2247 3385 2350 3442 est,
2385 3379 2476 3447 qui
2515 3381 2570 3434 in
2625 3382 2718 3438 lini
2756 3372 3158 3449 similitudinem
3180 3372 3511 3472 assumptus
3559 3406 3624 3460 de

2052 3471 2218 3530 terra,
2258 3476 2312 3520 et
2350 3469 2549 3537 illotus,
2578 3489 2680 3529 nec
2717 3477 3110 3538 mollitudinem
3134 3487 3343 3555 habuit,
3375 3469 3476 3547 nec
3496 3509 3622 3548 ean-

2049 3554 2254 3622 dorem,
2302 3567 2358 3614 et
2393 3569 2570 3618 tamen
2600 3581 2700 3635 per
2744 3569 2888 3625 illius
2935 3574 3362 3636 misericordiam
3395 3585 3622 3641 adhmsit

2050 3643 2180 3698 Deo.
2226 3646 2468 3719 Cumque
2511 3668 2793 3724 peccasset
2821 3661 3191 3731 hujuscemodi
3246 3671 3414 3727 linum
3459 3685 3622 3746 atque

2048 3732 2305 3799 lumbare,
2339 3739 2561 3797 ductum
2581 3754 2662 3800 est
2689 3755 2834 3804 trans
2858 3752 3191 3823 Euphraten,
3223 3760 3277 3815 id
3308 3773 3413 3828 est,
3438 3765 3492 3818 in

2045 3822 2242 3891 syrios,
2294 3836 2348 3881 et
2384 3828 2457 3883 ibi
2507 3832 2896 3905 absconditur,
2943 3822 3058 3899 hoc
3113 3855 3227 3914 est,
3271 3851 3618 3912 multitudine

2044 3928 2360 3984 magnarum
2389 3929 2443 3973 et
2464 3921 2936 3987 innumerabilium
2958 3938 3195 4006 gentium
3214 3945 3617 4011 quodannnodo

2043 4005 2328 4077 absorptus
2380 4020 2435 4066 et
2487 4016 2620 4071 nihil
2662 4005 3122 4091 reputatus.Post
3169 4005 3390 4106 longum
3431 4051 3610 4098 autem

2043 4104 2254 4168 tempus
2286 4100 2398 4170 ipse
2426 4108 2689 4177 propheta
2719 4112 2773 4166 in
2819 4122 3002 4185 typum
3032 4120 3242 4178 Domini
3263 4100 3526 4198 populum
3549 4133 3617 4189 li-

2040 4189 2195 4247 berat
2223 4196 2289 4250 de
2301 4200 2634 4269 captivitate,
2658 4207 2750 4274 qui
2772 4208 3121 4271 nihilominus
3145 4226 3198 4272 et
3228 4189 3360 4288 post
3375 4225 3608 4282 reditum

2042 4283 2250 4339 Domini
2265 4300 2531 4362 przecepta
2547 4310 2650 4349 non
2673 4297 2801 4354 fecit
2831 4319 2843 4354 :
2869 4305 2964 4358 sed
2990 4316 3210 4364 secutus
3233 4311 3362 4368 deos
3383 4315 3610 4384 alienos,

2039 4372 2105 4425 ad
2132 4383 2430 4435 extremum
2462 4384 2625 4439 etiam
2659 4387 2714 4441 in
2757 4391 2852 4456 Dei
2882 4393 3076 4450 Filium
3126 4401 3276 4456 misit
3307 4420 3522 4475 manus,
3555 4421 3611 4465 et

1959 4468 2234 4570 Dazterna
2288 4471 2590 4536 perditione
2647 4478 2939 4535 contabuit.
3009 4483 3197 4544 Omnis
3261 4506 3476 4564 quoque
3508 4468 3611 4553 lvir

2036 4561 2254 4608 sanctus
2277 4555 2521 4617 lumbare
2544 4563 2638 4618 Dei
2663 4574 2765 4634 est,
2799 4570 2891 4639 qui
2921 4585 3231 4646 assumptus
3259 4555 3326 4636 de
3355 4555 3522 4652 terra,
3553 4599 3610 4644 et

2035 4641 2100 4697 de
2125 4653 2281 4701 terra:
2305 4648 2454 4717 limo,
2481 4654 2573 4710 Dei
2587 4662 2861 4716 consortio
2886 4665 3167 4734 copulatur
3178 4673 3600 4740 quodaminodo:

2032 4751 2152 4805 quae
2180 4738 2233 4793 in
2262 4739 2501 4800 Ecclesia
2549 4747 2667 4818 ejus
2693 4751 2945 4808 videntur
2968 4738 3222 4827 obscena,
3265 4764 3472 4834 majore
3515 4771 3598 4824 di-

2032 4824 2249 4896 ligentia
2287 4833 2463 4900 operit
2509 4844 2672 4906 atque
2719 4841 3061 4912 circumdat,
3106 4862 3175 4904 ne
3208 4824 3490 4920 gentilium
3549 4868 3605 4914 et

2032 4917 2410 4977 haereticorum
2463 4929 2731 4984 morsibus
2776 4941 3014 5001 pateant.
3057 4917 3233 5004 Quod—
3259 4941 3506 5002 lumbare
3553 4949 3600 5003 si

2030 5022 2226 5077 aquam
2258 5015 2453 5085 tetigit,
2483 5027 2538 5072 et
2563 5020 2853 5090 Euphratis
2873 5023 3070 5082 ﬂuenta
3097 5033 3400 5102 transierit,
3431 5037 3507 5093 ita
3541 5049 3600 5096 ιιι

2027 5100 2262 5174 Assyriae
2292 5109 2524 5178 regionis
2554 5113 2847 5170 honoribus
2888 5118 3251 5196 [humoribus]
3282 5127 3556 5185 imbuatur
3581 5151 3594 5186 :

2025 5198 2200 5263 perdit
2222 5200 2501 5267 pristinam
2533 5203 2923 5276 fortitudinem,
2940 5221 2996 5267 et
3018 5220 3407 5285 computrescit
3435 5230 3597 5292 atque

2024 5285 2335 5344 dissolvitur
2364 5305 2378 5344 :
2409 5301 2464 5346 et
2497 5298 2743 5362 quamvis
2767 5299 2820 5353 in
2865 5317 3021 5356 usum
3045 5303 3140 5359 Dei
3165 5307 3372 5374 redeat,
3414 5320 3592 5368 tamen

2025 5380 2304 5448 pristinam
2347 5385 2798 5454 pulchritudinem
2826 5394 3027 5451 habere
3075 5413 3180 5452 non
3222 5409 3437 5470 potest,
3485 5420 3588 5460 non

2023 5471 2214 5526 duritia
2243 5473 2359 5539 Dei,
2388 5478 2480 5532 sed
2514 5494 2610 5534 suo
2631 5481 2763 5536 vitio
2795 5501 2806 5536 :
2839 5486 2962 5554 quia
3003 5487 3191 5544 nolunt
3218 5493 3408 5548 audire
3429 5495 3588 5550 verba

2021 5561 2154 5631 ejus,
2184 5574 2237 5618 et
2265 5567 2540 5654 ambulant
2568 5572 2618 5625 in
2643 5576 2913 5642 pravitate
2936 5581 3113 5635 cordis
3139 5583 3219 5636 sui
3248 5602 3260 5636 :
3289 5585 3423 5650 sive,
3449 5589 3585 5655 quod

2020 5655 2119 5708 sibi
2163 5666 2366 5713 rectum
2398 5641 2626 5730 videlur,
2669 5666 2770 5721 hoc
2791 5667 3012 5724 faciunt.
3051 5672 3334 5742 Cingulum
3360 5679 3584 5747 mystice

2018 5746 2336 5820 intelligitur
2366 5755 2620 5823 Spiritalis
2650 5761 2830 5828 operis
2857 5763 3130 5819 accinctus
3174 5767 3224 5821 in
3276 5766 3536 5823 Psalterio
3565 5787 3577 5821 :
