3950 6192
270 388 375 446 575

1233 385 1321 442 DE
1358 382 1703 441 UNIVERSO
1741 380 1916 436 LIBRI
1959 380 2118 437 XXll.
2159 413 2228 423 —
2263 383 2389 438 LIB.
2434 383 2571 439 XXI.

3419 380 3526 441 57b

272 497 617 557 Parce-insisti
660 514 745 555 me
780 496 965 554 lectitia
989 482 1160 570 (Psal.
1189 496 1362 567 xxix).
1394 494 1637 550 Balteum
1668 493 1850 550 acein—
1878 492 1926 550 A
1956 492 2151 548 bantur
2176 495 2251 560 iii,
2281 496 2370 565 qui
2402 494 2748 566 reportabant
2774 492 2841 549 de
2870 491 3111 550 hostibus
3153 494 3378 563 palmas.
3409 497 3524 569 Ipsa

271 599 393 646 etus
448 591 740 657 virtutum,
793 590 909 646 sive
958 589 1370 658 circumspectio
1423 586 1662 641 mentis:
1708 585 1851 640 unde

270 679 472 753 legitur
494 680 552 735 in
580 678 998 736 Deuteronomio
1026 695 1040 732 :
1071 676 1298 731 Habebis
1317 675 1573 746 pusillum
1606 675 1660 728 in
1681 673 1850 728 balteo

273 771 455 845 (Deut.
500 770 683 842 xxtn),
711 770 767 825 id
792 778 896 835 est,
937 767 1209 825 stimulum
1233 765 1680 836 compunctionis.
1706 764 1774 819 Et
1796 763 1850 818 in

270 862 435 919 aliam
484 871 699 931 partem
731 860 784 914 in
809 856 912 913 Job
942 871 959 912 :
993 855 1238 911 Balteum
1288 870 1466 925 regum
1503 851 1760 916 dissolvit,
1804 861 1851 905 et

268 953 548 1025 prccingit
581 949 708 1020 fune
755 964 902 1002 renes
946 963 1127 1001 eorum
1164 943 1307 1018 (Job.
1363 943 1485 1009 xu).
1533 943 1851 997 Armelausa

272 1040 434 1113 vulgo
462 1048 676 1103 vocata,
717 1039 861 1110 quod
884 1046 1010 1092 ante
1032 1045 1086 1092 et
1110 1046 1257 1092 retro
1282 1035 1455 1090 divisa
1479 1044 1643 1104 atque
1663 1038 1850 1103 aperta

272 1141 377 1199 est,
436 1132 498 1186 in
550 1146 736 1186 armos
779 1138 989 1185 tantum
1042 1129 1246 1193 clausa,
1288 1126 1444 1197 quasi
1503 1124 1849 1190 armiclausa,

273 1240 396 1282 cum
428 1223 616 1279 littera
657 1222 857 1277 ablata.
889 1221 1137 1277 Camisas
1168 1233 1451 1283 vocamus,
1504 1214 1649 1285 quod
1684 1214 1736 1268 in
1765 1213 1853 1268 his

272 1317 580 1371 dormimus
608 1315 663 1369 in
707 1314 897 1378 camis,
929 1312 983 1367 id
1022 1319 1122 1375 est,
1179 1310 1235 1364 in
1266 1308 1454 1364 stratis
1501 1305 1727 1362 nostris.
1750 1304 1853 1360 Fe—

273 1406 502 1462 moralia
533 1404 824 1476 appellata,
853 1418 920 1459 eo
961 1401 1106 1472 quod
1132 1401 1341 1456 femora
1366 1403 1552 1469 tegant
1581 1413 1595 1450 :
1635 1394 1751 1465 ipsa
1797 1401 1855 1449 et

271 1497 512 1563 braehae,
536 1494 682 1567 quod
702 1502 829 1551 sunt
846 1493 1061 1558 breves,
1085 1498 1140 1547 et
1168 1485 1469 1545 verecunda
1503 1485 1746 1554 corporis
1767 1482 1852 1538 his

272 1584 543 1641 velentur.

861 1672 1090 1731 CAPUT
1128 1673 1268 1729 XVI.

490 1766 572 1823 De
601 1766 813 1839 proprio
833 1766 1183 1838 quarumdam
1217 1765 1445 1836 gentium
1470 1764 1671 1819 habitu.

1951 583 2241 638 vocabatur
2292 593 2349 639 et
2408 593 2526 655 toga
2568 583 2711 654 picta
2740 622 2756 649 ,
2803 597 2870 638 eo
2923 586 3065 655 quod
3105 586 3360 641 victorias
3401 604 3524 644 cum

1948 672 2141 742 palmis
2163 674 2398 729 intextas
2415 675 2655 730 haberet.
2678 672 2907 729 Pallium
2938 676 3163 747 mystice
3196 676 3248 729 in
3272 677 3416 733 bono
3440 696 3524 734 ac-

1950 763 2164 832 cipitur,
2187 773 2249 818 ut
2273 772 2359 820 est
2380 764 2512 819 illud
2537 783 2550 819 :
2585 763 2819 820 Pallium
2845 764 3019 820 laudis
3044 783 3138 836 pro
3166 768 3375 837 cingulo
3403 786 3527 824 moe-

1951 853 2086 907 roris
2113 852 2248 921 (Isa.
2272 853 2406 926 ιω).
2445 854 2578 910 Item
2619 856 2674 910 in
2713 857 3042 912 contrariam
3071 858 3357 926 partemin
3387 859 3529 928 psal-

1950 957 2039 997 mo
2086 942 2306 1013 pallium
2350 945 2586 1015 positum
2615 957 2697 1001 est
2729 988 2744 1013 ,
2774 947 2866 1001 ubi
2902 948 3096 1017 legitur
3130 948 3195 1003 de
3240 948 3479 1005 Ecclesia
3512 970 3525 1005 :

1953 1030 2056 1096 Qui
2091 1031 2331 1101 fundavit
2358 1044 2555 1090 terram
2586 1053 2742 1106 super
2783 1037 3119 1091 stabilitatem
3141 1038 3278 1108 ejus,
3307 1056 3412 1095 non
3448 1043 3530 1095 in-

1950 1118 2229 1173 clinabitur
2257 1122 2312 1175 in
2336 1122 2587 1177 saxulum
2614 1125 2816 1180 swculi.
2849 1126 3099 1197 Abyssus,
3130 1127 3264 1182 sicut
3287 1129 3526 1199 pallium,

1950 1210 2169 1264 amictus
2190 1210 2305 1281 ejus
2331 1209 2506 1283 (Psal.
2538 1214 2676 1286 cut).
2705 1216 2948 1286 Abyssus
2975 1219 3118 1272 enim
3143 1220 3344 1275 dicitur
3370 1236 3532 1290 aqua-

1952 1312 2071 1352 rum
2120 1299 2490 1369 copiosissima
2525 1305 2836 1370 multitudo,
2875 1322 2995 1375 quae
3024 1317 3078 1362 et
3125 1309 3179 1363 in
3207 1309 3350 1365 bono
3383 1321 3440 1365 et
3474 1312 3529 1367 in

1950 1390 2094 1447 malo
2136 1392 2450 1465 plerumque
2494 1398 2729 1465 ponitur.
2772 1400 2897 1457 Haec
2926 1404 3120 1459 merito
3145 1404 3235 1460 hic
3265 1407 3529 1474 supersti-

1953 1483 2104 1539 tiosis
2132 1494 2294 1555 atque
2312 1488 2747 1555 persecutoribus
2774 1503 3158 1562 comparantur
3189 1511 3204 1550 :
3228 1497 3354 1565 quia
3390 1498 3532 1553 sicut

1951 1576 2171 1645 pallium
2209 1577 2449 1647 subjecta
2480 1582 2722 1650 cooperit
2754 1600 2768 1636 :
2801 1583 2876 1638 ita
2923 1584 2999 1639 illi
3041 1588 3298 1641 mundum
3347 1587 3532 1649 fusilis-

1952 1666 2087 1722 sima
2120 1669 2503 1737 superstitione
2524 1678 2796 1738 texerunt,
2824 1680 2883 1726 ut
2909 1690 3016 1731 non
3037 1675 3209 1731 solum
3232 1678 3533 1737 mediocres

1953 1758 2222 1825 homines,
2248 1760 2344 1815 sed
2382 1760 2436 1814 in
2465 1762 2764 1831 perniciem
2789 1778 2942 1820 suam
2978 1766 3123 1835 ipsos
3162 1782 3376 1838 quoque
3403 1783 3535 1826 sau-

344 1859 621 1915 Sarabara
659 1867 786 1914 sunt
827 1857 973 1912 ﬂuxa
1025 1873 1089 1912 ac
1131 1857 1352 1912 sinuosa
1409 1855 1750 1918 vestimenta,
1782 1852 1851 1908 de
1881 1840 1927 1899 Β
1955 1857 2070 1905 ctos
2111 1850 2256 1907 viros
2302 1860 2465 1921 atque
2508 1854 2968 1912 eminentissimos
3025 1859 3307 1914 tormentis
3334 1875 3531 1930 corpo-

273 1951 471 2021 quibus
498 1950 700 2021 legitur
722 1949 773 2003 in
787 1947 1116 2016 [)anielclut)
1130 1947 1226 2003 :Et
1243 1946 1501 2002 sarabara
1539 1961 1718 2002 eorum
1749 1961 1854 2000 non

272 2050 395 2097 sunt
424 2042 726 2095 immutata.
757 2035 828 2092 Et
869 2036 1094 2093 Publius
1124 2053 1136 2090 :
1167 2034 1234 2090 Ut
1259 2035 1386 2107 quid
1413 2050 1534 2105 ergo
1580 2035 1637 2087 in
1678 2043 1853 2088 ventre

274 2140 363 2182 tuo
410 2124 604 2180 Parthi
642 2122 900 2179 sarabara
938 2121 1342 2192 suspenderunt.
1386 2120 1544 2190 Apud
1587 2119 1852 2190 quosdam

271 2226 457 2274 autem
508 2215 771 2273 sarabara
808 2213 1053 2286 quaedam
1083 2212 1323 2282 capitum
1368 2210 1604 2282 tegmina
1644 2224 1855 2264 nuncu-

271 2321 493 2383 pantur,
547 2308 730 2381 qualia
754 2308 999 2364 videmus
1040 2306 1093 2360 in
1123 2305 1301 2374 capite
1349 2319 1634 2374 magorum
1680 2302 1848 2372 picta.

274 2404 547 2460 Mastruca
616 2401 785 2457 vestis
859 2398 1031 2454 Sarda
1094 2412 1162 2453 ex
1227 2395 1495 2466 pelliculis
1573 2393 1850 2460 ferarum,

274 2497 341 2552 de
385 2509 495 2566 qua
527 2492 720 2550 Cicero
755 2506 855 2563 pro
902 2488 1108 2546 Scauro
1140 2505 1154 2542 :
1185 2487 1352 2554 Quem
1386 2502 1622 2557 purpura
1665 2483 1853 2555 regalis

274 2606 380 2644 non
428 2586 732 2650 commovit,
777 2601 896 2639 eum
945 2580 1239 2639 Sardorum
1297 2588 1562 2633 mastruca
1611 2575 1851 2630 mutavit.

274 2679 547 2735 Mastruca
594 2684 796 2740 autem,
829 2673 985 2743 quasi
1038 2679 1400 2737 monstruosa,
1462 2682 1528 2724 eo
1568 2665 1713 2738 quod
1761 2667 1855 2736 qui

273 2784 337 2824 ea
370 2768 691 2832 induuntur,
736 2765 895 2836 quasi
926 2764 979 2819 in
1017 2763 1261 2818 ferarum
1292 2760 1541 2816 habitum
1588 2758 1855 2815 transfor-

274 2871 517 2919 mantur.
552 2860 777 2932 Legitur
804 2861 857 2915 in
884 2858 1143 2930 Apostolo
1186 2857 1253 2913 de
1276 2854 1598 2926 quibusdam
1628 2853 1852 2920 sanctis,

276 2959 369 3030 qui
414 2955 638 3012 fuerunt
664 2955 765 3011 sub
801 2952 984 3009 Veteri
1020 2952 1409 3006 Testamento:
1443 2946 1853 3010 Circumierunt,

278 3045 477 3118 inquit,
508 3046 565 3100 in
583 3043 788 3099 melatis
813 3051 861 3096 et
886 3040 1106 3112 pellibus
1136 3038 1387 3110 caprinis,
1426 3044 1650 3107 egentes,
1683 3050 1856 3105 augu-

274 3139 445 3204 stiati,
470 3136 672 3209 afﬂicti,
690 3134 878 3207 quibus
901 3133 1090 3204 dignus
1133 3148 1239 3186 non
1264 3139 1377 3184 erat
1410 3128 1637 3183 mundus
1664 3125 1852 3199 (Hebr.

273 3227 377 3300 ιι).
408 3224 470 3281 In
498 3240 608 3296 quo
644 3222 1042 3288 manifestatur,
1088 3222 1232 3290 quod
1262 3219 1362 3273 viri
1413 3217 1585 3272 sancti
1610 3256 1624 3282 ,
1655 3215 1856 3285 quibus

276 3320 345 3375 ad
387 3326 651 3374 aeternam
698 3314 867 3368 vitam
894 3310 1171 3383 gradiendi
1220 3323 1375 3364 amor
1424 3305 1707 3371 incumbit,
1747 3319 1856 3359 non

274 3407 568 3483 praetentis
595 3405 723 3462 vita:
773 3402 981 3460 deliciis
1023 3416 1122 3473 per
1149 3399 1482 3469 voluptatem
1515 3396 1595 3451 uti
1645 3394 1858 3450 deside-

277 3509 405 3555 rent
430 3517 462 3565 ε,
479 3497 575 3554 sed
609 3512 709 3567 per
728 3494 1121 3552 continentiam
1148 3491 1323 3563 magis
1349 3490 1612 3545 virtutum
1643 3487 1858 3556 copiam

277 3589 488 3645 habere
524 3587 798 3643 studeant.
834 3584 891 3638 in
919 3583 1116 3654 quibus
1144 3580 1320 3637 ornati
1367 3580 1437 3635 ad
1486 3577 1675 3640 ξειεήιί
1714 3577 1858 3647 regis

276 3679 587 3737 convivium
613 3678 820 3734 intrare
846 3681 1181 3730 mereantur.

852 3763 1080 3822 CAPUT
1119 3761 1282 3819 XVII.

784 3856 864 3912 De
891 3855 1068 3927 palliis
1095 3855 1345 3909 virorum.

345 3951 582 4009 Pallium
631 3955 715 4004 est
743 3988 759 4013 ,
810 3962 917 4016 quo
950 3944 1374 4000 ministrantium
1405 3940 1638 4012 scapula:
1670 3948 1859 3995 conte-

278 4054 501 4120 guntur,
557 4051 637 4107 ut,
691 4042 817 4096 dum
861 4037 1212 4105 ministrant,
1266 4034 1500 4106 expediti
1531 4033 1858 4088 discurrant.

277 4137 548 4193 Plautus:
582 4132 645 4188 Si
676 4129 801 4202 quid
854 4129 1093 4200 {acturus
1129 4143 1206 4193 es,
1250 4124 1485 4197 appende
1512 4124 1585 4178 in
1631 4122 1861 4178 humeris

278 4227 523 4298 pallium.
544 4221 614 4276 Et
634 4230 834 4294 pergat,
856 4230 1111 4292 quantum
1128 4217 1285 4284 valet,
1302 4226 1511 4272 tuorum
1532 4217 1721 4288 pedum
1745 4231 1863 4286 per-

280 4316 491 4371 nicitas.
522 4313 736 4367 Dictum
757 4318 936 4366 autem
961 4308 1180 4380 pallium
1204 4324 1235 4363 a
1262 4308 1494 4379 pellibus
1519 4324 1532 4361 :
1561 4306 1687 4383 quia
1710 4306 1863 4376 prius

279 4407 760 4479 superindumenta
802 4402 1014 4473 pellicia
1058 4408 1271 4456 veteres
1323 4401 1614 4455 utebantur
1640 4439 1655 4465 ,
1705 4397 1863 4468 quasi

279 4498 457 4570 pellea
485 4510 504 4551 :
531 4496 645 4553 sive
670 4510 700 4549 a
726 4494 869 4565 palla
896 4508 994 4565 per
1016 4492 1428 4548 derivationem.
1461 4490 1712 4560 Chlamys
1734 4496 1819 4544 est
1843 4530 1859 4556 ,

280 4605 403 4659 qua:
436 4604 505 4644 ex
534 4602 640 4641 una
682 4593 835 4657 parte
879 4584 1138 4648 induitur,
1185 4599 1365 4654 neque
1392 4585 1673 4640 consuitur
1696 4625 1712 4652 ,
1769 4585 1864 4640 sed

280 4678 452 4735 ﬁbula
480 4676 781 4733 infrenatur
816 4694 832 4730 :
883 4676 1012 4731 hinc
1049 4682 1104 4730 ει
1136 4672 1324 4731 ϐινεεεε
1378 4689 1576 4731 nomen
1632 4677 1860 4746 accepit.

284 4772 543 4843 Chlamys
586 4770 760 4826 laudis
799 4778 885 4826 est
925 4776 1168 4833 ornatus,
1225 4776 1285 4822 ut
1318 4767 1376 4822 in
1432 4766 1720 4825 Salomone
1750 4789 1764 4825 :
1793 4770 1864 4826 Et

287 4864 618 4935 chlamydem
646 4862 765 4933 fecit
792 4862 902 4916 viro
925 4861 1112 4927 suo,id
1139 4868 1243 4926 est,
1268 4861 1651 4916 vestimentum
1679 4880 1692 4915 :
1721 4861 1865 4932 quod

289 4963 553 5024 tanquam
573 4951 641 5008 de
664 4950 873 5006 duobus
898 4948 1259 5005 Testamentis
1279 4948 1582 5005 confectum
1605 4952 1695 5005 sit.
1721 4950 1865 5022 Toga

291 5044 458 5110 dicta,
486 5040 631 5112 quod
656 5040 957 5095 velamento
981 5041 1065 5095 sui
1104 5054 1301 5109 corpus
1352 5048 1498 5110 tegat
1539 5047 1701 5111 atque
1732 5056 1866 5112 ope-

290 5132 419 5189 riat.
453 5132 550 5187 Est
578 5138 758 5186 autem
799 5129 1023 5200 pallium
1062 5144 1256 5199 purum
1303 5128 1478 5184 forma
1531 5133 1760 5187 rotunda
1788 5131 1867 5187 ef-

289 5222 517 5291 fusiore,
542 5233 599 5280 et
624 5224 777 5294 quasi
806 5223 1098 5278 inundante
1134 5223 1253 5278 sinu
1279 5262 1295 5289 ,
1336 5230 1393 5278 et
1425 5223 1525 5279 sub
1553 5223 1745 5279 dextro
1771 5240 1866 5281 ve-

291 5315 453 5373 niens
479 5330 639 5386 supra
665 5315 951 5371 humerum
982 5314 1259 5371 sinistrum
1286 5314 1507 5385 ponitur
1533 5333 1545 5368 :
1583 5315 1739 5386 cujus
1786 5317 1864 5373 si-

292 5404 653 5461 militudinem
696 5404 754 5459 in
803 5404 1149 5476 operimentis
1191 5403 1603 5460 simulacrorum
1652 5405 1734 5460 vel
1786 5407 1867 5475 pi-

293 5500 575 5551 cturarum
598 5494 909 5565 aspicimus,
924 5508 1122 5565 easque
1142 5500 1348 5549 statuas
1375 5502 1581 5565 togatas
1598 5509 1868 5553 vocamus.

296 5584 448 5658 Toga
472 5596 654 5645 autem
692 5587 921 5643 Romani
948 5587 1000 5641 in
1032 5600 1164 5657 pace
1190 5588 1501 5653 utebantur,
1534 5586 1660 5642 belli
1689 5597 1871 5643 autem

301 5691 545 5750 tempore
568 5678 998 5750 paludamentis:
1032 5693 1284 5734 mensura
1317 5675 1614 5749 togtejusta
1639 5718 1655 5744 ,
1687 5678 1733 5733 si
1776 5692 1869 5734 sex

301 5769 460 5826 ulnas
493 5771 705 5826 habeat.
736 5769 880 5843 Toga
918 5769 1151 5838 palmata
1182 5768 1474 5834 dicebatur,
1505 5783 1667 5839 quam
1698 5784 1893 5825 merc-.

1954 1956 2073 1994 rum
2121 1941 2353 1997 obruere
2395 1943 2730 2000 viderentur.
2779 1946 2984 2018 Diplois
3035 1948 3281 2005 Graecum
3336 1967 3533 2009 nomen

1952 2031 2021 2084 ab
2049 2046 2114 2086 eo
2138 2033 2281 2101 quod
2317 2033 2388 2088 sit
2417 2034 2614 2105 duplex
2641 2038 2891 2094 amictus.
2925 2039 3179 2096 Horatius
3208 2059 3222 2095 :

2077 2125 2253 2176 Contra
2271 2139 2418 2188 quem
2439 2127 2617 2190 duplici
2643 2142 2801 2192 panno
2824 2132 3057 2192 patientia
3080 2132 3231 2184 velat.

1951 2214 2047 2270 Est
2073 2223 2255 2270 autem
2286 2216 2453 2272 vestis
2479 2217 2752 2284 militaris,
2788 2218 2945 2290 cujus
2983 2235 3114 2275 usus
3154 2219 3375 2278 Gallicis
3427 2224 3540 2293 pri-

1952 2322 2101 2363 mum
2129 2306 2559 2379 expeditionibus
2598 2311 2762 2379 etrapit
2802 2326 2834 2365 e
2873 2313 3053 2381 praeda
3088 2313 3290 2379 hostili,
3328 2314 3396 2368 de
3428 2331 3535 2384 qua

1951 2406 2036 2453 est
2066 2413 2192 2475 Vvox
2230 2398 2321 2453 illa
2350 2408 2569 2455 senatus
2616 2417 2631 2455 :
2679 2419 2697 2451 ι
2748 2401 2909 2471 Togis
2952 2402 3228 2473 depositis,
3274 2404 3537 2473 Quirites,

1951 2490 2020 2543 ad
2060 2503 2189 2560 saga
2244 2487 2406 2560 (ite).
2461 2508 2482 2540 ι
2524 2489 2725 2562 Sagum
2778 2500 2958 2547 autem
3009 2491 3272 2548 Gallicum
3338 2510 3537 2553 nomen

1952 2584 2055 2632 est.
2085 2576 2297 2633 Dictum
2340 2588 2520 2634 autem
2554 2595 2742 2650 sagum
2769 2581 3054 2651 quadrum,
3104 2597 3170 2638 eo
3213 2586 3358 2653 quod
3396 2587 3538 2657 apud

1952 2686 2048 2726 eos
2066 2672 2298 2748 primum
2324 2672 2645 2744 quadratum
2668 2673 2752 2728 vel
2774 2674 3105 2745 quadruplex
3133 2684 3297 2732 esset.
3327 2677 3460 2732 Nam
3483 2678 3538 2734 in

1952 2761 2224 2832 Propheta
2262 2763 2523 2834 scriptum
2554 2772 2677 2820 est:
2712 2762 3050 2834 Operiantur,
3096 2767 3233 2821 sicut
3261 2768 3491 2837 diploide
3523 2810 3540 2834 ,

1956 2854 2263 2925 confusione
2283 2872 2383 2910 sua
2412 2855 2586 2928 (Psal.
2620 2856 2795 2929 cvm).
2821 2856 2986 2912 Petiit
3007 2873 3136 2929 ergo
3179 2869 3238 2914 ut
3259 2861 3540 2930 utriusque

1955 2942 2088 3015 legis
2138 2944 2493 3017 intelligentia
2552 2947 2852 3003 vestiantur
2884 2987 2901 3015 ,
2952 2948 3044 3018 qui
3082 2965 3228 3004 nunc
3270 2962 3540 3020 utraque,

1953 3035 2183 3107 perfidia
2209 3034 2460 3102 faciente,
2492 3038 2679 3094 nudati
2707 3047 2853 3095 sunt.
2881 3039 3142 3098 Confusio
3169 3042 3312 3097 enim
3332 3042 3544 3100 Iudaeo-

1958 3141 2080 3182 rum
2115 3138 2200 3184 est
2239 3127 2409 3200 legem
2444 3145 2552 3185 non
2597 3129 2936 3199 intelligere,
2985 3147 3107 3202 qua:
3156 3131 3315 3187 toties
3361 3132 3545 3188 Salva-

1962 3227 2134 3274 torem
2175 3220 2460 3275 Dominum
2493 3220 2779 3291 prazcinuit
2806 3221 3061 3277 advenire
3092 3241 3106 3276 :
3138 3223 3252 3277 sive
3287 3222 3416 3277 illud
3452 3237 3547 3293 ge-

1961 3325 2064 3365 nus
2101 3310 2217 3366 vult
2245 3312 2565 3384 exprimere,
2598 3312 2743 3384 quod
2791 3312 2928 3369 solet
2957 3314 3013 3368 in
3052 3314 3361 3384 proverbiis
3388 3314 3496 3370 dici
3524 3333 3539 3369 :

1960 3400 2014 3455 id
2041 3409 2125 3457 est
2153 3420 2166 3455 :
2201 3399 2539 3472 Confusionis
2587 3403 2787 3474 duplici
2816 3401 2979 3475 pallio
3029 3405 3314 3460 vestiantur
3342 3444 3359 3470 ,
3413 3402 3542 3459 dum

1962 3503 2088 3548 ante
2142 3494 2429 3549 Dominum
2483 3504 2539 3550 et
2585 3494 2832 3550 homines
2885 3495 3230 3551 erubescunt.
3278 3494 3542 3566 Sagorum

1963 3592 2144 3639 autem
2189 3586 2450 3657 mysticus
2478 3600 2670 3641 sensus
2698 3586 2752 3641 in
2783 3586 3118 3642 tabernaculi
3147 3586 3366 3642 Mosaici
3412 3601 3542 3641 con-

1963 3675 2259 3731 structione
2292 3675 2426 3732 satis
2462 3676 2783 3747 explanatus
2810 3686 2914 3743 est,
2957 3678 3026 3733 ad
3058 3677 3213 3747 cujus
3256 3677 3543 3734 lectionem

1960 3767 2216 3823 lectorem
2256 3766 2539 3822 mittimus.
2564 3767 2788 3823 Paenula
2816 3776 2901 3824 est
2922 3768 3144 3838 pallium
3168 3783 3290 3824 cum
3316 3766 3546 3823 fimbriis

1961 3855 2153 3926 longis,
2184 3855 2338 3927 cujus
2366 3856 2567 3911 mentio
2590 3857 2643 3910 in
2669 3857 2905 3926 Epistola
2931 3857 3080 3912 Pauli
3102 3858 3169 3912 ad
3201 3856 3544 3912 Timotheum

1963 3948 2024 4003 fit
2057 3947 2139 4021 (II
2176 3948 2310 4002 Tim.
2344 3948 2441 4019 tv).
2483 3947 2680 4003 Casula
2724 3956 2811 4003 est
2853 3948 3022 4003 vestis
3048 3947 3344 4009 eucullata,
3399 3946 3545 4001 dicta

1960 4054 2060 4109 per
2084 4039 2494 4095 diminutionem
2519 4053 2551 4091 a
2581 4053 2725 4103 casa,
2758 4039 2904 4108 quod
2941 4046 3113 4095 totum
3163 4037 3437 4093 hominem
3467 4045 3547 4091 te-

1965 4138 2074 4200 gat,
2103 4128 2259 4198 quasi
2282 4128 2463 4183 minor
2483 4142 2609 4183 casa
2639 4145 2653 4181 :
2681 4127 2807 4182 inde
2830 4134 2886 4182 et
2904 4113 3134 4193 cuculla,
3169 4127 3325 4198 quasi
3368 4127 3547 4182 minor

1963 4218 2118 4276 cella.
2145 4217 2238 4274 Sic
2262 4230 2316 4273 et
2336 4217 2525 4273 Gratee
2546 4217 2763 4287 planeta
2804 4218 2969 4284 dicta,
2993 4218 3121 4288 quia
3154 4218 3266 4273 oris
3306 4217 3542 4272 erranti-

1962 4313 2064 4369 bus
2103 4319 2378 4381 evagatur.
2411 4309 2564 4366 Unde
2608 4318 2664 4365 et
2693 4309 2861 4365 stella:
2881 4310 3130 4380 planetae,
3163 4309 3218 4364 id
3244 4318 3332 4366 est
3373 4324 3542 4380 vagze,

1963 4419 2031 4460 eo
2060 4406 2206 4475 quod
2244 4418 2396 4474 vagae
2423 4419 2523 4459 suo
2562 4418 2749 4458 errore
2792 4412 3050 4473 motuque
3090 4402 3419 4459 discurrunt.
3448 4401 3547 4458 Ca-

1965 4497 2085 4553 sula
2124 4495 2279 4567 juxta
2316 4495 2626 4567 allegoriam
2673 4503 2832 4550 recta:
2866 4493 2995 4548 ﬁdei
3034 4502 3213 4564 potest
3239 4494 3547 4565 exprimere

1968 4587 2342 4645 indumentum
2371 4625 2386 4651 ,
2441 4585 2494 4640 in
2532 4600 2638 4655 quo
2682 4585 2946 4639 bonorum
2996 4599 3220 4654 operum
3270 4584 3548 4654 plenitudo

1969 4676 2235 4734 consistit.
2280 4674 2433 4732 Unde
2472 4673 2731 4743 scriptum
2770 4685 2856 4731 est
2898 4692 2911 4728 :
2958 4673 3026 4728 In
3049 4674 3230 4729 casula
3265 4675 3429 4745 ipsius
3460 4691 3545 4729 re-

1968 4769 2237 4839 quiescunt
2275 4767 2411 4822 bona
2452 4784 2545 4838 per
2582 4782 2699 4820 eum
2737 4764 2925 4837 (Eccli.
2968 4766 3104 4839 XIV).
3138 4766 3378 4832 Melotes,
3426 4781 3548 4835 quae

1970 4861 2134 4915 etiam
2165 4873 2292 4929 pera
2321 4866 2578 4924 vocatur,
2626 4857 2780 4928 pellis
2808 4866 2894 4915 est
2932 4860 3187 4928 caprina,
3231 4858 3370 4913 collo
3415 4872 3546 4926 pen-

1973 4952 2125 5017 dens,
2151 4951 2437 5020 prazcineta
2464 4965 2632 5019 usque
2661 4950 2730 5005 ad
2769 4949 2998 5006 lumbos.
3040 4950 3135 5005 Est
3161 4948 3304 5003 enim
3331 4946 3547 5001 habitus

1966 5041 2183 5112 proprie
2196 5040 2533 5097 necessarius
2546 5040 2615 5094 ad
2626 5040 2806 5110 operis
2821 5039 3137 5096 exercitium
3155 5055 3167 5090 :
3187 5036 3347 5091 fiebat
3361 5044 3544 5090 autem

1969 5132 2121 5202 prius
2144 5131 2225 5204 (ut
2253 5132 2469 5202 quidam
2499 5130 2831 5199 existimant)
2858 5145 2923 5183 ex
2955 5127 3219 5200 pelliculis
3238 5125 3540 5182 melouum:

1972 5225 2112 5280 unde
2135 5233 2189 5279 et
2217 5223 2427 5280 melotm
2455 5233 2660 5279 vocatae
2682 5232 2829 5279 sunt.
2845 5222 3095 5277 Fimbria:
3125 5232 3390 5276 vocatae...
3421 5219 3545 5276 Oras

1971 5315 2436 5379 vestimentorum,
2460 5315 2563 5369 hoc
2584 5324 2690 5380 est,
2722 5314 2877 5379 fines,
2912 5329 2979 5368 ex
3007 5312 3196 5369 Graeco
3222 5312 3543 5369 vocabulum

1975 5405 2216 5459 trahunt.
2233 5403 2407 5459 Graeci
2426 5403 2569 5458 enim
2594 5403 2881 5458 terminum
2900 5418 3033 5458 oron
3056 5410 3269 5458 vocant.
3293 5400 3544 5458 Fimbria:

1973 5495 2290 5569 spiritaliter
2328 5495 2636 5567 significant
2686 5494 2941 5564 mysteria
2999 5492 3391 5548 incarnationis
3443 5493 3544 5546 Do-

1974 5588 2137 5652 mini,
2187 5603 2306 5658 qum
2342 5587 2516 5657 tetigit
2565 5585 2757 5640 mulier
2784 5585 3214 5647 hazmorrhoissa,
3262 5592 3316 5638 et
3365 5583 3545 5638 statim

1973 5689 2157 5735 sanata
2204 5688 2302 5735 cst.
2347 5679 2476 5733 Item
2529 5676 2751 5732 limbria:
2800 5676 3103 5749 significant
3145 5676 3545 5731 extremitatem

1973 5770 2096 5825 vitae
2121 5769 2396 5824 hominum
2429 5785 2441 5820 :
2467 5767 2609 5822 unde
2636 5767 2689 5822 iu
2721 5766 2927 5838 psalmo
2950 5768 3016 5824 de
3044 5768 3283 5825 Ecclesia
3308 5766 3503 5837 legitur
3524 5782 3542 5818 ;
