3950 6192
428 358 535 422 575

1071 365 1133 422 B.
1174 364 1426 423 MBAN]
1459 364 1678 423 MAURI
1713 365 2034 421 ARCHIEP.
2077 364 2387 424 MOGUN'I‘.
2428 364 2712 424 OPERUM
2749 362 2930 422 PARS
2966 365 3030 422 II.

3572 359 3678 421 576

423 476 490 531 In
511 476 733 544 ﬁmbriis
752 479 926 531 aureis
963 479 1357 532 circumamicta
1382 475 1996 549 varietate(Psal.xt.tv);
2029 479 2079 537 Α
2104 479 2252 534 mine
2298 477 2623 549 appellatum
2668 494 2735 534 eo
2785 478 2930 549 quod
2971 477 3190 534 dimidia
3221 478 3338 548 ejus
3363 490 3496 548 pars
3532 491 3683 535 retro

421 569 546 637 quia
572 568 625 621 iu
652 566 758 621 line
787 576 896 622 tota
922 567 1184 638 perfectio
1212 579 1317 634 est,
1339 570 1430 624 ubi
1454 570 1692 625 Charitas
1724 585 1856 633 non,
1886 577 2001 622 tan-

418 672 579 726 quam
623 657 902 723 deaurata,
933 658 1293 726 conspicitur,
1351 659 1446 715 sed
1484 658 1597 728 jam
1647 658 1956 730 plenissima
1982 696 1997 721 ,

416 755 675 815 tauquam
718 762 899 801 aurea.

982 842 1210 899 CAPUT
1246 844 1428 899 XVIII.

875 933 953 987 De
980 934 1155 1003 palliis
1184 934 1523 1004 feminarum.

486 1021 752 1094 Regillum
805 1033 887 1079 est
938 1025 1257 1094 praelautum
1305 1027 1616 1097 reginarum
1681 1026 1993 1089 anniculam,

413 1116 555 1170 unde
596 1124 654 1172 et
701 1118 1048 1188 appellatum.
1082 1117 1306 1187 Peplum
1351 1119 1651 1174 matronale
1679 1120 1898 1190 pallium
1927 1135 1991 1174 ex

410 1224 647 1280 purpura
700 1209 1013 1280 signatum,
1064 1209 1218 1279 cujus
1272 1211 1497 1266 ﬁmbriae
1544 1212 1691 1265 aurei
1750 1213 1997 1267 staminis

409 1303 721 1358 summitate
759 1304 1122 1374 resplendent.
1175 1304 1323 1359 Palla
1354 1314 1439 1361 est
1474 1306 1739 1375 quadrum
1770 1306 1992 1375 pallium

409 1392 690 1449 uuiliebris
747 1395 953 1461 vestis,
1007 1395 1296 1450 deductum
1355 1409 1529 1467 usque
1597 1396 1664 1449 ad
1721 1397 1992 1467 vestigia,

405 1483 581 1540 allixis
611 1487 664 1540 in
693 1487 940 1543 ordinem
979 1488 1207 1558 gemmis
1233 1502 1249 1541 :
1279 1497 1335 1543 et
1362 1487 1503 1557 palla
1530 1488 1671 1543 dicta
1700 1504 1731 1543 a
1773 1489 1989 1560 pallein,

406 1575 460 1629 id
482 1584 589 1640 est,
617 1592 645 1630 a
676 1578 1009 1645 mobilitate,
1044 1594 1164 1648 quae
1201 1579 1347 1635 circa
1378 1579 1537 1633 ﬁnem
1577 1579 1883 1647 huiusmodi
1913 1581 1993 1636 in-

406 1665 648 1722 dumenti
693 1678 778 1724 est
808 1687 822 1723 :
856 1670 971 1724 sive
1016 1670 1159 1740 quod
1213 1670 1361 1741 rugis
1411 1671 1746 1727 vibrantibus
1777 1674 1991 1728 sinuata

403 1756 691 1827 crispatur.
725 1758 1069 1815 Theristrum
1105 1760 1377 1830 palliolum
1408 1770 1491 1816 est
1511 1803 1525 1828 ,
1555 1777 1662 1832 quo
1691 1779 1861 1833 usque
1887 1765 1987 1818 ho-

2101 567 2367 637 rejicitur,
2415 571 2559 640 quod
2606 571 2765 641 vulgo
2816 578 3116 625 mavortem
3163 569 3369 625 dicunt.
3417 570 3683 625 Vocatum

2101 668 2278 713 autem
2325 667 2659 725 mavortem,
2710 661 2863 730 quasi
2927 660 3153 715 Martem
3195 674 3212 714 :
3270 662 3480 734 signum
3533 662 3680 718 enim

2100 750 2361 805 maritalis
2405 752 2683 821 dignitatis
2731 761 2787 806 et
2829 752 3112 821 potestatis
3161 753 3214 806 iu
3266 767 3332 807 eo
3365 762 3467 808 est.
3509 751 3681 823 Caput

2097 842 2234 895 enim
2259 840 2495 896 mulieris
2522 852 2597 896 est
2623 843 2699 895 vir
2721 841 2775 914 (1
2801 839 2924 896 Cor.
2954 844 3066 913 x1);
3093 843 3216 899 inde
3250 853 3306 899 et
3328 859 3492 915 super
3516 854 3683 914 caput

2097 933 2339 989 mulieris
2367 943 2469 989 est.
2515 933 2666 989 Stola
2718 935 3092 990 indumentum
3134 936 3383 1007 baptismi
3420 936 3509 992 vel
3554 936 3680 992 ﬁdei

2097 1022 2388 1093 signiﬁcat,
2422 1024 2559 1078 utin
2586 1023 2877 1094 Evangelia
2915 1042 2929 1079 :
2957 1021 3071 1079 Cito
3098 1025 3328 1095 proferte
3346 1025 3538 1080 stolam
3566 1027 3676 1095 pri-

2095 1132 2259 1182 mam,
2286 1126 2335 1170 et
2362 1116 2563 1171 induite
2589 1133 2707 1170 eum
2750 1114 2903 1187 (Luc.
2944 1119 3057 1188 xv).
3082 1116 3215 1171 Item
3246 1117 3383 1173 stola
3424 1131 3679 1172 remuneo

2096 1209 2360 1263 rationem
2385 1209 2619 1264 futuram
2649 1208 2919 1279 signiﬁcat
2952 1219 3115 1281 atque
3158 1211 3626 1266 immortalitatem
3664 1231 3676 1267 :

2095 1299 2383 1369 aliquando
2406 1317 2533 1355 vero
2558 1302 2817 1357 honorem
2844 1302 3120 1373 dignitatis
3148 1304 3262 1359 sive
3287 1304 3494 1359 ordinis
3516 1305 3678 1369 sacri;

2093 1391 2237 1445 unde
2264 1392 2523 1461 scriptum
2547 1403 2628 1446 est
2653 1410 2665 1445 :
2707 1391 2859 1447 Stola
2888 1391 3070 1462 gloria:
3100 1393 3281 1448 induet
3308 1393 3457 1447 illum
3484 1394 3683 1466 (Eccli.

2092 1476 2191 1547 vi).
2248 1478 2630 1535 Remuneratio
2673 1488 2853 1535 autem
2894 1480 3075 1535 futura
3117 1482 3170 1536 in
3208 1482 3347 1537 stola
3399 1483 3681 1553 signiﬁca-

2095 1578 2225 1635 tur,
2265 1571 2357 1626 ubi
2402 1571 2596 1642 legitur
2642 1573 2695 1627 in
2751 1573 3113 1645 Apocalypsi,
3181 1574 3327 1643 quod
3394 1576 3683 1631 animabus

2093 1669 2403 1715 sanctorum
2426 1703 2441 1723 ,
2470 1678 2591 1732 qum
2620 1663 2928 1718 clamabant
2965 1665 3031 1718 ad
3061 1665 3349 1720 Dominum
3398 1676 3523 1736 post
3550 1666 3683 1721 εσυ-

2093 1765 2298 1804 sionem
2348 1753 2629 1823 sanguinis
2696 1754 2821 1819 sui,
2862 1761 2916 1809 et
2957 1755 3251 1811 vindictam
3302 1756 3637 1827 expetebant
3665 1798 3678 1822 ,

403 1846 490 1900 die
517 1847 731 1903 Arabia:
763 1858 818 1903 et
841 1850 1239 1921 Mesopotamia:
1267 1852 1523 1907 mulieres
1551 1853 1799 1908 vrlantur
1822 1896 1836 1919 ,
1866 1857 1978 1925 qui-

2096 1854 2412 1910 responsum
2462 1843 2532 1897 sit
2576 1860 2590 1897 :
2631 1842 2700 1898 Ut
2754 1845 3129 1916 requiescerent
3185 1846 3360 1901 adhuc
3414 1848 3683 1902 modicum

404 1938 505 1993 IlllS
545 1939 599 1993 in
637 1948 771 1994 aestu
805 1941 1079 1996 tutissimo
1117 1951 1373 2013 teguntur
1408 1943 1743 2001 umbraculo.
1775 1945 1978 2001 Anabo-

2092 1938 2293 2001 tempus
2323 1932 2484 1987 donec
2528 1934 2844 2006 impleantur
2871 1938 3104 1992 conservi
3136 1954 3316 1993 eorum
3346 1980 3361 2005 ,
3398 1949 3446 1993 et
3486 1939 3681 2009 fratres

401 2026 602 2082 ladium
635 2029 977 2085 amictorium
1008 2031 1209 2086 lineum
1258 2031 1606 2099 feminarum,
1644 2051 1751 2104 quo
1781 2035 1978 2091 humeri

2090 2039 2303 2090 eorum,
2333 2026 2424 2097 qui
2469 2026 2818 2096 interﬁciendi
2871 2038 2991 2082 sunt
3036 2029 3280 2084 similiter
3302 2072 3317 2097 ,
3356 2031 3491 2085 sicut
3519 2042 3568 2086 et
3602 2031 3683 2086 illi

401 2119 738 2188 operiuntur,
762 2121 905 2190 quod
936 2121 1109 2177 ϐιωθί
1158 2131 1211 2178 et
1242 2123 1421 2178 Latini
1455 2124 1738 2180 sindonem
1771 2136 1986 2184 vocant.

402 2206 536 2262 Nam
572 2209 639 2263 de
668 2209 930 2267 theristro
960 2221 1015 2267 et
1046 2213 1099 2267 in
1126 2213 1262 2269 Isaia
1289 2214 1501 2286 legitur,
1536 2224 1594 2271 et
1618 2217 1672 2271 in
1700 2216 1893 2273 Genesi
1924 2220 1991 2276 de

399 2297 643 2354 Rebecca
669 2299 742 2354 ita
771 2302 1034 2372 scriptum
1060 2314 1180 2359 est:
1210 2304 1441 2359 Rebecca
1463 2323 1686 2378 quoque,
1714 2321 1988 2380 conspecto

397 2389 577 2456 Isaac,
607 2391 871 2448 descendit
897 2394 962 2449 de
993 2395 1193 2449 camelo
1224 2437 1239 2460 ,
1276 2408 1326 2451 et
1350 2399 1435 2452 ait
1464 2399 1533 2452 ad
1558 2416 1779 2469 puerum
1809 2416 1829 2454 :
1854 2402 1987 2469 Quis

396 2489 472 2533 est
497 2480 586 2534 ille
612 2482 790 2546 homo,
817 2485 907 2554 qui
934 2486 1071 2539 venit
1094 2502 1185 2553 per
1212 2503 1395 2557 agrum
1419 2490 1473 2541 in
1502 2505 1775 2546 occursum
1802 2493 1988 2548 nobis?

398 2567 546 2622 Dixit
582 2570 630 2623 ei
657 2583 676 2620 :
706 2569 828 2641 Ipse
851 2582 926 2627 est
964 2573 1208 2628 dominus
1243 2592 1408 2630 meus.
1440 2578 1507 2630 At
1538 2577 1632 2632 illa
1667 2578 1853 2635 tollens
1882 2583 1985 2637 cito

395 2663 638 2734 pallium,
670 2668 875 2735 operuit
909 2684 964 2722 se
989 2668 1143 2739 (Cen.
1178 2669 1346 2743 xxiv).
1374 2670 1616 2727 Rebecca
1645 2688 1798 2740 vero,
1834 2675 1985 2734 Isaac

395 2753 535 2819 viso,
567 2754 689 2825 quis
720 2755 811 2813 ille
843 2758 1005 2813 homo
1031 2759 1122 2825 sit,
1152 2761 1414 2829 requisita
1435 2775 1623 2831 puero,
1653 2767 1934 2836 cognoscit
1964 2787 1977 2822 :

395 2843 522 2914 quia
551 2845 789 2914 quotidie
841 2857 1030 2904 sancta
1085 2849 1328 2905 Ecclesia
1370 2851 1544 2907 adhuc
1596 2856 1981 2925 prophetarum

391 2942 558 3003 atque
596 2938 960 3007 apostolorum
1002 2941 1167 3006 dicta,
1198 2944 1341 3012 quod
1389 2944 1455 2998 de
1499 2944 1859 3016 Redemptore
1885 2965 1982 3005 suo

392 3024 617 3082 credere
643 3026 857 3095 debeat,
890 3030 1158 3103 intelligit.
1191 3031 1322 3100 Quae
1350 3047 1473 3090 sese
1500 3051 1625 3091 mox
1654 3037 1816 3107 pallio
1852 3054 1985 3108 ope-r

391 3120 546 3175 ruit:
578 3120 705 3191 quia
763 3130 917 3177 tanto
971 3123 1222 3179 subtilius
1253 3124 1550 3182 Salvatoris
1590 3129 1673 3183 sui
1722 3131 1977 3201 mysteria

391 3217 640 3280 penetrat
668 3252 683 3277 ,
721 3223 923 3282 quanto
976 3213 1137 3267 altius
1184 3214 1249 3269 de
1282 3224 1531 3270 anteacta
1560 3217 1670 3271 vita
1699 3193 1976 3273 confundi-
2005 3193 2048 3254 C

389 3309 484 3357 tur
509 3317 524 3356 ε
554 3310 605 3356 et
624 3343 640 3368 ,
682 3303 808 3372 quia
838 3319 1096 3373 perverse
1129 3306 1319 3375 egerit,
1350 3308 1765 3363 verecundatur.
1804 3308 1973 3365 Pallio

390 3406 450 3447 se
485 3394 767 3462 cooperire
801 3397 1053 3463 curavit,
1101 3397 1225 3466 quia
1265 3397 1381 3452 viso
1421 3398 1649 3453 Domino
1689 3399 1973 3455 inﬁrmita-

390 3491 498 3537 tem
529 3498 640 3538 sua:
668 3486 895 3541 actionis
923 3487 1139 3543 erubuit
1173 3505 1187 3542 :
1220 3497 1275 3543 et
1316 3489 1404 3544 illa
1434 3530 1449 3555 ,
1479 3505 1599 3562 qua:
1622 3491 1773 3562 prius
1801 3492 1855 3547 in
1882 3508 1972 3548 ca-

388 3573 534 3628 melo
599 3575 771 3632 libere
824 3578 1167 3648 gestabatur,
1233 3581 1566 3650 descendens
1628 3585 1970 3652 postmodum

387 3664 717 3718 verecundia
742 3666 959 3736 tegitur.
999 3667 1076 3722 De
1116 3668 1341 3724 sindone
1384 3685 1514 3741 ergo
1560 3671 1784 3742 mystice
1820 3688 1973 3726 mun-

389 3751 522 3806 ditia
563 3753 830 3808 castitatis
879 3756 1204 3825 exprimitur
1254 3774 1267 3810 :
1319 3758 1461 3813 unde
1515 3774 1714 3830 corpus
1762 3761 1972 3818 Domini

388 3841 591 3916 Josepb
618 3844 910 3903 involvisse
940 3847 1154 3918 legitur,
1183 3849 1307 3919 quia
1340 3849 1691 3907 inenarrabili
1720 3854 1973 3911 castitate

387 3935 778 3992 demonstravit
812 3937 941 3994 illud
987 3940 1403 3995 mundissimum
1444 3939 1579 4007 fore,
1613 3949 1669 3997 et
1696 3958 1725 3996 a
1757 3944 1973 4000 mundis

387 4029 702 4085 hominibus
747 4031 802 4086 in
851 4040 1196 4088 sacramento
1258 4031 1662 4103 percipiendum
1699 4043 1969 4103 oportere.

385 4121 519 4178 Item
563 4121 618 4176 in
657 4121 966 4180 Proverbiis
1025 4124 1093 4179 de
1143 4123 1371 4179 muliere
1425 4121 1552 4179 forti
1606 4123 1681 4178 ita
1726 4123 1969 4195 legitur:

386 4209 675 4266 Sindonem
702 4213 906 4283 fecit,et
920 4212 1147 4267 vendidit
1170 4230 1188 4277 ;
1216 4221 1264 4267 et
1293 4212 1562 4283 cingulum
1591 4212 1809 4267 tradidit
1831 4212 1971 4268 Cha-

387 4317 575 4358 nanazo
608 4300 788 4375 (Prov.
821 4304 996 4375 xxxi).
1048 4303 1106 4358 In
1142 4304 1307 4359 linteo
1353 4304 1597 4359 sindonis
1633 4303 1844 4359 subtilis
1888 4303 1971 4359 in-

2091 2112 2277 2185 (Apoc.
2314 2116 2411 2187 vi).
2443 2115 2696 2189 Singulas
2720 2120 2880 2175 modo
2908 2120 3076 2176 stolas
3104 2121 3309 2178 habent
3337 2124 3535 2178 animm
3559 2140 3681 2180 san-

2088 2214 2296 2261 ctorum
2329 2208 2396 2263 de
2426 2224 2523 2263 sua
2552 2209 2958 2267 immortalitate
3004 2212 3303 2281 gaudentes
3327 2254 3342 2279 ,
3392 2229 3683 2285 resurget).

2090 2295 2233 2352 tibus
2279 2307 2457 2353 autem
2488 2301 2823 2369 corporibus,
2869 2300 3024 2370 juxta
3057 2301 3276 2369 Isaiam,
3322 2305 3379 2358 in
3410 2314 3551 2360 terra
3580 2322 3682 2361 sua

2085 2389 2317 2460 duplicia
2357 2392 2693 2463 possidebunt
2722 2393 2857 2465 (lsa.
2885 2393 3017 2465 ut).
3059 2393 3175 2449 Non
3221 2394 3553 2451 desiderium
3596 2412 3683 2451 re-

2085 2480 2440 2537 surrectionis
2468 2482 2748 2548 abnuitur,
2772 2484 2868 2540 sed
2893 2498 2958 2539 ex
2984 2484 3415 2557 colligendorum
3445 2485 3678 2543 fratrum

2086 2578 2379 2641 augmento
2407 2569 2677 2628 differtur.
2721 2571 2856 2629 Nam
2893 2585 2948 2630 et
2977 2575 3092 2648 ipsa
3135 2577 3443 2633 animarum
3491 2578 3677 2633 laztitia

2083 2669 2262 2731 potest
2289 2662 2441 2718 stolis
2466 2662 2606 2719 albis
2632 2664 2850 2735 ﬁgurari
2874 2705 2890 2732 ,
2924 2682 3048 2722 cum
3087 2666 3318 2722 Domino
3353 2667 3634 2726 revelante
3663 2712 3678 2734 .

2082 2754 2371 2809 didicerint
2397 2762 2452 2810 et
2475 2755 2669 2826 impios
2707 2757 2762 2812 in
2793 2757 2899 2813 ﬁne
2930 2758 3287 2825 damnandos,
3323 2769 3378 2815 et
3411 2776 3592 2831 usque
3620 2763 3675 2817 in

2082 2845 2244 2900 ﬁnem
2279 2847 2458 2902 saeculi
2484 2847 2684 2904 multos
2704 2863 2804 2905 suo
2828 2865 3055 2906 numero
3084 2864 3182 2921 per
3206 2853 3530 2924 martyrium
3554 2869 3677 2909 esse

2082 2935 2368 2991 sociandos
2394 2954 2407 2990 :
2436 2946 2600 3007 atque
2624 2938 2835 2994 interna
2862 2938 3134 2995 eharitate
3155 2940 3361 3011 perfusi
3382 2942 3677 2999 maluerint

2082 3023 2185 3080 hac
2231 3026 2599 3083 consolatione
2649 3028 2890 3084 contenti
2938 3044 3039 3099 pro
3091 3031 3386 3101 supplendo
3439 3033 3671 3089 fratrum

2085 3132 2308 3171 numero
2341 3119 2603 3175 hactenus
2630 3135 2729 3174 sua
2762 3120 2955 3192 gaudia
2976 3121 3178 3178 deferri
3200 3121 3476 3196 [diﬁ‘erri].

2681 3229 2910 3287 CAPUT
2954 3229 3096 3289 XIX.

2074 3294 2153 3349 De
2184 3307 2353 3352 strata
2382 3309 2431 3352 et
2472 3300 2686 3372 reliquis
2714 3302 2939 3357 vestibus
2981 3319 3101 3373 qua
3139 3304 3196 3358 in
3243 3320 3345 3359 usu
3386 3306 3672 3365 habentur.

2144 3386 2455 3460 Stragulum
2486 3393 2652 3446 vestis
2679 3400 2762 3447 est
2790 3391 3045 3459 discolor,
3077 3395 3222 3465 quod
3251 3410 3416 3451 manu
3440 3396 3671 3454 artiﬁcis

2072 3479 2282 3535 diversa
2308 3481 2570 3537 varietate
2621 3482 2988 3554 distinguitur.
3032 3484 3247 3541 Dictum
3277 3496 3481 3552 autem,
3523 3488 3667 3558 quod

2075 3571 2130 3625 in
2156 3579 2327 3626 stratu
2350 3580 2405 3626 ct
2427 3573 2684 3628 amictum
2712 3585 2835 3643 apta
2863 3574 2953 3629 sit.
2972 3574 3048 3629 De
3069 3590 3177 3646 quo
3200 3575 3493 3632 Salomon:
3517 3577 3669 3634 Stra-

2070 3660 2303 3732 gulatam
2327 3671 2515 3718 vestem
2540 3663 2659 3733 fecit
2685 3665 2784 3719 sibi
2811 3665 3033 3737 :byssus
3053 3675 3102 3721 et
3124 3684 3359 3739 purpura
3387 3668 3668 3723 indumen-

2071 3761 2179 3805 tum
2216 3752 2351 3822 ejus.
2394 3752 2702 3826 Stragulata
2741 3756 2932 3819 vestis,
2960 3773 3111 3827 quae,
3134 3758 3657 3825 variante~textura,

2071 3841 2209 3899 solet
2233 3842 2541 3898 ﬁrmissima
2588 3844 2780 3901 conﬁci
2809 3846 2971 3901 fortia
3002 3847 3257 3903 Ecclesiae
3283 3854 3453 3919 opera
3483 3859 3543 3905 et
3577 3851 3658 3904 di-

2066 3944 2227 3987 versa
2247 3933 2505 3989 virtutum
2530 3933 2645 4003 ejus
2673 3945 2989 3991 ornamenta
3026 3937 3315 4005 signiﬁcat.
3360 3938 3438 3993 De
3462 3941 3662 4009 quibus

2069 4021 2337 4094 Propheta
2379 4025 2434 4079 in
2474 4027 2670 4081 summi
2703 4028 2864 4099 regis,
2895 4028 2999 4082 viri
3028 4028 3279 4084 videlicet
3308 4027 3474 4095 illius,
3502 4030 3664 4086 laude

2070 4114 2266 4169 cecinit
2290 4133 2302 4169 :
2328 4115 2504 4170 Astitit
2532 4118 2709 4189 regina
2731 4135 2764 4173 a
2800 4118 3002 4174 dextris
3037 4121 3141 4173 tuis
3165 4122 3219 4174 in
3237 4122 3550 4177 vestimento
3577 4125 3664 4178 de-

2070 4209 2621 4273 aurato,circumdata
2646 4212 2893 4266 varietate
2915 4211 3088 4283 (Psal.
3106 4213 3288 4283 xuv);
3319 4215 3464 4270 sicut
3495 4232 3659 4288 supra

2070 4306 2346 4356 ostensum
2363 4308 2466 4355 est.
2497 4300 2793 4357 Cervicalia
2813 4312 2992 4360 autem
3020 4312 3167 4369 sunt,
3193 4320 3260 4360 eo
3285 4307 3428 4375 quod
3455 4322 3656 4377 ponan-

384 4391 557 4446 textio
578 4392 823 4463 signatur
848 4402 1049 4450 sancta:
1071 4393 1496 4465 praedicationis,
1521 4394 1576 4448 in
1603 4409 1710 4465 qua
1733 4395 1975 4453 molliter
2072 4397 2162 4443 tur
2180 4390 2279 4445 sub
2298 4391 2509 4446 cervice
2523 4391 2607 4446 vel
2626 4392 2826 4448 cubito.
2842 4393 3104 4450 Pulvillus
3126 4395 3303 4451 dictus
3322 4411 3351 4450 a
3370 4397 3658 4467 pulvinari,

382 4481 618 4557 quiescit.
654 4502 667 4537 ε
699 4484 825 4554 quia
858 4500 1012 4541 mens
1055 4482 1117 4540 ﬁ
1159 4485 1249 4541 illa
1303 4486 1541 4541 ﬁdelium
1591 4501 1688 4557 spe
1736 4503 1967 4559 superna
1999 4542 2044 4559 ἢ
2070 4479 2163 4549 qui
2189 4489 2273 4535 est
2296 4480 2518 4535 divitum
2543 4481 2732 4537 lectus.
2749 4481 3000 4539 Culcitraz
3027 4487 3412 4555 VOCﬁI$,QtIOd
3436 4487 3659 4542 calcen-

383 4542 677 4628 refovetur.
716 4542 883 4630 nunde
928 4584 984 4629 ει
1027 4574 1191 4630 Petro
1241 4576 1497 4630 animalia
1548 4576 1603 4630 in
1623 4542 1823 4631 Itimec;
1869 4578 1966 4634 de-
1994 4542 2048 4601 D
2072 4579 2179 4635 tur,
2195 4570 2248 4626 id
2267 4580 2368 4636 est,
2386 4570 2685 4629 farciuntur
2703 4574 2885 4644 pluma
2900 4575 3017 4631 sive
3040 4584 3299 4642 tomento,
3315 4592 3425 4648 quo
3454 4579 3660 4634 mollio-

382 4671 757 4721 monstrantur
784 4667 923 4739 (Act.
962 4668 1052 4737 x);
1078 4668 1203 4738 quia
1233 4676 1581 4737 peccatorum
1629 4669 1825 4723 anima:
1868 4670 1971 4725 mi-
2071 4674 2159 4715 res
2183 4660 2573 4734 calidioresque
2611 4664 2739 4719 sint.
2768 4664 3066 4721 Cervicalia
3096 4676 3278 4723 autem
3304 4669 3421 4725 sive
3448 4669 3653 4740 pulvilli

383 4755 734 4811 sericorditer
759 4764 1062 4827 aggregare
1105 4757 1159 4810 in
1200 4757 1397 4812 blanda
1433 4758 1556 4813 ﬁdei
1585 4758 1766 4827 quiete
1796 4761 1969 4815 conti-

381 4856 605 4907 nentur.
642 4847 794 4904 Hane
823 4862 952 4918 ergo
978 4848 1260 4903 sindonem
1294 4849 1424 4904 fecit
1458 4857 1515 4904 et
1536 4850 1780 4905 vendidit
1802 4867 1816 4917 ;
1841 4842 1966 4921 quia

382 4941 565 5007 ﬁdem,
589 4955 751 5012 quam
795 4939 1065 4995 credendo
1109 4947 1375 5006 texuerat,
1423 4940 1691 5011 loquendo
1716 4941 1882 5009 dedit,
1911 4952 1967 4999 et

382 5034 451 5089 ab
487 5032 788 5089 inﬁdelibus
828 5032 995 5087 vitam
1044 5040 1206 5087 recta:
1252 5031 1681 5087 conversationis
1711 5035 1961 5106 accepit:

381 5144 502 5199 qua:
530 5136 584 5183 et
611 5126 918 5183 Chanameo
948 5126 1221 5198 cingulum
1255 5124 1499 5191 tradidit,
1533 5125 1658 5195 quia
1696 5142 1797 5197 per
1820 5127 1969 5198 vigo-

379 5222 498 5277 rem
541 5223 924 5278 demonstratae
966 5218 1191 5290 iustitiae
1242 5218 1381 5275 ﬂuxa
1430 5233 1597 5291 opera
1650 5218 1967 5290 gentilitatis

380 5312 629 5369 astrinxit
663 5327 677 5368 :
716 5322 776 5368 ut
805 5313 927 5379 hoc,
955 5311 1096 5381 quod
1127 5311 1471 5382 praecipitur,
1501 5309 1730 5366 vivendo
1762 5319 1963 5376 teneat,

381 5404 522 5460 sicut
546 5403 805 5473 scriptum
837 5412 923 5458 est
951 5403 1004 5456 in
1034 5401 1324 5473 Evangelio
1371 5416 1386 5456 :
1436 5400 1554 5456 Sint
1592 5400 1783 5455 lumbri
1811 5401 1967 5454 vestri

380 5496 645 5565 pra‘cincti
675 5494 828 5567 (Luc.
860 5498 978 5566 xu).
1002 5494 1173 5559 Stola,
1211 5492 1511 5549 matronale
1538 5493 1930 5563 operimentum
1949 5532 1963 5558 ,

383 5586 526 5654 quod
555 5598 813 5657 cooperto
845 5588 1020 5657 capite
1058 5594 1113 5640 et
1164 5587 1382 5656 scapula
1428 5601 1459 5640 a
1493 5583 1687 5640 dextro
1713 5584 1883 5639 latere
1912 5584 1966 5637 in

385 5674 575 5729 laevum
600 5675 882 5731 humerum
914 5676 1169 5731 mittitur.
1204 5675 1355 5730 Stola
1382 5682 1560 5729 autem
1593 5673 1781 5729 Graec
1810 5688 1968 5728 voea-

385 5775 492 5829 tur,
516 5765 652 5833 quod
680 5767 1085 5835 supermittatur
1116 5783 1130 5820 :
1164 5766 1351 5821 eadem
1374 5765 1622 5820 ricinium
1655 5763 1844 5819 Latino
1866 5780 1964 5818 no-

2068 4765 2164 4806 seu
2186 4750 2424 4807 culcitrm
2439 4762 2663 4822 possunt
2683 4757 2838 4824 juxta
2861 4755 3173 4828 allegoriam
3202 4758 3542 4815 adulationes
3566 4760 3656 4815 de-

2068 4841 2285 4911 signare
2308 4840 2567 4898 falsorum
2596 4843 2881 4900 doctorum
2907 4854 2964 4901 et
2985 4847 3347 4911 adulatorum,
3380 4850 3476 4918 qui
3510 4849 3657 4904 decio

2067 4934 2221 5003 piunt
2262 4949 2374 4998 eos,
2406 4935 2600 5006 quibus
2628 4950 2726 5007 pro
2772 4937 2928 4992 malis
2967 4938 3222 5009 operibus
3272 4938 3650 5009 impunitatem

2066 5026 2407 5097 promittunt,
2434 5035 2490 5081 et
2518 5027 2641 5083 vita:
2668 5030 2888 5098 prtemia
2927 5029 3162 5103 indignis
3201 5029 3489 5100 spondent.
3519 5031 3646 5097 Qui-

2069 5119 2171 5174 bus
2198 5134 2293 5190 per
2336 5121 2653 5191 prophetam
2678 5121 2877 5176 dicitur
2903 5139 2916 5174 :
2960 5118 3050 5176 γω
3077 5111 3239 5185 υοὸἱὲ,
3269 5122 3362 5191 qui
3398 5124 3652 5177 consuitis

2068 5210 2308 5281 pulvillos
2336 5214 2429 5265 sub
2452 5212 2593 5266 omni
2617 5212 2819 5277 cubitu,
2843 5222 2891 5265 et
2926 5211 3201 5266 cervicalia
3224 5213 3292 5265 ad
3320 5213 3652 5283 decipiendus

2069 5302 2308 5368 animas,
2339 5310 2445 5357 etc.
2481 5301 2699 5373 (Ezeclt.
2755 5317 2848 5355 xm
2880 5300 2900 5371 )
2939 5301 3143 5371 Tapeta
3186 5302 3351 5363 dicta,
3382 5304 3528 5371 quod
3555 5318 3649 5373 pe-

2070 5393 2227 5449 dibus
2280 5392 2515 5463 primum
2564 5399 2935 5447 sternerentur
2983 5390 3140 5461 quasi
3183 5391 3417 5460 tapedia.
3450 5391 3649 5462 'I‘speta

2069 5487 2213 5542 enim
2238 5493 2489 5541 ornatum
2511 5482 2832 5552 eloquentia:
2859 5490 3086 5551 possunt
3121 5482 3430 5551 signiﬁcare
3455 5500 3467 5536 :
3507 5484 3647 5538 unde

2072 5575 2329 5633 meretrix
2359 5574 2413 5628 in
2456 5571 2763 5627 Proverbiis
2800 5572 2878 5624 ait
2910 5588 2923 5623 :
2956 5569 3169 5625 Intexui
3220 5570 3433 5640 funibus
3461 5570 3649 5625 lectum

2071 5682 2262 5729 meum,
2293 5663 2455 5718 stravi
2478 5660 2735 5731 tapetibus
2759 5660 2911 5729 pictis
2948 5676 3014 5715 ea:
3054 5659 3288 5732 digypto
3315 5658 3500 5731 (Prov.
3528 5666 3654 5730 vn).

2070 5760 2127 5814 In
2179 5758 2317 5812 lecto
2366 5768 2494 5825 ergo
2540 5751 2756 5807 funibus
2806 5752 3014 5807 intexto
3059 5754 3317 5808 meretrix
3371 5751 3647 5807 mollitiem
