3950 6192
237 300 339 355 577

1209 297 1299 353 DE
1332 296 1679 355 UNlVERSO
1718 298 1855 355 LIB!

1958 300 2101 358 ml.
2140 333 2210 344 -
2249 259 2376 358 us.
2418 304 2560 360 χχι.
3413 307 3515 363 578

237 408 558 481 quiescendi
587 408 853 480 designat.
868 407 928 461 ln
944 406 1212 477 tapetibus
1226 424 1354 464 vero
1382 410 1541 480 pictis
1571 426 1637 467 ex
1670 410 1837 483 IEgy-
1868 414 1914 472 Α
1944 415 2327 485 corrumpizne
2355 416 2613 471 falsorum
2641 416 3028 472 catholicorum
3058 418 3399 488 improbitate
3419 419 3518 477 foe«

237 510 336 569 pto
394 497 564 553 etiam
613 496 898 553 oculorum
947 503 1117 551 tentat
1165 496 1470 563 illecebras,
1507 501 1702 569 quibus
1752 517 1840 555 ne-

241 590 409 645 fando
435 598 663 659 aspectu
695 586 925 643 irretitis
963 585 1174 643 facilius
1211 589 1283 643 ad
1312 590 1616 646 seducenda
1644 593 1841 647 mentis

240 696 446 737 arcana
472 688 743 752 penetrat.
760 679 895 747 Quia
923 695 1055 735 vero
1077 682 1294 736 nomine
1316 680 1522 737 funium
1552 682 1841 754 aliquando

239 774 427 828 solent
467 772 651 827 divina
702 779 970 841 praecepta
1006 770 1225 842 figurari
1248 813 1262 837 ,
1301 787 1409 843 quo
1448 788 1478 828 a
1508 776 1709 831 nostris
1743 792 1841 831 nos

240 861 619 932 voluptatibus
662 859 968 917 coercendo
994 861 1247 932 religant,
1275 865 1602 933 promittunt
1630 881 1690 921 se
1733 866 1842 921 hac-

244 954 404 1009 retici
441 961 703 1009 contextu
728 952 1018 1006 verborum
1049 952 1350 1007 caelestium
1375 953 1592 1009 salubre
1611 955 1725 1010 suis
1746 971 1842 1008 au-
1926 938 1937 943 ’

241 1047 519 1102 ditaribus
558 1045 715 1114 quasi
758 1052 988 1098 stratum
1014 1059 1231 1113 parare,
1254 1045 1309 1099 in
1337 1061 1445 1115 quo
1472 1046 1727 1101 vitiorum
1759 1055 1843 1101 tu-

245 1137 517 1193 multibus
542 1135 715 1191 libero
742 1133 911 1191 corde
952 1135 1266 1204 quiescant;
1317 1137 1411 1191 sed
1441 1132 1709 1192 veraciter
1737 1136 1843 1193 illis

246 1228 473 1283 funibus
520 1235 871 1296 peccatorum
917 1233 1243 1280 construunt
1278 1224 1458 1282 locum
1503 1228 1842 1297 perditionis,

246 1321 341 1376 ubi
390 1325 657 1389 perpetuo
685 1318 852 1388 pedes
879 1331 1180 1386 manusque
1225 1316 1431 1389 alligati
1468 1317 1838 1374 damnentur:

246 1412 317 1466 de
344 1426 457 1481 quo
478 1409 739 1465 Dominus
765 1408 823 1463 in
862 1407 1225 1479 Apocalypsi:
1262 1407 1330 1463 Et
1355 1408 1498 1474 dedi,
1543 1409 1734 1479 inquit,
1767 1409 1846 1465 illi

246 1512 480 1572 tempus,
516 1513 574 1554 ut
603 1499 958 1569 pmnitcntiam
998 1508 1202 1569 ageret,
1242 1508 1290 1553 et
1323 1514 1428 1554 non
1469 1500 1576 1554 vult
1602 1501 1847 1572 poznitere

250 1611 280 1647 α
310 1593 668 1662 fornicatione
693 1606 812 1644 sua.
849 1589 984 1645 Ecce
1016 1590 1165 1644 mitto
1194 1606 1310 1645 eam
1350 1592 1407 1646 in
1440 1590 1652 1658 lectum,
1681 1602 1729 1646 et
1756 1593 1846 1662 qui

250 1684 584 1738 multantur
608 1698 727 1735 cum
749 1681 889 1735 eain
914 1679 1308 1735 tribulationem
1338 1683 1624 1737 maximam
1659 1683 1842 1755 (Apoc.

254 1774 348 1845 ιι).
373 1773 433 1828 1η
474 1772 746 1843 tapetibus
783 1785 912 1825 vero
938 1770 1100 1841 pictis
1126 1785 1192 1826 ex
1222 1769 1462 1844 Egypto
1488 1783 1712 1830 ornatus
1736 1775 1846 1830 elo-

252 1865 491 1935 quentiae
509 1872 569 1919 et
594 1862 890 1919 dialecticae
920 1863 1054 1919 artis
1085 1866 1343 1933 versutia,
1369 1882 1491 1937 quae
1519 1868 1586 1923 ab
1614 1868 1847 1924 ethnicis

251 1959 521 2029 originem
561 1956 814 2027 sumpsit,
846 1956 1184 2029 intelligitur,
1214 1974 1312 2028 per
1354 1975 1517 2030 quam
1564 1978 1716 2018 mens
1742 1962 1847 2018 hae-

253 2051 423 2106 retica
474 2063 698 2105 sensum
728 2048 990 2105 doctrinae
1032 2048 1363 2118 pestilentis,
1404 2051 1560 2121 quasi
1588 2052 1841 2107 meretrix

253 2141 479 2196 Iliorum
536 2139 816 2204 facinoris,
875 2153 935 2194 se
997 2138 1198 2196 texisse
1255 2139 1538 2211 gloriatur.
1595 2141 1844 2199 Mantelia

252 2247 400 2286 nunc
439 2245 543 2300 pro
581 2227 890 2300 operiendis
923 2226 1129 2295 mensis
1172 2236 1339 2295 sunt,
1387 2245 1509 2300 quae
1534 2227 1618 2303 (ut
1649 2246 1844 2287 nomen

252 2323 434 2393 ipsum
468 2319 696 2391 indicat)
718 2319 849 2375 olim
876 2318 1151 2391 tergendis
1175 2318 1426 2375 manibus
1447 2321 1842 2391 praebebantur.

256 2413 466 2483 Mappae
486 2410 724 2466 convivii
742 2418 799 2465 et
820 2409 1102 2479 epularum
1134 2409 1505 2482 appositarum
1541 2418 1669 2467 sunt
1691 2414 1846 2483 quasi

252 2506 535 2562 manubiae
575 2515 741 2575 atque
772 2504 843 2560 ob
865 2504 919 2559 id
946 2506 1259 2570 nominatae,
1285 2501 1440 2573 cujus
1467 2504 1846 2560 diminutivum

255 2595 529 2668 mappella
569 2604 654 2652 est
676 2597 791 2651 sive
828 2595 1095 2651 mandeba
1122 2610 1155 2651 a
1196 2596 1518 2652 mandendo.
1573 2595 1845 2654 Sabanum

255 2686 512 2742 Granum
538 2691 644 2741 est.
658 2683 1025 2756 Facitergium
1048 2693 1105 2739 et
1123 2685 1517 2758 manutergium
1537 2702 1569 2741 a
1594 2687 1850 2759 tergendo

260 2775 458 2830 faciem
480 2773 570 2829 vel
595 2788 790 2829 manus
816 2780 1089 2829 vocatum.
1122 2771 1251 2829 Haec
1289 2773 1602 2830 linteamina
1642 2776 1710 2830 ad
1738 2774 1852 2831 olli-

256 2868 403 2922 cium
430 2880 637 2921 mensae
664 2865 953 2935 pertinent,
975 2872 1031 2920 et
1046 2865 1115 2920 ad
1139 2865 1499 2939 ministerium
1518 2868 1848 2922 humanum:

259 2957 354 3013 sed
381 2971 495 3011 non
525 2954 708 3010 minus
735 2954 804 3010 ad
829 2970 988 3010 usum
1021 2954 1163 3011 sacri
1191 2942 1499 3024 ministerii,
1527 2965 1581 3011 et
1625 2958 1694 3012 ad
1738 2956 1853 3013 olli-

258 3048 404 3102 cium
465 3045 659 3101 altaris
700 3045 978 3115 pertinere
1033 3052 1370 3112 noscuntur,
1426 3048 1641 3117 quando
1690 3063 1854 3119 supra

262 3153 532 3200 mensam,
574 3137 679 3192 hoc
706 3144 814 3202 est,
847 3150 1064 3191 sacrum
1088 3136 1259 3192 altare
1296 3136 1607 3194 linteamina
1655 3140 1853 3194 munda

263 3240 563 3302 ponuntur,
593 3241 647 3285 et
675 3229 940 3301 mappulze
979 3229 1231 3285 manibus
1281 3230 1619 3286 sacerdotum
1658 3238 1712 3286 et
1762 3229 1857 3284 mi-

263 3325 565 3379 nistrorum
595 3329 870 3388 tenentur,
897 3330 957 3376 ut
995 3319 1225 3391 populus
1251 3336 1347 3377 eos
1380 3336 1594 3392 semper
1628 3323 1697 3378 ad
1725 3337 1849 3378 ser-

265 3416 457 3471 vitium
514 3413 615 3468 Dei
663 3421 880 3484 paratos
931 3411 1252 3482 conspiciat.
1304 3410 1430 3468 Vela
1485 3411 1629 3467 dicta
1652 3452 1667 3477 ,
1712 3411 1857 3484 quod

264 3506 481 3579 objecta
516 3519 620 3561 suo
661 3503 924 3559 interiora
944 3503 1231 3559 domorum
1259 3502 1460 3560 velent.
1502 3502 1709 3571 Aulaea,
1740 3503 1857 3560 vela

267 3598 435 3668 picta,
464 3603 525 3651 et
551 3594 802 3666 grandia,
849 3608 972 3664 qua:
1006 3593 1129 3649 ideo
1158 3593 1280 3648 aula
1329 3594 1475 3650 dicta
1522 3602 1682 3661 sunt,
1714 3597 1860 3666 quod

268 3681 504 3761 primum
552 3688 610 3743 in
635 3686 757 3743 aula
782 3685 950 3742 Attali
980 3686 1123 3758 regis
1141 3686 1285 3743 Asize
1304 3726 1320 3752 ,
1364 3688 1452 3743 cui
1480 3688 1743 3743 successit
1764 3702 1860 3759 po-

271 3780 432 3851 pulus
482 3779 782 3843 Romanus,
817 3777 1037 3833 inventa
1075 3784 1220 3832 sunt.
1251 3775 1488 3833 Cortina:
1511 3785 1637 3834 sunt
1665 3777 1857 3842 aulaea,

272 3875 325 3931 id
348 3882 457 3938 est,
499 3871 621 3928 vela
646 3872 713 3926 de
737 3868 986 3940 pellibus,
1015 3868 1197 3941 qualia
1217 3868 1272 3923 in
1309 3868 1497 3925 Exodo
1521 3869 1791 3942 leguntur,
1827 3888 1859 3927 a

271 3966 473 4038 quibus
488 3962 898 4020 tabernaculum
913 3961 1254 4017 extrinsecus
1271 3962 1571 4033 tegebatur.
1586 3964 1753 4020 Dicta:
1773 3980 1849 4020 an

274 4068 382 4114 tem
411 4055 642 4113 cortinae
662 4068 694 4108 a
714 4052 901 4119 coriis,
939 4067 1008 4108 eo
1034 4052 1176 4122 quod
1200 4051 1350 4123 prius
1373 4067 1440 4107 ex
1466 4053 1692 4125 pellibus
1734 4053 1864 4111 fuis-

273 4159 395 4206 sent
417 4148 579 4205 factm
612 4164 626 4199 :
668 4143 809 4199 unde
829 4151 885 4198 et
932 4143 985 4198 in
1016 4141 1208 4199 eodem
1237 4143 1586 4199 tabernaculo
1612 4143 1746 4216 legis
1776 4141 1865 4213 ju-

276 4242 479 4296 bentur
503 4237 729 4294 cortinae
775 4234 891 4292 fieri
917 4251 984 4291 ex
1013 4233 1245 4306 pellibus
1286 4234 1518 4292 arietum
1559 4236 1739 4291 rubris
1759 4275 1776 4301 ,
1810 4244 1867 4291 et

277 4346 341 4387 ex
374 4327 612 4401 pellibus
652 4325 1040 4399 hyacinthinis.
1069 4324 1257 4381 Cilicia
1298 4324 1508 4381 Arabes
1553 4336 1866 4397 nuncupant

278 4423 587 4477 velamenta
628 4419 754 4490 pilis
779 4433 1061 4479 caprarum
1101 4426 1374 4484 contexta,
1408 4431 1476 4474 ex
1521 4419 1719 4489 quibus
1762 4419 1866 4475 sibi

285 4513 520 4571 tentoria
570 4510 796 4565 faciunt.
840 4508 964 4565 Vela
990 4508 1137 4564 enim
1171 4516 1227 4563 et
1255 4507 1494 4564 cortinas
1535 4516 1699 4580 atque
1741 4523 1868 4581 saga

282 4606 503 4664 cilicina
519 4605 574 4659 in
588 4601 940 4658 tabernaculo
966 4600 1203 4665 Domini,
1216 4600 1396 4656 divino
1414 4607 1708 4672 praecepto,
1724 4601 1871 4670 quis-

283 4699 412 4770 quis
437 4697 684 4754 Exotlum
718 4695 923 4765 legerit,
948 4691 1087 4748 facta
1112 4692 1312 4762 poterit
1330 4705 1641 4762 agnoscere,
1668 4698 1725 4747 et
1747 4691 1871 4746 inde

286 4790 612 4863 mysterium
677 4802 976 4859 congruum
1033 4802 1167 4843 sano
1218 4802 1376 4842 sensu
1440 4786 1585 4843 valet
1642 4785 1870 4851 rimari,

289 4881 532 4940 maxime
568 4894 695 4935 cum
718 4878 793 4935 ibi
840 4877 1027 4935 decem
1055 4877 1281 4934 cortinae
1298 4877 1464 4950 jussaa
1496 4887 1622 4934 sunt
1650 4877 1765 4933 ﬁeri
1792 4877 1874 4932 di-

288 4985 578 5030 versorum
599 4968 841 5026 colorum
863 4968 1042 5038 specie
1059 4967 1322 5023 varietate
1350 4964 1715 5039 [variegatae];
1745 4964 1874 5036 quia

290 5068 484 5119 sancta
507 5056 831 5114 universalis
865 5055 1105 5112 Ecclesia
1131 5070 1199 5109 ex
1228 5052 1411 5110 multis
1438 5053 1732 5109 electorum
1755 5068 1879 5123 per-

292 5153 469 5217 sonis,
506 5166 575 5207 ex
601 5149 787 5205 multis
811 5163 910 5220 per
932 5149 1120 5203 orbem
1162 5145 1438 5211 ecclesiis,
1466 5160 1533 5201 ex
1558 5144 1736 5201 variis
1763 5146 1877 5200 vir-

293 5252 471 5300 tutum
517 5240 746 5296 ﬂoribus
800 5238 1136 5302 aedificatur,
1191 5234 1345 5306 cujus
1392 5235 1569 5291 omnis
1621 5234 1880 5306 perfectio

1943 505 2059 558 dari
2098 524 2111 558 :
2154 521 2221 560 ne
2246 507 2566 560 tentantium
2588 507 2839 561 vitiorum
2869 508 3031 562 sorde
3061 509 3368 564 attaminari
3405 530 3417 565 :
3451 528 3519 568 ne

1944 595 2317 665 temporalium
2358 598 2720 653 subsidiorum
2750 597 2929 668 inopia
2958 599 3127 668 possit
3153 599 3221 653 ad
3247 600 3521 656 tristitiam

1941 686 2151 741 deduci.
2870 698 2889 715 '

2530 776 2757 835 CAPUT
2820 776 2939 832 XX.

2480 867 2556 922 De
2591 866 2717 923 lana
2757 878 2804 921 et
2849 866 2975 922 lino.

2011 958 2157 1012 Lana
2193 974 2223 1012 a
2271 957 2544 1023 laniando,
2569 957 2624 1012 id
2653 966 2759 1023 est,
2789 973 2817 1012 a
2847 958 3091 1014 vellendo
3125 969 3315 1016 vocata
3344 976 3359 1014 :
3400 961 3527 1017 hinc

1942 1057 1997 1103 et
2022 1048 2192 1103 vellus
2232 1049 2457 1116 dictum,
2488 1048 2633 1119 quod
2673 1048 2825 1117 prius
2856 1048 2992 1104 lana:
3041 1050 3383 1117 venerentur,
3416 1068 3524 1108 non

1944 1138 2313 1193 tenderentur.
2344 1137 2542 1192 Linum
2591 1153 2656 1192 ex
2702 1147 2851 1191 terra
2903 1138 3096 1205 oritur,
3154 1139 3526 1211 deﬂexumque

1943 1245 2141 1285 nomen
2184 1227 2299 1297 ejus
2325 1244 2355 1283 a
2385 1229 2574 1284 Graeco
2618 1247 2631 1282 :
2668 1244 2791 1284 nam
2842 1229 3010 1284 linum
3058 1231 3228 1287 Graeci
3271 1234 3527 1289 linarium

1944 1320 2151 1386 dicunt,
2186 1322 2299 1375 sive
2329 1320 2472 1389 quod
2504 1320 2575 1375 sit
2612 1320 2773 1375 molle
2801 1329 2858 1376 et
2898 1320 3038 1375 lene.
3070 1321 3303 1379 Possunt
3344 1334 3527 1381 autem

1946 1413 2171 1486 mystice
2198 1413 2251 1467 in
2274 1412 2416 1477 lana,
2454 1413 2581 1483 quia
2606 1413 2799 1468 ovinus
2828 1422 2911 1469 est
2937 1414 3173 1481 habitus,
3198 1416 3378 1471 omnia
3408 1418 3528 1487 pie-

1948 1506 2075 1561 tatis
2112 1513 2165 1559 et
2193 1503 2553 1574 simplicitatis
2581 1518 2766 1573 opera,
2805 1519 2926 1573 quae
2970 1506 3236 1575 proximis
3261 1506 3529 1577 impendi-

1948 1608 2092 1659 n.us,
2139 1592 2334 1663 accipi.
2375 1591 2562 1648 Potest
2615 1592 2669 1647 in
2701 1592 2837 1658 lino,
2883 1593 3025 1662 quod
3053 1607 3118 1648 ex
3164 1602 3308 1650 terra
3348 1598 3532 1654 virens

1947 1686 2141 1751 oritur,
2171 1684 2265 1740 sed
2310 1684 2471 1753 longo
2521 1698 2586 1738 ac
2622 1683 2906 1753 multiplici
2953 1685 3216 1740 exercitio
3249 1686 3531 1744 humorem

1875 1755 1922 1813 Β
1952 1778 2192 1833 nativum
2221 1778 2423 1832 amittit
2451 1784 2611 1846 atque
2631 1777 2698 1830 ad
2724 1776 2954 1847 gratiam
2975 1777 3100 1832 novi
3126 1778 3376 1834 candoris
3405 1793 3529 1850 per-

1948 1870 2112 1934 venit,
2137 1869 2423 1941 castigatio
2446 1877 2644 1924 nostrae
2671 1867 2852 1923 carnis
2881 1868 3141 1935 intimari,
3169 1871 3256 1927 cui
3298 1872 3422 1926 dum
3451 1874 3535 1927 in-

1947 1963 2161 2032 genitas
2201 1961 2459 2016 vitiorum
2498 1959 2685 2016 sordes
2713 1975 2811 2029 per
2842 1961 3231 2017 continentiam
3279 1964 3534 2034 excoqui-

1947 2069 2093 2118 mus,
2119 2053 2336 2123 dignam
2366 2051 2608 2122 profccto
2626 2065 2768 2115 eam,
2793 2068 2901 2122 qua
2924 2051 3202 2110 Christum
3227 2054 3532 2119 induamus,

1947 2141 2228 2207 elﬁcimus,
2243 2141 2395 2211 juxta
2419 2140 2549 2195 illud
2571 2138 2812 2210 Apostoli
2831 2159 2844 2194 :
2862 2139 3129 2212 Quotquot
3150 2158 3272 2212 ergo
3293 2143 3347 2197 in
3382 2143 3537 2199 Chri-

1947 2248 2028 2296 sto
2058 2238 2310 2310 baptizati
2353 2236 2509 2301 estis,
2561 2233 2826 2290 Christum
2856 2236 3102 2291 induistt'a
3132 2234 3276 2307 (Gal.
3304 2235 3410 2307 ιιι).
3465 2236 3540 2290 De

1946 2331 2069 2387 lana
2098 2346 2227 2401 ergo
2246 2341 2304 2385 et
2328 2329 2442 2385 lino
2471 2329 2525 2384 in
2551 2327 2862 2383 Proverbiis
2883 2328 2949 2383 de
2975 2327 3200 2383 muliere
3244 2325 3370 2383 forti
3398 2327 3537 2382 seri-

1946 2436 2102 2501 ptum
2127 2433 2213 2483 est
2256 2444 2270 2481 :
2304 2424 2561 2493 Quaesivit
2586 2422 2765 2477 lanam
2802 2431 2852 2477 et
2880 2421 3069 2487 linum,
3114 2428 3162 2475 et
3198 2429 3412 2491 operata
3458 2428 3535 2474 est

1947 2517 2166 2574 consilio
2210 2531 2466 2571 manuum
2501 2529 2723 2570 suarum
2751 2511 2936 2582 (Prov.
2966 2509 3141 2581 χιιι).
3174 2509 3378 2578 Qmerit
3406 2522 3536 2578 ergo

1948 2607 2145 2664 mulier
2174 2604 2331 2662 fortis
2372 2604 2552 2659 lanam
2591 2610 2649 2659 et
2691 2601 2881 2666 linum,
2923 2608 2978 2657 et
3026 2608 3283 2670 operatur
3309 2599 3536 2655 consilio

1950 2711 2208 2752 manuum
2235 2709 2480 2760 suarum,
2504 2707 2627 2749 cum
2639 2690 2884 2748 Ecclesia
2922 2698 3108 2746 sancta
3151 2688 3381 2745 sollicite
3405 2703 3532 2758 pcr-

1950 2785 2137 2857 quirit,
2150 2784 2347 2856 quibus
2368 2798 2427 2840 se
2451 2782 2672 2855 pietatis
2686 2779 2954 2837 fructibus
2980 2788 3251 2846 exerceat,
3266 2777 3540 2849 quomodo

1950 2892 1982 2933 a
1997 2873 2306 2933 carnalibus
2323 2873 2579 2929 emundet
2597 2870 2959 2937 illecebris,'et
2970 2869 3077 2926 hoc
3095 2876 3387 2938 utrumque
3402 2883 3536 2923 con-

1951 2969 2073 3026 silio
2096 2965 2538 3039 prudentissimo,
2567 2964 2672 3020 hoc
2696 2970 2801 3029 est,
2825 2975 3075 3032 supernae
3096 2959 3432 3016 solummodo
3455 2972 3542 3013 re-

1956 3058 2268 3115 tributionis
2293 3055 2425 3112 facit
2444 3054 2661 3110 intuitu.
2688 3052 2894 3123 Stuppa
2916 3066 3047 3107 vero
3072 3048 3300 3106 cannabi
3327 3057 3411 3104 est
3430 3047 3546 3103 sive

1957 3149 2053 3204 lini
2081 3148 2238 3204 :btec
2264 3144 2560 3201 secundum
2588 3142 2870 3213 antiquam
2899 3139 3341 3212 orthographiam
3363 3138 3540 3208 stippa

1958 3240 2124 3305 dicta,
2151 3237 2298 3309 quod
2316 3251 2385 3292 ex
2410 3250 2474 3292 ea
2502 3235 2655 3290 rimae
2680 3232 2897 3288 navium
2927 3232 3232 3303 stippentur
3260 3248 3273 3284 :
3306 3245 3379 3283 un
3400 3229 3448 3284 τε
3491 3237 3548 3285 et

1959 3330 2286 3401 stippatores
2306 3328 2576 3390 dicuntur,
2602 3325 2694 3395 qui
2716 3324 2769 3379 in
2792 3322 3021 3378 vallibus
3043 3337 3163 3377 eam
3193 3327 3545 3390 componunt.

1959 3421 2086 3478 Huic
2106 3427 2288 3491 potest
2308 3416 2616 3489 significare
2656 3416 2967 3485 despectam
3000 3412 3152 3468 verbi
3188 3411 3487 3466 doctrinam
3514 3423 3548 3463 a

1959 3510 2229 3582 superbis,
2259 3522 2381 3579 quae
2409 3515 2592 3562 tamen
2619 3505 2932 3574 frequenter
2957 3501 3177 3573 adjuvat
3212 3497 3554 3555 necessitati-

1959 3602 2061 3658 bus
2081 3599 2401 3672 populorum
2418 3597 2472 3652 in
2492 3594 2744 3651 fluctibus
2768 3591 2932 3662 hujus
2957 3591 3138 3648 saeculi
3164 3589 3548 3646 laborantium.

1960 3692 2161 3764 Byssus
2201 3704 2369 3762 genus
2411 3696 2496 3743 est
2521 3684 2793 3757 quoddam
2841 3683 2938 3739 lini
2986 3682 3214 3738 nimium
3255 3679 3467 3736 candidi
3493 3688 3552 3734 et

1962 3782 2283 3848 mollissimi,
2322 3780 2467 3852 quod
2523 3779 2696 3837 (ἓποί
2728 3787 2980 3850 papatem
3013 3780 3228 3829 vorant.
3280 3772 3356 3827 De
3385 3771 3552 3843 bysso

1962 3888 2178 3945 quoque
2203 3871 2258 3926 in
2286 3867 2597 3925 Proverbiis
2626 3868 2887 3938 scriptum
2930 3872 3014 3920 est
3044 3882 3058 3917 :
3106 3860 3304 3932 Byssus
3350 3874 3555 3931 quoque

1964 3972 2013 4020 et
2033 3978 2271 4034 purpura
2307 3960 2672 4015 indumentum
2704 3959 2819 4029 ejus
2848 3953 3031 4028 (Prov.
3063 3952 3240 4023 xxxx).
3274 3952 3476 4022 Byssus
3498 3950 3554 4005 in

1965 4053 2217 4109 castitate
2242 4066 2390 4121 pura:
2415 4048 2846 4106 conversationis
2874 4065 2887 4101 :
2926 4058 3167 4116 purpura
3208 4043 3264 4097 in
3291 4039 3556 4096 effusione

1964 4143 2184 4215 pretiosi
2207 4151 2508 4212 martyrum
2532 4138 2830 4210 sanguinis.
2855 4137 3057 4207 Byssus
3080 4147 3317 4202 namque
3336 4131 3556 4186 candidi

1966 4234 2162 4290 coloris
2182 4242 2267 4289 est
2291 4250 2304 4286 :
2329 4245 2634 4302 purpureus
2661 4236 2842 4282 autem
2868 4224 3017 4282 color
3044 4223 3111 4279 de
3144 4222 3403 4295 sanguine
3431 4236 3563 4277 con-

1968 4323 2271 4395 chyliorum
2296 4321 2632 4375 marinorum
2658 4317 2940 4388 tinguitur.
2979 4315 3126 4387 quod
3143 4323 3199 4369 et
3218 4322 3428 4395 ostrum
3453 4326 3556 4367 vo-

1969 4389 2145 4480 catur,
2176 4428 2242 4468 eo
2284 4411 2427 4483 quod
2450 4424 2517 4464 ex
2552 4416 2704 4464 testae
2731 4408 2959 4462 humore
2986 4405 3241 4477 tingitur;
3271 4389 3413 4460 unde
3439 4401 3559 4473 pul-

1947 4510 2105 4591 ‘chre
2144 4507 2348 4563 dictum
2395 4511 2480 4559 est
2528 4518 2561 4558 a
2603 4501 2855 4557 Patribus
2896 4501 3024 4572 quia
3080 4506 3265 4555 sancta
3315 4497 3558 4555 Ecclesia

1974 4602 2272 4657 electorum
2299 4595 2525 4651 tioribus
2559 4609 2812 4658 vernans,
2841 4593 2895 4648 in
2936 4608 3074 4663 pace
3117 4588 3315 4647 h‘abeat
3336 4590 3464 4655 lilia,
3500 4589 3558 4644 in

1973 4691 2114 4747 bello
2146 4704 2319 4745 rosas.
2338 4687 2473 4742 ltem
2498 4686 2625 4756 quia
2649 4685 2843 4755 byssus
2869 4682 2936 4738 de
2967 4689 3117 4737 terra
3144 4682 3330 4736 virens
3358 4680 3558 4743 oritur,

1976 4781 2069 4837 sed
2092 4796 2190 4850 per
2217 4777 2635 4834 exercitationes
2668 4775 2858 4845 longas
2893 4788 2958 4829 ac
2985 4772 3332 4837 multifarias,
3358 4770 3561 4825 amisso

1979 4874 2205 4928 humore
2224 4884 2290 4926 ac
2309 4869 2488 4924 virore
2510 4869 2715 4933 nativo,
2737 4864 2804 4920 ad
2834 4865 3083 4921 decorem
3113 4862 3355 4919 candidae
3392 4858 3561 4915 vestis

1975 4963 2306 5033 perducitur.
2330 4960 2574 5030 Purpura
2594 4969 2774 5013 autem
2807 4956 3006 5028 regalis
3025 4964 3109 5012 est
3134 4954 3370 5010 habitus.
3390 4951 3563 5021 Bysso

1979 5054 2216 5109 induitur
2232 5049 2496 5115 Ecclesia,
2509 5064 2633 5103 cum
2649 5048 2917 5118 castigant
2935 5058 3162 5113 corpora
3191 5056 3289 5097 sua
3310 5039 3487 5101 electi,
3506 5046 3565 5093 et

1980 5141 2223 5199 servituti
2238 5137 2557 5207 subjiciunt;
2576 5154 2643 5207 po
2653 5151 2813 5206 rpura
2826 5142 3003 5188 autem
3013 5173 3028 5197 ,
3041 5145 3165 5186 cum
3177 5127 3421 5184 eamdem
3439 5142 3565 5182 con-

1983 5233 2265 5289 tinentiam
2296 5246 2403 5285 non
2434 5228 2504 5284 ob
2530 5227 2773 5283 favorem
2800 5224 2964 5296 vulgi,
2988 5223 3085 5278 sed
3109 5236 3209 5292 pro
3235 5217 3564 5290 acquirenda

294 5335 353 5390 in
405 5332 629 5388 denario
674 5344 901 5385 numero
929 5327 1255 5385 continetur.
1301 5324 1445 5395 Saga
1510 5341 1657 5397 ergo,
1685 5326 1884 5396 quibus
1981 5323 2315 5381 beatitudine
2357 5322 2508 5394 regni
2532 5320 2787 5391 perennis
2831 5323 3105 5373 exercent.
3143 5315 3249 5371 Sed
3279 5315 3368 5370 hic
3393 5314 3565 5369 virtu-

295 5422 543 5494 operitur
568 5418 976 5476 tabernaculum
994 5458 1012 5482 ,
1041 5426 1280 5472 rectores
1305 5424 1432 5472 sunt
1459 5415 1713 5472 Ecclesia:
1757 5432 1882 5472 san-

296 5521 434 5574 cite,
460 5524 694 5580 quorum
718 5506 985 5564 industria
1017 5521 1082 5561 ac
1110 5504 1295 5562 labore
1330 5518 1497 5575 pecus
1522 5504 1759 5575 ejusdem
1789 5521 1881 5562 ec-

1984 5423 2097 5470 tum
2123 5412 2341 5467 habitus
2362 5411 2417 5465 in
2445 5409 2697 5481 praesenti
2721 5407 2939 5477 quidem
2965 5404 3331 5462 nescientibus
3354 5403 3568 5458 videtur

1984 5502 2426 5573 contemptibilis,
2459 5501 2555 5556 sed
2600 5501 2655 5554 in
2686 5497 2901 5562 futuro,
2933 5495 3111 5568 qualis
3159 5493 3345 5559 fuerit,
3393 5492 3569 5547 mani-

300 5601 481 5658 clesiac
510 5600 812 5673 protegitur
834 5607 997 5670 atque
1017 5596 1320 5654 incessabili
1348 5613 1481 5653 cura
1509 5598 1748 5653 munitur
1773 5616 1786 5653 :
1818 5614 1887 5656 ne
1987 5595 2122 5652 feste
2147 5591 2374 5664 patebit.
2417 5589 2571 5647 Unde
2596 5588 2820 5660 pulchre
2848 5588 2904 5643 in
2931 5585 3255 5659 Apocalypsi
3282 5599 3379 5641 sua
3403 5581 3570 5638 Joan-

302 5692 556 5749 videlicet
581 5692 689 5747 vita
716 5690 961 5760 fidesque
974 5687 1268 5745 electorum
1293 5686 1546 5744 hzeretica
1575 5686 1887 5745 seductione
1987 5700 2083 5743 nes
2108 5691 2426 5744 sanctorum
2454 5694 2514 5737 se
2557 5693 2743 5737 vocem
2769 5679 2983 5737 audisse
3013 5678 3196 5743 refert,
3228 5677 3522 5736 dicentium
3549 5684 3564 5723 ι
