3950 6192
437 306 543 366 ὕῚθ

1084 302 1144 356 Β.
1186 300 1434 356 RABANI
1475 297 1690 354 MAURl
1730 293 2043 352 ARClllEP.
2088 293 2392 350 MOGliNT.
2438 291 2718 349 OPERUM
2756 292 2935 347 PARS
2972 292 3036 348 11.

3593 293 3702 352 580

438 418 773 473 Gaudeamus
792 426 841 469 et
862 414 1175 469 exsnltcmus
1201 428 1217 464 :
1241 414 1364 482 quia
1391 421 1637 466 venerunt
1664 412 1859 481 impria:
1873 409 2016 479 agni,
2054 415 2093 471 Α
2125 416 2450 462 mentorum.
2482 406 2605 462 llrcc
2652 417 2707 460 et
2755 404 3060 474 hujusmodi
3105 407 3267 469 bona,
3299 419 3424 461 cum
3471 405 3703 460 Domino

435 521 483 565 et
510 526 644 565 uxor
669 509 782 577 ejus
810 506 1120 577 pra'paravit
1152 523 1229 570 se,
1253 516 1301 560 et
1330 506 1512 559 datum
1538 513 1613 558 est
1653 505 1719 565 ei,
1744 513 1801 556 ut
1834 519 2019 572 coope-

437 600 539 653 riat
587 615 643 652 se
689 597 953 668 byssinum
1002 595 1277 666 splendens
1330 596 1613 650 candidum
1645 594 1827 667 (Apoc.
1877 595 2015 665 XIX).

436 691 719 765 Byssinum
767 690 913 744 enim
961 687 1378 757 justiﬁcationes
1422 696 1547 743 sunt
1586 695 1918 742 sanctorum.
1955 687 2023 741 Et

437 783 490 837 in
541 781 870 837 contrariam
919 789 1128 849 partem
1174 779 1321 851 hyssi
1362 787 1417 833 et
1459 793 1711 848 purpura:
1750 777 2016 849 signiﬁca-

438 875 511 929 tio
538 874 592 929 in
634 872 927 943 Evangelio
958 871 1215 936 trahitur,
1245 870 1336 925 ubi
1368 869 1441 924 ita
1472 869 1708 941 legitur:
1739 868 1870 922 Erat
1902 870 2019 939 qui-

434 965 558 1019 dam
587 965 758 1029 dives,
798 965 887 1035 qui
928 963 1247 1016 induebatur
1287 978 1520 1033 purpura
1568 971 1615 1016 et
1649 961 1800 1032 bysso
1850 959 2017 1029 (Luc.

438 1053 548 1126 xvi)
568 1071 583 1119 ;
607 1053 696 1108 ubi
725 1051 1063 1108 saecularium
1092 1050 1404 1105 divitiarum
1425 1050 1648 1105 ambitio
1673 1050 2016 1120 exprimitur,

436 1162 554 1215 qum
590 1146 657 1200 ad
690 1153 899 1215 tempus
931 1142 1110 1196 avaris
1140 1141 1365 1208 arridet,
1416 1139 1509 1196 sed
1547 1142 1657 1196 cito
1700 1140 1924 1195 decidua
1951 1138 2018 1194 ad

437 1237 635 1290 luctum
664 1243 925 1290 :eternum
960 1234 1054 1287 eos
1079 1231 1348 1302 perducit.

1022 1343 1250 1400 CAPUT
1285 1341 1427 1397 XXI.

906 1414 985 1469 De
1019 1414 1280 1469 coloribus
1314 1415 1555 1469 vestium.

504 1508 746 1577 Purpura
796 1506 935 1576 apud
987 1505 1209 1561 Latinos
1244 1521 1275 1559 a
1325 1506 1562 1576 puritate
1613 1504 1751 1561 lucis
1791 1514 2013 1571 vocata;

433 1597 573 1667 apud
600 1596 819 1652 Grzecos
858 1603 1040 1650 autem
1072 1594 1342 1665 porphyra
1396 1593 1594 1648 dicitur
1638 1609 1761 1648 cum
1812 1595 2016 1664 aspira-

435 1691 603 1756 tione,
636 1688 776 1759 apud
818 1702 920 1742 nos
970 1702 1209 1758 purpura
1236 1686 1353 1741 sine
1398 1685 1745 1756 aspiratione.
1774 1685 2016 1758 Ferrugo

2124 506 2410 576 largiente,
2452 504 2804 574 percipimus,
2826 500 2940 570 jam
2984 500 3165 555 lanam
3211 500 3335 570 agni
3368 498 3705 555 immaculati

2123 596 2189 651 de
2211 596 2328 651 colo
2345 594 2599 659 infusam,
2630 595 2697 648 de
2716 594 2846 649 laeva
2868 593 2922 647 in
2947 593 3194 647 dextram
3216 590 3549 660 trajicimus;
3572 591 3705 661 quia

2121 685 2188 740 de
2215 684 2370 740 bonis
2399 684 2570 738 nostri
2620 681 3019 753 Redemptoris,
3055 682 3136 736 .de
3187 680 3448 751 exemplis
3475 695 3707 750 operum

2121 775 2238 845 ejus
2267 777 2460 833 stolam
2498 775 2656 831 nobis
2685 775 2867 843 gloria:
2890 774 3153 837 caelestis,
3182 788 3248 827 ac
3269 783 3475 828 vestem
3522 773 3710 828 chari-

2123 870 2250 923 tatis
2301 869 2595 938 nuptialem
2652 867 2897 921 facimus.
2940 865 3136 919 Netum
3187 865 3354 930 enim,
3409 868 3554 920 unde
3611 864 3708 919 fila

2120 960 2502 1023 coniiciuntur,
2535 959 2771 1014 laborem
2807 957 3063 1027 exprimit
3091 963 3363 1009 terrenum
3398 972 3411 1008 :
3443 955 3584 1010 unde
3603 955 3710 1010 ho—

2120 1050 2294 1104 mines
2334 1048 2436 1103 sibi
2491 1047 2685 1102 futuraa
2738 1044 3193 1102 remunerationis
3242 1054 3508 1115 apparant
3546 1045 3710 1100 indu-

2121 1122 2383 1195 mentum.
2417 1140 2493 1196 De
2520 1155 2627 1209 quo
2672 1140 2931 1194 Dominus
2956 1138 3013 1194 in
3047 1138 3356 1208 Evangelio,
3389 1138 3576 1193 volens
3601 1153 3710 1194 nos

2123 1231 2397 1285 retrahere
2422 1246 2452 1285 a
2480 1230 2749 1284 mundana
2776 1228 3236 1300 concupiscentia,
3263 1237 3319 1283 et
3354 1228 3420 1282 ad
3461 1227 3708 1284 futuram

2119 1321 2350 1392 gloriam
2378 1334 2711 1390 prmparare,
2748 1320 2827 1373 ait
2851 1336 2865 1373 :
2893 1317 3233 1373 Considerate
3253 1316 3368 1383 lilia
3405 1319 3546 1389 agri,
3573 1335 3714 1388 quo-

2118 1416 2273 1469 modo
2300 1423 2571 1478 crescunt;
2601 1429 2705 1467 non
2726 1410 2987 1475 laborant,
3012 1426 3175 1481 neque
3194 1418 3338 1475 nent,
3354 1417 3463 1464 etc.
3482 1409 3707 1483 (Matth.

2118 1503 2230 1576 vi.)
2262 1504 2484 1559 Stamen
2512 1503 2739 1569 dictum,
2761 1501 2887 1571 quia
2917 1507 3126 1557 rectum
3152 1508 3282 1555 stat.
3313 1499 3535 1565 Trama,
3556 1501 3709 1570 quod

2116 1597 2203 1652 via
2225 1604 2374 1652 recta
2402 1597 2804 1651 transmittatur
2824 1609 2925 1665 per
2946 1593 3111 1650 telam
3138 1612 3151 1647 :
3179 1601 3263 1649 est
3282 1593 3428 1649 enim
3454 1592 3600 1647 ﬁlum
3628 1593 3712 1647 in-

2118 1699 2202 1745 ter
2214 1697 2420 1745 stamen
2443 1702 2689 1754 currens,
2705 1701 2825 1758 quae
2843 1686 2950 1742 duo
2970 1695 3196 1756 possunt
3215 1684 3523 1755 signiﬁcare
3541 1683 3707 1739 ﬁdem

430 1781 581 1837 color
620 1789 703 1836 est
738 1794 993 1850 purpura:
1034 1779 1329 1848 subnigraz,
1373 1792 1493 1849 quae
1542 1777 1601 1832 ﬁt
1633 1778 1686 1832 in
1717 1778 1971 1849 Hispania
2002 1796 2014 1830 :
2047 1788 2094 1849 Β
2122 1790 2327 1836 rectam
2351 1795 2475 1837 cum
2498 1780 2654 1836 bonis
2679 1778 2954 1867 operibus.

431 1886 490 1928 ut
517 1891 531 1927 :
561 1870 855 1943 Ferrugine
896 1870 1072 1925 clarus
1124 1869 1301 1924 lbera.
1343 1869 1495 1923 Dicta
1540 1876 1719 1923 autem
1766 1869 2016 1940 ferrugo,

427 1963 572 2034 quod
594 1962 772 2017 omnis
797 1976 1035 2032 purpura
1057 1960 1234 2031 prima
1264 1959 1498 2014 tinctura
1530 1958 1796 2029 ejusmodi
1822 1960 2020 2016 coloris

428 2054 645 2108 existat.
673 2052 906 2108 Coccum
936 2050 1128 2113 Gratei,
1166 2064 1266 2104 nos
1297 2049 1519 2104 rubrum
1543 2063 1637 2104 seu
1664 2050 2015 2105 vermiculnm

427 2144 658 2198 dicimus
684 2156 700 2198 :
727 2150 814 2197 est
856 2141 1003 2211 enim
1032 2139 1386 2196 vermiculum
1412 2155 1477 2195 ex
1501 2138 1843 2195 silvestribus
1871 2140 2018 2195 fron-

427 2236 604 2291 dibus.
638 2234 866 2299 Coccus,
894 2234 1023 2304 quia
1044 2233 1185 2305 ignis
1214 2233 1380 2288 habet
1405 2232 1665 2303 speciem,
1700 2232 1893 2288 merito
1920 2230 2015 2286 lla-

425 2326 786 2397 grantissimaz
814 2332 1129 2380 sanctorum
1153 2323 1435 2379 dilectioni
1469 2330 1835 2394 comparatur.
1866 2322 2016 2379 Unde

424 2426 481 2472 et
520 2416 738 2488 quidam
771 2432 837 2472 ex
875 2416 975 2481 eis,
1002 2416 1095 2486 qui
1128 2416 1302 2481 hanc,
1332 2424 1601 2485 praesente
1641 2424 1697 2472 et
1722 2416 2016 2472 comitante

425 2521 608 2563 secum
659 2507 887 2561 Domino
908 2545 924 2570 ,
953 2514 1350 2575 conceperant,
1396 2505 1613 2560 aiebant
1645 2523 1657 2558 ε
1692 2504 1882 2559 Nonne
1924 2522 2016 2560 cor

425 2605 661 2650 nostrum
705 2595 898 2649 ardens
950 2603 1064 2648 erat
1111 2595 1168 2647 in
1217 2593 1395 2659 nobis,
1446 2610 1566 2648 cum
1611 2595 1909 2667 loqueretur
1957 2597 2013 2650 in

425 2686 528 2751 via,
574 2693 622 2738 et
670 2684 894 2755 aperiret
944 2684 1090 2739 nobis
1135 2683 1482 2754 Scripturas?
1523 2683 1675 2757 (Luc.
1705 2686 1879 2758 xxxv.)
1913 2685 2011 2743 Cui

424 2783 612 2830 contra
655 2776 722 2831 de
752 2775 997 2845 reprobis
1038 2774 1283 2830 dicitur:
1332 2774 1399 2829 Et
1426 2778 1674 2847 quoniam
1726 2778 2011 2835 abundabit

422 2865 692 2936 iniquitas,
722 2866 1018 2937 refrigescet
1041 2865 1271 2919 charitas
1291 2863 1576 2919 multorum
1591 2864 1808 2935 (Matth.
1832 2867 2006 2938 xxiv).

424 2954 549 3009 [hac
573 2956 727 3026 quasi
762 2956 847 3011 bis
872 2955 1172 3026 tinguntur,
1205 2969 1328 3009 cum
1358 2969 1543 3011 amore
1573 2954 1670 3010 Dei
1693 2964 1749 3011 et
1776 2955 2008 3026 proximi

424 3046 864 3113 ﬁammcscimus,
887 3062 1008 3104 cum
1031 3046 1178 3101 illum
1206 3059 1273 3100 ex
1301 3054 1412 3102 toto
1436 3046 1630 3111 corde,
1660 3054 1774 3101 tota
1804 3045 2003 3106 anima,

2682 1887 2912 1946 CAPUT
2946 1885 3091 1941 XXII
3118 1926 3133 1942 .

2627 1959 2715 2014 De
2773 1968 3181 2014 ornamento.

2188 2051 2517 2108 Ornamenta
2547 2058 2674 2106 sunt
2699 2049 2864 2116 dicta,
2907 2064 2975 2105 eo
3008 2048 3154 2118 quod
3203 2062 3393 2106 eorum
3424 2047 3575 2104 cultu
3603 2064 3709 2105 ora

2116 2143 2403 2213 vultusque
2430 2143 2775 2198 decorentur.
2798 2140 2856 2195 In
2881 2140 3217 2196 ornamentis
3236 2150 3416 2196 autem
3441 2141 3709 2196 virtutum

2116 2235 2409 2291 varietates
2457 2233 2545 2289 vel
2593 2231 2825 2288 diversa:
2876 2231 3266 2287 charismatum
3315 2231 3535 2302 gratiae,
3582 2246 3710 2303 quae

2116 2327 2328 2380 animas
2355 2323 2636 2380 hominum
2667 2329 2888 2389 emant,
2936 2321 3160 2394 intelligi
3190 2331 3446 2392 possunt;
3479 2324 3627 2378 unde
3653 2324 3709 2380 in

2116 2416 2401 2472 Ezechiele
2425 2415 2685 2470 Dominus
2706 2414 2774 2470 ad
2787 2411 3028 2468 Iudaeam
3048 2411 3208 2483 dicit:
3230 2410 3389 2466 Indui
3418 2422 3470 2466 te
3497 2411 3710 2468 subtili-

2115 2508 2233 2573 bus,
2252 2515 2300 2561 et
2321 2507 2503 2560 ornavi
2538 2514 2586 2558 te
2607 2502 2822 2576 (Ezech.
2847 2502 2983 2574 xvi).
3008 2503 3080 2557 Et
3108 2500 3235 2556 alibi
3259 2501 3531 2571 scriptum
3553 2520 3568 2555 :
3594 2500 3707 2557 0r-

2113 2599 2233 2653 navi
2247 2606 2296 2653 te
2310 2598 2365 2652 in
2380 2596 2662 2651 monilibus
2676 2594 2813 2668 (Isa.
2830 2593 2961 2664 uxr).
2980 2593 3022 2648 E
3043 2593 3318 2648 contrario
3334 2606 3463 2647 vero
3485 2592 3539 2647 in
3555 2591 3710 2648 Salo-

2112 2705 2274 2747 mone
2293 2691 2369 2745 ita
2387 2690 2617 2761 legitur:
2647 2688 2785 2743 Ecce
2818 2686 3009 2742 mulier
3037 2686 3093 2742 in
3119 2695 3428 2741 ornamento
3458 2687 3705 2740 meretri-

2112 2783 2193 2837 cio
2228 2779 2423 2854 (Prov.
2465 2780 2616 2853 vn),
2667 2780 2773 2835 hoc
2807 2787 2917 2844 est,
2964 2778 3217 2834 haeretica
3272 2777 3557 2848 pravitatis
3608 2792 3702 2833 so-

2111 2873 2344 2944 phistica
2371 2873 2664 2938 locutione,
2695 2880 2752 2928 et
2779 2871 2917 2927 falso
2938 2871 3198 2926 virtutum
3220 2870 3424 2925 colore.
3454 2869 3701 2925 Primum

2111 2974 2490 3022 ornamentum
2520 2973 2605 3021 est
2640 2979 2865 3030 corona,
2902 2964 3113 3034 insigne
3138 2963 3380 3018 victoria:
3408 2962 3525 3018 sive
3563 2964 3699 3035 regii

2110 3060 2334 3115 honoris
2382 3060 2627 3131 signum,
2689 3075 2811 3129 (iure
2864 3058 2918 3113 in
2985 3058 3164 3129 capite
3228 3068 3415 3129 regum
3480 3059 3702 3128 ponitur

424 3147 536 3194 tota
559 3139 782 3202 virtute,
810 3138 950 3194 sicut
975 3145 1031 3193 et
1048 3154 1147 3193 nos
1168 3138 1334 3209 ipsos,
1355 3136 1647 3208 diligimus.
1673 3136 2004 3208 Hyacinthus
2032 3143 2076 3206 ο
2109 3151 2176 3205 ad
2222 3148 2602 3221 signiﬁcando;
2639 3147 2998 3204 circumfusos
3025 3149 3077 3202 in
3121 3147 3252 3203 orbe
3289 3148 3517 3220 ροριιιοε
3535 3190 3551 3209 ,
3580 3150 3700 3219 qui-

421 3230 678 3301 quoniam
744 3229 889 3285 aeris
933 3237 988 3285 et
1042 3229 1165 3284 caeli
1208 3229 1443 3299 speciem
1482 3228 1747 3293 imitatur,
1793 3242 2009 3283 eorum-

422 3330 545 3381 dem
576 3334 785 3380 mentes
833 3323 1128 3380 electorum
1162 3324 1311 3379 omni
1364 3338 1459 3394 spe
1502 3330 1558 3377 et
1591 3322 1859 3379 desiderio
1895 3335 2009 3378 cte-

423 3413 581 3470 lestia
610 3422 914 3484 quaerentes
943 3412 1211 3484 signiﬁcat
1227 3430 1239 3465 :
1255 3412 1409 3483 cujus
1425 3411 1582 3467 nobis
1606 3410 1805 3467 coloris
1831 3426 2008 3467 saera-

422 3513 664 3560 mentum
713 3505 1098 3561 commendans
1142 3503 1429 3574 Apostolus
1486 3504 1563 3557 ait
1613 3520 1626 3555 :
1682 3501 1739 3558 Si
1788 3519 2006 3558 consur-

424 3596 630 3650 rexistis
657 3613 776 3651 cum
804 3595 1036 3662 Christo,
1063 3611 1180 3668 qua:
1223 3610 1434 3650 sursum
1480 3605 1601 3649 sunt
1647 3597 1885 3665 quccrite,
1918 3597 2006 3651 ubi

423 3685 661 3740 Christus
690 3696 788 3753 est,
817 3686 874 3740 in
903 3686 1092 3740 dextra
1116 3685 1215 3740 Dei
1240 3686 1423 3741 sedem
1454 3684 1590 3757 (Col.
1620 3686 1726 3757 ιιι).

1000 3796 1228 3853 CAPUT
1258 3796 1424 3852 XXII.

846 3866 925 3921 De
956 3868 1313 3921 instrumentis
1349 3868 1585 3922 uestium.

495 3959 623 4015 Tela
647 3973 745 4029 pro
777 3958 1110 4031 longitudine
1140 3958 1431 4014 staminum
1471 3959 1633 4021 dicta,
1681 3959 1836 4030 cujus
1860 3960 2002 4016 deri-

425 4052 661 4107 vativum
687 4059 770 4106 est
801 4050 1144 4106 telaria.Tela
1164 4065 1263 4121 pro
1284 4049 1616 4122 longitudine
1633 4050 1849 4107 dicitur.
1881 4050 2004 4108 Sta-

423 4157 545 4196 men
574 4139 844 4212 significat
881 4147 974 4194 aut
997 4138 1461 4210 prolongationem
1491 4138 1577 4194 vel
1608 4139 2001 4196 ordinationem

416 4231 605 4301 judicii
623 4250 635 4286 :
651 4231 792 4287 unde
816 4231 1009 4303 legitur
1033 4231 1086 4295 in
1110 4229 1377 4301 Propheta
1396 4249 1408 4284 :
1426 4231 1494 4286 Et
1509 4231 1666 4286 telam
1688 4249 1847 4303 quam
1861 4235 2003 4287 ordi-

421 4333 504 4378 tus
532 4332 605 4379 est
625 4339 780 4394 super
799 4323 1067 4377 universas
1099 4323 1335 4376 nationes
1356 4330 1510 4377 terrae
1536 4321 1671 4395 (Isa.
1691 4324 1850 4395 xxv);
1877 4324 2000 4393 quia

421 4414 680 4469 Dominus
742 4414 979 4483 undique
1038 4413 1260 4483 prtemia
1305 4411 1645 4482 iudicaturus
1704 4415 1997 4470 secundum

2109 3241 2210 3296 bus
2234 3240 2514 3297 accinctus
2546 3241 2699 3311 quasi
2732 3247 2894 3311 caput
2929 3255 3087 3295 suum
3136 3249 3453 3295 coronatur.
3484 3239 3694 3295 Nomen

2108 3347 2323 3388 coronae
2345 3332 2447 3388 hac
2475 3348 2541 3388 ex
2568 3347 2729 3388 causa
2762 3340 3037 3398 vocatum,
3063 3347 3130 3388 eo
3156 3332 3298 3401 quod
3323 3332 3374 3386 in
3406 3332 3565 3386 initio
3584 3333 3693 3387 circ

2107 3438 2228 3479 cum
2264 3439 2389 3478 aras
2423 3431 2770 3487 caneretur,
2805 3431 2969 3493 atque
3003 3423 3067 3477 ad
3105 3422 3391 3492 imaginem
3431 3422 3696 3477 circuitus

2105 3513 2193 3569 vel
2240 3513 2390 3569 chori
2421 3521 2508 3568 est
2553 3510 2785 3568 formata
2819 3520 2876 3566 et
2919 3512 3196 3567 nominata
3237 3526 3462 3566 corona.
3516 3511 3693 3582 Impe-

2107 3610 2316 3659 ratores
2344 3601 2574 3658 Romani
2598 3611 2655 3657 et
2677 3615 2834 3673 reges
2864 3601 3085 3671 quidam
3109 3602 3349 3673 gentium
3378 3600 3568 3657 aureis
3602 3617 3690 3658 co-

2107 3696 2254 3751 ronis
2277 3703 2504 3757 utuntur
2533 3713 2547 3750 :
2572 3694 2756 3751 Persae
2774 3695 2940 3750 tiaras
2955 3704 3170 3764 gemat,
3194 3693 3289 3749 sed
3309 3708 3472 3765 reges
3488 3681 3687 3757 rectas.

2105 3795 2337 3857 satrapae
2371 3787 2642 3843 incurvus.
2674 3786 2913 3856 Reperta
2939 3793 3025 3841 est
3066 3793 3247 3841 autem
3274 3784 3416 3839 tiara
3445 3800 3476 3839 a
3512 3783 3688 3840 Semi-

2104 3878 2313 3935 ramide
2356 3878 2704 3951 Assyriorum
2732 3879 2917 3950 regina
2942 3897 2956 3933 :
2985 3878 3131 3949 quod
3177 3893 3347 3950 genus
3378 3880 3686 3934 ornamenti

2103 3969 2298 4025 exinde
2320 3984 2491 4040 usque
2528 3970 2690 4026 hodie
2734 3986 2867 4042 gens
2909 3970 3024 4041 ipsa
3077 3970 3293 4025 retinet.
3326 3969 3688 4027 Athenienses

2105 4060 2249 4116 enim
2298 4060 2515 4117 cicadas
2560 4075 2763 4117 aureas
2819 4062 3078 4133 gerebant
3121 4062 3317 4132 partim
3358 4061 3413 4115 in
3456 4063 3683 4127 vertice,

2103 4150 2346 4205 nonnulli
2375 4151 2432 4206 in
2468 4149 2665 4207 fronte.
2701 4150 2821 4207 Non
2866 4152 3012 4208 enim
3042 4151 3233 4206 eadem
3275 4160 3404 4206 sunt
3453 4153 3685 4224 insignia

2102 4241 2345 4295 omnium
2393 4255 2705 4311 regnorum.
2757 4241 3048 4298 Gentilium
3092 4250 3245 4297 vates
3292 4241 3481 4309 infula,
3532 4246 3682 4315 apice

2101 4330 2241 4400 pileo
2267 4331 2383 4387 sive
2432 4332 2618 4403 galero
2645 4333 2955 4388 utebantur.
2994 4331 3204 4388 Corona
3235 4342 3415 4389 autem
3452 4336 3683 4407 mystice

2100 4430 2316 4478 aeternae
2342 4422 2526 4494 gloriae
2551 4425 2857 4481 mercedem
2876 4440 2975 4495 pro
2994 4424 3200 4495 iustitia
3224 4426 3493 4498 signiﬁcat
3510 4447 3524 4482 :
3540 4428 3681 4484 unde

419 4505 637 4575 propria
664 4512 929 4575 praeparat
952 4504 1165 4558 merita.
1197 4503 1407 4569 Colum,
1432 4505 1576 4573 quod
1600 4504 1738 4558 sitin
1769 4503 1998 4575 longitu-

2108 4514 2389 4583 Apostolus
2415 4516 2490 4570 ait
2514 4534 2527 4569 :
2559 4517 2767 4571 Bonum
2793 4530 3055 4573 certamen
3077 4521 3289 4584 certavi,
3319 4537 3538 4576 cursum
3564 4540 3679 4577 con-

419 4594 543 4650 dine
585 4603 640 4649 et
679 4595 1037 4659 rotunditate,
1083 4594 1238 4664 quasi
1282 4594 1550 4649 columna.
1602 4594 1803 4660 Fusus,
1853 4595 1997 4664 quod

418 4700 516 4756 per
542 4685 712 4754 ipsum
749 4684 1022 4751 fundatur,
1064 4685 1208 4755 quod
1245 4695 1429 4740 netum
1462 4693 1565 4741 est.
1606 4684 1663 4739 ln
1701 4684 1820 4740 colo
1848 4686 1994 4741 enim

417 4778 805 4848 scripturarum
827 4778 1051 4833 scientia
1079 4780 1401 4848 exprimitur
1427 4798 1439 4833 ε
1473 4788 1529 4833 et
1550 4781 1604 4834 in
1628 4780 1746 4836 fuso
1765 4780 1992 4836 intentio

415 4868 761 4924 discretionis
796 4887 808 4922 :
851 4870 993 4923 unde
1038 4871 1301 4939 scriptum
1341 4880 1423 4924 est
1474 4871 1527 4924 in
1581 4870 1887 4926 Proverbiis
1926 4873 1992 4928 de

413 4962 640 5018 muliere
671 4960 796 5017 forti
835 4980 846 5015 :
893 4959 1086 5015 Manus
1115 4961 1228 5030 ejus
1266 4962 1407 5015 misit
1436 4963 1503 5015 ad
1549 4962 1726 5031 fortia,
1759 4973 1805 5016 et
1841 4964 1993 5034 digiti

412 5052 525 5123 ejus
554 5049 1003 5123 apprehenderunt
1031 5050 1207 5123 [usum
1233 5047 1415 5122 (Prov.
1437 5052 1608 5123 χιιι).
1636 5052 1820 5107 Solent
1845 5056 1988 5108 enim

414 5145 626 5203 femina:
664 5153 875 5209 nentes,
915 5143 1091 5198 fusum
1124 5144 1176 5197 in
1209 5143 1448 5206 dextera,
1483 5144 1661 5198 colum
1703 5154 1885 5198 tenere
1934 5146 1986 5201 in

412 5238 652 5294 sinistra.
675 5236 729 5293 ln
755 5237 875 5293 colo
895 5237 1037 5292 enim
1083 5236 1204 5291 lana
1231 5235 1468 5291 involuta
1488 5246 1593 5303 est,
1617 5252 1735 5306 qua:
1772 5237 1862 5293 filo
1890 5241 1987 5293 du-

411 5327 581 5383 cenda
617 5337 671 5382 et
697 5327 872 5383 nenda
898 5333 1135 5382 transeat
1157 5326 1212 5381 in
1230 5324 1429 5382 fusum.
1449 5326 1729 5396 Saepedum
1760 5328 1813 5381 in
1837 5328 1984 5383 Scri-

411 5416 588 5486 pturis
608 5416 826 5471 dextera
842 5417 1008 5471 vitam
1025 5425 1363 5487 perpetuam,
1378 5417 1509 5471 laeva
1533 5420 1818 5487 praesentia
1844 5419 1986 5475 dona

412 5502 506 5557 Dei
538 5503 806 5575 signiﬁcat
836 5524 848 5560 :
879 5506 1207 5576 opulentiam
1237 5507 1489 5563 videlicet
1534 5522 1715 5563 rerum
1740 5551 1754 5572 ,
1802 5524 1986 5580 pacem

414 5599 745 5660 temporum,
772 5595 1086 5664 sospitatem
1116 5612 1423 5666 corporum,
1461 5598 1742 5653 scientiam
1776 5614 1989 5669 quoque

412 5679 798 5749 scripturarum
828 5726 842 5752 ,
898 5697 950 5740 et
1003 5688 1300 5743 coelestium
1354 5689 1753 5758 perceptionem
1807 5706 1986 5746 sacra-

2097 4607 2374 4672 summavi,
2413 4606 2572 4674 ﬁdem
2597 4609 2816 4673 servavi,
2851 4609 2917 4663 de
2961 4608 3158 4679 reliquo
3181 4612 3408 4680 reposita
3445 4623 3525 4668 est
3552 4616 3677 4669 mihi

2097 4710 2288 4751 corona
2322 4697 2545 4767 justitiw
2583 4697 2669 4771 (II
2719 4697 2851 4752 Tim.
2906 4699 3002 4769 IV).
3033 4698 3312 4766 Qlomodo
3349 4702 3674 4772 spiritalium

2095 4784 2434 4855 profectuum
2490 4789 2883 4843 consummatio
2944 4791 3192 4859 provehit
3252 4790 3320 4845 ad
3371 4806 3669 4849 coronam:

2096 4883 2243 4930 recte
2264 4877 2457 4933 horum
2480 4893 2693 4948 quoque
2716 4880 3078 4935 remuneratio
3104 4882 3320 4937 nomine
3341 4896 3565 4940 corona
3586 4901 3672 4939 vo-

2093 4968 2311 5022 citatur.
2367 4968 2497 5025 Item
2539 4986 2739 5025 corona
2800 4971 3184 5041 discipulorum
3230 4971 3444 5027 Domini
3493 4975 3665 5029 ambi-

2093 5064 2203 5111 tum
2235 5058 2319 5113 vel
2351 5060 2514 5114 totius
2550 5060 2803 5117 Ecclesiae
2833 5073 3157 5117 conventum
3184 5062 3252 5117 ad
3277 5063 3557 5119 Christum
3600 5067 3665 5121 si—

2090 5145 2328 5215 gniﬁcat,
2344 5147 2412 5202 de
2431 5162 2537 5217 quo
2562 5148 2839 5219 psalmista
2869 5151 2945 5204 ait
2972 5166 2986 5207 :
3022 5148 3255 5204 Posuisti
3280 5152 3335 5205 in
3361 5155 3533 5224 capite
3556 5158 3665 5226 ejus

2088 5253 2334 5292 coronam
2379 5239 2444 5293 de
2497 5239 2670 5309 lapide
2715 5244 2940 5311 pretioso
2980 5241 3166 5314 (Psal.
3204 5244 3331 5314 xx).
3385 5245 3457 5299 Et
3486 5247 3613 5301 item
3648 5267 3658 5299 :

2085 5326 2404 5391 Benedices,
2456 5329 2672 5398 inquit,
2725 5347 2970 5384 coronam
3015 5333 3141 5385 anni
3180 5334 3514 5404 benignitatis
3563 5345 3661 5389 tum

2086 5414 2270 5488 (Psal.
2310 5421 2487 5476 Lxrv).
2536 5418 2746 5474 Corona
2782 5419 2927 5474 enim
2973 5434 3078 5473 non
3136 5420 3379 5489 improbe
3427 5423 3655 5478 circum-

2084 5507 2327 5562 euntium
2377 5508 2761 5578 discipulorum
2810 5507 3023 5563 videtur
3070 5507 3377 5580 signiﬁcare
3429 5526 3656 5566 conven-

2087 5609 2198 5654 tum
2230 5617 2243 5655 :
2278 5601 2404 5669 quia
2436 5602 2609 5671 ipsum
2635 5603 2917 5658 docentem
2940 5602 3359 5659 desiderantium
3388 5604 3652 5675 apostolo-

2086 5709 2205 5747 rum
2223 5695 2480 5750 circuitus
2501 5696 2765 5752 ambiebat
2788 5713 2802 5761 ;
2824 5697 2938 5751 lucc
2953 5705 3069 5752 erat
3099 5710 3297 5752 corona
3320 5697 3533 5767 capitis,
3556 5697 3650 5749 hoc
