3950 6192
292 224 389 281 581

1272 236 1361 295 DE
1398 241 1744 303 UNIVERSO
1779 247 1956 305 unm
1992 250 2157 307 xxu.
2196 236 2267 293 ξ-
2304 253 2432 309 LIB.
2486 254 2623 312 xxx.

3449 258 3555 317 δεῖ

287 339 468 433 regale
490 341 919 413 diadema,quod
942 361 1047 401 non
1075 358 1296 405 ornaret
1327 352 1656 423 impositum,
1683 359 1774 414 sed
1801 360 1868 414 de
1895 364 1944 423 Α
1971 369 2135 431 atque
2163 362 2370 432 argenti
2391 363 2595 416 texitur
2613 362 2857 433 virgulis.
2878 363 3028 420 Unde
3050 372 3105 420 et
3133 365 3185 419 in
3207 364 3446 421 Cauticis
3470 366 3552 420 di-

285 430 506 487 Christo
540 433 772 489 Domino
813 437 993 507 potius
1036 451 1344 497 ornaretur.
1378 445 1435 499 ln
1477 446 1581 503 hac
1606 449 1750 504 enim
1775 465 1868 506 co-

286 537 415 577 rona
439 532 493 578 et
524 524 694 581 totius
727 529 913 584 mundi
935 530 1197 587 circulum
1225 535 1421 591 merito
1441 538 1739 607 poterimus
1768 542 1867 595 ad-

281 623 521 682 vertere,
569 617 623 672 in
658 635 768 690 quo
814 622 1084 694 generalis
1136 625 1472 698 significatur
1506 630 1766 688 Ecclesia.
1807 632 1868 688 lu

280 708 617 763 contrarium
641 723 772 766 vero
796 726 996 768 corona
1016 715 1256 785 ponitur,
1273 720 1488 787 quando
1504 721 1868 778 tribulationis

279 796 765 855 circumdationem
794 801 1098 873 significat;
1142 807 1284 862 unde
1309 809 1569 879 scriptum
1594 820 1680 867 est
1710 830 1723 866 :
1764 812 1867 867 Co-

300 905 474 943 enans
510 892 759 946 coronaei
786 899 836 947 te
881 894 1218 952 tribulatione
1241 897 1375 970 (Isa.
1399 900 1561 974 χχιι).
1585 902 1720 958 Nam
1750 904 1866 959 dia-

296 982 433 1036 lenia
456 982 679 1052 quidam
703 982 891 1040 dicunt
910 1001 1031 1043 esse
1051 1000 1429 1047 ornamentum
1456 994 1651 1065 capitis
1669 1004 1867 1052 matro-

287 1088 473 1127 λιιι-ωτι
497 1088 565 1128 ex
587 1088 722 1130 auro
749 1085 805 1132 et
830 1079 1058 1149 gemmis
1080 1090 1414 1149 contextum,
1431 1085 1573 1154 quod
1604 1086 1657 1140 in
1682 1101 1740 1142 se
1758 1087 1865 1142 cir-

296 1165 542 1221 iumactis
569 1169 1004 1226 extremitatibus
1033 1179 1182 1228 retro
1210 1175 1546 1247 astringitur,
1578 1183 1634 1231 et
1665 1177 1862 1233 exinde

284 1257 479 1313 'lictum
499 1256 708 1326 Grzece,
724 1261 865 1331 quod
884 1262 1210 1335 przeligetur.
1233 1264 1405 1321 lnfula
1424 1275 1509 1322 est
1532 1266 1753 1323 fasciola
1781 1282 1860 1324 sa-

276 1351 569 1406 cerdotalis
584 1352 810 1422 .capitis,
836 1353 982 1420 alba,
1005 1354 1059 1409 in
1087 1356 1305 1411 modum
1334 1356 1674 1424 diadematis,
1699 1374 1728 1412 a
1751 1373 1858 1427 qua

274 1440 419 1495 vitta:
444 1450 500 1496 et
522 1442 591 1496 ab
607 1451 837 1512 utraque
856 1451 1009 1515 parte
1022 1445 1341 1515 dependent,
1357 1462 1477 1517 qua:
1498 1446 1717 1502 infulam
1744 1449 1859 1504 vin-

272 1532 439 1587 ciunt.
471 1531 643 1588 lnfula
671 1543 851 1590 autem
886 1535 1206 1608 plerumque
1236 1537 1344 1593 lata
1374 1551 1513 1605 erat,
1540 1539 1859 1611 plerumque

274 1622 468 1678 tortilis
495 1624 563 1679 de
590 1623 714 1681 albo
740 1633 796 1681 et
816 1640 1000 1683 cocco.
1030 1627 1183 1699 Apex
1213 1638 1297 1684 est
1315 1630 1515 1701 pileum
1541 1631 1719 1695 sutile,
1746 1647 1855 1702 quo

1970 449 2112 505 citur
2130 451 2463 506 canticorum
2482 470 2495 505 :
2512 451 2837 508 Murwnulas
2859 471 3046 509 aureas
3066 455 3316 525 faciemus
3332 458 3423 510 tibi
3434 473 3549 511 ver-

1968 540 2245 594 miculatas
2289 551 2503 612 argento
2542 541 2717 611 (Cant.
2759 544 2833 613 ι).
2888 544 2945 598 ln
2986 546 3297 601 munnnulis
3353 549 3551 618 quippe

1971 625 2251 698 Scriptura
2284 639 2469 685 sancta
2499 631 2833 698 ostenditur,
2886 649 3007 704 quae
3052 650 3185 690 auro
3225 636 3550 705 spiritalium

1968 731 2226 772 sensuum
2255 716 2422 788 fulget
2459 719 2709 786 interius,
2743 731 2799 776 et
2838 732 3056 794 argento
3087 725 3323 781 cmlestts
3349 726 3550 798 eloquii

1967 804 2106 859 nitet
2134 806 2376 862 exterius
2413 809 2676 864 :dextras
2701 824 3014 867 communes
3040 828 3161 868 esse
3206 815 3446 870 virorum
3484 832 3551 874 ac

1965 892 2309 966 feminarum,
2324 897 2451 967 quia
2465 899 2746 969 utriusque
2757 916 2919 957 sexus
2933 903 3133 959 dextrae
3148 914 3293 961 sunt.
3308 907 3550 963 Armilltn

1965 992 2146 1041 autem
2159 986 2377 1056 proprie
2392 988 2628 1043 virorum
2642 999 2787 1056 sunt,
2802 991 3007 1046 collata:
3019 993 3258 1050 victoria:
3271 1011 3434 1052 causa
3447 1000 3549 1054 mi-

1965 1077 2150 1134 litibus
2165 1078 2235 1134 ob
2248 1095 2522 1135 armorum
2546 1082 2801 1137 virtutem
2824 1098 2838 1148 ;
2860 1084 3002 1139 unde
3016 1092 3071 1139 et
3093 1088 3361 1155 quondam
3388 1090 3549 1161 vulgo

1963 1170 2168 1226 viriolae
2182 1170 2520 1228 dicebantur.
2540 1174 2622 1229 Ab
2645 1175 2921 1231 intellectu
2936 1186 3116 1233 autem
3129 1180 3315 1235 circuli
3331 1184 3544 1240 armilla

1964 1274 2071 1313 non
2103 1260 2392 1331 discrepat,
2443 1263 2569 1333 quia
2596 1264 2708 1334 ipsa
2737 1281 2951 1336 quoque
2997 1269 3118 1334 hoc,
3165 1270 3255 1325 ubi
3300 1273 3541 1342 ponitur,

1963 1350 2247 1407 ambiendo
2274 1354 2618 1425 constringit.
2651 1353 2758 1410 Sed
2788 1358 2999 1412 armilla
3029 1358 3190 1416 latius
3212 1364 3541 1431 extenditur,

1961 1441 2198 1497 circulus
2219 1444 2481 1501 rotundus
2507 1444 2584 1499 fit.
2613 1445 2815 1502 Fibula:
2847 1457 2991 1514 sunt,
3018 1450 3215 1520 quibus
3243 1464 3432 1523 pectus
3460 1455 3544 1511 fe-

1960 1534 2233 1590 minarum
2264 1547 2511 1603 oruatur,
2534 1538 2620 1594 vel
2647 1539 2869 1608 pallium
2894 1548 3110 1597 tenetur
3136 1560 3167 1598 a
3197 1544 3330 1600 viris
3359 1546 3413 1600 in
3437 1547 3544 1602 lut-

1961 1624 2145 1689 meris,
2179 1639 2274 1680 seu
2317 1627 2590 1698 cingulum
2632 1629 2685 1683 in
2728 1629 2944 1685 lumbis.
2974 1630 3197 1689 Lunulaa
3228 1646 3352 1691 sunt
3384 1653 3548 1694 orna-

271 1714 588 1771 sacerdotcs
622 1717 852 1787 gentiles
886 1721 1203 1786 utebantur,
1238 1723 1539 1793 appellatus
1575 1725 1644 1780 ab
1671 1725 1849 1796 apien-

1957 1723 2139 1770 menta
2166 1716 2452 1772 mulierum
2477 1719 2530 1772 in
2571 1718 2712 1774 luna:
2739 1719 3091 1777 similitudine
3116 1723 3331 1780 bullulae
3362 1742 3542 1783 aurea

270 1809 368 1875 do,
413 1809 472 1864 id
510 1818 627 1875 est,
670 1826 700 1865 a
746 1810 985 1882 ligando.
1016 1812 1151 1869 Nam
1180 1814 1409 1887 virgula,
1457 1833 1578 1888 quae
1612 1819 1666 1874 in
1707 1819 1853 1891 pileo

268 1910 385 1958 erat
413 1903 841 1959 counectebatur
868 1905 979 1973 filo,
1008 1907 1153 1976 quod
1181 1906 1345 1964 fiebat
1371 1924 1438 1965 ex
1468 1909 1589 1966 lana
1637 1911 1848 1969 bostim.

269 1993 524 2049 Galerqu
565 1995 768 2065 pileum
797 2011 865 2051 ex
897 1997 1039 2067 pelle
1081 2013 1235 2054 carsaa
1274 2000 1469 2056 hostia:
1501 2000 1722 2056 factum.
1764 2002 1853 2057 Pi-

268 2087 409 2141 lcum
440 2094 622 2141 autem
651 2087 855 2142 dictum
894 2103 925 2142 a
946 2087 1085 2158 pelle
1111 2089 1324 2156 hostiae,
1346 2090 1490 2145 unde
1520 2090 1703 2146 fiebat.
1744 2091 1850 2164 Cy-

266 2178 412 2234 daris
465 2187 522 2234 et
570 2178 685 2248 ipsa
729 2179 1070 2235 sacerdotum
1125 2189 1265 2244 erat,
1297 2181 1440 2253 quod
1489 2196 1520 2236 a
1574 2182 1850 2253 plerisque

264 2269 424 2323 mitra
446 2277 694 2324 vocatur.
721 2267 879 2324 Mitra
900 2279 985 2325 est
1007 2269 1207 2341 pileum
1226 2271 1519 2342 Phrygium
1545 2281 1708 2342 caput
1724 2288 1851 2343 pro-

266 2368 476 2431 tegens,
511 2359 674 2429 quale
700 2368 787 2414 cst
813 2373 1194 2417 ornamentum
1238 2363 1432 2434 capitis
1484 2363 1797 2421 devotarum
1831 2383 1845 2419 :

262 2451 353 2506 sed
380 2450 590 2520 pilento
633 2452 876 2508 virorum
916 2463 1034 2520 est,
1084 2454 1247 2509 mitra
1279 2463 1461 2510 autem
1504 2454 1845 2511 feminarum.

261 2544 600 2601 Redimicula
627 2553 810 2601 autem
846 2556 991 2613 sunt,
1022 2547 1220 2618 quibus
1247 2547 1409 2604 mitra
1439 2548 1694 2621 alligatur
1720 2566 1734 2603 :
1764 2548 1850 2621 pi-

260 2638 401 2694 lcum
434 2648 619 2693 autem
650 2639 732 2709 (ut
762 2639 1133 2712 praediximus)
1165 2655 1197 2695 a
1225 2640 1367 2711 pelle
1399 2649 1539 2697 erat.
1580 2641 1719 2698 Nam
1746 2642 1847 2698 mi-

260 2741 340 2787 tra
364 2748 437 2788 ex
476 2731 603 2787 lana
650 2740 754 2787 est.
816 2731 1003 2788 Ricula
1047 2742 1133 2789 est
1168 2734 1332 2789 mitra
1376 2734 1659 2804 virginalis
1699 2733 1846 2806 capi-

261 2823 359 2888 tis;
386 2822 543 2877 vittaa
568 2832 717 2888 sunt,
740 2838 859 2894 quae
887 2822 943 2879 in
963 2823 1206 2881 crinibus
1246 2825 1614 2893 innectuntur,
1649 2826 1847 2896 quibus

259 2913 491 2969 ﬂuentes
518 2913 814 2985 religantur
840 2913 1019 2984 capilli
1047 2930 1060 2968 :
1093 2924 1148 2970 et
1172 2915 1323 2972 vittae
1356 2916 1533 2983 dieue,
1563 2918 1706 2986 quod
1728 2916 1847 2972 vin-

259 3005 427 3061 ciant.
452 3004 637 3060 Taania
670 3012 851 3061 autem
877 3006 1138 3062 vittarum
1172 3009 1491 3064 extremitas
1538 3009 1844 3079 dependens

1958 1805 2344 1876 dependentes.
2372 1807 2601 1878 Specula
2624 1819 2774 1875 sunt,
2814 1810 2868 1865 in
2899 1811 3097 1882 quibus
3119 1811 3335 1869 feminae
3360 1815 3541 1872 vultus

1954 1910 2082 1952 suos
2108 1897 2405 1954 intuentur.
2439 1899 2653 1954 Dictum
2693 1909 2873 1957 autem
2914 1904 3190 1973 speculum
3213 1945 3229 1971 ,
3276 1907 3361 1961 vel
3392 1907 3540 1978 quod

1954 2001 2022 2043 ex
2058 1988 2345 2059 splendore
2374 1990 2653 2058 reddatur,
2685 1992 2770 2046 vel
2796 1994 2941 2063 quod
2973 1995 3047 2050 ibi
3076 1994 3293 2052 feminae
3321 1998 3536 2054 intuen-

1954 2087 2035 2136 tes
2062 2080 2409 2138 considerent
2438 2083 2673 2153 speciem
2712 2087 2796 2139 sni
2826 2085 3028 2153 vultus,
3060 2096 3116 2143 et
3139 2089 3398 2161 quidquid
3443 2107 3537 2147 or-

1952 2171 2196 2226 namenti
2256 2171 2444 2227 deesse
2509 2172 2786 2239 viderint,
2853 2172 3132 2243 adjiciam.
3183 2177 3541 2236 Periscelides

1951 2269 2078 2316 sunt
2100 2262 2244 2333 apud
2266 2262 2497 2319 feminas
2516 2280 2738 2319 crurum
2780 2276 3128 2335 ornamenta,
3150 2269 3349 2339 quibus
3386 2286 3537 2340 gres-

1950 2366 2046 2407 sus
2103 2366 2293 2408 earum
2355 2361 2642 2409 ornantur.
2700 2354 3051 2413 Olfactoriola
3120 2358 3340 2414 vascula
3413 2371 3540 2416 sunt

1950 2442 2256 2511 muliebria,
2291 2444 2345 2500 in
2368 2445 2567 2516 quibus
2593 2446 2945 2504 odoramenta
2985 2457 3287 2521 gestantur.

2519 2556 2747 2616 CAPUT
2775 2560 2964 2618 XXIV.

2580 2627 2660 2683 De
2685 2630 2919 2686 annulis.

2016 2717 2216 2773 Annuli
2257 2727 2442 2775 autem
2489 2734 2590 2791 per
2634 2720 3045 2778 diminutionem
3083 2723 3213 2779 dicti
3240 2739 3271 2779 a
3316 2726 3540 2783 circulis

1947 2817 2003 2864 et
2027 2810 2305 2882 annis,qui
2339 2818 2467 2865 sunt
2511 2810 2718 2866 circum
2742 2812 2985 2889 brachia,
3012 2822 3067 2868 et
3095 2816 3299 2870 circum
3331 2831 3489 2873 crura
3515 2832 3531 2871 :

1948 2900 2089 2957 unde
2116 2910 2172 2957 et
2192 2901 2347 2973 signa
2375 2916 2563 2956 eorum
2597 2917 2696 2973 per
2732 2904 3143 2960 diminutionem
3175 2906 3382 2977 sigilla:
3409 2923 3535 2963 nam

1948 2990 2104 3064 signa
2133 2991 2341 3060 majora
2365 3000 2513 3059 sunt,
2542 2993 2716 3062 sigilla
2764 3009 2894 3050 vero
2922 2996 3077 3066 quasi
3121 2997 3330 3057 minora
3359 2999 3534 3069 signa.

257 3097 602 3153 diversorum
623 3095 884 3153 ροιοηιηι,
908 3096 1042 3153 “em
1074 3098 1208 3154 vim
1246 3108 1351 3164 est,
1374 3114 1480 3170 qua
1502 3077 1699 3155 00,5",
1726 3100 1845 3154 νίη-
1871 3077 1916 3138 C
1945 3080 2187 3139 Annulos
2223 3083 2469 3139 homines
2509 3085 2745 3154 primum
2783 3096 2997 3157 gestare
3034 3098 3317 3158 cmperunt
3341 3098 3537 3160 quarto

258 3188 429 3254 citur;
461 3187 627 3242 taania
655 3202 785 3243 vero
827 3195 1068 3243 extrema
1094 3204 1222 3259 pars
1262 3189 1410 3243 vittae
1434 3204 1554 3259 qua:
1580 3188 1848 3259 dependet

256 3291 495 3334 coronae.
552 3276 949 3334 Diseriminalia
997 3279 1193 3348 capitis
1233 3278 1521 3335 mulierum
1558 3285 1702 3346 sunt,
1745 3293 1843 3335 vo-

259 3379 455 3424 cantur
482 3381 551 3423 ex
588 3381 655 3423 eo
682 3366 825 3439 quod
873 3376 1035 3437 caput
1063 3383 1252 3423 earum
1285 3382 1315 3422 a
1344 3368 1461 3422 viro
1500 3368 1842 3434 discernant;

258 3474 382 3515 nam
407 3467 468 3515 et
489 3457 872 3515 discriminare
895 3458 1133 3513 dividere
1150 3457 1370 3513 dicitur.
1387 3457 1530 3513 Acus
1549 3464 1695 3524 sunt,
1720 3457 1845 3528 qui-

259 3547 358 3603 bus
380 3547 438 3603 in
459 3546 677 3603 feminis
709 3547 1075 3603 ornandorum
1097 3546 1329 3603 crinium
1354 3562 1618 3619 compago
1639 3548 1844 3603 retine-

258 3645 366 3703 tur,
392 3652 467 3692 ne
490 3636 667 3692 laxius
683 3637 872 3704 ﬂuant,
895 3646 952 3695 et
971 3637 1146 3709 sparsi
1172 3637 1454 3708 dispendet
1469 3636 1843 3711 [dissipentur]

258 3728 464 3800 capilli.
504 3726 729 3784 lnaures
769 3729 837 3785 ab
867 3729 1082 3785 aurium
1118 3728 1470 3786 foraminibus
1499 3738 1841 3801 nuncupatas,

258 3819 457 3890 quibus
491 3819 731 3889 pretiosa
759 3834 929 3890 grana
971 3818 1211 3890 lapidum
1246 3819 1548 3890 dependent
1597 3838 1610 3874 :
1648 3820 1844 3875 harum

255 3923 388 3964 usus
414 3907 471 3963 in
499 3906 730 3974 Graacia,
763 3908 952 3979 puellm
977 3917 1205 3980 utraque
1232 3925 1364 3965 aure
1401 3927 1415 3964 :
1453 3910 1608 3979 pueri
1636 3917 1843 3964 tantum

257 3998 482 4054 dextera
510 4000 788 4070 gerebant.
821 3999 1065 4071 Torques
1088 4008 1216 4056 sunt
1243 4001 1432 4056 circuli
1462 4002 1613 4056 aurei
1644 4017 1675 4056 a
1705 4001 1845 4058 collo

256 4091 322 4147 ad
357 4099 551 4162 pectus
588 4105 761 4161 usque
782 4091 1096 4162 pendentes.
1126 4091 1369 4162 Torques
1404 4102 1583 4148 autem
1606 4101 1661 4149 et
1684 4092 1845 4148 bullae

256 4197 285 4236 a
315 4181 455 4238 viris
502 4190 787 4253 geruntur,
818 4197 848 4235 a
874 4180 1093 4238 feminis
1119 4198 1250 4238 vero
1278 4183 1497 4238 monilia
1524 4193 1580 4240 et
1613 4182 1840 4239 catellaz.

256 4272 428 4329 Dicta
473 4280 657 4327 autem
708 4283 951 4342 torques,
992 4274 1134 4345 quod
1176 4274 1285 4330 sint
1329 4283 1485 4331 tortae
1534 4283 1635 4330 :et
1662 4275 1841 4342 bullae,

242 4352 401 4435 quod
438 4362 650 4419 similes
693 4364 803 4419 sint
850 4364 1182 4419 rotunditate
1214 4366 1398 4429 bullis,
1445 4380 1566 4435 quae
1595 4365 1649 4419 in
1700 4379 1841 4435 aqua

252 4466 418 4514 vento
446 4455 723 4512 inﬂantur.
758 4456 953 4514 Monile
979 4466 1355 4514 ornamentum
1383 4473 1447 4513 ex
1478 4458 1705 4530 gemmis
1732 4467 1840 4523 est,

253 4548 400 4620 quod
444 4547 585 4605 solet
612 4564 680 4604 ex
726 4548 1048 4604 feminarum
1090 4550 1326 4622 pendere
1354 4549 1492 4605 collo
1532 4569 1546 4605 :
1581 4551 1781 4606 dictum
1809 4565 1841 4605 a

254 4655 506 4695 munere.
548 4639 663 4694 Hoc
687 4641 851 4696 etiam
875 4649 931 4697 et
971 4650 1282 4713 serpentum
1314 4641 1512 4699 dicitur
1546 4642 1671 4713 quia
1717 4657 1843 4699 con-

253 4739 363 4787 stat
403 4746 476 4786 ex
522 4730 855 4800 amphorulis
902 4732 1223 4802 quibusdam
1258 4732 1460 4798 aureis,
1512 4732 1845 4804 gemmisque

253 4822 427 4878 variis
451 4821 510 4876 in
532 4821 752 4876 modum
786 4821 1010 4877 factura:
1038 4823 1312 4893 serpentis
1346 4841 1357 4877 :
1385 4823 1626 4878 nonnulli
1655 4823 1757 4878 hoc
1790 4830 1846 4877 et

253 4920 601 4985 segmentum
622 4912 832 4979 dicunt,
850 4920 911 4969 ut
928 4912 1205 4969 Iuvenalis
1236 4933 1249 4968 :
1278 4913 1557 4986 Segmenta
1587 4925 1636 4970 et
1661 4915 1843 4987 longos

252 5011 503 5074 habitus;
527 5007 654 5065 licet
670 5019 728 5065 et
744 5020 1106 5082 segmentatas
1132 5019 1311 5067 vestes
1335 5012 1597 5074 dicamus.
1621 5020 1681 5068 ut
1708 5013 1842 5083 ipse,

447 5110 511 5163 Et
541 5114 868 5176 segmentatis
895 5113 1165 5165 dormisset
1193 5113 1386 5178 parvula
1410 5117 1565 5164 cunis.

252 5192 588 5264 Plerumque
608 5203 789 5250 autem
806 5205 861 5251 et
884 5212 981 5267 per
995 5196 1191 5252 monile
1211 5196 1391 5252 omnia
1402 5204 1719 5252 ornamenta
1733 5210 1846 5249 ma-

253 5296 541 5343 tronarum
574 5286 968 5357 significantur,
996 5289 1254 5359 quidquid
1284 5289 1389 5344 illis
1411 5302 1633 5344 munere
1665 5289 1841 5342 datur.

256 5374 678 5452 Murmnavulgo
701 5389 948 5446 vocatur,
981 5382 1124 5452 quod
1155 5382 1360 5438 scilicet
1392 5382 1508 5437 auri
1539 5380 1756 5436 metallo
1791 5380 1843 5435 iu

258 5469 488 5543 virgulis
524 5470 857 5528 lentescente
881 5474 1126 5543 quaedam
1155 5474 1359 5529 ordinis
1393 5472 1616 5529 ﬂexuosi
1652 5480 1845 5529 catena

256 5561 574 5618 contexitur
599 5561 657 5617 in
686 5564 1091 5622 similitudinem
1128 5581 1381 5623 muraenae
1411 5568 1701 5637 serpentis,
1729 5581 1849 5638 quae

264 5654 332 5711 ad
361 5653 564 5713 collum
596 5656 900 5712 ornandum
929 5665 1164 5727 aptatur.
1197 5657 1321 5714 llaec
1349 5667 1402 5713 et
1436 5658 1702 5714 interdum
1730 5659 1847 5715 auri

1951 3189 1982 3229 a
2004 3173 2201 3245 pollice
2237 3175 2426 3246 digito,
2454 3176 2597 3245 quod
2626 3191 2692 3233 eo
2720 3192 2857 3232 vena
2877 3179 3122 3249 quaedam
3149 3180 3213 3234 ad
3248 3195 3345 3237 cor
3365 3195 3539 3255 usque

1946 3264 2236 3336 pertingat,
2268 3280 2431 3336 quam
2451 3267 2746 3321 notandam
2772 3268 3182 3339 ornandamque
3200 3270 3382 3342 aliquo
3402 3271 3539 3328 insi-

1947 3357 2038 3428 gni
2064 3366 2279 3413 veteres
2305 3365 2650 3428 putaverunt.
2700 3359 2858 3431 Apud
2901 3359 3176 3418 Romanos
3224 3362 3412 3420 annuli
3469 3363 3539 3421 de

1945 3447 2162 3520 publico
2186 3449 2472 3517 dabantur,
2516 3459 2572 3507 et
2615 3467 2721 3506 non
2753 3452 2869 3508 sine
2906 3453 3237 3510 discrimine.
3280 3454 3414 3510 Nam
3450 3453 3536 3510 di-

1948 3540 2154 3609 gnitate
2202 3542 2489 3613 praecipuis
2531 3543 2663 3599 viris
2705 3544 2961 3615 gemmati
2998 3545 3287 3612 dabantur,
3325 3547 3539 3603 caeteris

1948 3630 2127 3685 solidi.
2158 3632 2430 3687 Annulum
2459 3648 2686 3689 aureum
2731 3649 2907 3704 neque
2940 3649 3130 3690 servus
3164 3651 3339 3706 neque
3374 3636 3538 3693 liber-

1948 3720 2094 3777 tinus
2122 3723 2368 3792 gestabat
2412 3724 2467 3778 in
2506 3724 2719 3793 publico
2759 3725 2898 3781 :sed
2938 3726 3139 3781 annulo
3168 3742 3334 3783 aureo
3379 3727 3536 3786 liberi

1947 3814 2257 3878 utebantur,
2288 3814 2526 3870 libertini
2555 3825 2834 3888 argenteo,
2860 3816 3001 3871 servi
3032 3816 3229 3873 ferreo.
3290 3818 3537 3876 Annulus

1947 3906 2070 3962 fidei
2122 3907 2458 3979 signaculum
2509 3909 2896 3975 demonstrat,
2942 3917 3006 3964 ut
3056 3918 3142 3965 est
3192 3909 3322 3964 illud
3353 3926 3368 3963 :
3398 3910 3536 3967 Date

1945 3997 2203 4053 annulum
2229 4000 2285 4054 in
2315 4016 2477 4054 manu
2501 3999 2615 4069 ejus
2642 3998 2793 4071 (Luc.
2818 3998 2933 4069 xv),
2969 4000 3074 4053 hoc
3108 4007 3215 4064 est,
3263 3998 3388 4053 fidei
3447 4001 3532 4054 in-

1946 4090 2148 4147 dicium
2182 4091 2237 4145 in
2290 4091 2430 4146 bona
2485 4090 2820 4162 operatione.
2856 4088 2914 4143 In
2968 4089 3108 4145 Isaia
3160 4104 3399 4159 quoque,
3442 4091 3533 4145 ubi

1945 4192 2338 4238 enumerantur
2365 4188 2685 4238 ornamenta
2713 4179 3060 4251 multiplicia,
3089 4179 3267 4234 mitrae
3295 4186 3351 4234 ct
3375 4187 3528 4234 caete-

1946 4293 2130 4333 rorum
2178 4277 2384 4333 mentio
2413 4276 2494 4342 fit,
2521 4276 2594 4331 ita
2617 4266 2816 4347 legitur
2838 4291 2853 4331 :
2878 4274 2945 4328 In
2970 4273 3054 4329 die
3073 4273 3168 4328 illa
3197 4273 3399 4349 auferet
3427 4273 3531 4329 Do-

1945 4370 2119 4425 minus
2146 4378 2453 4424 ornamenta
2483 4366 2973 4430 calceamentorum,
3014 4375 3062 4420 et
3090 4363 3321 4430 lunulas,
3343 4373 3391 4419 et
3427 4375 3533 4418 tor-

1943 4477 2091 4532 ques,
2114 4470 2162 4514 et
2185 4458 2426 4525 monilia,
2438 4467 2485 4513 et
2500 4457 2761 4524 annillas,
2777 4469 2823 4512 et
2836 4457 3044 4523 mitras,
3060 4455 3463 4521 discriminalia,
3486 4466 3533 4510 et

1942 4552 2301 4624 periscelides,
2332 4562 2380 4606 et
2410 4549 2754 4616 muraznulas,
2776 4560 2823 4605 et
2850 4549 3204 4620 olfactoriolu,
3227 4558 3275 4604 et
3298 4550 3537 4614 inaures,

1944 4654 1994 4700 et
2028 4642 2272 4708 annales,
2303 4652 2351 4698 et
2395 4658 2625 4713 gemmas
2665 4644 2719 4696 in
2744 4641 2916 4711 fronte
2949 4640 3250 4712 pendentes,
3276 4650 3325 4696 et
3353 4650 3532 4695 muta-

1946 4739 2104 4803 toria,
2128 4746 2176 4792 et
2196 4735 2381 4808 pallia,
2399 4744 2446 4790 et
2466 4735 2861 4802 linteamina,et
2875 4752 3021 4799 acus,
3047 4744 3094 4788 et
3111 4733 3345 4802 specula,
3369 4743 3415 4788 et
3433 4733 3537 4787 sin-

1947 4828 2135 4893 dones,
2154 4837 2200 4881 et
2230 4827 2406 4894 vittas,
2435 4835 2485 4881 et
2511 4826 2755 4881 theristra
2784 4823 2918 4897 (Isa.
2952 4823 3057 4897 Ill).
3087 4823 3312 4896 Mystica
3343 4838 3534 4878 eorum

1949 4917 2273 4989 significatio
2303 4933 2334 4972 a
2374 4917 2576 4972 sanctis
2623 4915 2933 4971 doctoribus
2961 4914 3135 4969 lucide
3160 4913 3405 4983 exposita
3428 4919 3531 4966 est.

1950 5011 2222 5071 Describit
2249 5008 2473 5065 monilia
2520 5007 2865 5072 feminarum,
2915 5015 2971 5060 et
2997 5021 3096 5075 per
3133 5005 3248 5059 haec
3299 5001 3532 5072 insignia

1948 5104 2244 5165 civitatum,
2277 5101 2361 5157 vel
2396 5099 2552 5168 juxta
2591 5114 2864 5170 anagogen
2908 5097 3179 5152 variarum
3214 5100 3533 5151 ornamenta

1948 5196 2210 5251 virtutum
2241 5212 2254 5248 :
2282 5194 2483 5248 habent
2534 5191 2793 5246 mulieres
2831 5190 2885 5244 in
2934 5188 3076 5243 lunae
3127 5184 3531 5240 similitudinem

1950 5287 2180 5345 bullulas
2236 5285 2625 5355 dependentes,
2675 5298 2809 5352 quas
2836 5296 2937 5337 nos
2979 5280 3046 5335 ad
3078 5277 3332 5334 Ecclesiw
3374 5290 3534 5330 orna-

1950 5387 2133 5434 menta
2161 5376 2560 5440 transfcrimus,
2600 5389 2720 5445 qua;
2746 5372 3115 5427 illuminantur
3138 5369 3250 5425 sole
3283 5366 3532 5437 iustitiae.

1952 5471 2196 5542 Torques
2247 5482 2484 5538 quoque,
2511 5481 2631 5537 quae
2666 5464 2734 5520 ad
2775 5470 2963 5534 pectus
2987 5476 3158 5532 usque
3207 5458 3536 5531 dependent,

1955 5560 2363 5633 intelligentiam
2408 5574 2472 5613 ac
2521 5556 2881 5627 principatum
2909 5553 3106 5609 mentis
3131 5552 3184 5606 in
3231 5550 3395 5607 corde
3445 5547 3533 5605 de-

1954 5661 2280 5712 monstrant.
2329 5651 2397 5708 Et
2422 5648 2642 5707 monilia
2670 5662 2791 5718 qua:
2817 5661 2925 5702 uno
2962 5658 3212 5702 sermone
3235 5639 3414 5698 omnia
3441 5652 3534 5695 ον·
