  <div class='ocr_page' id='page_1' title='image "/cluster/home/n/w/nwhite01/storage/ocr_20150623/111/hvd.32044054759766/297.png"; bbox 0 0 3950 6192; ppageno 0'>
   <div class='ocr_carea' id='block_1_1' title="bbox 437 295 542 352">
    <p class='ocr_par' dir='ltr' id='par_1_1' title="bbox 437 295 542 352">
     <span class='ocr_line' id='line_1_1' title="bbox 437 295 542 352; baseline 0.01 -1"><span class='ocrx_word' id='word_1_1' title='bbox 437 295 542 352; x_wconf 75' lang='lat'><strong>583</strong></span> 
     </span>
    </p>
   </div>
   <div class='ocr_carea' id='block_1_2' title="bbox 1075 262 3026 344">
    <p class='ocr_par' dir='ltr' id='par_1_2' title="bbox 1075 262 3026 344">
     <span class='ocr_line' id='line_1_2' title="bbox 1075 262 3026 344; baseline -0.013 -1"><span class='ocrx_word' id='word_1_2' title='bbox 1075 289 1136 344; x_wconf 86' lang='grc' dir='ltr'>Β.</span> <span class='ocrx_word' id='word_1_3' title='bbox 1175 283 1426 342; x_wconf 79' lang='lat' dir='ltr'><strong>RABANI</strong></span> <span class='ocrx_word' id='word_1_4' title='bbox 1467 279 1683 338; x_wconf 76' lang='lat' dir='ltr'><strong>MAURl</strong></span> <span class='ocrx_word' id='word_1_5' title='bbox 1720 275 2038 334; x_wconf 78' lang='lat' dir='ltr'><strong>ARClllEP.</strong></span> <span class='ocrx_word' id='word_1_6' title='bbox 2082 271 2389 330; x_wconf 81' lang='lat' dir='ltr'><strong>MOGUNT.</strong></span> <span class='ocrx_word' id='word_1_7' title='bbox 2427 263 2713 326; x_wconf 79' lang='lat' dir='ltr'><strong>OPERUM</strong></span> <span class='ocrx_word' id='word_1_8' title='bbox 2748 262 2929 320; x_wconf 73' lang='lat' dir='ltr'><strong>PARS</strong></span> <span class='ocrx_word' id='word_1_9' title='bbox 2963 262 3026 319; x_wconf 85' lang='lat' dir='ltr'><strong>ll.</strong></span> 
     </span>
    </p>
   </div>
   <div class='ocr_carea' id='block_1_3' title="bbox 3574 253 3687 310">
    <p class='ocr_par' dir='ltr' id='par_1_3' title="bbox 3574 253 3687 310">
     <span class='ocr_line' id='line_1_3' title="bbox 3574 253 3687 310; baseline -0.009 0"><span class='ocrx_word' id='word_1_10' title='bbox 3574 253 3687 310; x_wconf 58' lang='lat'><strong>58$</strong></span> 
     </span>
    </p>
   </div>
   <div class='ocr_carea' id='block_1_4' title="bbox 429 367 3691 474">
    <p class='ocr_par' dir='ltr' id='par_1_4' title="bbox 429 367 3691 474">
     <span class='ocr_line' id='line_1_4' title="bbox 429 367 3691 474; baseline -0.012 -15"><span class='ocrx_word' id='word_1_11' title='bbox 429 413 684 460; x_wconf 82' lang='lat' dir='ltr'><strong>namenta</strong></span> <span class='ocrx_word' id='word_1_12' title='bbox 705 402 1101 474; x_wconf 77' lang='lat' dir='ltr'><strong>signiﬁcant,et</strong></span> <span class='ocrx_word' id='word_1_13' title='bbox 1123 397 1458 454; x_wconf 89' lang='lat' dir='ltr'><strong>armillarum</strong></span> <span class='ocrx_word' id='word_1_14' title='bbox 1474 395 1614 448; x_wconf 89' lang='lat' dir='ltr'><strong>bona</strong></span> <span class='ocrx_word' id='word_1_15' title='bbox 1627 387 2008 462; x_wconf 87' lang='lat' dir='ltr'><strong>opera,qualia</strong></span> <span class='ocrx_word' id='word_1_16' title='bbox 2036 397 2082 453; x_wconf 80' lang='grc' dir='ltr'>Α</span> <span class='ocrx_word' id='word_1_17' title='bbox 2111 384 2268 449; x_wconf 89' lang='lat' dir='ltr'><strong>Dedi,</strong></span> <span class='ocrx_word' id='word_1_18' title='bbox 2317 381 2507 452; x_wconf 85' lang='lat' dir='ltr'><strong>inquit,</strong></span> <span class='ocrx_word' id='word_1_19' title='bbox 2571 375 2807 474; x_wconf 65' lang='lat' dir='ltr'><strong>armi—llas</strong></span> <span class='ocrx_word' id='word_1_20' title='bbox 2831 374 2886 474; x_wconf 80' lang='lat' dir='ltr'><strong>in</strong></span> <span class='ocrx_word' id='word_1_21' title='bbox 2909 371 3150 474; x_wconf 71' lang='lat' dir='ltr'><strong>manibus</strong></span> <span class='ocrx_word' id='word_1_22' title='bbox 3172 367 3308 474; x_wconf 62' lang='lat' dir='ltr'><strong>tuis,</strong></span> <span class='ocrx_word' id='word_1_23' title='bbox 3335 375 3394 474; x_wconf 44' lang='grc' dir='ltr'>ἐι</span> <span class='ocrx_word' id='word_1_24' title='bbox 3449 376 3691 474; x_wconf 65' lang='lat' dir='ltr'><strong>torquem</strong></span> 
     </span>
    </p>
   </div>
   <div class='ocr_carea' id='block_1_5' title="bbox 429 479 2009 562">
    <p class='ocr_par' dir='ltr' id='par_1_5' title="bbox 429 479 2009 562">
     <span class='ocr_line' id='line_1_5' title="bbox 429 479 2009 562; baseline -0.011 -14"><span class='ocrx_word' id='word_1_25' title='bbox 429 492 674 548; x_wconf 78' lang='lat' dir='ltr'><strong>Rebecca</strong></span> <span class='ocrx_word' id='word_1_26' title='bbox 704 489 914 562; x_wconf 88' lang='lat' dir='ltr'><strong>accepit</strong></span> <span class='ocrx_word' id='word_1_27' title='bbox 937 492 993 546; x_wconf 93' lang='lat' dir='ltr'><strong>in</strong></span> <span class='ocrx_word' id='word_1_28' title='bbox 1023 486 1462 560; x_wconf 81' lang='lat' dir='ltr'><strong>sponsalibuszet</strong></span> <span class='ocrx_word' id='word_1_29' title='bbox 1487 482 1677 536; x_wconf 90' lang='lat' dir='ltr'><strong>mitras</strong></span> <span class='ocrx_word' id='word_1_30' title='bbox 1708 479 1901 549; x_wconf 90' lang='lat' dir='ltr'><strong>capitis</strong></span> <span class='ocrx_word' id='word_1_31' title='bbox 1917 492 2009 532; x_wconf 85' lang='lat' dir='ltr'><strong>or-</strong></span> 
     </span>
    </p>
   </div>
   <div class='ocr_carea' id='block_1_6' title="bbox 435 565 2012 642">
    <p class='ocr_par' dir='ltr' id='par_1_6' title="bbox 435 565 2012 642">
     <span class='ocr_line' id='line_1_6' title="bbox 435 565 2012 642; baseline -0.011 -6"><span class='ocrx_word' id='word_1_32' title='bbox 435 589 687 637; x_wconf 88' lang='lat' dir='ltr'><strong>namenta</strong></span> <span class='ocrx_word' id='word_1_33' title='bbox 716 589 771 634; x_wconf 91' lang='lat' dir='ltr'><strong>et</strong></span> <span class='ocrx_word' id='word_1_34' title='bbox 797 577 1208 642; x_wconf 87' lang='lat' dir='ltr'><strong>discriminalia,</strong></span> <span class='ocrx_word' id='word_1_35' title='bbox 1261 583 1320 628; x_wconf 92' lang='lat' dir='ltr'><strong>ut</strong></span> <span class='ocrx_word' id='word_1_36' title='bbox 1365 571 1624 641; x_wconf 85' lang='lat' dir='ltr'><strong>judicium</strong></span> <span class='ocrx_word' id='word_1_37' title='bbox 1661 569 1860 624; x_wconf 85' lang='lat' dir='ltr'><strong>habeat</strong></span> <span class='ocrx_word' id='word_1_38' title='bbox 1901 565 2012 621; x_wconf 88' lang='lat' dir='ltr'><strong>sin—</strong></span> 
     </span>
    </p>
   </div>
   <div class='ocr_carea' id='block_1_7' title="bbox 429 664 2010 742">
    <p class='ocr_par' dir='ltr' id='par_1_7' title="bbox 429 664 2010 742">
     <span class='ocr_line' id='line_1_7' title="bbox 429 664 2010 742; baseline -0.01 -17"><span class='ocrx_word' id='word_1_39' title='bbox 429 668 700 742; x_wconf 78' lang='lat' dir='ltr'><strong>gulorum,</strong></span> <span class='ocrx_word' id='word_1_40' title='bbox 729 675 782 722; x_wconf 89' lang='lat' dir='ltr'><strong>et</strong></span> <span class='ocrx_word' id='word_1_41' title='bbox 817 667 1185 739; x_wconf 76' lang='lat' dir='ltr'><strong>periscelidas,</strong></span> <span class='ocrx_word' id='word_1_42' title='bbox 1232 664 1428 734; x_wconf 87' lang='lat' dir='ltr'><strong>quibus</strong></span> <span class='ocrx_word' id='word_1_43' title='bbox 1463 668 1650 715; x_wconf 83' lang='lat' dir='ltr'><strong>noster</strong></span> <span class='ocrx_word' id='word_1_44' title='bbox 1677 671 1896 730; x_wconf 78' lang='lat' dir='ltr'><strong>gressus</strong></span> <span class='ocrx_word' id='word_1_45' title='bbox 1922 670 2010 742; x_wconf 85' lang='lat' dir='ltr'><strong>or-</strong></span> 
     </span>
    </p>
   </div>
   <div class='ocr_carea' id='block_1_8' title="bbox 434 740 2007 818">
    <p class='ocr_par' dir='ltr' id='par_1_8' title="bbox 434 740 2007 818">
     <span class='ocr_line' id='line_1_8' title="bbox 434 740 2007 818; baseline -0.01 -6"><span class='ocrx_word' id='word_1_46' title='bbox 434 740 594 812; x_wconf 79' lang='lat' dir='ltr'><strong>natur</strong></span> <span class='ocrx_word' id='word_1_47' title='bbox 624 774 636 809; x_wconf 89' lang='lat'><strong>:</strong></span> <span class='ocrx_word' id='word_1_48' title='bbox 672 763 731 809; x_wconf 90' lang='lat' dir='ltr'><strong>ut</strong></span> <span class='ocrx_word' id='word_1_49' title='bbox 757 755 1036 808; x_wconf 84' lang='lat' dir='ltr'><strong>audimus:</strong></span> <span class='ocrx_word' id='word_1_50' title='bbox 1058 752 1158 807; x_wconf 88' lang='lat' dir='ltr'><strong>Pes</strong></span> <span class='ocrx_word' id='word_1_51' title='bbox 1182 761 1302 806; x_wconf 86' lang='lat' dir='ltr'><strong>tuus</strong></span> <span class='ocrx_word' id='word_1_52' title='bbox 1327 766 1430 804; x_wconf 90' lang='lat' dir='ltr'><strong>non</strong></span> <span class='ocrx_word' id='word_1_53' title='bbox 1450 747 1670 818; x_wconf 71' lang='lat' dir='ltr'><strong>offendet</strong></span> <span class='ocrx_word' id='word_1_54' title='bbox 1691 743 1872 818; x_wconf 76' lang='lat' dir='ltr'><strong>(Prov.</strong></span> <span class='ocrx_word' id='word_1_55' title='bbox 1901 740 2007 817; x_wconf 95' lang='grc' dir='ltr'>ιιι).</span> 
     </span>
    </p>
   </div>
   <div class='ocr_carea' id='block_1_9' title="bbox 432 837 2013 919">
    <p class='ocr_par' dir='ltr' id='par_1_9' title="bbox 432 837 2013 919">
     <span class='ocr_line' id='line_1_9' title="bbox 432 837 2013 919; baseline -0.009 -13"><span class='ocrx_word' id='word_1_56' title='bbox 432 859 488 906; x_wconf 89' lang='lat' dir='ltr'><strong>et</strong></span> <span class='ocrx_word' id='word_1_57' title='bbox 515 867 529 904; x_wconf 76' lang='grc' dir='ltr'>ε</span> <span class='ocrx_word' id='word_1_58' title='bbox 558 849 721 902; x_wconf 87' lang='lat' dir='ltr'><strong>Eruet</strong></span> <span class='ocrx_word' id='word_1_59' title='bbox 752 847 905 919; x_wconf 83' lang='lat' dir='ltr'><strong>pedes</strong></span> <span class='ocrx_word' id='word_1_60' title='bbox 931 863 1070 901; x_wconf 86' lang='lat' dir='ltr'><strong>meos</strong></span> <span class='ocrx_word' id='word_1_61' title='bbox 1100 863 1131 899; x_wconf 91' lang='lat' dir='ltr'><strong>a</strong></span> <span class='ocrx_word' id='word_1_62' title='bbox 1153 845 1304 914; x_wconf 86' lang='lat' dir='ltr'><strong>lapsu</strong></span> <span class='ocrx_word' id='word_1_63' title='bbox 1333 839 1506 914; x_wconf 88' lang='lat' dir='ltr'><strong>(Psal.</strong></span> <span class='ocrx_word' id='word_1_64' title='bbox 1531 839 1702 911; x_wconf 70' lang='lat' dir='ltr'><strong>xxxv).</strong></span> <span class='ocrx_word' id='word_1_65' title='bbox 1729 837 1795 894; x_wconf 90' lang='lat' dir='ltr'><strong>Et</strong></span> <span class='ocrx_word' id='word_1_66' title='bbox 1824 851 2013 891; x_wconf 70' lang='lat' dir='ltr'><strong>murte-</strong></span> 
     </span>
    </p>
   </div>
   <div class='ocr_carea' id='block_1_10' title="bbox 432 927 2007 1008">
    <p class='ocr_par' dir='ltr' id='par_1_10' title="bbox 432 927 2007 1008">
     <span class='ocr_line' id='line_1_10' title="bbox 432 927 2007 1008; baseline -0.007 -15"><span class='ocrx_word' id='word_1_67' title='bbox 432 940 608 1005; x_wconf 89' lang='lat' dir='ltr'><strong>nulas,</strong></span> <span class='ocrx_word' id='word_1_68' title='bbox 650 954 770 1008; x_wconf 69' lang='lat' dir='ltr'><strong>quae</strong></span> <span class='ocrx_word' id='word_1_69' title='bbox 818 937 935 992; x_wconf 83' lang='lat' dir='ltr'><strong>auri</strong></span> <span class='ocrx_word' id='word_1_70' title='bbox 987 946 1148 1007; x_wconf 87' lang='lat' dir='ltr'><strong>atque</strong></span> <span class='ocrx_word' id='word_1_71' title='bbox 1198 933 1405 1005; x_wconf 75' lang='lat' dir='ltr'><strong>argenti</strong></span> <span class='ocrx_word' id='word_1_72' title='bbox 1459 939 1717 988; x_wconf 86' lang='lat' dir='ltr'><strong>texuntur</strong></span> <span class='ocrx_word' id='word_1_73' title='bbox 1764 927 2007 998; x_wconf 79' lang='lat' dir='ltr'><strong>virgulis,</strong></span> 
     </span>
    </p>
   </div>
   <div class='ocr_carea' id='block_1_11' title="bbox 433 1019 2008 1098">
    <p class='ocr_par' dir='ltr' id='par_1_11' title="bbox 433 1019 2008 1098">
     <span class='ocr_line' id='line_1_11' title="bbox 433 1019 2008 1098; baseline -0.011 -12"><span class='ocrx_word' id='word_1_74' title='bbox 433 1043 652 1086; x_wconf 88' lang='lat' dir='ltr'><strong>sensum</strong></span> <span class='ocrx_word' id='word_1_75' title='bbox 673 1026 924 1083; x_wconf 76' lang='lat' dir='ltr'><strong>videlicet</strong></span> <span class='ocrx_word' id='word_1_76' title='bbox 953 1025 1377 1098; x_wconf 89' lang='lat' dir='ltr'><strong>Scripturarum.</strong></span> <span class='ocrx_word' id='word_1_77' title='bbox 1420 1022 1487 1077; x_wconf 89' lang='lat' dir='ltr'><strong>Et</strong></span> <span class='ocrx_word' id='word_1_78' title='bbox 1510 1019 1866 1084; x_wconf 76' lang='lat' dir='ltr'><strong>olt‘actoriola,</strong></span> <span class='ocrx_word' id='word_1_79' title='bbox 1911 1025 1964 1072; x_wconf 89' lang='lat' dir='ltr'><strong>ut</strong></span> <span class='ocrx_word' id='word_1_80' title='bbox 1995 1035 2008 1069; x_wconf 92' lang='lat'>:</span> 
     </span>
    </p>
   </div>
   <div class='ocr_carea' id='block_1_12' title="bbox 436 1111 2014 1186">
    <p class='ocr_par' dir='ltr' id='par_1_12' title="bbox 436 1111 2014 1186">
     <span class='ocr_line' id='line_1_12' title="bbox 436 1111 2014 1186; baseline -0.008 -12"><span class='ocrx_word' id='word_1_81' title='bbox 436 1117 631 1174; x_wconf 86' lang='lat' dir='ltr'><strong>Christi</strong></span> <span class='ocrx_word' id='word_1_82' title='bbox 662 1117 823 1171; x_wconf 90' lang='lat' dir='ltr'><strong>bonus</strong></span> <span class='ocrx_word' id='word_1_83' title='bbox 845 1117 975 1171; x_wconf 88' lang='lat' dir='ltr'><strong>odor</strong></span> <span class='ocrx_word' id='word_1_84' title='bbox 997 1116 1160 1171; x_wconf 85' lang='lat' dir='ltr'><strong>simus</strong></span> <span class='ocrx_word' id='word_1_85' title='bbox 1191 1113 1273 1186; x_wconf 85' lang='lat' dir='ltr'><strong>(Il</strong></span> <span class='ocrx_word' id='word_1_86' title='bbox 1305 1112 1426 1167; x_wconf 80' lang='lat' dir='ltr'><strong>Cor.</strong></span> <span class='ocrx_word' id='word_1_87' title='bbox 1457 1113 1538 1184; x_wconf 90' lang='grc' dir='ltr'>ιι).</span> <span class='ocrx_word' id='word_1_88' title='bbox 1567 1112 1634 1166; x_wconf 83' lang='grc' dir='ltr'>Ει</span> <span class='ocrx_word' id='word_1_89' title='bbox 1661 1111 1896 1173; x_wconf 80' lang='lat' dir='ltr'><strong>inaures,</strong></span> <span class='ocrx_word' id='word_1_90' title='bbox 1943 1123 2014 1162; x_wconf 89' lang='lat' dir='ltr'><strong>ne</strong></span> 
     </span>
    </p>
   </div>
   <div class='ocr_carea' id='block_1_13' title="bbox 440 1199 2013 1276">
    <p class='ocr_par' dir='ltr' id='par_1_13' title="bbox 440 1199 2013 1276">
     <span class='ocr_line' id='line_1_13' title="bbox 440 1199 2013 1276; baseline -0.006 -12"><span class='ocrx_word' id='word_1_91' title='bbox 440 1205 1002 1276; x_wconf 86' lang='lat' dir='ltr'><strong>audiamusjudicium</strong></span> <span class='ocrx_word' id='word_1_92' title='bbox 1029 1205 1325 1276; x_wconf 82' lang='lat' dir='ltr'><strong>sanguinis,</strong></span> <span class='ocrx_word' id='word_1_93' title='bbox 1353 1203 1448 1259; x_wconf 91' lang='lat' dir='ltr'><strong>sed</strong></span> <span class='ocrx_word' id='word_1_94' title='bbox 1480 1202 1692 1256; x_wconf 87' lang='lat' dir='ltr'><strong>Domini</strong></span> <span class='ocrx_word' id='word_1_95' title='bbox 1719 1201 1902 1267; x_wconf 85' lang='lat' dir='ltr'><strong>verba,</strong></span> <span class='ocrx_word' id='word_1_96' title='bbox 1933 1199 2013 1255; x_wconf 87' lang='lat' dir='ltr'><strong>di-</strong></span> 
     </span>
    </p>
   </div>
   <div class='ocr_carea' id='block_1_14' title="bbox 435 1287 2010 1363">
    <p class='ocr_par' dir='ltr' id='par_1_14' title="bbox 435 1287 2010 1363">
     <span class='ocr_line' id='line_1_14' title="bbox 435 1287 2010 1363; baseline -0.008 -8"><span class='ocrx_word' id='word_1_97' title='bbox 435 1298 636 1355; x_wconf 84' lang='lat' dir='ltr'><strong>centis:</strong></span> <span class='ocrx_word' id='word_1_98' title='bbox 657 1297 758 1363; x_wconf 86' lang='lat' dir='ltr'><strong>Qui</strong></span> <span class='ocrx_word' id='word_1_99' title='bbox 774 1297 924 1350; x_wconf 87' lang='lat' dir='ltr'><strong>habet</strong></span> <span class='ocrx_word' id='word_1_100' title='bbox 941 1313 1092 1350; x_wconf 88' lang='lat' dir='ltr'><strong>aures</strong></span> <span class='ocrx_word' id='word_1_101' title='bbox 1108 1295 1354 1350; x_wconf 79' lang='lat' dir='ltr'><strong>audiendi</strong></span> <span class='ocrx_word' id='word_1_102' title='bbox 1371 1293 1551 1348; x_wconf 88' lang='lat' dir='ltr'><strong>audiat</strong></span> <span class='ocrx_word' id='word_1_103' title='bbox 1569 1291 1760 1362; x_wconf 73' lang='lat' dir='ltr'><strong>(Math.</strong></span> <span class='ocrx_word' id='word_1_104' title='bbox 1778 1306 1850 1353; x_wconf 78' lang='grc' dir='ltr'>ιιι,</span> <span class='ocrx_word' id='word_1_105' title='bbox 1870 1287 2010 1349; x_wconf 81' lang='lat' dir='ltr'><strong>xm).</strong></span> 
     </span>
    </p>
   </div>
   <div class='ocr_carea' id='block_1_15' title="bbox 433 1377 2012 1456">
    <p class='ocr_par' dir='ltr' id='par_1_15' title="bbox 433 1377 2012 1456">
     <span class='ocr_line' id='line_1_15' title="bbox 433 1377 2012 1456; baseline -0.007 -13"><span class='ocrx_word' id='word_1_106' title='bbox 433 1389 499 1443; x_wconf 86' lang='lat' dir='ltr'><strong>Et</strong></span> <span class='ocrx_word' id='word_1_107' title='bbox 523 1386 749 1440; x_wconf 82' lang='lat' dir='ltr'><strong>annulus</strong></span> <span class='ocrx_word' id='word_1_108' title='bbox 760 1385 952 1456; x_wconf 89' lang='lat' dir='ltr'><strong>quibus</strong></span> <span class='ocrx_word' id='word_1_109' title='bbox 968 1385 1321 1455; x_wconf 83' lang='lat' dir='ltr'><strong>signanturad</strong></span> <span class='ocrx_word' id='word_1_110' title='bbox 1348 1381 1558 1436; x_wconf 89' lang='lat' dir='ltr'><strong>Domini</strong></span> <span class='ocrx_word' id='word_1_111' title='bbox 1579 1377 1844 1446; x_wconf 89' lang='lat' dir='ltr'><strong>militiam,</strong></span> <span class='ocrx_word' id='word_1_112' title='bbox 1860 1396 2012 1450; x_wconf 85' lang='lat' dir='ltr'><strong>quem</strong></span> 
     </span>
    </p>
   </div>
   <div class='ocr_carea' id='block_1_16' title="bbox 431 1471 2015 1546">
    <p class='ocr_par' dir='ltr' id='par_1_16' title="bbox 431 1471 2015 1546">
     <span class='ocr_line' id='line_1_16' title="bbox 431 1471 2015 1546; baseline -0.004 -15"><span class='ocrx_word' id='word_1_113' title='bbox 431 1477 573 1532; x_wconf 84' lang='lat' dir='ltr'><strong>Deus</strong></span> <span class='ocrx_word' id='word_1_114' title='bbox 586 1477 806 1546; x_wconf 80' lang='lat' dir='ltr'><strong>signavit</strong></span> <span class='ocrx_word' id='word_1_115' title='bbox 832 1474 994 1528; x_wconf 88' lang='lat' dir='ltr'><strong>Pater</strong></span> <span class='ocrx_word' id='word_1_116' title='bbox 1019 1474 1198 1546; x_wconf 88' lang='lat' dir='ltr'><strong>(Joan.</strong></span> <span class='ocrx_word' id='word_1_117' title='bbox 1221 1479 1295 1545; x_wconf 70' lang='grc' dir='ltr'>γι)</span> <span class='ocrx_word' id='word_1_118' title='bbox 1319 1491 1337 1537; x_wconf 93' lang='lat'><strong><em>;</em></strong></span> <span class='ocrx_word' id='word_1_119' title='bbox 1362 1473 1501 1528; x_wconf 88' lang='lat' dir='ltr'><strong>unde</strong></span> <span class='ocrx_word' id='word_1_120' title='bbox 1530 1472 1728 1526; x_wconf 87' lang='lat' dir='ltr'><strong>dicitur</strong></span> <span class='ocrx_word' id='word_1_121' title='bbox 1753 1472 1821 1527; x_wconf 90' lang='lat' dir='ltr'><strong>ad</strong></span> <span class='ocrx_word' id='word_1_122' title='bbox 1867 1471 2015 1546; x_wconf 76' lang='lat' dir='ltr'><strong>prin-</strong></span> 
     </span>
    </p>
   </div>
   <div class='ocr_carea' id='block_1_17' title="bbox 433 1535 2011 1638">
    <p class='ocr_par' dir='ltr' id='par_1_17' title="bbox 433 1535 2011 1638">
     <span class='ocr_line' id='line_1_17' title="bbox 433 1535 2011 1638; baseline -0.005 -16"><span class='ocrx_word' id='word_1_123' title='bbox 433 1569 606 1638; x_wconf 86' lang='lat' dir='ltr'><strong>cipem</strong></span> <span class='ocrx_word' id='word_1_124' title='bbox 632 1535 764 1638; x_wconf 43' lang='lat' dir='ltr'><strong>.&quot;l&#39;yri</strong></span> <span class='ocrx_word' id='word_1_125' title='bbox 789 1584 802 1619; x_wconf 90' lang='lat'><strong>:</strong></span> <span class='ocrx_word' id='word_1_126' title='bbox 835 1565 913 1618; x_wconf 92' lang='lat' dir='ltr'><strong>Tu</strong></span> <span class='ocrx_word' id='word_1_127' title='bbox 941 1582 993 1619; x_wconf 89' lang='lat' dir='ltr'><strong>es</strong></span> <span class='ocrx_word' id='word_1_128' title='bbox 1019 1535 1350 1635; x_wconf 72' lang='lat' dir='ltr'><strong>signaculum</strong></span> <span class='ocrx_word' id='word_1_129' title='bbox 1377 1561 1736 1617; x_wconf 75' lang='lat' dir='ltr'><strong>similitudinis</strong></span> <span class='ocrx_word' id='word_1_130' title='bbox 1771 1535 2011 1632; x_wconf 48' lang='lat' dir='ltr'><strong>(Es—echq</strong></span> 
     </span>
    </p>
   </div>
   <div class='ocr_carea' id='block_1_18' title="bbox 434 1648 2004 1726">
    <p class='ocr_par' dir='ltr' id='par_1_18' title="bbox 434 1648 2004 1726">
     <span class='ocr_line' id='line_1_18' title="bbox 434 1648 2004 1726; baseline -0.003 -18"><span class='ocrx_word' id='word_1_131' title='bbox 434 1653 776 1726; x_wconf 77' lang='lat' dir='ltr'><strong>xxvi).Filius</strong></span> <span class='ocrx_word' id='word_1_132' title='bbox 807 1667 1018 1722; x_wconf 90' lang='lat' dir='ltr'><strong>quoque</strong></span> <span class='ocrx_word' id='word_1_133' title='bbox 1046 1653 1303 1722; x_wconf 80' lang='lat' dir='ltr'><strong>prodigus</strong></span> <span class='ocrx_word' id='word_1_134' title='bbox 1323 1649 1476 1723; x_wconf 89' lang='lat' dir='ltr'><strong>(Luc.</strong></span> <span class='ocrx_word' id='word_1_135' title='bbox 1504 1649 1597 1720; x_wconf 85' lang='lat' dir='ltr'><strong>xv)</strong></span> <span class='ocrx_word' id='word_1_136' title='bbox 1627 1666 1749 1706; x_wconf 92' lang='lat' dir='ltr'><strong>cum</strong></span> <span class='ocrx_word' id='word_1_137' title='bbox 1766 1648 1900 1704; x_wconf 84' lang='lat' dir='ltr'><strong>stola</strong></span> <span class='ocrx_word' id='word_1_138' title='bbox 1924 1665 2004 1704; x_wconf 90' lang='lat' dir='ltr'><strong>re-</strong></span> 
     </span>
    </p>
   </div>
   <div class='ocr_carea' id='block_1_19' title="bbox 434 1734 2090 1817">
    <p class='ocr_par' dir='ltr' id='par_1_19' title="bbox 434 1734 2090 1817">
     <span class='ocr_line' id='line_1_19' title="bbox 434 1734 2090 1817; baseline -0.004 -16"><span class='ocrx_word' id='word_1_139' title='bbox 434 1747 577 1817; x_wconf 85' lang='lat' dir='ltr'><strong>cepit</strong></span> <span class='ocrx_word' id='word_1_140' title='bbox 605 1745 862 1799; x_wconf 85' lang='lat' dir='ltr'><strong>annulum</strong></span> <span class='ocrx_word' id='word_1_141' title='bbox 895 1753 952 1800; x_wconf 91' lang='lat' dir='ltr'><strong>et</strong></span> <span class='ocrx_word' id='word_1_142' title='bbox 994 1744 1360 1799; x_wconf 84' lang='lat' dir='ltr'><strong>calceamenta</strong></span> <span class='ocrx_word' id='word_1_143' title='bbox 1387 1753 1443 1799; x_wconf 90' lang='lat' dir='ltr'><strong>et</strong></span> <span class='ocrx_word' id='word_1_144' title='bbox 1473 1758 1712 1814; x_wconf 88' lang='lat' dir='ltr'><strong>gemmas</strong></span> <span class='ocrx_word' id='word_1_145' title='bbox 1741 1743 1794 1799; x_wconf 92' lang='lat' dir='ltr'><strong>in</strong></span> <span class='ocrx_word' id='word_1_146' title='bbox 1843 1742 2018 1797; x_wconf 77' lang='lat' dir='ltr'><strong>fronte</strong></span> <span class='ocrx_word' id='word_1_147' title='bbox 2046 1734 2090 1794; x_wconf 87' lang='grc' dir='ltr'><strong><em>Β</em></strong></span> 
     </span>
    </p>
   </div>
   <div class='ocr_carea' id='block_1_20' title="bbox 433 1829 2016 1906">
    <p class='ocr_par' dir='ltr' id='par_1_20' title="bbox 433 1829 2016 1906">
     <span class='ocr_line' id='line_1_20' title="bbox 433 1829 2016 1906; baseline -0.003 -17"><span class='ocrx_word' id='word_1_148' title='bbox 433 1836 745 1906; x_wconf 80' lang='lat' dir='ltr'><strong>pendentes,</strong></span> <span class='ocrx_word' id='word_1_149' title='bbox 765 1834 958 1904; x_wconf 88' lang='lat' dir='ltr'><strong>quibus</strong></span> <span class='ocrx_word' id='word_1_150' title='bbox 985 1841 1168 1886; x_wconf 86' lang='lat' dir='ltr'><strong>nostra</strong></span> <span class='ocrx_word' id='word_1_151' title='bbox 1185 1847 1280 1886; x_wconf 90' lang='lat' dir='ltr'><strong>ora</strong></span> <span class='ocrx_word' id='word_1_152' title='bbox 1299 1833 1652 1898; x_wconf 88' lang='lat' dir='ltr'><strong>decorantur;</strong></span> <span class='ocrx_word' id='word_1_153' title='bbox 1678 1832 1745 1886; x_wconf 88' lang='lat' dir='ltr'><strong>de</strong></span> <span class='ocrx_word' id='word_1_154' title='bbox 1766 1829 1918 1900; x_wconf 86' lang='lat' dir='ltr'><strong>cujus</strong></span> <span class='ocrx_word' id='word_1_155' title='bbox 1931 1845 2016 1884; x_wconf 90' lang='lat' dir='ltr'><strong>ca-</strong></span> 
     </span>
    </p>
   </div>
   <div class='ocr_carea' id='block_1_21' title="bbox 431 1919 2017 1996">
    <p class='ocr_par' dir='ltr' id='par_1_21' title="bbox 431 1919 2017 1996">
     <span class='ocr_line' id='line_1_21' title="bbox 431 1919 2017 1996; baseline -0.003 -16"><span class='ocrx_word' id='word_1_156' title='bbox 431 1927 560 1996; x_wconf 90' lang='lat' dir='ltr'><strong>pitis</strong></span> <span class='ocrx_word' id='word_1_157' title='bbox 603 1933 918 1982; x_wconf 84' lang='lat' dir='ltr'><strong>ornamento</strong></span> <span class='ocrx_word' id='word_1_158' title='bbox 947 1933 1003 1980; x_wconf 92' lang='lat' dir='ltr'><strong>et</strong></span> <span class='ocrx_word' id='word_1_159' title='bbox 1055 1925 1108 1978; x_wconf 89' lang='lat' dir='ltr'><strong>in</strong></span> <span class='ocrx_word' id='word_1_160' title='bbox 1158 1924 1366 1994; x_wconf 80' lang='lat' dir='ltr'><strong>psalmo</strong></span> <span class='ocrx_word' id='word_1_161' title='bbox 1395 1923 1621 1993; x_wconf 77' lang='lat' dir='ltr'><strong>legimus</strong></span> <span class='ocrx_word' id='word_1_162' title='bbox 1657 1941 1670 1976; x_wconf 94' lang='lat'><strong>:</strong></span> <span class='ocrx_word' id='word_1_163' title='bbox 1709 1919 1857 1978; x_wconf 88' lang='lat' dir='ltr'><strong>Sicut</strong></span> <span class='ocrx_word' id='word_1_164' title='bbox 1915 1938 2017 1976; x_wconf 89' lang='lat' dir='ltr'><strong>un-</strong></span> 
     </span>
    </p>
   </div>
   <div class='ocr_carea' id='block_1_22' title="bbox 432 2015 2019 2090">
    <p class='ocr_par' dir='ltr' id='par_1_22' title="bbox 432 2015 2019 2090">
     <span class='ocr_line' id='line_1_22' title="bbox 432 2015 2019 2090; baseline -0.003 -18"><span class='ocrx_word' id='word_1_165' title='bbox 432 2028 678 2090; x_wconf 83' lang='lat' dir='ltr'><strong>guentum</strong></span> <span class='ocrx_word' id='word_1_166' title='bbox 714 2022 768 2071; x_wconf 90' lang='lat' dir='ltr'><strong>in</strong></span> <span class='ocrx_word' id='word_1_167' title='bbox 795 2017 984 2088; x_wconf 87' lang='lat' dir='ltr'><strong>capite,</strong></span> <span class='ocrx_word' id='word_1_168' title='bbox 1017 2017 1156 2088; x_wconf 88' lang='lat' dir='ltr'><strong>quod</strong></span> <span class='ocrx_word' id='word_1_169' title='bbox 1183 2016 1446 2071; x_wconf 80' lang='lat' dir='ltr'><strong>descendit</strong></span> <span class='ocrx_word' id='word_1_170' title='bbox 1487 2017 1543 2070; x_wconf 90' lang='lat' dir='ltr'><strong>in</strong></span> <span class='ocrx_word' id='word_1_171' title='bbox 1586 2015 1800 2070; x_wconf 82' lang='lat' dir='ltr'><strong>barbam</strong></span> <span class='ocrx_word' id='word_1_172' title='bbox 1840 2015 2019 2068; x_wconf 82' lang='lat' dir='ltr'><strong>Aaron</strong></span> 
     </span>
    </p>
   </div>
   <div class='ocr_carea' id='block_1_23' title="bbox 434 2105 2016 2183">
    <p class='ocr_par' dir='ltr' id='par_1_23' title="bbox 434 2105 2016 2183">
     <span class='ocr_line' id='line_1_23' title="bbox 434 2105 2016 2183; baseline -0.003 -21"><span class='ocrx_word' id='word_1_173' title='bbox 434 2108 857 2183; x_wconf 84' lang='lat' dir='ltr'><strong>(Psal.cxxxu).</strong></span> <span class='ocrx_word' id='word_1_174' title='bbox 913 2107 1198 2164; x_wconf 82' lang='lat' dir='ltr'><strong>Mutatoria</strong></span> <span class='ocrx_word' id='word_1_175' title='bbox 1221 2107 1377 2177; x_wconf 83' lang='lat' dir='ltr'><strong>juxta</strong></span> <span class='ocrx_word' id='word_1_176' title='bbox 1403 2122 1676 2178; x_wconf 85' lang='lat' dir='ltr'><strong>anagogen</strong></span> <span class='ocrx_word' id='word_1_177' title='bbox 1726 2105 1818 2160; x_wconf 85' lang='lat' dir='ltr'><strong>illa</strong></span> <span class='ocrx_word' id='word_1_178' title='bbox 1871 2112 2016 2170; x_wconf 90' lang='lat' dir='ltr'><strong>sunt,</strong></span> 
     </span>
    </p>
   </div>
   <div class='ocr_carea' id='block_1_24' title="bbox 434 2193 2014 2270">
    <p class='ocr_par' dir='ltr' id='par_1_24' title="bbox 434 2193 2014 2270">
     <span class='ocr_line' id='line_1_24' title="bbox 434 2193 2014 2270; baseline -0.004 -14"><span class='ocrx_word' id='word_1_179' title='bbox 434 2201 500 2256; x_wconf 89' lang='lat' dir='ltr'><strong>de</strong></span> <span class='ocrx_word' id='word_1_180' title='bbox 522 2201 718 2270; x_wconf 86' lang='lat' dir='ltr'><strong>quibus</strong></span> <span class='ocrx_word' id='word_1_181' title='bbox 741 2200 938 2256; x_wconf 90' lang='lat' dir='ltr'><strong>dicitur</strong></span> <span class='ocrx_word' id='word_1_182' title='bbox 963 2219 976 2255; x_wconf 86' lang='lat'>;</span> <span class='ocrx_word' id='word_1_183' title='bbox 1002 2199 1162 2256; x_wconf 81' lang='lat' dir='ltr'><strong>Ibunt</strong></span> <span class='ocrx_word' id='word_1_184' title='bbox 1189 2199 1253 2254; x_wconf 89' lang='lat' dir='ltr'><strong>de</strong></span> <span class='ocrx_word' id='word_1_185' title='bbox 1280 2199 1464 2255; x_wconf 84' lang='lat' dir='ltr'><strong>virtute</strong></span> <span class='ocrx_word' id='word_1_186' title='bbox 1485 2200 1540 2252; x_wconf 92' lang='lat' dir='ltr'><strong>in</strong></span> <span class='ocrx_word' id='word_1_187' title='bbox 1581 2199 1818 2253; x_wconf 79' lang='lat' dir='ltr'><strong>virtutem</strong></span> <span class='ocrx_word' id='word_1_188' title='bbox 1843 2193 2014 2268; x_wconf 81' lang='lat' dir='ltr'><strong>(Psal.</strong></span> 
     </span>
    </p>
   </div>
   <div class='ocr_carea' id='block_1_25' title="bbox 435 2285 2020 2361">
    <p class='ocr_par' dir='ltr' id='par_1_25' title="bbox 435 2285 2020 2361">
     <span class='ocr_line' id='line_1_25' title="bbox 435 2285 2020 2361; baseline -0.001 -17"><span class='ocrx_word' id='word_1_189' title='bbox 435 2289 686 2361; x_wconf 73' lang='lat' dir='ltr'><strong>unm).</strong></span> <span class='ocrx_word' id='word_1_190' title='bbox 715 2289 782 2344; x_wconf 89' lang='lat' dir='ltr'><strong>Et</strong></span> <span class='ocrx_word' id='word_1_191' title='bbox 811 2289 1142 2357; x_wconf 86' lang='lat' dir='ltr'><strong>linteamina,</strong></span> <span class='ocrx_word' id='word_1_192' title='bbox 1187 2299 1246 2344; x_wconf 92' lang='lat' dir='ltr'><strong>ut</strong></span> <span class='ocrx_word' id='word_1_193' title='bbox 1288 2289 1422 2344; x_wconf 88' lang='lat' dir='ltr'><strong>lauti</strong></span> <span class='ocrx_word' id='word_1_194' title='bbox 1470 2288 1526 2342; x_wconf 89' lang='lat' dir='ltr'><strong>in</strong></span> <span class='ocrx_word' id='word_1_195' title='bbox 1557 2287 1786 2343; x_wconf 90' lang='lat' dir='ltr'><strong>Domino</strong></span> <span class='ocrx_word' id='word_1_196' title='bbox 1813 2285 2020 2342; x_wconf 85' lang='lat' dir='ltr'><strong>deliciis</strong></span> 
     </span>
    </p>
   </div>
   <div class='ocr_carea' id='block_1_26' title="bbox 435 2379 2020 2453">
    <p class='ocr_par' dir='ltr' id='par_1_26' title="bbox 435 2379 2020 2453">
     <span class='ocr_line' id='line_1_26' title="bbox 435 2379 2020 2453; baseline -0.001 -18"><span class='ocrx_word' id='word_1_197' title='bbox 435 2380 796 2453; x_wconf 81' lang='lat' dir='ltr'><strong>perfruamur,</strong></span> <span class='ocrx_word' id='word_1_198' title='bbox 825 2380 1120 2436; x_wconf 87' lang='lat' dir='ltr'><strong>secundum</strong></span> <span class='ocrx_word' id='word_1_199' title='bbox 1165 2381 1294 2436; x_wconf 91' lang='lat' dir='ltr'><strong>illud</strong></span> <span class='ocrx_word' id='word_1_200' title='bbox 1346 2379 1488 2450; x_wconf 92' lang='lat' dir='ltr'><strong>quod</strong></span> <span class='ocrx_word' id='word_1_201' title='bbox 1517 2380 1570 2434; x_wconf 93' lang='lat' dir='ltr'><strong>in</strong></span> <span class='ocrx_word' id='word_1_202' title='bbox 1599 2379 1822 2452; x_wconf 87' lang='lat' dir='ltr'><strong>psalmis</strong></span> <span class='ocrx_word' id='word_1_203' title='bbox 1849 2379 2020 2450; x_wconf 84' lang='lat' dir='ltr'><strong>scrip-</strong></span> 
     </span>
    </p>
   </div>
   <div class='ocr_carea' id='block_1_27' title="bbox 441 2467 2016 2542">
    <p class='ocr_par' dir='ltr' id='par_1_27' title="bbox 441 2467 2016 2542">
     <span class='ocr_line' id='line_1_27' title="bbox 441 2467 2016 2542; baseline -0.001 -18"><span class='ocrx_word' id='word_1_204' title='bbox 441 2476 554 2524; x_wconf 88' lang='lat' dir='ltr'><strong>tum</strong></span> <span class='ocrx_word' id='word_1_205' title='bbox 581 2477 664 2524; x_wconf 89' lang='lat' dir='ltr'><strong>est</strong></span> <span class='ocrx_word' id='word_1_206' title='bbox 697 2483 713 2523; x_wconf 90' lang='lat'><strong>:</strong></span> <span class='ocrx_word' id='word_1_207' title='bbox 751 2468 999 2524; x_wconf 88' lang='lat' dir='ltr'><strong>Torrente</strong></span> <span class='ocrx_word' id='word_1_208' title='bbox 1029 2470 1309 2542; x_wconf 82' lang='lat' dir='ltr'><strong>voluptatis</strong></span> <span class='ocrx_word' id='word_1_209' title='bbox 1349 2480 1454 2525; x_wconf 76' lang='lat' dir='ltr'><strong>tua:</strong></span> <span class='ocrx_word' id='word_1_210' title='bbox 1496 2471 1700 2536; x_wconf 82' lang='lat' dir='ltr'><strong>potabis</strong></span> <span class='ocrx_word' id='word_1_211' title='bbox 1725 2487 1812 2524; x_wconf 91' lang='lat' dir='ltr'><strong>eos</strong></span> <span class='ocrx_word' id='word_1_212' title='bbox 1844 2467 2016 2541; x_wconf 88' lang='lat' dir='ltr'><strong>(Psal.</strong></span> 
     </span>
    </p>
   </div>
   <div class='ocr_carea' id='block_1_28' title="bbox 438 2559 2016 2632">
    <p class='ocr_par' dir='ltr' id='par_1_28' title="bbox 438 2559 2016 2632">
     <span class='ocr_line' id='line_1_28' title="bbox 438 2559 2016 2632; baseline 0.002 -20"><span class='ocrx_word' id='word_1_213' title='bbox 438 2559 622 2632; x_wconf 85' lang='lat' dir='ltr'><strong>xxxv).</strong></span> <span class='ocrx_word' id='word_1_214' title='bbox 667 2559 793 2614; x_wconf 59' lang='lat' dir='ltr'><strong>llaec</strong></span> <span class='ocrx_word' id='word_1_215' title='bbox 833 2567 1012 2614; x_wconf 87' lang='lat' dir='ltr'><strong>autem</strong></span> <span class='ocrx_word' id='word_1_216' title='bbox 1051 2561 1234 2615; x_wconf 89' lang='lat' dir='ltr'><strong>omnia</strong></span> <span class='ocrx_word' id='word_1_217' title='bbox 1291 2561 1638 2631; x_wconf 88' lang='lat' dir='ltr'><strong>perdiderunt</strong></span> <span class='ocrx_word' id='word_1_218' title='bbox 1691 2560 1814 2616; x_wconf 72' lang='lat' dir='ltr'><strong>lilia:</strong></span> <span class='ocrx_word' id='word_1_219' title='bbox 1861 2560 2016 2626; x_wconf 88' lang='lat' dir='ltr'><strong>Sion,</strong></span> 
     </span>
    </p>
   </div>
   <div class='ocr_carea' id='block_1_29' title="bbox 439 2649 2022 2718">
    <p class='ocr_par' dir='ltr' id='par_1_29' title="bbox 439 2649 2022 2718">
     <span class='ocr_line' id='line_1_29' title="bbox 439 2649 2022 2718; baseline 0.003 -15"><span class='ocrx_word' id='word_1_220' title='bbox 439 2649 566 2718; x_wconf 89' lang='lat' dir='ltr'><strong>quia</strong></span> <span class='ocrx_word' id='word_1_221' title='bbox 595 2649 1006 2706; x_wconf 79' lang='lat' dir='ltr'><strong>ambulaverunt</strong></span> <span class='ocrx_word' id='word_1_222' title='bbox 1023 2657 1240 2707; x_wconf 84' lang='lat' dir='ltr'><strong>extento</strong></span> <span class='ocrx_word' id='word_1_223' title='bbox 1261 2651 1416 2718; x_wconf 91' lang='lat' dir='ltr'><strong>collo,</strong></span> <span class='ocrx_word' id='word_1_224' title='bbox 1431 2659 1486 2706; x_wconf 91' lang='lat' dir='ltr'><strong>et</strong></span> <span class='ocrx_word' id='word_1_225' title='bbox 1504 2651 1782 2706; x_wconf 90' lang='lat' dir='ltr'><strong>oculorum</strong></span> <span class='ocrx_word' id='word_1_226' title='bbox 1805 2652 2022 2708; x_wconf 89' lang='lat' dir='ltr'><strong>nutibus</strong></span> 
     </span>
    </p>
   </div>
   <div class='ocr_carea' id='block_1_30' title="bbox 445 2740 2020 2813">
    <p class='ocr_par' dir='ltr' id='par_1_30' title="bbox 445 2740 2020 2813">
     <span class='ocr_line' id='line_1_30' title="bbox 445 2740 2020 2813; baseline 0.003 -19"><span class='ocrx_word' id='word_1_227' title='bbox 445 2740 752 2810; x_wconf 85' lang='lat' dir='ltr'><strong>superbiam</strong></span> <span class='ocrx_word' id='word_1_228' title='bbox 779 2741 1092 2812; x_wconf 87' lang='lat' dir='ltr'><strong>gestierunt,</strong></span> <span class='ocrx_word' id='word_1_229' title='bbox 1116 2749 1370 2813; x_wconf 86' lang='lat' dir='ltr'><strong>putantes</strong></span> <span class='ocrx_word' id='word_1_230' title='bbox 1423 2757 1534 2798; x_wconf 75' lang='lat' dir='ltr'><strong>sua:</strong></span> <span class='ocrx_word' id='word_1_231' title='bbox 1578 2757 1698 2797; x_wconf 91' lang='lat' dir='ltr'><strong>esse</strong></span> <span class='ocrx_word' id='word_1_232' title='bbox 1747 2742 2020 2812; x_wconf 64' lang='lat' dir='ltr'><strong>potentias,</strong></span> 
     </span>
    </p>
   </div>
   <div class='ocr_carea' id='block_1_31' title="bbox 445 2831 2024 2906">
    <p class='ocr_par' dir='ltr' id='par_1_31' title="bbox 445 2831 2024 2906">
     <span class='ocr_line' id='line_1_31' title="bbox 445 2831 2024 2906; baseline 0.003 -20"><span class='ocrx_word' id='word_1_233' title='bbox 445 2831 590 2901; x_wconf 90' lang='lat' dir='ltr'><strong>quod</strong></span> <span class='ocrx_word' id='word_1_234' title='bbox 621 2831 916 2900; x_wconf 86' lang='lat' dir='ltr'><strong>habebant,</strong></span> <span class='ocrx_word' id='word_1_235' title='bbox 949 2840 1006 2888; x_wconf 89' lang='lat' dir='ltr'><strong>et</strong></span> <span class='ocrx_word' id='word_1_236' title='bbox 1036 2848 1144 2890; x_wconf 89' lang='lat' dir='ltr'><strong>non</strong></span> <span class='ocrx_word' id='word_1_237' title='bbox 1175 2835 1384 2890; x_wconf 89' lang='lat' dir='ltr'><strong>Domini</strong></span> <span class='ocrx_word' id='word_1_238' title='bbox 1413 2835 1616 2906; x_wconf 77' lang='lat' dir='ltr'><strong>gratiae.</strong></span> <span class='ocrx_word' id='word_1_239' title='bbox 1659 2833 1868 2891; x_wconf 78' lang='lat' dir='ltr'><strong>Habent</strong></span> <span class='ocrx_word' id='word_1_240' title='bbox 1893 2849 2024 2890; x_wconf 89' lang='lat' dir='ltr'><strong>acus</strong></span> 
     </span>
    </p>
   </div>
   <div class='ocr_carea' id='block_1_32' title="bbox 363 2923 2024 2996">
    <p class='ocr_par' dir='ltr' id='par_1_32' title="bbox 363 2923 2024 2996">
     <span class='ocr_line' id='line_1_32' title="bbox 363 2923 2024 2996; baseline 0.004 -18"><span class='ocrx_word' id='word_1_241' title='bbox 363 2972 374 2978; x_wconf 90' lang='lat'><strong>-</strong></span> <span class='ocrx_word' id='word_1_242' title='bbox 445 2923 722 2988; x_wconf 86' lang='lat' dir='ltr'><strong>mulieres,</strong></span> <span class='ocrx_word' id='word_1_243' title='bbox 779 2924 974 2995; x_wconf 90' lang='lat' dir='ltr'><strong>quibus</strong></span> <span class='ocrx_word' id='word_1_244' title='bbox 1031 2925 1260 2981; x_wconf 90' lang='lat' dir='ltr'><strong>crinium</strong></span> <span class='ocrx_word' id='word_1_245' title='bbox 1307 2940 1569 2996; x_wconf 84' lang='lat' dir='ltr'><strong>compago</strong></span> <span class='ocrx_word' id='word_1_246' title='bbox 1619 2923 1902 2995; x_wconf 85' lang='lat' dir='ltr'><strong>retinetur,</strong></span> <span class='ocrx_word' id='word_1_247' title='bbox 1955 2943 2024 2985; x_wconf 92' lang='lat' dir='ltr'><strong>ne</strong></span> 
     </span>
    </p>
   </div>
   <div class='ocr_carea' id='block_1_33' title="bbox 443 3011 2022 3098">
    <p class='ocr_par' dir='ltr' id='par_1_33' title="bbox 443 3011 2022 3098">
     <span class='ocr_line' id='line_1_33' title="bbox 443 3011 2022 3098; baseline 0.005 -33"><span class='ocrx_word' id='word_1_248' title='bbox 443 3011 619 3068; x_wconf 85' lang='lat' dir='ltr'><strong>laxius</strong></span> <span class='ocrx_word' id='word_1_249' title='bbox 677 3011 892 3098; x_wconf 58' lang='lat' dir='ltr'><strong>(luant,</strong></span> <span class='ocrx_word' id='word_1_250' title='bbox 948 3021 1005 3070; x_wconf 90' lang='lat' dir='ltr'><strong>et</strong></span> <span class='ocrx_word' id='word_1_251' title='bbox 1053 3015 1227 3086; x_wconf 86' lang='lat' dir='ltr'><strong>sparsi</strong></span> <span class='ocrx_word' id='word_1_252' title='bbox 1273 3016 1604 3087; x_wconf 87' lang='lat' dir='ltr'><strong>dissipentur</strong></span> <span class='ocrx_word' id='word_1_253' title='bbox 1657 3017 1858 3088; x_wconf 88' lang='lat' dir='ltr'><strong>capilli.</strong></span> <span class='ocrx_word' id='word_1_254' title='bbox 1911 3017 2022 3074; x_wconf 83' lang='lat' dir='ltr'><strong>Ha-</strong></span> 
     </span>
    </p>
   </div>
   <div class='ocr_carea' id='block_1_34' title="bbox 2109 461 3692 543">
    <p class='ocr_par' dir='ltr' id='par_1_34' title="bbox 2109 461 3692 543">
     <span class='ocr_line' id='line_1_34' title="bbox 2109 461 3692 543; baseline -0.011 -11"><span class='ocrx_word' id='word_1_255' title='bbox 2109 478 2251 533; x_wconf 86' lang='lat' dir='ltr'><strong>circa</strong></span> <span class='ocrx_word' id='word_1_256' title='bbox 2274 475 2466 530; x_wconf 87' lang='lat' dir='ltr'><strong>collum</strong></span> <span class='ocrx_word' id='word_1_257' title='bbox 2485 484 2631 527; x_wconf 86' lang='lat' dir='ltr'><strong>tuum</strong></span> <span class='ocrx_word' id='word_1_258' title='bbox 2659 471 2874 543; x_wconf 80' lang='lat' dir='ltr'><strong>(Ezech.</strong></span> <span class='ocrx_word' id='word_1_259' title='bbox 2906 466 3038 536; x_wconf 77' lang='lat' dir='ltr'><strong>xw).</strong></span> <span class='ocrx_word' id='word_1_260' title='bbox 3069 465 3134 518; x_wconf 89' lang='lat' dir='ltr'><strong>Et</strong></span> <span class='ocrx_word' id='word_1_261' title='bbox 3171 463 3222 518; x_wconf 91' lang='lat' dir='ltr'><strong>in</strong></span> <span class='ocrx_word' id='word_1_262' title='bbox 3247 461 3442 517; x_wconf 84' lang='lat' dir='ltr'><strong>malam</strong></span> <span class='ocrx_word' id='word_1_263' title='bbox 3473 469 3692 530; x_wconf 85' lang='lat' dir='ltr'><strong>partem</strong></span> 
     </span>
    </p>
   </div>
   <div class='ocr_carea' id='block_1_35' title="bbox 2111 552 3690 628">
    <p class='ocr_par' dir='ltr' id='par_1_35' title="bbox 2111 552 3690 628">
     <span class='ocr_line' id='line_1_35' title="bbox 2111 552 3690 628; baseline -0.011 -4"><span class='ocrx_word' id='word_1_264' title='bbox 2111 567 2166 624; x_wconf 86' lang='lat' dir='ltr'><strong>in</strong></span> <span class='ocrx_word' id='word_1_265' title='bbox 2195 567 2334 624; x_wconf 89' lang='lat' dir='ltr'><strong>libro</strong></span> <span class='ocrx_word' id='word_1_266' title='bbox 2356 565 2606 623; x_wconf 64' lang='lat' dir='ltr'><strong>Iudicum</strong></span> <span class='ocrx_word' id='word_1_267' title='bbox 2636 575 2654 614; x_wconf 91' lang='lat'><strong><em>:</em></strong></span> <span class='ocrx_word' id='word_1_268' title='bbox 2679 558 2885 615; x_wconf 80' lang='lat' dir='ltr'><strong>Praeter</strong></span> <span class='ocrx_word' id='word_1_269' title='bbox 2916 569 3121 628; x_wconf 82' lang='lat' dir='ltr'><strong>torques</strong></span> <span class='ocrx_word' id='word_1_270' title='bbox 3151 571 3338 609; x_wconf 89' lang='lat' dir='ltr'><strong>aureas</strong></span> <span class='ocrx_word' id='word_1_271' title='bbox 3365 552 3690 607; x_wconf 87' lang='lat' dir='ltr'><strong>camelorum</strong></span> 
     </span>
    </p>
   </div>
   <div class='ocr_carea' id='block_1_36' title="bbox 2111 641 3695 732">
    <p class='ocr_par' dir='ltr' id='par_1_36' title="bbox 2111 641 3695 732">
     <span class='ocr_line' id='line_1_36' title="bbox 2111 641 3695 732; baseline -0.013 -18"><span class='ocrx_word' id='word_1_272' title='bbox 2111 656 2264 732; x_wconf 82' lang='lat' dir='ltr'><strong>(Jud.</strong></span> <span class='ocrx_word' id='word_1_273' title='bbox 2309 654 2452 728; x_wconf 79' lang='lat' dir='ltr'><strong>Vill),</strong></span> <span class='ocrx_word' id='word_1_274' title='bbox 2507 654 2608 708; x_wconf 87' lang='lat' dir='ltr'><strong>hoc</strong></span> <span class='ocrx_word' id='word_1_275' title='bbox 2656 658 2741 706; x_wconf 89' lang='lat' dir='ltr'><strong>est</strong></span> <span class='ocrx_word' id='word_1_276' title='bbox 2790 656 3037 704; x_wconf 82' lang='lat' dir='ltr'><strong>ornatam</strong></span> <span class='ocrx_word' id='word_1_277' title='bbox 3089 641 3450 714; x_wconf 86' lang='lat' dir='ltr'><strong>eloquentiam</strong></span> <span class='ocrx_word' id='word_1_278' title='bbox 3495 656 3695 732; x_wconf 77' lang='lat' dir='ltr'><strong>pecca-</strong></span> 
     </span>
    </p>
   </div>
   <div class='ocr_carea' id='block_1_37' title="bbox 2111 731 3692 809">
    <p class='ocr_par' dir='ltr' id='par_1_37' title="bbox 2111 731 3692 809">
     <span class='ocr_line' id='line_1_37' title="bbox 2111 731 3692 809; baseline -0.015 -2"><span class='ocrx_word' id='word_1_279' title='bbox 2111 731 2308 807; x_wconf 87' lang='lat' dir='ltr'><strong>torum.</strong></span> <span class='ocrx_word' id='word_1_280' title='bbox 2369 745 2622 802; x_wconf 84' lang='lat' dir='ltr'><strong>Armillas</strong></span> <span class='ocrx_word' id='word_1_281' title='bbox 2669 742 2832 798; x_wconf 84' lang='lat' dir='ltr'><strong>decus</strong></span> <span class='ocrx_word' id='word_1_282' title='bbox 2877 737 3055 809; x_wconf 86' lang='lat' dir='ltr'><strong>operis</strong></span> <span class='ocrx_word' id='word_1_283' title='bbox 3098 736 3184 790; x_wconf 87' lang='lat' dir='ltr'><strong>vel</strong></span> <span class='ocrx_word' id='word_1_284' title='bbox 3236 733 3473 797; x_wconf 80' lang='lat' dir='ltr'><strong>virtutis,</strong></span> <span class='ocrx_word' id='word_1_285' title='bbox 3520 739 3580 785; x_wconf 92' lang='lat' dir='ltr'><strong>ut</strong></span> <span class='ocrx_word' id='word_1_286' title='bbox 3637 731 3692 785; x_wconf 90' lang='lat' dir='ltr'><strong>in</strong></span> 
     </span>
    </p>
   </div>
   <div class='ocr_carea' id='block_1_38' title="bbox 2109 823 3697 900">
    <p class='ocr_par' dir='ltr' id='par_1_38' title="bbox 2109 823 3697 900">
     <span class='ocr_line' id='line_1_38' title="bbox 2109 823 3697 900; baseline -0.014 0"><span class='ocrx_word' id='word_1_287' title='bbox 2109 841 2343 900; x_wconf 77' lang='lat' dir='ltr'><strong>Exodo:</strong></span> <span class='ocrx_word' id='word_1_288' title='bbox 2393 838 2506 892; x_wconf 87' lang='lat' dir='ltr'><strong>Viri</strong></span> <span class='ocrx_word' id='word_1_289' title='bbox 2563 853 2680 890; x_wconf 89' lang='lat' dir='ltr'><strong>cum</strong></span> <span class='ocrx_word' id='word_1_290' title='bbox 2723 832 3024 888; x_wconf 84' lang='lat' dir='ltr'><strong>mulieribus</strong></span> <span class='ocrx_word' id='word_1_291' title='bbox 3071 827 3402 900; x_wconf 76' lang='lat' dir='ltr'><strong>prwbuerunt</strong></span> <span class='ocrx_word' id='word_1_292' title='bbox 3451 823 3697 878; x_wconf 86' lang='lat' dir='ltr'><strong>armillas</strong></span> 
     </span>
    </p>
   </div>
   <div class='ocr_carea' id='block_1_39' title="bbox 2111 918 3693 1006">
    <p class='ocr_par' dir='ltr' id='par_1_39' title="bbox 2111 918 3693 1006">
     <span class='ocr_line' id='line_1_39' title="bbox 2111 918 3693 1006; baseline -0.013 -17"><span class='ocrx_word' id='word_1_293' title='bbox 2111 933 2306 1006; x_wconf 64' lang='lat' dir='ltr'><strong>(Exod.</strong></span> <span class='ocrx_word' id='word_1_294' title='bbox 2333 929 2520 1004; x_wconf 85' lang='lat' dir='ltr'><strong>xxxv).</strong></span> <span class='ocrx_word' id='word_1_295' title='bbox 2546 925 2839 990; x_wconf 87' lang='lat' dir='ltr'><strong>Dextralia,</strong></span> <span class='ocrx_word' id='word_1_296' title='bbox 2860 932 3002 979; x_wconf 89' lang='lat' dir='ltr'><strong>recta</strong></span> <span class='ocrx_word' id='word_1_297' title='bbox 3033 921 3294 992; x_wconf 89' lang='lat' dir='ltr'><strong>operatio,</strong></span> <span class='ocrx_word' id='word_1_298' title='bbox 3310 918 3401 974; x_wconf 89' lang='lat' dir='ltr'><strong>ubi</strong></span> <span class='ocrx_word' id='word_1_299' title='bbox 3420 925 3476 973; x_wconf 88' lang='lat' dir='ltr'><strong>et</strong></span> <span class='ocrx_word' id='word_1_300' title='bbox 3501 933 3693 988; x_wconf 87' lang='lat' dir='ltr'><strong>supra.</strong></span> 
     </span>
    </p>
   </div>
   <div class='ocr_carea' id='block_1_40' title="bbox 2111 1007 3694 1082">
    <p class='ocr_par' dir='ltr' id='par_1_40' title="bbox 2111 1007 3694 1082">
     <span class='ocr_line' id='line_1_40' title="bbox 2111 1007 3694 1082; baseline -0.011 -4"><span class='ocrx_word' id='word_1_301' title='bbox 2111 1023 2375 1078; x_wconf 88' lang='lat' dir='ltr'><strong>Discretio</strong></span> <span class='ocrx_word' id='word_1_302' title='bbox 2397 1020 2522 1075; x_wconf 86' lang='lat' dir='ltr'><strong>boni</strong></span> <span class='ocrx_word' id='word_1_303' title='bbox 2541 1016 2750 1079; x_wconf 88' lang='lat' dir='ltr'><strong>etmali,</strong></span> <span class='ocrx_word' id='word_1_304' title='bbox 2769 1014 2856 1070; x_wconf 89' lang='lat' dir='ltr'><strong>ubi</strong></span> <span class='ocrx_word' id='word_1_305' title='bbox 2881 1023 2935 1070; x_wconf 93' lang='lat' dir='ltr'><strong>et</strong></span> <span class='ocrx_word' id='word_1_306' title='bbox 2959 1028 3137 1082; x_wconf 90' lang='lat' dir='ltr'><strong>supra.</strong></span> <span class='ocrx_word' id='word_1_307' title='bbox 3162 1009 3404 1064; x_wconf 85' lang='lat' dir='ltr'><strong>Annulus</strong></span> <span class='ocrx_word' id='word_1_308' title='bbox 3431 1007 3694 1080; x_wconf 87' lang='lat' dir='ltr'><strong>(utsupra</strong></span> 
     </span>
    </p>
   </div>
   <div class='ocr_carea' id='block_1_41' title="bbox 2113 1099 3694 1186">
    <p class='ocr_par' dir='ltr' id='par_1_41' title="bbox 2113 1099 3694 1186">
     <span class='ocr_line' id='line_1_41' title="bbox 2113 1099 3694 1186; baseline -0.011 -18"><span class='ocrx_word' id='word_1_309' title='bbox 2113 1111 2366 1186; x_wconf 88' lang='lat' dir='ltr'><strong>diximus)</strong></span> <span class='ocrx_word' id='word_1_310' title='bbox 2417 1111 2540 1166; x_wconf 87' lang='lat' dir='ltr'><strong>ﬁdei</strong></span> <span class='ocrx_word' id='word_1_311' title='bbox 2593 1107 2924 1176; x_wconf 82' lang='lat' dir='ltr'><strong>signaculum</strong></span> <span class='ocrx_word' id='word_1_312' title='bbox 2953 1103 3234 1174; x_wconf 82' lang='lat' dir='ltr'><strong>signiﬁcat,</strong></span> <span class='ocrx_word' id='word_1_313' title='bbox 3293 1111 3350 1156; x_wconf 90' lang='lat' dir='ltr'><strong>ut</strong></span> <span class='ocrx_word' id='word_1_314' title='bbox 3397 1100 3451 1154; x_wconf 90' lang='lat' dir='ltr'><strong>in</strong></span> <span class='ocrx_word' id='word_1_315' title='bbox 3508 1099 3694 1154; x_wconf 88' lang='lat' dir='ltr'><strong>Evan-</strong></span> 
     </span>
    </p>
   </div>
   <div class='ocr_carea' id='block_1_42' title="bbox 2115 1188 3698 1278">
    <p class='ocr_par' dir='ltr' id='par_1_42' title="bbox 2115 1188 3698 1278">
     <span class='ocr_line' id='line_1_42' title="bbox 2115 1188 3698 1278; baseline -0.011 -17"><span class='ocrx_word' id='word_1_316' title='bbox 2115 1206 2252 1278; x_wconf 81' lang='lat' dir='ltr'><strong>gelio</strong></span> <span class='ocrx_word' id='word_1_317' title='bbox 2279 1223 2292 1259; x_wconf 87' lang='lat'>:</span> <span class='ocrx_word' id='word_1_318' title='bbox 2321 1203 2452 1257; x_wconf 88' lang='lat' dir='ltr'><strong>Date</strong></span> <span class='ocrx_word' id='word_1_319' title='bbox 2479 1200 2733 1256; x_wconf 83' lang='lat' dir='ltr'><strong>annulum</strong></span> <span class='ocrx_word' id='word_1_320' title='bbox 2763 1199 2818 1252; x_wconf 89' lang='lat' dir='ltr'><strong>in</strong></span> <span class='ocrx_word' id='word_1_321' title='bbox 2854 1213 3009 1250; x_wconf 87' lang='lat' dir='ltr'><strong>manu</strong></span> <span class='ocrx_word' id='word_1_322' title='bbox 3063 1195 3176 1265; x_wconf 84' lang='lat' dir='ltr'><strong>ejus</strong></span> <span class='ocrx_word' id='word_1_323' title='bbox 3207 1191 3356 1264; x_wconf 86' lang='lat' dir='ltr'><strong>(Luc.</strong></span> <span class='ocrx_word' id='word_1_324' title='bbox 3399 1192 3514 1262; x_wconf 84' lang='lat' dir='ltr'><strong>xv).</strong></span> <span class='ocrx_word' id='word_1_325' title='bbox 3556 1188 3698 1244; x_wconf 86' lang='lat' dir='ltr'><strong>ltcm</strong></span> 
     </span>
    </p>
   </div>
   <div class='ocr_carea' id='block_1_43' title="bbox 2115 1283 3700 1360">
    <p class='ocr_par' dir='ltr' id='par_1_43' title="bbox 2115 1283 3700 1360">
     <span class='ocr_line' id='line_1_43' title="bbox 2115 1283 3700 1360; baseline -0.009 -10"><span class='ocrx_word' id='word_1_326' title='bbox 2115 1293 2347 1349; x_wconf 88' lang='lat' dir='ltr'><strong>annulus</strong></span> <span class='ocrx_word' id='word_1_327' title='bbox 2367 1291 2670 1360; x_wconf 84' lang='lat' dir='ltr'><strong>obsignatio</strong></span> <span class='ocrx_word' id='word_1_328' title='bbox 2697 1304 2867 1344; x_wconf 78' lang='lat' dir='ltr'><strong>sacrm</strong></span> <span class='ocrx_word' id='word_1_329' title='bbox 2913 1286 3044 1356; x_wconf 82' lang='lat' dir='ltr'><strong>legis</strong></span> <span class='ocrx_word' id='word_1_330' title='bbox 3070 1293 3154 1340; x_wconf 88' lang='lat' dir='ltr'><strong>est</strong></span> <span class='ocrx_word' id='word_1_331' title='bbox 3204 1302 3218 1337; x_wconf 92' lang='lat'><strong>:</strong></span> <span class='ocrx_word' id='word_1_332' title='bbox 3257 1299 3362 1338; x_wconf 89' lang='lat' dir='ltr'><strong>non</strong></span> <span class='ocrx_word' id='word_1_333' title='bbox 3383 1283 3528 1337; x_wconf 88' lang='lat' dir='ltr'><strong>enim</strong></span> <span class='ocrx_word' id='word_1_334' title='bbox 3578 1296 3700 1336; x_wconf 87' lang='lat' dir='ltr'><strong>om-</strong></span> 
     </span>
    </p>
   </div>
   <div class='ocr_carea' id='block_1_44' title="bbox 2115 1374 3697 1457">
    <p class='ocr_par' dir='ltr' id='par_1_44' title="bbox 2115 1374 3697 1457">
     <span class='ocr_line' id='line_1_44' title="bbox 2115 1374 3697 1457; baseline -0.011 -13"><span class='ocrx_word' id='word_1_335' title='bbox 2115 1389 2274 1444; x_wconf 87' lang='lat' dir='ltr'><strong>nibus</strong></span> <span class='ocrx_word' id='word_1_336' title='bbox 2296 1393 2444 1457; x_wconf 89' lang='lat' dir='ltr'><strong>patet</strong></span> <span class='ocrx_word' id='word_1_337' title='bbox 2468 1383 2691 1454; x_wconf 84' lang='lat' dir='ltr'><strong>mystica</strong></span> <span class='ocrx_word' id='word_1_338' title='bbox 2717 1390 2772 1436; x_wconf 82' lang='lat' dir='ltr'><strong>et</strong></span> <span class='ocrx_word' id='word_1_339' title='bbox 2807 1379 3015 1434; x_wconf 88' lang='lat' dir='ltr'><strong>occulta</strong></span> <span class='ocrx_word' id='word_1_340' title='bbox 3047 1387 3246 1433; x_wconf 75' lang='lat' dir='ltr'><strong>sanctze</strong></span> <span class='ocrx_word' id='word_1_341' title='bbox 3269 1374 3566 1446; x_wconf 74' lang='lat' dir='ltr'><strong>Scripturze</strong></span> <span class='ocrx_word' id='word_1_342' title='bbox 3607 1375 3697 1428; x_wconf 83' lang='lat' dir='ltr'><strong>in-</strong></span> 
     </span>
    </p>
   </div>
   <div class='ocr_carea' id='block_1_45' title="bbox 2115 1465 3701 1550">
    <p class='ocr_par' dir='ltr' id='par_1_45' title="bbox 2115 1465 3701 1550">
     <span class='ocr_line' id='line_1_45' title="bbox 2115 1465 3701 1550; baseline -0.009 -16"><span class='ocrx_word' id='word_1_343' title='bbox 2115 1478 2402 1550; x_wconf 88' lang='lat' dir='ltr'><strong>telligentia</strong></span> <span class='ocrx_word' id='word_1_344' title='bbox 2428 1493 2443 1541; x_wconf 90' lang='lat'><strong>;</strong></span> <span class='ocrx_word' id='word_1_345' title='bbox 2474 1475 2616 1529; x_wconf 85' lang='lat' dir='ltr'><strong>unde</strong></span> <span class='ocrx_word' id='word_1_346' title='bbox 2665 1473 2925 1543; x_wconf 86' lang='lat' dir='ltr'><strong>scriptum</strong></span> <span class='ocrx_word' id='word_1_347' title='bbox 2949 1479 3032 1526; x_wconf 86' lang='lat' dir='ltr'><strong>est</strong></span> <span class='ocrx_word' id='word_1_348' title='bbox 3072 1470 3124 1524; x_wconf 92' lang='lat' dir='ltr'><strong>in</strong></span> <span class='ocrx_word' id='word_1_349' title='bbox 3160 1469 3477 1540; x_wconf 78' lang='lat' dir='ltr'><strong>Apocalypsi</strong></span> <span class='ocrx_word' id='word_1_350' title='bbox 3511 1486 3524 1522; x_wconf 91' lang='lat'><strong>:</strong></span> <span class='ocrx_word' id='word_1_351' title='bbox 3577 1465 3701 1520; x_wconf 74' lang='lat' dir='ltr'><strong>Vidi</strong></span> 
     </span>
    </p>
   </div>
   <div class='ocr_carea' id='block_1_46' title="bbox 2117 1560 3701 1634">
    <p class='ocr_par' dir='ltr' id='par_1_46' title="bbox 2117 1560 3701 1634">
     <span class='ocr_line' id='line_1_46' title="bbox 2117 1560 3701 1634; baseline -0.008 -11"><span class='ocrx_word' id='word_1_352' title='bbox 2117 1569 2306 1623; x_wconf 88' lang='lat' dir='ltr'><strong>librum</strong></span> <span class='ocrx_word' id='word_1_353' title='bbox 2346 1567 2400 1621; x_wconf 89' lang='lat' dir='ltr'><strong>in</strong></span> <span class='ocrx_word' id='word_1_354' title='bbox 2462 1565 2676 1620; x_wconf 79' lang='lat' dir='ltr'><strong>dextera</strong></span> <span class='ocrx_word' id='word_1_355' title='bbox 2719 1563 2944 1618; x_wconf 77' lang='lat' dir='ltr'><strong>sedentis</strong></span> <span class='ocrx_word' id='word_1_356' title='bbox 2975 1563 3235 1634; x_wconf 86' lang='lat' dir='ltr'><strong>signatum</strong></span> <span class='ocrx_word' id='word_1_357' title='bbox 3271 1560 3460 1632; x_wconf 78' lang='lat' dir='ltr'><strong>sigillis</strong></span> <span class='ocrx_word' id='word_1_358' title='bbox 3503 1571 3701 1629; x_wconf 79' lang='lat' dir='ltr'><strong>septem</strong></span> 
     </span>
    </p>
   </div>
   <div class='ocr_carea' id='block_1_47' title="bbox 2121 1652 3698 1731">
    <p class='ocr_par' dir='ltr' id='par_1_47' title="bbox 2121 1652 3698 1731">
     <span class='ocr_line' id='line_1_47' title="bbox 2121 1652 3698 1731; baseline -0.006 -19"><span class='ocrx_word' id='word_1_359' title='bbox 2121 1657 2303 1731; x_wconf 83' lang='lat' dir='ltr'><strong>(Apoc.</strong></span> <span class='ocrx_word' id='word_1_360' title='bbox 2343 1657 2427 1728; x_wconf 87' lang='lat' dir='ltr'><strong>v);</strong></span> <span class='ocrx_word' id='word_1_361' title='bbox 2459 1665 2514 1712; x_wconf 89' lang='lat' dir='ltr'><strong>et</strong></span> <span class='ocrx_word' id='word_1_362' title='bbox 2571 1656 2696 1710; x_wconf 87' lang='lat' dir='ltr'><strong>alibi</strong></span> <span class='ocrx_word' id='word_1_363' title='bbox 2729 1675 2740 1708; x_wconf 90' lang='lat'>:</span> <span class='ocrx_word' id='word_1_364' title='bbox 2775 1652 2957 1709; x_wconf 87' lang='lat' dir='ltr'><strong>Clausi</strong></span> <span class='ocrx_word' id='word_1_365' title='bbox 2970 1654 3187 1724; x_wconf 88' lang='lat' dir='ltr'><strong>,inquit,</strong></span> <span class='ocrx_word' id='word_1_366' title='bbox 3223 1652 3518 1722; x_wconf 83' lang='lat' dir='ltr'><strong>signatique</strong></span> <span class='ocrx_word' id='word_1_367' title='bbox 3570 1659 3698 1703; x_wconf 85' lang='lat' dir='ltr'><strong>sunt</strong></span> 
     </span>
    </p>
   </div>
   <div class='ocr_carea' id='block_1_48' title="bbox 2118 1740 3698 1821">
    <p class='ocr_par' dir='ltr' id='par_1_48' title="bbox 2118 1740 3698 1821">
     <span class='ocr_line' id='line_1_48' title="bbox 2118 1740 3698 1821; baseline -0.008 -17"><span class='ocrx_word' id='word_1_368' title='bbox 2118 1766 2380 1804; x_wconf 83' lang='lat' dir='ltr'><strong>sermones</strong></span> <span class='ocrx_word' id='word_1_369' title='bbox 2405 1747 2566 1821; x_wconf 90' lang='lat' dir='ltr'><strong>(Dan.</strong></span> <span class='ocrx_word' id='word_1_370' title='bbox 2593 1745 2712 1807; x_wconf 82' lang='lat' dir='ltr'><strong>xu).</strong></span> <span class='ocrx_word' id='word_1_371' title='bbox 2767 1743 2997 1816; x_wconf 86' lang='lat' dir='ltr'><strong>Specula</strong></span> <span class='ocrx_word' id='word_1_372' title='bbox 3033 1758 3246 1813; x_wconf 89' lang='lat' dir='ltr'><strong>quoque</strong></span> <span class='ocrx_word' id='word_1_373' title='bbox 3297 1748 3568 1810; x_wconf 59' lang='lat' dir='ltr'><strong>praecepta</strong></span> <span class='ocrx_word' id='word_1_374' title='bbox 3615 1740 3698 1793; x_wconf 86' lang='lat' dir='ltr'><strong>di-</strong></span> 
     </span>
    </p>
   </div>
   <div class='ocr_carea' id='block_1_49' title="bbox 2119 1828 3701 1906">
    <p class='ocr_par' dir='ltr' id='par_1_49' title="bbox 2119 1828 3701 1906">
     <span class='ocr_line' id='line_1_49' title="bbox 2119 1828 3701 1906; baseline -0.007 -12"><span class='ocrx_word' id='word_1_375' title='bbox 2119 1841 2242 1894; x_wconf 90' lang='lat' dir='ltr'><strong>vina</strong></span> <span class='ocrx_word' id='word_1_376' title='bbox 2293 1839 2406 1894; x_wconf 85' lang='lat' dir='ltr'><strong>sive</strong></span> <span class='ocrx_word' id='word_1_377' title='bbox 2453 1837 2778 1906; x_wconf 85' lang='lat' dir='ltr'><strong>exemplaria</strong></span> <span class='ocrx_word' id='word_1_378' title='bbox 2805 1833 3216 1906; x_wconf 67' lang='lat' dir='ltr'><strong>prmcedentium</strong></span> <span class='ocrx_word' id='word_1_379' title='bbox 3240 1841 3452 1902; x_wconf 87' lang='lat' dir='ltr'><strong>patrum</strong></span> <span class='ocrx_word' id='word_1_380' title='bbox 3495 1828 3701 1884; x_wconf 81' lang='lat' dir='ltr'><strong>intclli~</strong></span> 
     </span>
    </p>
   </div>
   <div class='ocr_carea' id='block_1_50' title="bbox 2117 1917 3704 2002">
    <p class='ocr_par' dir='ltr' id='par_1_50' title="bbox 2117 1917 3704 2002">
     <span class='ocr_line' id='line_1_50' title="bbox 2117 1917 3704 2002; baseline -0.006 -17"><span class='ocrx_word' id='word_1_381' title='bbox 2117 1939 2317 2002; x_wconf 88' lang='lat' dir='ltr'><strong>guntur</strong></span> <span class='ocrx_word' id='word_1_382' title='bbox 2363 1948 2377 1982; x_wconf 88' lang='lat'><strong>:</strong></span> <span class='ocrx_word' id='word_1_383' title='bbox 2416 1927 2557 1982; x_wconf 89' lang='lat' dir='ltr'><strong>unde</strong></span> <span class='ocrx_word' id='word_1_384' title='bbox 2594 1927 2856 1996; x_wconf 89' lang='lat' dir='ltr'><strong>scriptum</strong></span> <span class='ocrx_word' id='word_1_385' title='bbox 2885 1932 2968 1981; x_wconf 89' lang='lat' dir='ltr'><strong>est</strong></span> <span class='ocrx_word' id='word_1_386' title='bbox 3005 1924 3058 1978; x_wconf 89' lang='lat' dir='ltr'><strong>in</strong></span> <span class='ocrx_word' id='word_1_387' title='bbox 3090 1922 3274 1978; x_wconf 87' lang='lat' dir='ltr'><strong>Exodo</strong></span> <span class='ocrx_word' id='word_1_388' title='bbox 3307 1941 3320 1977; x_wconf 93' lang='lat'><strong>:</strong></span> <span class='ocrx_word' id='word_1_389' title='bbox 3353 1917 3498 1974; x_wconf 76' lang='lat' dir='ltr'><strong>Fecit</strong></span> <span class='ocrx_word' id='word_1_390' title='bbox 3531 1931 3578 1975; x_wconf 89' lang='lat' dir='ltr'><strong>et</strong></span> <span class='ocrx_word' id='word_1_391' title='bbox 3619 1921 3704 1976; x_wconf 85' lang='lat' dir='ltr'><strong>la-</strong></span> 
     </span>
    </p>
   </div>
   <div class='ocr_carea' id='block_1_51' title="bbox 2119 2012 3702 2084">
    <p class='ocr_par' dir='ltr' id='par_1_51' title="bbox 2119 2012 3702 2084">
     <span class='ocr_line' id='line_1_51' title="bbox 2119 2012 3702 2084; baseline -0.004 -10"><span class='ocrx_word' id='word_1_392' title='bbox 2119 2023 2268 2075; x_wconf 88' lang='lat' dir='ltr'><strong>brum</strong></span> <span class='ocrx_word' id='word_1_393' title='bbox 2305 2036 2496 2074; x_wconf 78' lang='lat' dir='ltr'><strong>tereum</strong></span> <span class='ocrx_word' id='word_1_394' title='bbox 2523 2034 2640 2071; x_wconf 88' lang='lat' dir='ltr'><strong>cum</strong></span> <span class='ocrx_word' id='word_1_395' title='bbox 2671 2017 2784 2070; x_wconf 88' lang='lat' dir='ltr'><strong>basi</strong></span> <span class='ocrx_word' id='word_1_396' title='bbox 2809 2032 2907 2070; x_wconf 85' lang='lat' dir='ltr'><strong>sua</strong></span> <span class='ocrx_word' id='word_1_397' title='bbox 2949 2015 3014 2069; x_wconf 89' lang='lat' dir='ltr'><strong>de</strong></span> <span class='ocrx_word' id='word_1_398' title='bbox 3036 2012 3258 2084; x_wconf 85' lang='lat' dir='ltr'><strong>speculis</strong></span> <span class='ocrx_word' id='word_1_399' title='bbox 3299 2012 3577 2067; x_wconf 86' lang='lat' dir='ltr'><strong>mulierum</strong></span> <span class='ocrx_word' id='word_1_400' title='bbox 3609 2031 3702 2068; x_wconf 71' lang='lat' dir='ltr'><strong>erc-</strong></span> 
     </span>
    </p>
   </div>
   <div class='ocr_carea' id='block_1_52' title="bbox 2118 2103 3701 2177">
    <p class='ocr_par' dir='ltr' id='par_1_52' title="bbox 2118 2103 3701 2177">
     <span class='ocr_line' id='line_1_52' title="bbox 2118 2103 3701 2177; baseline -0.004 -11"><span class='ocrx_word' id='word_1_401' title='bbox 2118 2111 2421 2166; x_wconf 89' lang='lat' dir='ltr'><strong>cubantium</strong></span> <span class='ocrx_word' id='word_1_402' title='bbox 2470 2110 2524 2163; x_wconf 90' lang='lat' dir='ltr'><strong>in</strong></span> <span class='ocrx_word' id='word_1_403' title='bbox 2573 2109 2704 2163; x_wconf 90' lang='lat' dir='ltr'><strong>ostio</strong></span> <span class='ocrx_word' id='word_1_404' title='bbox 2735 2103 3055 2160; x_wconf 84' lang='lat' dir='ltr'><strong>tabernaculi</strong></span> <span class='ocrx_word' id='word_1_405' title='bbox 3091 2103 3289 2177; x_wconf 78' lang='lat' dir='ltr'><strong>(Exod.</strong></span> <span class='ocrx_word' id='word_1_406' title='bbox 3319 2103 3572 2176; x_wconf 83' lang='lat' dir='ltr'><strong>xxxvm),</strong></span> <span class='ocrx_word' id='word_1_407' title='bbox 3596 2105 3701 2160; x_wconf 85' lang='lat' dir='ltr'><strong>hoc</strong></span> 
     </span>
    </p>
   </div>
   <div class='ocr_carea' id='block_1_53' title="bbox 2119 2195 3704 2266">
    <p class='ocr_par' dir='ltr' id='par_1_53' title="bbox 2119 2195 3704 2266">
     <span class='ocr_line' id='line_1_53' title="bbox 2119 2195 3704 2266; baseline -0.006 -9"><span class='ocrx_word' id='word_1_408' title='bbox 2119 2208 2204 2256; x_wconf 88' lang='lat' dir='ltr'><strong>est</strong></span> <span class='ocrx_word' id='word_1_409' title='bbox 2227 2209 2536 2256; x_wconf 89' lang='lat' dir='ltr'><strong>sanctarum</strong></span> <span class='ocrx_word' id='word_1_410' title='bbox 2548 2197 2874 2262; x_wconf 77' lang='lat' dir='ltr'><strong>animarum,</strong></span> <span class='ocrx_word' id='word_1_411' title='bbox 2895 2211 3014 2266; x_wconf 66' lang='lat' dir='ltr'><strong>qua:</strong></span> <span class='ocrx_word' id='word_1_412' title='bbox 3037 2195 3088 2249; x_wconf 92' lang='lat' dir='ltr'><strong>in</strong></span> <span class='ocrx_word' id='word_1_413' title='bbox 3111 2195 3454 2251; x_wconf 84' lang='lat' dir='ltr'><strong>observantia</strong></span> <span class='ocrx_word' id='word_1_414' title='bbox 3477 2195 3704 2250; x_wconf 78' lang='lat' dir='ltr'><strong>manda-</strong></span> 
     </span>
    </p>
   </div>
   <div class='ocr_carea' id='block_1_54' title="bbox 2119 2285 3704 2361">
    <p class='ocr_par' dir='ltr' id='par_1_54' title="bbox 2119 2285 3704 2361">
     <span class='ocr_line' id='line_1_54' title="bbox 2119 2285 3704 2361; baseline -0.004 -14"><span class='ocrx_word' id='word_1_415' title='bbox 2119 2299 2296 2346; x_wconf 87' lang='lat' dir='ltr'><strong>torum</strong></span> <span class='ocrx_word' id='word_1_416' title='bbox 2321 2290 2417 2345; x_wconf 90' lang='lat' dir='ltr'><strong>Dei</strong></span> <span class='ocrx_word' id='word_1_417' title='bbox 2443 2288 2680 2361; x_wconf 83' lang='lat' dir='ltr'><strong>quotidie</strong></span> <span class='ocrx_word' id='word_1_418' title='bbox 2713 2287 2958 2358; x_wconf 79' lang='lat' dir='ltr'><strong>vigilant.</strong></span> <span class='ocrx_word' id='word_1_419' title='bbox 3010 2287 3069 2341; x_wconf 89' lang='lat' dir='ltr'><strong>In</strong></span> <span class='ocrx_word' id='word_1_420' title='bbox 3093 2285 3352 2356; x_wconf 80' lang='lat' dir='ltr'><strong>polymita</strong></span> <span class='ocrx_word' id='word_1_421' title='bbox 3386 2286 3540 2339; x_wconf 89' lang='lat' dir='ltr'><strong>varia</strong></span> <span class='ocrx_word' id='word_1_422' title='bbox 3592 2286 3704 2341; x_wconf 84' lang='lat' dir='ltr'><strong>vir-</strong></span> 
     </span>
    </p>
   </div>
   <div class='ocr_carea' id='block_1_55' title="bbox 2120 2377 3705 2450">
    <p class='ocr_par' dir='ltr' id='par_1_55' title="bbox 2120 2377 3705 2450">
     <span class='ocr_line' id='line_1_55' title="bbox 2120 2377 3705 2450; baseline -0.003 -12"><span class='ocrx_word' id='word_1_423' title='bbox 2120 2392 2292 2439; x_wconf 90' lang='lat' dir='ltr'><strong>tutum</strong></span> <span class='ocrx_word' id='word_1_424' title='bbox 2322 2383 2648 2438; x_wconf 87' lang='lat' dir='ltr'><strong>charismata</strong></span> <span class='ocrx_word' id='word_1_425' title='bbox 2694 2379 3088 2450; x_wconf 90' lang='lat' dir='ltr'><strong>intelliguntur,</strong></span> <span class='ocrx_word' id='word_1_426' title='bbox 3118 2386 3178 2432; x_wconf 89' lang='lat' dir='ltr'><strong>ut</strong></span> <span class='ocrx_word' id='word_1_427' title='bbox 3199 2387 3280 2432; x_wconf 88' lang='lat' dir='ltr'><strong>est</strong></span> <span class='ocrx_word' id='word_1_428' title='bbox 3311 2377 3442 2432; x_wconf 91' lang='lat' dir='ltr'><strong>illud</strong></span> <span class='ocrx_word' id='word_1_429' title='bbox 3470 2377 3526 2430; x_wconf 92' lang='lat' dir='ltr'><strong>in</strong></span> <span class='ocrx_word' id='word_1_430' title='bbox 3568 2377 3705 2434; x_wconf 74' lang='lat' dir='ltr'><strong>Eze-</strong></span> 
     </span>
    </p>
   </div>
   <div class='ocr_carea' id='block_1_56' title="bbox 2119 2469 3702 2542">
    <p class='ocr_par' dir='ltr' id='par_1_56' title="bbox 2119 2469 3702 2542">
     <span class='ocr_line' id='line_1_56' title="bbox 2119 2469 3702 2542; baseline -0.004 -8"><span class='ocrx_word' id='word_1_431' title='bbox 2119 2477 2290 2534; x_wconf 89' lang='lat' dir='ltr'><strong>chiele</strong></span> <span class='ocrx_word' id='word_1_432' title='bbox 2318 2493 2332 2530; x_wconf 88' lang='lat'><strong>:</strong></span> <span class='ocrx_word' id='word_1_433' title='bbox 2372 2475 2516 2532; x_wconf 76' lang='lat' dir='ltr'><strong>Unan&#39;</strong></span> <span class='ocrx_word' id='word_1_434' title='bbox 2545 2485 2594 2529; x_wconf 88' lang='lat' dir='ltr'><strong>te</strong></span> <span class='ocrx_word' id='word_1_435' title='bbox 2631 2474 2742 2529; x_wconf 90' lang='lat' dir='ltr'><strong>oleo</strong></span> <span class='ocrx_word' id='word_1_436' title='bbox 2771 2482 2820 2528; x_wconf 89' lang='lat' dir='ltr'><strong>et</strong></span> <span class='ocrx_word' id='word_1_437' title='bbox 2848 2472 3022 2528; x_wconf 72' lang='lat' dir='ltr'><strong>vestiri</strong></span> <span class='ocrx_word' id='word_1_438' title='bbox 3045 2482 3092 2527; x_wconf 89' lang='lat' dir='ltr'><strong>te</strong></span> <span class='ocrx_word' id='word_1_439' title='bbox 3119 2469 3464 2526; x_wconf 77' lang='lat' dir='ltr'><strong>discoloribus</strong></span> <span class='ocrx_word' id='word_1_440' title='bbox 3480 2469 3702 2542; x_wconf 79' lang='lat' dir='ltr'><strong>(Eseclt.</strong></span> 
     </span>
    </p>
   </div>
   <div class='ocr_carea' id='block_1_57' title="bbox 2119 2559 3700 2641">
    <p class='ocr_par' dir='ltr' id='par_1_57' title="bbox 2119 2559 3700 2641">
     <span class='ocr_line' id='line_1_57' title="bbox 2119 2559 3700 2641; baseline -0.004 -18"><span class='ocrx_word' id='word_1_441' title='bbox 2119 2565 2230 2641; x_wconf 74' lang='lat' dir='ltr'><strong>xvr)</strong></span> <span class='ocrx_word' id='word_1_442' title='bbox 2253 2585 2268 2633; x_wconf 88' lang='lat'><strong>;</strong></span> <span class='ocrx_word' id='word_1_443' title='bbox 2293 2575 2349 2623; x_wconf 91' lang='lat' dir='ltr'><strong>et</strong></span> <span class='ocrx_word' id='word_1_444' title='bbox 2383 2565 2440 2622; x_wconf 90' lang='lat' dir='ltr'><strong>in</strong></span> <span class='ocrx_word' id='word_1_445' title='bbox 2489 2565 2650 2620; x_wconf 89' lang='lat' dir='ltr'><strong>aliam</strong></span> <span class='ocrx_word' id='word_1_446' title='bbox 2679 2571 2890 2635; x_wconf 88' lang='lat' dir='ltr'><strong>partem</strong></span> <span class='ocrx_word' id='word_1_447' title='bbox 2919 2561 3310 2635; x_wconf 86' lang='lat' dir='ltr'><strong>:Negotiatores</strong></span> <span class='ocrx_word' id='word_1_448' title='bbox 3333 2559 3429 2626; x_wconf 87' lang='lat' dir='ltr'><strong>tui,</strong></span> <span class='ocrx_word' id='word_1_449' title='bbox 3461 2560 3568 2614; x_wconf 86' lang='lat' dir='ltr'><strong>hoc</strong></span> <span class='ocrx_word' id='word_1_450' title='bbox 3595 2571 3700 2626; x_wconf 88' lang='lat' dir='ltr'><strong>est,</strong></span> 
     </span>
    </p>
   </div>
   <div class='ocr_carea' id='block_1_58' title="bbox 2120 2651 3702 2730">
    <p class='ocr_par' dir='ltr' id='par_1_58' title="bbox 2120 2651 3702 2730">
     <span class='ocr_line' id='line_1_58' title="bbox 2120 2651 3702 2730; baseline -0.004 -18"><span class='ocrx_word' id='word_1_451' title='bbox 2120 2655 2271 2730; x_wconf 83' lang='lat' dir='ltr'><strong>Tyri,</strong></span> <span class='ocrx_word' id='word_1_452' title='bbox 2299 2656 2585 2712; x_wconf 82' lang='lat' dir='ltr'><strong>involucres</strong></span> <span class='ocrx_word' id='word_1_453' title='bbox 2639 2653 2906 2724; x_wconf 81' lang='lat' dir='ltr'><strong>hyacinthi</strong></span> <span class='ocrx_word' id='word_1_454' title='bbox 2949 2661 2998 2706; x_wconf 90' lang='lat' dir='ltr'><strong>et</strong></span> <span class='ocrx_word' id='word_1_455' title='bbox 3035 2651 3403 2723; x_wconf 82' lang='lat' dir='ltr'><strong>polymitorum</strong></span> <span class='ocrx_word' id='word_1_456' title='bbox 3448 2667 3702 2721; x_wconf 77' lang='lat' dir='ltr'><strong>gazantm</strong></span> 
     </span>
    </p>
   </div>
   <div class='ocr_carea' id='block_1_59' title="bbox 2119 2741 2923 2820">
    <p class='ocr_par' dir='ltr' id='par_1_59' title="bbox 2119 2741 2923 2820">
     <span class='ocr_line' id='line_1_59' title="bbox 2119 2741 2923 2820; baseline -0.007 -16"><span class='ocrx_word' id='word_1_457' title='bbox 2119 2751 2467 2820; x_wconf 86' lang='lat' dir='ltr'><strong>pretiosarum</strong></span> <span class='ocrx_word' id='word_1_458' title='bbox 2493 2743 2710 2818; x_wconf 70' lang='lat' dir='ltr'><strong>(Ezech.</strong></span> <span class='ocrx_word' id='word_1_459' title='bbox 2729 2741 2923 2815; x_wconf 87' lang='lat' dir='ltr'><strong>xxvn).</strong></span> 
     </span>
    </p>
   </div>
   <div class='ocr_carea' id='block_1_60' title="bbox 2689 2852 3125 2912">
    <p class='ocr_par' dir='ltr' id='par_1_60' title="bbox 2689 2852 3125 2912">
     <span class='ocr_line' id='line_1_60' title="bbox 2689 2852 3125 2912; baseline -0.009 0"><span class='ocrx_word' id='word_1_460' title='bbox 2689 2853 2916 2912; x_wconf 84' lang='lat' dir='ltr'><strong>CAPUT</strong></span> <span class='ocrx_word' id='word_1_461' title='bbox 2963 2852 3125 2909; x_wconf 63' lang='lat' dir='ltr'><strong>XXV.</strong></span> 
     </span>
    </p>
   </div>
   <div class='ocr_carea' id='block_1_61' title="bbox 2737 2923 3083 2996">
    <p class='ocr_par' dir='ltr' id='par_1_61' title="bbox 2737 2923 3083 2996">
     <span class='ocr_line' id='line_1_61' title="bbox 2737 2923 3083 2996; baseline -0.006 -16"><span class='ocrx_word' id='word_1_462' title='bbox 2737 2925 2814 2980; x_wconf 90' lang='lat' dir='ltr'><strong>De</strong></span> <span class='ocrx_word' id='word_1_463' title='bbox 2843 2923 3083 2996; x_wconf 86' lang='lat' dir='ltr'><strong>cingulis.</strong></span> 
     </span>
    </p>
   </div>
   <div class='ocr_carea' id='block_1_62' title="bbox 2193 3016 3698 3085">
    <p class='ocr_par' dir='ltr' id='par_1_62' title="bbox 2193 3016 3698 3085">
     <span class='ocr_line' id='line_1_62' title="bbox 2193 3016 3698 3085; baseline -0.005 -5"><span class='ocrx_word' id='word_1_464' title='bbox 2193 3023 2415 3080; x_wconf 86' lang='lat' dir='ltr'><strong>Cinctus</strong></span> <span class='ocrx_word' id='word_1_465' title='bbox 2439 3029 2526 3078; x_wconf 88' lang='lat' dir='ltr'><strong>est</strong></span> <span class='ocrx_word' id='word_1_466' title='bbox 2551 3021 2660 3076; x_wconf 90' lang='lat' dir='ltr'><strong>lata</strong></span> <span class='ocrx_word' id='word_1_467' title='bbox 2679 3033 2839 3085; x_wconf 85' lang='lat' dir='ltr'><strong>zona,</strong></span> <span class='ocrx_word' id='word_1_468' title='bbox 2875 3025 2931 3073; x_wconf 88' lang='lat' dir='ltr'><strong>et</strong></span> <span class='ocrx_word' id='word_1_469' title='bbox 2953 3017 3132 3072; x_wconf 89' lang='lat' dir='ltr'><strong>minus</strong></span> <span class='ocrx_word' id='word_1_470' title='bbox 3152 3016 3258 3072; x_wconf 88' lang='lat' dir='ltr'><strong>lata</strong></span> <span class='ocrx_word' id='word_1_471' title='bbox 3281 3016 3698 3083; x_wconf 88' lang='lat' dir='ltr'><strong>semicinctium,</strong></span> 
     </span>
    </p>
   </div>
   <div class='ocr_carea' id='block_1_63' title="bbox 442 3091 3704 3184">
    <p class='ocr_par' dir='ltr' id='par_1_63' title="bbox 442 3091 3704 3184">
     <span class='ocr_line' id='line_1_63' title="bbox 442 3091 3704 3184; baseline -0.002 -14"><span class='ocrx_word' id='word_1_472' title='bbox 442 3105 572 3162; x_wconf 63' lang='lat' dir='ltr'><strong>belli</strong></span> <span class='ocrx_word' id='word_1_473' title='bbox 619 3091 948 3177; x_wconf 37' lang='lat'><strong>83.89000“.</strong></span> <span class='ocrx_word' id='word_1_474' title='bbox 987 3108 1180 3177; x_wconf 67' lang='lat' dir='ltr'><strong>(litibus</strong></span> <span class='ocrx_word' id='word_1_475' title='bbox 1223 3107 1566 3164; x_wconf 63' lang='lat' dir='ltr'><strong>considerant</strong></span> <span class='ocrx_word' id='word_1_476' title='bbox 1613 3107 1816 3164; x_wconf 68' lang='lat' dir='ltr'><strong>vultum</strong></span> <span class='ocrx_word' id='word_1_477' title='bbox 1840 3124 2018 3175; x_wconf 76' lang='lat' dir='ltr'><strong>suum.</strong></span> <span class='ocrx_word' id='word_1_478' title='bbox 2047 3091 2092 3153; x_wconf 68' lang='grc' dir='ltr'><strong>θ</strong></span> <span class='ocrx_word' id='word_1_479' title='bbox 2122 3115 2472 3184; x_wconf 88' lang='lat' dir='ltr'><strong>etutriusque</strong></span> <span class='ocrx_word' id='word_1_480' title='bbox 2491 3110 2868 3168; x_wconf 89' lang='lat' dir='ltr'><strong>diminutivum</strong></span> <span class='ocrx_word' id='word_1_481' title='bbox 2893 3109 3183 3180; x_wconf 83' lang='lat' dir='ltr'><strong>cingulum.</strong></span> <span class='ocrx_word' id='word_1_482' title='bbox 3200 3108 3336 3164; x_wconf 85' lang='lat' dir='ltr'><strong>Nam</strong></span> <span class='ocrx_word' id='word_1_483' title='bbox 3357 3124 3388 3164; x_wconf 91' lang='lat' dir='ltr'><strong>a</strong></span> <span class='ocrx_word' id='word_1_484' title='bbox 3409 3110 3592 3166; x_wconf 89' lang='lat' dir='ltr'><strong>cinctu</strong></span> <span class='ocrx_word' id='word_1_485' title='bbox 3607 3127 3704 3181; x_wconf 85' lang='lat' dir='ltr'><strong>per</strong></span> 
     </span>
    </p>
   </div>
   <div class='ocr_carea' id='block_1_64' title="bbox 445 3198 2019 3270">
    <p class='ocr_par' dir='ltr' id='par_1_64' title="bbox 445 3198 2019 3270">
     <span class='ocr_line' id='line_1_64' title="bbox 445 3198 2019 3270; baseline 0.001 -16"><span class='ocrx_word' id='word_1_486' title='bbox 445 3206 534 3264; x_wconf 90' lang='lat' dir='ltr'><strong>et,</strong></span> <span class='ocrx_word' id='word_1_487' title='bbox 587 3198 630 3255; x_wconf 90' lang='lat' dir='ltr'><strong>si</strong></span> <span class='ocrx_word' id='word_1_488' title='bbox 687 3198 818 3270; x_wconf 90' lang='lat' dir='ltr'><strong>quid</strong></span> <span class='ocrx_word' id='word_1_489' title='bbox 869 3199 1059 3255; x_wconf 85' lang='lat' dir='ltr'><strong>deesse</strong></span> <span class='ocrx_word' id='word_1_490' title='bbox 1104 3199 1367 3266; x_wconf 86' lang='lat' dir='ltr'><strong>viderint,</strong></span> <span class='ocrx_word' id='word_1_491' title='bbox 1431 3199 1632 3256; x_wconf 85' lang='lat' dir='ltr'><strong>addunt</strong></span> <span class='ocrx_word' id='word_1_492' title='bbox 1680 3211 2019 3258; x_wconf 88' lang='lat' dir='ltr'><strong>ornamento.</strong></span> 
     </span>
    </p>
   </div>
   <div class='ocr_carea' id='block_1_65' title="bbox 441 3289 2026 3365">
    <p class='ocr_par' dir='ltr' id='par_1_65' title="bbox 441 3289 2026 3365">
     <span class='ocr_line' id='line_1_65' title="bbox 441 3289 2026 3365; baseline 0.003 -19"><span class='ocrx_word' id='word_1_493' title='bbox 441 3289 661 3347; x_wconf 85' lang='lat' dir='ltr'><strong>Habent</strong></span> <span class='ocrx_word' id='word_1_494' title='bbox 682 3299 738 3346; x_wconf 90' lang='lat' dir='ltr'><strong>et</strong></span> <span class='ocrx_word' id='word_1_495' title='bbox 765 3291 1047 3357; x_wconf 85' lang='lat' dir='ltr'><strong>theristra,</strong></span> <span class='ocrx_word' id='word_1_496' title='bbox 1073 3306 1194 3362; x_wconf 82' lang='lat' dir='ltr'><strong>quae</strong></span> <span class='ocrx_word' id='word_1_497' title='bbox 1222 3307 1323 3347; x_wconf 89' lang='lat' dir='ltr'><strong>nos</strong></span> <span class='ocrx_word' id='word_1_498' title='bbox 1339 3291 1501 3363; x_wconf 90' lang='lat' dir='ltr'><strong>pallia</strong></span> <span class='ocrx_word' id='word_1_499' title='bbox 1527 3308 1812 3362; x_wconf 89' lang='lat' dir='ltr'><strong>possumus</strong></span> <span class='ocrx_word' id='word_1_500' title='bbox 1844 3293 2026 3365; x_wconf 83' lang='lat' dir='ltr'><strong>appel-</strong></span> 
     </span>
    </p>
   </div>
   <div class='ocr_carea' id='block_1_66' title="bbox 443 3381 2026 3454">
    <p class='ocr_par' dir='ltr' id='par_1_66' title="bbox 443 3381 2026 3454">
     <span class='ocr_line' id='line_1_66' title="bbox 443 3381 2026 3454; baseline 0.002 -16"><span class='ocrx_word' id='word_1_501' title='bbox 443 3383 577 3450; x_wconf 91' lang='lat' dir='ltr'><strong>lare,</strong></span> <span class='ocrx_word' id='word_1_502' title='bbox 607 3383 806 3454; x_wconf 88' lang='lat' dir='ltr'><strong>quibus</strong></span> <span class='ocrx_word' id='word_1_503' title='bbox 827 3381 1080 3439; x_wconf 89' lang='lat' dir='ltr'><strong>obvoluta</strong></span> <span class='ocrx_word' id='word_1_504' title='bbox 1105 3389 1189 3438; x_wconf 87' lang='lat' dir='ltr'><strong>est</strong></span> <span class='ocrx_word' id='word_1_505' title='bbox 1233 3390 1291 3438; x_wconf 91' lang='lat' dir='ltr'><strong>et</strong></span> <span class='ocrx_word' id='word_1_506' title='bbox 1324 3381 1593 3450; x_wconf 81' lang='lat' dir='ltr'><strong>Rebecca,</strong></span> <span class='ocrx_word' id='word_1_507' title='bbox 1623 3391 1679 3438; x_wconf 91' lang='lat' dir='ltr'><strong>et</strong></span> <span class='ocrx_word' id='word_1_508' title='bbox 1704 3384 1864 3440; x_wconf 86' lang='lat' dir='ltr'><strong>hodie</strong></span> <span class='ocrx_word' id='word_1_509' title='bbox 1891 3385 2026 3441; x_wconf 87' lang='lat' dir='ltr'><strong>Ara-</strong></span> 
     </span>
    </p>
   </div>
   <div class='ocr_carea' id='block_1_67' title="bbox 443 3473 2026 3548">
    <p class='ocr_par' dir='ltr' id='par_1_67' title="bbox 443 3473 2026 3548">
     <span class='ocr_line' id='line_1_67' title="bbox 443 3473 2026 3548; baseline 0.001 -16"><span class='ocrx_word' id='word_1_510' title='bbox 443 3473 548 3532; x_wconf 73' lang='lat' dir='ltr'><strong>bia:</strong></span> <span class='ocrx_word' id='word_1_511' title='bbox 575 3489 640 3530; x_wconf 89' lang='lat' dir='ltr'><strong>ac</strong></span> <span class='ocrx_word' id='word_1_512' title='bbox 681 3473 1082 3544; x_wconf 78' lang='lat' dir='ltr'><strong>Mesopotamiae</strong></span> <span class='ocrx_word' id='word_1_513' title='bbox 1122 3475 1438 3544; x_wconf 88' lang='lat' dir='ltr'><strong>operiuntur</strong></span> <span class='ocrx_word' id='word_1_514' title='bbox 1463 3473 1694 3530; x_wconf 58' lang='lat' dir='ltr'><strong>feminae.</strong></span> <span class='ocrx_word' id='word_1_515' title='bbox 1726 3475 1876 3531; x_wconf 84' lang='lat' dir='ltr'><strong>Filiae</strong></span> <span class='ocrx_word' id='word_1_516' title='bbox 1897 3492 2026 3548; x_wconf 88' lang='lat' dir='ltr'><strong>ergo</strong></span> 
     </span>
    </p>
   </div>
   <div class='ocr_carea' id='block_1_68' title="bbox 447 3563 2024 3636">
    <p class='ocr_par' dir='ltr' id='par_1_68' title="bbox 447 3563 2024 3636">
     <span class='ocr_line' id='line_1_68' title="bbox 447 3563 2024 3636; baseline 0.002 -16"><span class='ocrx_word' id='word_1_517' title='bbox 447 3563 579 3620; x_wconf 87' lang='lat' dir='ltr'><strong>Sion</strong></span> <span class='ocrx_word' id='word_1_518' title='bbox 639 3573 862 3636; x_wconf 89' lang='lat' dir='ltr'><strong>propter</strong></span> <span class='ocrx_word' id='word_1_519' title='bbox 915 3564 1224 3636; x_wconf 89' lang='lat' dir='ltr'><strong>superbiam</strong></span> <span class='ocrx_word' id='word_1_520' title='bbox 1270 3580 1425 3620; x_wconf 89' lang='lat' dir='ltr'><strong>suam</strong></span> <span class='ocrx_word' id='word_1_521' title='bbox 1485 3565 1837 3634; x_wconf 88' lang='lat' dir='ltr'><strong>perdiderunt</strong></span> <span class='ocrx_word' id='word_1_522' title='bbox 1873 3582 2024 3634; x_wconf 92' lang='lat' dir='ltr'><strong>acus,</strong></span> 
     </span>
    </p>
   </div>
   <div class='ocr_carea' id='block_1_69' title="bbox 448 3653 2020 3727">
    <p class='ocr_par' dir='ltr' id='par_1_69' title="bbox 448 3653 2020 3727">
     <span class='ocr_line' id='line_1_69' title="bbox 448 3653 2020 3727; baseline 0.001 -19"><span class='ocrx_word' id='word_1_523' title='bbox 448 3654 644 3726; x_wconf 85' lang='lat' dir='ltr'><strong>quibus</strong></span> <span class='ocrx_word' id='word_1_524' title='bbox 681 3655 925 3710; x_wconf 89' lang='lat' dir='ltr'><strong>omnium</strong></span> <span class='ocrx_word' id='word_1_525' title='bbox 966 3661 1361 3726; x_wconf 74' lang='lat' dir='ltr'><strong>praeceptorum</strong></span> <span class='ocrx_word' id='word_1_526' title='bbox 1407 3653 1591 3727; x_wconf 87' lang='lat' dir='ltr'><strong>regula</strong></span> <span class='ocrx_word' id='word_1_527' title='bbox 1619 3655 2020 3726; x_wconf 86' lang='lat' dir='ltr'><strong>stringebatur;</strong></span> 
     </span>
    </p>
   </div>
   <div class='ocr_carea' id='block_1_70' title="bbox 443 3745 2028 3816">
    <p class='ocr_par' dir='ltr' id='par_1_70' title="bbox 443 3745 2028 3816">
     <span class='ocr_line' id='line_1_70' title="bbox 443 3745 2028 3816; baseline 0.001 -15"><span class='ocrx_word' id='word_1_528' title='bbox 443 3746 794 3816; x_wconf 88' lang='lat' dir='ltr'><strong>perdiderunt</strong></span> <span class='ocrx_word' id='word_1_529' title='bbox 831 3745 1073 3816; x_wconf 90' lang='lat' dir='ltr'><strong>specula,</strong></span> <span class='ocrx_word' id='word_1_530' title='bbox 1101 3761 1221 3816; x_wconf 66' lang='lat' dir='ltr'><strong>quae</strong></span> <span class='ocrx_word' id='word_1_531' title='bbox 1245 3745 1556 3802; x_wconf 87' lang='lat' dir='ltr'><strong>obtulerunt</strong></span> <span class='ocrx_word' id='word_1_532' title='bbox 1579 3746 1632 3802; x_wconf 90' lang='lat' dir='ltr'><strong>in</strong></span> <span class='ocrx_word' id='word_1_533' title='bbox 1659 3746 1864 3816; x_wconf 83' lang='lat' dir='ltr'><strong>Exodo,</strong></span> <span class='ocrx_word' id='word_1_534' title='bbox 1913 3763 2028 3802; x_wconf 91' lang='lat' dir='ltr'><strong>ma-</strong></span> 
     </span>
    </p>
   </div>
   <div class='ocr_carea' id='block_1_71' title="bbox 446 3837 2026 3905">
    <p class='ocr_par' dir='ltr' id='par_1_71' title="bbox 446 3837 2026 3905">
     <span class='ocr_line' id='line_1_71' title="bbox 446 3837 2026 3905; baseline 0.001 -13"><span class='ocrx_word' id='word_1_535' title='bbox 446 3849 640 3894; x_wconf 89' lang='lat' dir='ltr'><strong>nentes</strong></span> <span class='ocrx_word' id='word_1_536' title='bbox 667 3837 722 3893; x_wconf 90' lang='lat' dir='ltr'><strong>ln</strong></span> <span class='ocrx_word' id='word_1_537' title='bbox 750 3837 958 3894; x_wconf 81' lang='lat' dir='ltr'><strong>foribus</strong></span> <span class='ocrx_word' id='word_1_538' title='bbox 988 3838 1344 3905; x_wconf 86' lang='lat' dir='ltr'><strong>tabernaculi,</strong></span> <span class='ocrx_word' id='word_1_539' title='bbox 1391 3839 1646 3895; x_wconf 89' lang='lat' dir='ltr'><strong>mulieres</strong></span> <span class='ocrx_word' id='word_1_540' title='bbox 1691 3839 1756 3894; x_wconf 87' lang='lat' dir='ltr'><strong>ad</strong></span> <span class='ocrx_word' id='word_1_541' title='bbox 1795 3839 2026 3896; x_wconf 88' lang='lat' dir='ltr'><strong>luterem</strong></span> 
     </span>
    </p>
   </div>
   <div class='ocr_carea' id='block_1_72' title="bbox 445 3927 2028 4002">
    <p class='ocr_par' dir='ltr' id='par_1_72' title="bbox 445 3927 2028 4002">
     <span class='ocr_line' id='line_1_72' title="bbox 445 3927 2028 4002; baseline 0 -18"><span class='ocrx_word' id='word_1_542' title='bbox 445 3927 660 3986; x_wconf 89' lang='lat' dir='ltr'><strong>Domini</strong></span> <span class='ocrx_word' id='word_1_543' title='bbox 717 3928 1109 3986; x_wconf 85' lang='lat' dir='ltr'><strong>fabricandum.</strong></span> <span class='ocrx_word' id='word_1_544' title='bbox 1165 3929 1242 3985; x_wconf 88' lang='lat' dir='ltr'><strong>De</strong></span> <span class='ocrx_word' id='word_1_545' title='bbox 1292 3930 1490 4000; x_wconf 89' lang='lat' dir='ltr'><strong>quibus</strong></span> <span class='ocrx_word' id='word_1_546' title='bbox 1541 3939 1597 3986; x_wconf 90' lang='lat' dir='ltr'><strong>et</strong></span> <span class='ocrx_word' id='word_1_547' title='bbox 1652 3927 1852 3986; x_wconf 84' lang='lat' dir='ltr'><strong>Paulus</strong></span> <span class='ocrx_word' id='word_1_548' title='bbox 1901 3946 2028 4002; x_wconf 83' lang='lat' dir='ltr'><strong>apo-</strong></span> 
     </span>
    </p>
   </div>
   <div class='ocr_carea' id='block_1_73' title="bbox 446 4021 2028 4094">
    <p class='ocr_par' dir='ltr' id='par_1_73' title="bbox 446 4021 2028 4094">
     <span class='ocr_line' id='line_1_73' title="bbox 446 4021 2028 4094; baseline -0.003 -14"><span class='ocrx_word' id='word_1_549' title='bbox 446 4022 620 4080; x_wconf 88' lang='lat' dir='ltr'><strong>stolus</strong></span> <span class='ocrx_word' id='word_1_550' title='bbox 645 4021 970 4094; x_wconf 85' lang='lat' dir='ltr'><strong>loquebatur</strong></span> <span class='ocrx_word' id='word_1_551' title='bbox 1007 4040 1019 4076; x_wconf 88' lang='lat'>:</span> <span class='ocrx_word' id='word_1_552' title='bbox 1061 4021 1309 4077; x_wconf 85' lang='lat' dir='ltr'><strong>Videmus</strong></span> <span class='ocrx_word' id='word_1_553' title='bbox 1335 4032 1508 4076; x_wconf 86' lang='lat' dir='ltr'><strong>autem</strong></span> <span class='ocrx_word' id='word_1_554' title='bbox 1548 4039 1684 4076; x_wconf 90' lang='lat' dir='ltr'><strong>nunc</strong></span> <span class='ocrx_word' id='word_1_555' title='bbox 1712 4038 1806 4092; x_wconf 89' lang='lat' dir='ltr'><strong>per</strong></span> <span class='ocrx_word' id='word_1_556' title='bbox 1847 4038 2028 4093; x_wconf 85' lang='lat' dir='ltr'><strong>specu-</strong></span> 
     </span>
    </p>
   </div>
   <div class='ocr_carea' id='block_1_74' title="bbox 443 4111 2028 4186">
    <p class='ocr_par' dir='ltr' id='par_1_74' title="bbox 443 4111 2028 4186">
     <span class='ocr_line' id='line_1_74' title="bbox 443 4111 2028 4186; baseline 0 -17"><span class='ocrx_word' id='word_1_557' title='bbox 443 4115 556 4170; x_wconf 83' lang='lat' dir='ltr'><strong>lum</strong></span> <span class='ocrx_word' id='word_1_558' title='bbox 595 4117 656 4170; x_wconf 89' lang='lat' dir='ltr'><strong>in</strong></span> <span class='ocrx_word' id='word_1_559' title='bbox 701 4115 976 4184; x_wconf 76' lang='lat' dir='ltr'><strong>wnigmate</strong></span> <span class='ocrx_word' id='word_1_560' title='bbox 1021 4113 1073 4183; x_wconf 92' lang='grc'><strong>(1</strong></span> <span class='ocrx_word' id='word_1_561' title='bbox 1100 4111 1223 4169; x_wconf 86' lang='lat' dir='ltr'><strong>Cor.</strong></span> <span class='ocrx_word' id='word_1_562' title='bbox 1253 4114 1395 4186; x_wconf 86' lang='lat' dir='ltr'><strong>xm).</strong></span> <span class='ocrx_word' id='word_1_563' title='bbox 1425 4113 1738 4168; x_wconf 89' lang='lat' dir='ltr'><strong>Amiseruut</strong></span> <span class='ocrx_word' id='word_1_564' title='bbox 1774 4114 2028 4169; x_wconf 89' lang='lat' dir='ltr'><strong>sindones</strong></span> 
     </span>
    </p>
   </div>
   <div class='ocr_carea' id='block_1_75' title="bbox 443 4203 2024 4278">
    <p class='ocr_par' dir='ltr' id='par_1_75' title="bbox 443 4203 2024 4278">
     <span class='ocr_line' id='line_1_75' title="bbox 443 4203 2024 4278; baseline -0.003 -14"><span class='ocrx_word' id='word_1_565' title='bbox 443 4215 502 4264; x_wconf 86' lang='lat' dir='ltr'><strong>et</strong></span> <span class='ocrx_word' id='word_1_566' title='bbox 548 4207 733 4272; x_wconf 89' lang='lat' dir='ltr'><strong>vittas,</strong></span> <span class='ocrx_word' id='word_1_567' title='bbox 766 4207 960 4276; x_wconf 88' lang='lat' dir='ltr'><strong>quibus</strong></span> <span class='ocrx_word' id='word_1_568' title='bbox 988 4206 1304 4278; x_wconf 90' lang='lat' dir='ltr'><strong>operiebant</strong></span> <span class='ocrx_word' id='word_1_569' title='bbox 1353 4207 1625 4270; x_wconf 85' lang='lat' dir='ltr'><strong>humeros,</strong></span> <span class='ocrx_word' id='word_1_570' title='bbox 1671 4213 1724 4258; x_wconf 88' lang='lat' dir='ltr'><strong>et</strong></span> <span class='ocrx_word' id='word_1_571' title='bbox 1773 4203 2024 4261; x_wconf 86' lang='lat' dir='ltr'><strong>ﬂuentem</strong></span> 
     </span>
    </p>
   </div>
   <div class='ocr_carea' id='block_1_76' title="bbox 445 4294 2024 4367">
    <p class='ocr_par' dir='ltr' id='par_1_76' title="bbox 445 4294 2024 4367">
     <span class='ocr_line' id='line_1_76' title="bbox 445 4294 2024 4367; baseline -0.003 -12"><span class='ocrx_word' id='word_1_572' title='bbox 445 4299 552 4355; x_wconf 82' lang='lat' dir='ltr'><strong>huc</strong></span> <span class='ocrx_word' id='word_1_573' title='bbox 586 4305 748 4367; x_wconf 92' lang='lat' dir='ltr'><strong>atque</strong></span> <span class='ocrx_word' id='word_1_574' title='bbox 769 4297 894 4352; x_wconf 89' lang='lat' dir='ltr'><strong>illuc</strong></span> <span class='ocrx_word' id='word_1_575' title='bbox 909 4297 1149 4350; x_wconf 88' lang='lat' dir='ltr'><strong>animum</strong></span> <span class='ocrx_word' id='word_1_576' title='bbox 1171 4294 1630 4366; x_wconf 87' lang='lat' dir='ltr'><strong>constringebant,</strong></span> <span class='ocrx_word' id='word_1_577' title='bbox 1661 4303 1717 4349; x_wconf 91' lang='lat' dir='ltr'><strong>et</strong></span> <span class='ocrx_word' id='word_1_578' title='bbox 1750 4294 2024 4362; x_wconf 87' lang='lat' dir='ltr'><strong>theristra,</strong></span> 
     </span>
    </p>
   </div>
   <div class='ocr_carea' id='block_1_77' title="bbox 444 4385 2024 4458">
    <p class='ocr_par' dir='ltr' id='par_1_77' title="bbox 444 4385 2024 4458">
     <span class='ocr_line' id='line_1_77' title="bbox 444 4385 2024 4458; baseline 0 -16"><span class='ocrx_word' id='word_1_579' title='bbox 444 4403 554 4458; x_wconf 86' lang='lat' dir='ltr'><strong>quo</strong></span> <span class='ocrx_word' id='word_1_580' title='bbox 581 4387 852 4443; x_wconf 90' lang='lat' dir='ltr'><strong>tutissimo</strong></span> <span class='ocrx_word' id='word_1_581' title='bbox 873 4388 927 4443; x_wconf 91' lang='lat' dir='ltr'><strong>in</strong></span> <span class='ocrx_word' id='word_1_582' title='bbox 949 4387 1170 4442; x_wconf 83' lang='lat' dir='ltr'><strong>aestibus</strong></span> <span class='ocrx_word' id='word_1_583' title='bbox 1196 4387 1514 4458; x_wconf 78' lang='lat' dir='ltr'><strong>tegebantur</strong></span> <span class='ocrx_word' id='word_1_584' title='bbox 1531 4385 1862 4440; x_wconf 88' lang='lat' dir='ltr'><strong>umbraculo.</strong></span> <span class='ocrx_word' id='word_1_585' title='bbox 1892 4385 2024 4442; x_wconf 87' lang='lat' dir='ltr'><strong>Item</strong></span> 
     </span>
    </p>
   </div>
   <div class='ocr_carea' id='block_1_78' title="bbox 2121 3200 3703 3276">
    <p class='ocr_par' dir='ltr' id='par_1_78' title="bbox 2121 3200 3703 3276">
     <span class='ocr_line' id='line_1_78' title="bbox 2121 3200 3703 3276; baseline -0.005 -12"><span class='ocrx_word' id='word_1_586' title='bbox 2121 3205 2534 3264; x_wconf 88' lang='lat' dir='ltr'><strong>diminutionem</strong></span> <span class='ocrx_word' id='word_1_587' title='bbox 2575 3202 2850 3276; x_wconf 87' lang='lat' dir='ltr'><strong>cingulum</strong></span> <span class='ocrx_word' id='word_1_588' title='bbox 2874 3201 3234 3257; x_wconf 90' lang='lat' dir='ltr'><strong>nominatum.</strong></span> <span class='ocrx_word' id='word_1_589' title='bbox 3283 3200 3476 3256; x_wconf 79' lang='lat' dir='ltr'><strong>Cincta</strong></span> <span class='ocrx_word' id='word_1_590' title='bbox 3521 3209 3703 3257; x_wconf 82' lang='lat' dir='ltr'><strong>autent</strong></span> 
     </span>
    </p>
   </div>
   <div class='ocr_carea' id='block_1_79' title="bbox 2115 3291 3702 3367">
    <p class='ocr_par' dir='ltr' id='par_1_79' title="bbox 2115 3291 3702 3367">
     <span class='ocr_line' id='line_1_79' title="bbox 2115 3291 3702 3367; baseline -0.003 -15"><span class='ocrx_word' id='word_1_591' title='bbox 2115 3296 2345 3367; x_wconf 84' lang='lat' dir='ltr'><strong>juvenes</strong></span> <span class='ocrx_word' id='word_1_592' title='bbox 2373 3295 2430 3351; x_wconf 92' lang='lat' dir='ltr'><strong>in</strong></span> <span class='ocrx_word' id='word_1_593' title='bbox 2471 3293 2862 3352; x_wconf 87' lang='lat' dir='ltr'><strong>exercitatione</strong></span> <span class='ocrx_word' id='word_1_594' title='bbox 2887 3291 3176 3364; x_wconf 87' lang='lat' dir='ltr'><strong>campestri</strong></span> <span class='ocrx_word' id='word_1_595' title='bbox 3203 3291 3506 3348; x_wconf 86' lang='lat' dir='ltr'><strong>verecunda</strong></span> <span class='ocrx_word' id='word_1_596' title='bbox 3556 3293 3702 3348; x_wconf 82' lang='lat' dir='ltr'><strong>vela-</strong></span> 
     </span>
    </p>
   </div>
   <div class='ocr_carea' id='block_1_80' title="bbox 2121 3381 3703 3457">
    <p class='ocr_par' dir='ltr' id='par_1_80' title="bbox 2121 3381 3703 3457">
     <span class='ocr_line' id='line_1_80' title="bbox 2121 3381 3703 3457; baseline -0.005 -11"><span class='ocrx_word' id='word_1_597' title='bbox 2121 3390 2280 3456; x_wconf 90' lang='lat' dir='ltr'><strong>bant,</strong></span> <span class='ocrx_word' id='word_1_598' title='bbox 2327 3385 2472 3444; x_wconf 90' lang='lat' dir='ltr'><strong>unde</strong></span> <span class='ocrx_word' id='word_1_599' title='bbox 2509 3396 2565 3444; x_wconf 87' lang='lat' dir='ltr'><strong>et</strong></span> <span class='ocrx_word' id='word_1_600' title='bbox 2585 3384 2905 3457; x_wconf 87' lang='lat' dir='ltr'><strong>campestris</strong></span> <span class='ocrx_word' id='word_1_601' title='bbox 2943 3382 3240 3440; x_wconf 88' lang='lat' dir='ltr'><strong>dicebatur.</strong></span> <span class='ocrx_word' id='word_1_602' title='bbox 3270 3381 3553 3455; x_wconf 87' lang='lat' dir='ltr'><strong>Cingulum</strong></span> <span class='ocrx_word' id='word_1_603' title='bbox 3575 3397 3703 3454; x_wconf 82' lang='lat' dir='ltr'><strong>ergo</strong></span> 
     </span>
    </p>
   </div>
   <div class='ocr_carea' id='block_1_81' title="bbox 2125 3473 3701 3549">
    <p class='ocr_par' dir='ltr' id='par_1_81' title="bbox 2125 3473 3701 3549">
     <span class='ocr_line' id='line_1_81' title="bbox 2125 3473 3701 3549; baseline -0.002 -15"><span class='ocrx_word' id='word_1_604' title='bbox 2125 3476 2422 3549; x_wconf 88' lang='lat' dir='ltr'><strong>spiritalem</strong></span> <span class='ocrx_word' id='word_1_605' title='bbox 2443 3475 2813 3548; x_wconf 88' lang='lat' dir='ltr'><strong>operationem</strong></span> <span class='ocrx_word' id='word_1_606' title='bbox 2853 3473 3123 3546; x_wconf 82' lang='lat' dir='ltr'><strong>signiﬁcat</strong></span> <span class='ocrx_word' id='word_1_607' title='bbox 3153 3515 3170 3540; x_wconf 94' lang='lat'><strong>,</strong></span> <span class='ocrx_word' id='word_1_608' title='bbox 3231 3481 3290 3529; x_wconf 92' lang='lat' dir='ltr'><strong>ut</strong></span> <span class='ocrx_word' id='word_1_609' title='bbox 3319 3483 3404 3530; x_wconf 84' lang='lat' dir='ltr'><strong>est</strong></span> <span class='ocrx_word' id='word_1_610' title='bbox 3451 3474 3589 3530; x_wconf 88' lang='lat' dir='ltr'><strong>illud</strong></span> <span class='ocrx_word' id='word_1_611' title='bbox 3645 3475 3701 3531; x_wconf 91' lang='lat' dir='ltr'><strong>in</strong></span> 
     </span>
    </p>
   </div>
   <div class='ocr_carea' id='block_1_82' title="bbox 2126 3565 3702 3640">
    <p class='ocr_par' dir='ltr' id='par_1_82' title="bbox 2126 3565 3702 3640">
     <span class='ocr_line' id='line_1_82' title="bbox 2126 3565 3702 3640; baseline -0.003 -15"><span class='ocrx_word' id='word_1_612' title='bbox 2126 3569 2336 3640; x_wconf 90' lang='lat' dir='ltr'><strong>psalmo</strong></span> <span class='ocrx_word' id='word_1_613' title='bbox 2365 3587 2380 3624; x_wconf 91' lang='lat'><strong>:</strong></span> <span class='ocrx_word' id='word_1_614' title='bbox 2409 3567 2744 3624; x_wconf 72' lang='lat' dir='ltr'><strong>Prwcinxisti</strong></span> <span class='ocrx_word' id='word_1_615' title='bbox 2767 3582 2849 3621; x_wconf 90' lang='lat' dir='ltr'><strong>me</strong></span> <span class='ocrx_word' id='word_1_616' title='bbox 2873 3565 3080 3632; x_wconf 67' lang='lat' dir='ltr'><strong>laetitia,</strong></span> <span class='ocrx_word' id='word_1_617' title='bbox 3105 3574 3162 3620; x_wconf 87' lang='lat' dir='ltr'><strong>ut</strong></span> <span class='ocrx_word' id='word_1_618' title='bbox 3201 3576 3370 3620; x_wconf 82' lang='lat' dir='ltr'><strong>cantet</strong></span> <span class='ocrx_word' id='word_1_619' title='bbox 3415 3565 3509 3621; x_wconf 85' lang='lat' dir='ltr'><strong>tibi</strong></span> <span class='ocrx_word' id='word_1_620' title='bbox 3534 3565 3702 3638; x_wconf 84' lang='lat' dir='ltr'><strong>gloria</strong></span> 
     </span>
    </p>
   </div>
   <div class='ocr_carea' id='block_1_83' title="bbox 2126 3656 3701 3732">
    <p class='ocr_par' dir='ltr' id='par_1_83' title="bbox 2126 3656 3701 3732">
     <span class='ocr_line' id='line_1_83' title="bbox 2126 3656 3701 3732; baseline 0.001 -18"><span class='ocrx_word' id='word_1_621' title='bbox 2126 3677 2242 3715; x_wconf 87' lang='lat' dir='ltr'><strong>mea</strong></span> <span class='ocrx_word' id='word_1_622' title='bbox 2285 3670 2343 3715; x_wconf 83' lang='lat' dir='ltr'><strong>ut</strong></span> <span class='ocrx_word' id='word_1_623' title='bbox 2387 3676 2492 3716; x_wconf 89' lang='lat' dir='ltr'><strong>non</strong></span> <span class='ocrx_word' id='word_1_624' title='bbox 2533 3675 2858 3730; x_wconf 87' lang='lat' dir='ltr'><strong>compungar</strong></span> <span class='ocrx_word' id='word_1_625' title='bbox 2905 3657 3078 3730; x_wconf 83' lang='lat' dir='ltr'><strong>(Psal.</strong></span> <span class='ocrx_word' id='word_1_626' title='bbox 3109 3656 3283 3732; x_wconf 67' lang='lat' dir='ltr'><strong>xxxx).</strong></span> <span class='ocrx_word' id='word_1_627' title='bbox 3327 3657 3548 3715; x_wconf 88' lang='lat' dir='ltr'><strong>Balteus</strong></span> <span class='ocrx_word' id='word_1_628' title='bbox 3593 3659 3701 3714; x_wconf 90' lang='lat' dir='ltr'><strong>ein-</strong></span> 
     </span>
    </p>
   </div>
   <div class='ocr_carea' id='block_1_84' title="bbox 2125 3749 3709 3822">
    <p class='ocr_par' dir='ltr' id='par_1_84' title="bbox 2125 3749 3709 3822">
     <span class='ocr_line' id='line_1_84' title="bbox 2125 3749 3709 3822; baseline 0.003 -18"><span class='ocrx_word' id='word_1_629' title='bbox 2125 3751 2308 3822; x_wconf 88' lang='lat' dir='ltr'><strong>gulum</strong></span> <span class='ocrx_word' id='word_1_630' title='bbox 2363 3749 2600 3806; x_wconf 84' lang='lat' dir='ltr'><strong>militare</strong></span> <span class='ocrx_word' id='word_1_631' title='bbox 2647 3758 2752 3817; x_wconf 91' lang='lat' dir='ltr'><strong>est,</strong></span> <span class='ocrx_word' id='word_1_632' title='bbox 2802 3749 2978 3805; x_wconf 88' lang='lat' dir='ltr'><strong>dictus</strong></span> <span class='ocrx_word' id='word_1_633' title='bbox 3033 3763 3132 3820; x_wconf 90' lang='lat' dir='ltr'><strong>per</strong></span> <span class='ocrx_word' id='word_1_634' title='bbox 3169 3749 3292 3814; x_wconf 88' lang='lat' dir='ltr'><strong>hoc,</strong></span> <span class='ocrx_word' id='word_1_635' title='bbox 3335 3750 3478 3820; x_wconf 90' lang='lat' dir='ltr'><strong>quod</strong></span> <span class='ocrx_word' id='word_1_636' title='bbox 3525 3765 3595 3806; x_wconf 90' lang='lat' dir='ltr'><strong>ex</strong></span> <span class='ocrx_word' id='word_1_637' title='bbox 3635 3765 3709 3809; x_wconf 80' lang='lat' dir='ltr'><strong>eo</strong></span> 
     </span>
    </p>
   </div>
   <div class='ocr_carea' id='block_1_85' title="bbox 2126 3839 3701 3914">
    <p class='ocr_par' dir='ltr' id='par_1_85' title="bbox 2126 3839 3701 3914">
     <span class='ocr_line' id='line_1_85' title="bbox 2126 3839 3701 3914; baseline -0.002 -16"><span class='ocrx_word' id='word_1_638' title='bbox 2126 3842 2280 3914; x_wconf 88' lang='lat' dir='ltr'><strong>signa</strong></span> <span class='ocrx_word' id='word_1_639' title='bbox 2309 3842 2611 3914; x_wconf 90' lang='lat' dir='ltr'><strong>dependent</strong></span> <span class='ocrx_word' id='word_1_640' title='bbox 2650 3841 2716 3896; x_wconf 89' lang='lat' dir='ltr'><strong>ad</strong></span> <span class='ocrx_word' id='word_1_641' title='bbox 2761 3839 3236 3896; x_wconf 89' lang='lat' dir='ltr'><strong>demonstrandam</strong></span> <span class='ocrx_word' id='word_1_642' title='bbox 3290 3839 3518 3913; x_wconf 88' lang='lat' dir='ltr'><strong>legionis</strong></span> <span class='ocrx_word' id='word_1_643' title='bbox 3564 3841 3701 3896; x_wconf 87' lang='lat' dir='ltr'><strong>mili-</strong></span> 
     </span>
    </p>
   </div>
   <div class='ocr_carea' id='block_1_86' title="bbox 2129 3929 3698 3998">
    <p class='ocr_par' dir='ltr' id='par_1_86' title="bbox 2129 3929 3698 3998">
     <span class='ocr_line' id='line_1_86' title="bbox 2129 3929 3698 3998; baseline 0.001 -11"><span class='ocrx_word' id='word_1_644' title='bbox 2129 3933 2262 3988; x_wconf 89' lang='lat' dir='ltr'><strong>taris</strong></span> <span class='ocrx_word' id='word_1_645' title='bbox 2288 3947 2574 3996; x_wconf 88' lang='lat' dir='ltr'><strong>summam,</strong></span> <span class='ocrx_word' id='word_1_646' title='bbox 2600 3931 2654 3986; x_wconf 90' lang='lat' dir='ltr'><strong>id</strong></span> <span class='ocrx_word' id='word_1_647' title='bbox 2690 3939 2790 3996; x_wconf 87' lang='lat' dir='ltr'><strong>est,</strong></span> <span class='ocrx_word' id='word_1_648' title='bbox 2814 3946 2910 3986; x_wconf 84' lang='lat' dir='ltr'><strong>sex</strong></span> <span class='ocrx_word' id='word_1_649' title='bbox 2937 3929 3162 3986; x_wconf 90' lang='lat' dir='ltr'><strong>millium</strong></span> <span class='ocrx_word' id='word_1_650' title='bbox 3195 3944 3599 3998; x_wconf 88' lang='lat' dir='ltr'><strong>sexcentorum,</strong></span> <span class='ocrx_word' id='word_1_651' title='bbox 3633 3948 3698 3988; x_wconf 86' lang='lat' dir='ltr'><strong>ex</strong></span> 
     </span>
    </p>
   </div>
   <div class='ocr_carea' id='block_1_87' title="bbox 2126 4021 3698 4094">
    <p class='ocr_par' dir='ltr' id='par_1_87' title="bbox 2126 4021 3698 4094">
     <span class='ocr_line' id='line_1_87' title="bbox 2126 4021 3698 4094; baseline 0.001 -17"><span class='ocrx_word' id='word_1_652' title='bbox 2126 4039 2234 4094; x_wconf 90' lang='lat' dir='ltr'><strong>quo</strong></span> <span class='ocrx_word' id='word_1_653' title='bbox 2263 4037 2489 4078; x_wconf 91' lang='lat' dir='ltr'><strong>numero</strong></span> <span class='ocrx_word' id='word_1_654' title='bbox 2518 4031 2575 4078; x_wconf 89' lang='lat' dir='ltr'><strong>et</strong></span> <span class='ocrx_word' id='word_1_655' title='bbox 2602 4021 2706 4092; x_wconf 87' lang='lat' dir='ltr'><strong>ipsi</strong></span> <span class='ocrx_word' id='word_1_656' title='bbox 2733 4022 3036 4078; x_wconf 89' lang='lat' dir='ltr'><strong>consistunt</strong></span> <span class='ocrx_word' id='word_1_657' title='bbox 3065 4040 3079 4076; x_wconf 87' lang='lat'><strong>:</strong></span> <span class='ocrx_word' id='word_1_658' title='bbox 3118 4022 3258 4078; x_wconf 90' lang='lat' dir='ltr'><strong>unde</strong></span> <span class='ocrx_word' id='word_1_659' title='bbox 3287 4031 3343 4077; x_wconf 89' lang='lat' dir='ltr'><strong>et</strong></span> <span class='ocrx_word' id='word_1_660' title='bbox 3375 4022 3588 4078; x_wconf 87' lang='lat' dir='ltr'><strong>balteus</strong></span> <span class='ocrx_word' id='word_1_661' title='bbox 3616 4023 3698 4079; x_wconf 86' lang='lat' dir='ltr'><strong>di-</strong></span> 
     </span>
    </p>
   </div>
   <div class='ocr_carea' id='block_1_88' title="bbox 2126 4111 3701 4184">
    <p class='ocr_par' dir='ltr' id='par_1_88' title="bbox 2126 4111 3701 4184">
     <span class='ocr_line' id='line_1_88' title="bbox 2126 4111 3701 4184; baseline 0.001 -16"><span class='ocrx_word' id='word_1_662' title='bbox 2126 4113 2266 4168; x_wconf 90' lang='lat' dir='ltr'><strong>citur</strong></span> <span class='ocrx_word' id='word_1_663' title='bbox 2283 4129 2297 4177; x_wconf 91' lang='lat'><strong>;</strong></span> <span class='ocrx_word' id='word_1_664' title='bbox 2319 4127 2422 4168; x_wconf 90' lang='lat' dir='ltr'><strong>non</strong></span> <span class='ocrx_word' id='word_1_665' title='bbox 2441 4121 2550 4166; x_wconf 89' lang='lat' dir='ltr'><strong>tam</strong></span> <span class='ocrx_word' id='word_1_666' title='bbox 2573 4112 2715 4182; x_wconf 91' lang='lat' dir='ltr'><strong>quod</strong></span> <span class='ocrx_word' id='word_1_667' title='bbox 2729 4111 2979 4182; x_wconf 87' lang='lat' dir='ltr'><strong>cingitur,</strong></span> <span class='ocrx_word' id='word_1_668' title='bbox 2995 4111 3087 4168; x_wconf 91' lang='lat' dir='ltr'><strong>sed</strong></span> <span class='ocrx_word' id='word_1_669' title='bbox 3101 4111 3262 4167; x_wconf 89' lang='lat' dir='ltr'><strong>etiam</strong></span> <span class='ocrx_word' id='word_1_670' title='bbox 3277 4128 3306 4167; x_wconf 90' lang='lat' dir='ltr'><strong>a</strong></span> <span class='ocrx_word' id='word_1_671' title='bbox 3320 4129 3428 4184; x_wconf 91' lang='lat' dir='ltr'><strong>quo</strong></span> <span class='ocrx_word' id='word_1_672' title='bbox 3443 4129 3592 4168; x_wconf 88' lang='lat' dir='ltr'><strong>arma</strong></span> <span class='ocrx_word' id='word_1_673' title='bbox 3614 4115 3701 4170; x_wconf 57' lang='lat' dir='ltr'><strong>de</strong></span> 
     </span>
    </p>
   </div>
   <div class='ocr_carea' id='block_1_89' title="bbox 2126 4204 3694 4279">
    <p class='ocr_par' dir='ltr' id='par_1_89' title="bbox 2126 4204 3694 4279">
     <span class='ocr_line' id='line_1_89' title="bbox 2126 4204 3694 4279; baseline 0.003 -19"><span class='ocrx_word' id='word_1_674' title='bbox 2126 4207 2381 4278; x_wconf 88' lang='lat' dir='ltr'><strong>pendent.</strong></span> <span class='ocrx_word' id='word_1_675' title='bbox 2406 4204 2624 4260; x_wconf 88' lang='lat' dir='ltr'><strong>Balteus</strong></span> <span class='ocrx_word' id='word_1_676' title='bbox 2651 4219 2778 4260; x_wconf 91' lang='lat' dir='ltr'><strong>vero</strong></span> <span class='ocrx_word' id='word_1_677' title='bbox 2803 4205 3104 4260; x_wconf 89' lang='lat' dir='ltr'><strong>accinctum</strong></span> <span class='ocrx_word' id='word_1_678' title='bbox 3127 4205 3382 4261; x_wconf 87' lang='lat' dir='ltr'><strong>virtutum</strong></span> <span class='ocrx_word' id='word_1_679' title='bbox 3410 4206 3694 4279; x_wconf 82' lang='lat' dir='ltr'><strong>signiﬁcat,</strong></span> 
     </span>
    </p>
   </div>
   <div class='ocr_carea' id='block_1_90' title="bbox 2127 4281 3700 4366">
    <p class='ocr_par' dir='ltr' id='par_1_90' title="bbox 2127 4281 3700 4366">
     <span class='ocr_line' id='line_1_90' title="bbox 2127 4281 3700 4366; baseline 0.001 -13"><span class='ocrx_word' id='word_1_680' title='bbox 2127 4297 2239 4353; x_wconf 87' lang='lat' dir='ltr'><strong>sive</strong></span> <span class='ocrx_word' id='word_1_681' title='bbox 2258 4295 2799 4366; x_wconf 87' lang='lat' dir='ltr'><strong>circumspectionem</strong></span> <span class='ocrx_word' id='word_1_682' title='bbox 2849 4295 3063 4362; x_wconf 90' lang='lat' dir='ltr'><strong>mentis,</strong></span> <span class='ocrx_word' id='word_1_683' title='bbox 3094 4304 3156 4350; x_wconf 92' lang='lat' dir='ltr'><strong>ut</strong></span> <span class='ocrx_word' id='word_1_684' title='bbox 3183 4295 3410 4352; x_wconf 91' lang='lat' dir='ltr'><strong>estillud</strong></span> <span class='ocrx_word' id='word_1_685' title='bbox 3434 4297 3488 4352; x_wconf 93' lang='lat' dir='ltr'><strong>in</strong></span> <span class='ocrx_word' id='word_1_686' title='bbox 3510 4281 3700 4355; x_wconf 73' lang='lat' dir='ltr'><strong>Dente-</strong></span> 
     </span>
    </p>
   </div>
   <div class='ocr_carea' id='block_1_91' title="bbox 2128 4385 3696 4463">
    <p class='ocr_par' dir='ltr' id='par_1_91' title="bbox 2128 4385 3696 4463">
     <span class='ocr_line' id='line_1_91' title="bbox 2128 4385 3696 4463; baseline 0.001 -21"><span class='ocrx_word' id='word_1_687' title='bbox 2128 4387 2412 4444; x_wconf 87' lang='lat' dir='ltr'><strong>ronomio:</strong></span> <span class='ocrx_word' id='word_1_688' title='bbox 2445 4385 2674 4441; x_wconf 85' lang='lat' dir='ltr'><strong>Habebis</strong></span> <span class='ocrx_word' id='word_1_689' title='bbox 2712 4385 2966 4457; x_wconf 71' lang='lat' dir='ltr'><strong>pusillum</strong></span> <span class='ocrx_word' id='word_1_690' title='bbox 2998 4387 3052 4441; x_wconf 88' lang='lat' dir='ltr'><strong>in</strong></span> <span class='ocrx_word' id='word_1_691' title='bbox 3082 4386 3248 4442; x_wconf 88' lang='lat' dir='ltr'><strong>balteo</strong></span> <span class='ocrx_word' id='word_1_692' title='bbox 3281 4387 3459 4460; x_wconf 89' lang='lat' dir='ltr'><strong>(Deut.</strong></span> <span class='ocrx_word' id='word_1_693' title='bbox 3515 4387 3696 4463; x_wconf 84' lang='lat' dir='ltr'><strong>xxtu),</strong></span> 
     </span>
    </p>
   </div>
   <div class='ocr_carea' id='block_1_92' title="bbox 446 4448 3698 4550">
    <p class='ocr_par' dir='ltr' id='par_1_92' title="bbox 446 4448 3698 4550">
     <span class='ocr_line' id='line_1_92' title="bbox 446 4448 3698 4550; baseline 0.002 -20"><span class='ocrx_word' id='word_1_694' title='bbox 446 4448 666 4530; x_wconf 72' lang='lat' dir='ltr'><strong>inaures</strong></span> <span class='ocrx_word' id='word_1_695' title='bbox 703 4477 1006 4532; x_wconf 87' lang='lat' dir='ltr'><strong>obedientia</strong></span> <span class='ocrx_word' id='word_1_696' title='bbox 1035 4476 1150 4532; x_wconf 89' lang='lat' dir='ltr'><strong>sive</strong></span> <span class='ocrx_word' id='word_1_697' title='bbox 1181 4448 1485 4531; x_wconf 74' lang='lat' dir='ltr'><strong>intellectus</strong></span> <span class='ocrx_word' id='word_1_698' title='bbox 1509 4475 1564 4530; x_wconf 91' lang='lat' dir='ltr'><strong>in</strong></span> <span class='ocrx_word' id='word_1_699' title='bbox 1599 4476 1882 4544; x_wconf 89' lang='lat' dir='ltr'><strong>scripturis</strong></span> <span class='ocrx_word' id='word_1_700' title='bbox 1909 4492 2025 4532; x_wconf 86' lang='lat' dir='ltr'><strong>rcc-</strong></span> <span class='ocrx_word' id='word_1_701' title='bbox 2047 4448 2102 4508; x_wconf 73' lang='grc' dir='ltr'>Β</span> <span class='ocrx_word' id='word_1_702' title='bbox 2131 4477 2186 4533; x_wconf 90' lang='lat' dir='ltr'><strong>id</strong></span> <span class='ocrx_word' id='word_1_703' title='bbox 2240 4485 2328 4534; x_wconf 88' lang='lat' dir='ltr'><strong>est</strong></span> <span class='ocrx_word' id='word_1_704' title='bbox 2358 4477 2635 4533; x_wconf 90' lang='lat' dir='ltr'><strong>stimulum</strong></span> <span class='ocrx_word' id='word_1_705' title='bbox 2678 4448 3104 4548; x_wconf 79' lang='lat' dir='ltr'><strong>compunctionis</strong></span> <span class='ocrx_word' id='word_1_706' title='bbox 3149 4478 3204 4533; x_wconf 93' lang='lat' dir='ltr'><strong>in</strong></span> <span class='ocrx_word' id='word_1_707' title='bbox 3257 4448 3698 4550; x_wconf 76' lang='lat' dir='ltr'><strong>multiplicatione</strong></span> 
     </span>
    </p>
   </div>
   <div class='ocr_carea' id='block_1_93' title="bbox 449 4565 2022 4636">
    <p class='ocr_par' dir='ltr' id='par_1_93' title="bbox 449 4565 2022 4636">
     <span class='ocr_line' id='line_1_93' title="bbox 449 4565 2022 4636; baseline 0.002 -16"><span class='ocrx_word' id='word_1_708' title='bbox 449 4577 536 4622; x_wconf 88' lang='lat' dir='ltr'><strong>tus</strong></span> <span class='ocrx_word' id='word_1_709' title='bbox 563 4565 885 4636; x_wconf 88' lang='lat' dir='ltr'><strong>intelligitur</strong></span> <span class='ocrx_word' id='word_1_710' title='bbox 918 4567 1100 4622; x_wconf 90' lang='lat' dir='ltr'><strong>:unde</strong></span> <span class='ocrx_word' id='word_1_711' title='bbox 1143 4567 1199 4622; x_wconf 92' lang='lat' dir='ltr'><strong>in</strong></span> <span class='ocrx_word' id='word_1_712' title='bbox 1249 4567 1436 4622; x_wconf 85' lang='lat' dir='ltr'><strong>Exodo</strong></span> <span class='ocrx_word' id='word_1_713' title='bbox 1489 4566 1594 4620; x_wconf 89' lang='lat' dir='ltr'><strong>viri</strong></span> <span class='ocrx_word' id='word_1_714' title='bbox 1647 4581 1768 4620; x_wconf 93' lang='lat' dir='ltr'><strong>cum</strong></span> <span class='ocrx_word' id='word_1_715' title='bbox 1834 4567 2022 4624; x_wconf 90' lang='lat' dir='ltr'><strong>mulie-</strong></span> 
     </span>
    </p>
   </div>
   <div class='ocr_carea' id='block_1_94' title="bbox 447 4658 2025 4730">
    <p class='ocr_par' dir='ltr' id='par_1_94' title="bbox 447 4658 2025 4730">
     <span class='ocr_line' id='line_1_94' title="bbox 447 4658 2025 4730; baseline 0.003 -18"><span class='ocrx_word' id='word_1_716' title='bbox 447 4658 597 4714; x_wconf 87' lang='lat' dir='ltr'><strong>ribus</strong></span> <span class='ocrx_word' id='word_1_717' title='bbox 637 4662 988 4730; x_wconf 80' lang='lat' dir='ltr'><strong>praebuerunt</strong></span> <span class='ocrx_word' id='word_1_718' title='bbox 1039 4661 1282 4718; x_wconf 89' lang='lat' dir='ltr'><strong>armillas</strong></span> <span class='ocrx_word' id='word_1_719' title='bbox 1316 4669 1371 4717; x_wconf 91' lang='lat' dir='ltr'><strong>et</strong></span> <span class='ocrx_word' id='word_1_720' title='bbox 1409 4661 1648 4726; x_wconf 88' lang='lat' dir='ltr'><strong>inaures,</strong></span> <span class='ocrx_word' id='word_1_721' title='bbox 1699 4661 1922 4717; x_wconf 89' lang='lat' dir='ltr'><strong>annulos</strong></span> <span class='ocrx_word' id='word_1_722' title='bbox 1969 4671 2025 4716; x_wconf 89' lang='lat' dir='ltr'><strong>et</strong></span> 
     </span>
    </p>
   </div>
   <div class='ocr_carea' id='block_1_95' title="bbox 447 4749 2018 4822">
    <p class='ocr_par' dir='ltr' id='par_1_95' title="bbox 447 4749 2018 4822">
     <span class='ocr_line' id='line_1_95' title="bbox 447 4749 2018 4822; baseline 0.001 -16"><span class='ocrx_word' id='word_1_723' title='bbox 447 4749 734 4807; x_wconf 88' lang='lat' dir='ltr'><strong>dextralia.</strong></span> <span class='ocrx_word' id='word_1_724' title='bbox 765 4750 823 4806; x_wconf 87' lang='lat' dir='ltr'><strong>In</strong></span> <span class='ocrx_word' id='word_1_725' title='bbox 859 4751 1053 4806; x_wconf 90' lang='lat' dir='ltr'><strong>malam</strong></span> <span class='ocrx_word' id='word_1_726' title='bbox 1083 4767 1216 4807; x_wconf 91' lang='lat' dir='ltr'><strong>vero</strong></span> <span class='ocrx_word' id='word_1_727' title='bbox 1241 4761 1456 4822; x_wconf 88' lang='lat' dir='ltr'><strong>partem</strong></span> <span class='ocrx_word' id='word_1_728' title='bbox 1485 4750 1774 4820; x_wconf 88' lang='lat' dir='ltr'><strong>aliquando</strong></span> <span class='ocrx_word' id='word_1_729' title='bbox 1800 4749 1916 4807; x_wconf 68' lang='lat' dir='ltr'><strong>haec</strong></span> <span class='ocrx_word' id='word_1_730' title='bbox 1943 4753 2018 4808; x_wconf 88' lang='lat' dir='ltr'><strong>si-</strong></span> 
     </span>
    </p>
   </div>
   <div class='ocr_carea' id='block_1_96' title="bbox 446 4841 2024 4915">
    <p class='ocr_par' dir='ltr' id='par_1_96' title="bbox 446 4841 2024 4915">
     <span class='ocr_line' id='line_1_96' title="bbox 446 4841 2024 4915; baseline 0 -17"><span class='ocrx_word' id='word_1_731' title='bbox 446 4841 844 4915; x_wconf 81' lang='lat' dir='ltr'><strong>gniﬁcationem</strong></span> <span class='ocrx_word' id='word_1_732' title='bbox 894 4843 1136 4908; x_wconf 89' lang='lat' dir='ltr'><strong>trahunt,</strong></span> <span class='ocrx_word' id='word_1_733' title='bbox 1157 4849 1219 4897; x_wconf 90' lang='lat' dir='ltr'><strong>ut</strong></span> <span class='ocrx_word' id='word_1_734' title='bbox 1243 4851 1327 4897; x_wconf 89' lang='lat' dir='ltr'><strong>est</strong></span> <span class='ocrx_word' id='word_1_735' title='bbox 1355 4841 1505 4906; x_wconf 92' lang='lat' dir='ltr'><strong>illud,</strong></span> <span class='ocrx_word' id='word_1_736' title='bbox 1526 4842 1668 4912; x_wconf 91' lang='lat' dir='ltr'><strong>quod</strong></span> <span class='ocrx_word' id='word_1_737' title='bbox 1695 4842 1766 4898; x_wconf 93' lang='lat' dir='ltr'><strong>ob</strong></span> <span class='ocrx_word' id='word_1_738' title='bbox 1795 4841 2024 4900; x_wconf 81' lang='lat' dir='ltr'><strong>fornica-</strong></span> 
     </span>
    </p>
   </div>
   <div class='ocr_carea' id='block_1_97' title="bbox 449 4931 2026 5005">
    <p class='ocr_par' dir='ltr' id='par_1_97' title="bbox 449 4931 2026 5005">
     <span class='ocr_line' id='line_1_97' title="bbox 449 4931 2026 5005; baseline -0.001 -14"><span class='ocrx_word' id='word_1_739' title='bbox 449 4935 645 4991; x_wconf 90' lang='lat' dir='ltr'><strong>tionem</strong></span> <span class='ocrx_word' id='word_1_740' title='bbox 674 4933 828 4988; x_wconf 89' lang='lat' dir='ltr'><strong>vituli</strong></span> <span class='ocrx_word' id='word_1_741' title='bbox 857 4931 1143 4988; x_wconf 81' lang='lat' dir='ltr'><strong>conﬂatilis</strong></span> <span class='ocrx_word' id='word_1_742' title='bbox 1172 4933 1226 4988; x_wconf 90' lang='lat' dir='ltr'><strong>in</strong></span> <span class='ocrx_word' id='word_1_743' title='bbox 1262 4933 1448 4990; x_wconf 86' lang='lat' dir='ltr'><strong>Exodo</strong></span> <span class='ocrx_word' id='word_1_744' title='bbox 1487 4933 1702 5005; x_wconf 89' lang='lat' dir='ltr'><strong>legitur,</strong></span> <span class='ocrx_word' id='word_1_745' title='bbox 1747 4933 1836 4988; x_wconf 90' lang='lat' dir='ltr'><strong>ubi</strong></span> <span class='ocrx_word' id='word_1_746' title='bbox 1889 4936 2026 4990; x_wconf 88' lang='lat' dir='ltr'><strong>dixit</strong></span> 
     </span>
    </p>
   </div>
   <div class='ocr_carea' id='block_1_98' title="bbox 443 5022 2022 5093">
    <p class='ocr_par' dir='ltr' id='par_1_98' title="bbox 443 5022 2022 5093">
     <span class='ocr_line' id='line_1_98' title="bbox 443 5022 2022 5093; baseline -0.002 -11"><span class='ocrx_word' id='word_1_747' title='bbox 443 5027 625 5082; x_wconf 81' lang='lat' dir='ltr'><strong>Aaron</strong></span> <span class='ocrx_word' id='word_1_748' title='bbox 659 5043 672 5080; x_wconf 94' lang='lat'><strong>:</strong></span> <span class='ocrx_word' id='word_1_749' title='bbox 705 5022 890 5079; x_wconf 84' lang='lat' dir='ltr'><strong>Tollite</strong></span> <span class='ocrx_word' id='word_1_750' title='bbox 919 5024 1131 5078; x_wconf 89' lang='lat' dir='ltr'><strong>inaures</strong></span> <span class='ocrx_word' id='word_1_751' title='bbox 1145 5040 1334 5079; x_wconf 90' lang='lat' dir='ltr'><strong>aureas</strong></span> <span class='ocrx_word' id='word_1_752' title='bbox 1370 5023 1434 5078; x_wconf 83' lang='lat' dir='ltr'><strong>de</strong></span> <span class='ocrx_word' id='word_1_753' title='bbox 1463 5039 1688 5078; x_wconf 70' lang='lat' dir='ltr'><strong>uxorum</strong></span> <span class='ocrx_word' id='word_1_754' title='bbox 1711 5033 1760 5078; x_wconf 92' lang='lat' dir='ltr'><strong>et</strong></span> <span class='ocrx_word' id='word_1_755' title='bbox 1789 5023 2022 5093; x_wconf 83' lang='lat' dir='ltr'><strong>ﬁliarum</strong></span> 
     </span>
    </p>
   </div>
   <div class='ocr_carea' id='block_1_99' title="bbox 445 5113 2076 5205">
    <p class='ocr_par' dir='ltr' id='par_1_99' title="bbox 445 5113 2076 5205">
     <span class='ocr_line' id='line_1_99' title="bbox 445 5113 2076 5205; baseline -0.001 -33"><span class='ocrx_word' id='word_1_756' title='bbox 445 5126 734 5173; x_wconf 79' lang='lat' dir='ltr'><strong>vestrarum</strong></span> <span class='ocrx_word' id='word_1_757' title='bbox 775 5114 1014 5181; x_wconf 90' lang='lat' dir='ltr'><strong>auribus,</strong></span> <span class='ocrx_word' id='word_1_758' title='bbox 1065 5116 1250 5185; x_wconf 63' lang='lat' dir='ltr'><strong>aﬂerte</strong></span> <span class='ocrx_word' id='word_1_759' title='bbox 1279 5115 1350 5170; x_wconf 88' lang='lat' dir='ltr'><strong>ad</strong></span> <span class='ocrx_word' id='word_1_760' title='bbox 1380 5131 1460 5170; x_wconf 89' lang='lat' dir='ltr'><strong>me</strong></span> <span class='ocrx_word' id='word_1_761' title='bbox 1488 5113 1686 5185; x_wconf 67' lang='lat' dir='ltr'><strong>(Exod.</strong></span> <span class='ocrx_word' id='word_1_762' title='bbox 1719 5114 1912 5187; x_wconf 87' lang='lat' dir='ltr'><strong>xxxu).</strong></span> <span class='ocrx_word' id='word_1_763' title='bbox 1957 5116 2076 5205; x_wconf 31' lang='lat' dir='ltr'><strong>E&#39;.”</strong></span> 
     </span>
    </p>
   </div>
   <div class='ocr_carea' id='block_1_100' title="bbox 447 5203 2024 5274">
    <p class='ocr_par' dir='ltr' id='par_1_100' title="bbox 447 5203 2024 5274">
     <span class='ocr_line' id='line_1_100' title="bbox 447 5203 2024 5274; baseline -0.001 -13"><span class='ocrx_word' id='word_1_764' title='bbox 447 5207 504 5261; x_wconf 91' lang='lat' dir='ltr'><strong>in</strong></span> <span class='ocrx_word' id='word_1_765' title='bbox 542 5205 682 5262; x_wconf 90' lang='lat' dir='ltr'><strong>libro</strong></span> <span class='ocrx_word' id='word_1_766' title='bbox 727 5204 979 5262; x_wconf 70' lang='lat' dir='ltr'><strong>Iudicum</strong></span> <span class='ocrx_word' id='word_1_767' title='bbox 1009 5203 1227 5260; x_wconf 89' lang='lat' dir='ltr'><strong>Gedeon</strong></span> <span class='ocrx_word' id='word_1_768' title='bbox 1277 5204 1342 5259; x_wconf 89' lang='lat' dir='ltr'><strong>ad</strong></span> <span class='ocrx_word' id='word_1_769' title='bbox 1390 5203 1641 5274; x_wconf 88' lang='lat' dir='ltr'><strong>populum</strong></span> <span class='ocrx_word' id='word_1_770' title='bbox 1685 5205 1862 5259; x_wconf 86' lang='lat' dir='ltr'><strong>dixit:</strong></span> <span class='ocrx_word' id='word_1_771' title='bbox 1890 5205 2024 5260; x_wconf 87' lang='lat' dir='ltr'><strong>Date</strong></span> 
     </span>
    </p>
   </div>
   <div class='ocr_carea' id='block_1_101' title="bbox 447 5294 2024 5368">
    <p class='ocr_par' dir='ltr' id='par_1_101' title="bbox 447 5294 2024 5368">
     <span class='ocr_line' id='line_1_101' title="bbox 447 5294 2024 5368; baseline -0.001 -16"><span class='ocrx_word' id='word_1_772' title='bbox 447 5298 576 5352; x_wconf 87' lang='lat' dir='ltr'><strong>mihi</strong></span> <span class='ocrx_word' id='word_1_773' title='bbox 609 5299 822 5352; x_wconf 86' lang='lat' dir='ltr'><strong>inaures</strong></span> <span class='ocrx_word' id='word_1_774' title='bbox 857 5313 922 5352; x_wconf 75' lang='lat' dir='ltr'><strong>ea;</strong></span> <span class='ocrx_word' id='word_1_775' title='bbox 962 5295 1146 5368; x_wconf 69' lang='lat' dir='ltr'><strong>praeda</strong></span> <span class='ocrx_word' id='word_1_776' title='bbox 1185 5305 1353 5350; x_wconf 77' lang='lat' dir='ltr'><strong>uestra</strong></span> <span class='ocrx_word' id='word_1_777' title='bbox 1405 5295 1556 5367; x_wconf 85' lang='lat' dir='ltr'><strong>(Jud.</strong></span> <span class='ocrx_word' id='word_1_778' title='bbox 1599 5295 1740 5368; x_wconf 88' lang='lat' dir='ltr'><strong>vm).</strong></span> <span class='ocrx_word' id='word_1_779' title='bbox 1805 5294 2024 5351; x_wconf 87' lang='lat' dir='ltr'><strong>Inaures</strong></span> 
     </span>
    </p>
   </div>
   <div class='ocr_carea' id='block_1_102' title="bbox 449 5386 2026 5452">
    <p class='ocr_par' dir='ltr' id='par_1_102' title="bbox 449 5386 2026 5452">
     <span class='ocr_line' id='line_1_102' title="bbox 449 5386 2026 5452; baseline 0 -10"><span class='ocrx_word' id='word_1_780' title='bbox 449 5388 596 5442; x_wconf 89' lang='lat' dir='ltr'><strong>enim</strong></span> <span class='ocrx_word' id='word_1_781' title='bbox 626 5402 820 5443; x_wconf 88' lang='lat' dir='ltr'><strong>aureas</strong></span> <span class='ocrx_word' id='word_1_782' title='bbox 853 5386 1152 5452; x_wconf 71' lang='lat' dir='ltr'><strong>Ismaelitae,</strong></span> <span class='ocrx_word' id='word_1_783' title='bbox 1195 5386 1246 5441; x_wconf 91' lang='lat' dir='ltr'><strong>id</strong></span> <span class='ocrx_word' id='word_1_784' title='bbox 1287 5395 1372 5442; x_wconf 91' lang='lat' dir='ltr'><strong>est</strong></span> <span class='ocrx_word' id='word_1_785' title='bbox 1419 5386 1732 5442; x_wconf 75' lang='lat' dir='ltr'><strong>obedientes</strong></span> <span class='ocrx_word' id='word_1_786' title='bbox 1793 5387 1894 5442; x_wconf 86' lang='lat' dir='ltr'><strong>sibi</strong></span> <span class='ocrx_word' id='word_1_787' title='bbox 1936 5387 2026 5442; x_wconf 91' lang='lat' dir='ltr'><strong>ha-</strong></span> 
     </span>
    </p>
   </div>
   <div class='ocr_carea' id='block_1_103' title="bbox 450 5472 2026 5548">
    <p class='ocr_par' dir='ltr' id='par_1_103' title="bbox 450 5472 2026 5548">
     <span class='ocr_line' id='line_1_103' title="bbox 450 5472 2026 5548; baseline 0 -16"><span class='ocrx_word' id='word_1_788' title='bbox 450 5475 580 5532; x_wconf 88' lang='lat' dir='ltr'><strong>bere</strong></span> <span class='ocrx_word' id='word_1_789' title='bbox 624 5486 1038 5533; x_wconf 85' lang='lat' dir='ltr'><strong>consueverunt.</strong></span> <span class='ocrx_word' id='word_1_790' title='bbox 1095 5477 1166 5532; x_wconf 84' lang='lat' dir='ltr'><strong>Et</strong></span> <span class='ocrx_word' id='word_1_791' title='bbox 1208 5486 1329 5547; x_wconf 91' lang='lat' dir='ltr'><strong>post</strong></span> <span class='ocrx_word' id='word_1_792' title='bbox 1388 5491 1580 5548; x_wconf 88' lang='lat' dir='ltr'><strong>pauca,</strong></span> <span class='ocrx_word' id='word_1_793' title='bbox 1614 5472 2026 5548; x_wconf 82' lang='lat' dir='ltr'><strong>Fornicatusque</strong></span> 
     </span>
    </p>
   </div>
   <div class='ocr_carea' id='block_1_104' title="bbox 443 5566 2020 5642">
    <p class='ocr_par' dir='ltr' id='par_1_104' title="bbox 443 5566 2020 5642">
     <span class='ocr_line' id='line_1_104' title="bbox 443 5566 2020 5642; baseline 0.002 -21"><span class='ocrx_word' id='word_1_794' title='bbox 443 5576 528 5622; x_wconf 78' lang='lat' dir='ltr'><strong>est</strong></span> <span class='ocrx_word' id='word_1_795' title='bbox 557 5607 576 5636; x_wconf 89' lang='lat'><strong>,</strong></span> <span class='ocrx_word' id='word_1_796' title='bbox 629 5567 823 5638; x_wconf 84' lang='lat' dir='ltr'><strong>inquit,</strong></span> <span class='ocrx_word' id='word_1_797' title='bbox 873 5568 1046 5624; x_wconf 85' lang='lat' dir='ltr'><strong>Israel</strong></span> <span class='ocrx_word' id='word_1_798' title='bbox 1104 5571 1160 5623; x_wconf 88' lang='lat' dir='ltr'><strong>in</strong></span> <span class='ocrx_word' id='word_1_799' title='bbox 1208 5586 1266 5623; x_wconf 90' lang='lat' dir='ltr'><strong>eo</strong></span> <span class='ocrx_word' id='word_1_800' title='bbox 1314 5566 1522 5642; x_wconf 83' lang='lat' dir='ltr'><strong>(lbid.).</strong></span> <span class='ocrx_word' id='word_1_801' title='bbox 1577 5568 1820 5638; x_wconf 87' lang='lat' dir='ltr'><strong>Torques</strong></span> <span class='ocrx_word' id='word_1_802' title='bbox 1879 5584 2020 5640; x_wconf 66' lang='lat' dir='ltr'><strong>prae-</strong></span> 
     </span>
    </p>
   </div>
   <div class='ocr_carea' id='block_1_105' title="bbox 451 5657 2013 5732">
    <p class='ocr_par' dir='ltr' id='par_1_105' title="bbox 451 5657 2013 5732">
     <span class='ocr_line' id='line_1_105' title="bbox 451 5657 2013 5732; baseline 0.004 -20"><span class='ocrx_word' id='word_1_803' title='bbox 451 5657 738 5714; x_wconf 87' lang='lat' dir='ltr'><strong>dicationis</strong></span> <span class='ocrx_word' id='word_1_804' title='bbox 806 5658 971 5714; x_wconf 79' lang='lat' dir='ltr'><strong>decus</strong></span> <span class='ocrx_word' id='word_1_805' title='bbox 1023 5659 1384 5732; x_wconf 81' lang='lat' dir='ltr'><strong>intelligitur,</strong></span> <span class='ocrx_word' id='word_1_806' title='bbox 1439 5669 1498 5716; x_wconf 93' lang='lat' dir='ltr'><strong>ut</strong></span> <span class='ocrx_word' id='word_1_807' title='bbox 1553 5661 1605 5714; x_wconf 91' lang='lat' dir='ltr'><strong>in</strong></span> <span class='ocrx_word' id='word_1_808' title='bbox 1679 5660 2013 5719; x_wconf 82' lang='lat' dir='ltr'><strong>Ezechiele:</strong></span> 
     </span>
    </p>
   </div>
   <div class='ocr_carea' id='block_1_106' title="bbox 2127 4567 3698 4641">
    <p class='ocr_par' dir='ltr' id='par_1_106' title="bbox 2127 4567 3698 4641">
     <span class='ocr_line' id='line_1_106' title="bbox 2127 4567 3698 4641; baseline 0.005 -21"><span class='ocrx_word' id='word_1_809' title='bbox 2127 4568 2408 4624; x_wconf 90' lang='lat' dir='ltr'><strong>virtutum.</strong></span> <span class='ocrx_word' id='word_1_810' title='bbox 2461 4567 2532 4624; x_wconf 86' lang='lat' dir='ltr'><strong>Et</strong></span> <span class='ocrx_word' id='word_1_811' title='bbox 2573 4568 2628 4623; x_wconf 88' lang='lat' dir='ltr'><strong>in</strong></span> <span class='ocrx_word' id='word_1_812' title='bbox 2677 4567 2839 4624; x_wconf 88' lang='lat' dir='ltr'><strong>aliam</strong></span> <span class='ocrx_word' id='word_1_813' title='bbox 2865 4580 3074 4640; x_wconf 89' lang='lat' dir='ltr'><strong>partem</strong></span> <span class='ocrx_word' id='word_1_814' title='bbox 3105 4570 3266 4626; x_wconf 88' lang='lat' dir='ltr'><strong>baltei</strong></span> <span class='ocrx_word' id='word_1_815' title='bbox 3292 4571 3617 4641; x_wconf 81' lang='lat' dir='ltr'><strong>signiﬁcatio</strong></span> <span class='ocrx_word' id='word_1_816' title='bbox 3645 4574 3698 4628; x_wconf 88' lang='lat' dir='ltr'><strong>in</strong></span> 
     </span>
    </p>
   </div>
   <div class='ocr_carea' id='block_1_107' title="bbox 2125 4660 3696 4734">
    <p class='ocr_par' dir='ltr' id='par_1_107' title="bbox 2125 4660 3696 4734">
     <span class='ocr_line' id='line_1_107' title="bbox 2125 4660 3696 4734; baseline 0 -18"><span class='ocrx_word' id='word_1_817' title='bbox 2125 4660 2248 4727; x_wconf 87' lang='lat' dir='ltr'><strong>Job,</strong></span> <span class='ocrx_word' id='word_1_818' title='bbox 2275 4662 2367 4717; x_wconf 90' lang='lat' dir='ltr'><strong>ubi</strong></span> <span class='ocrx_word' id='word_1_819' title='bbox 2393 4661 2587 4732; x_wconf 87' lang='lat' dir='ltr'><strong>legitur</strong></span> <span class='ocrx_word' id='word_1_820' title='bbox 2615 4675 2633 4712; x_wconf 88' lang='lat'><strong><em>:</em></strong></span> <span class='ocrx_word' id='word_1_821' title='bbox 2661 4660 2905 4714; x_wconf 88' lang='lat' dir='ltr'><strong>Balteum</strong></span> <span class='ocrx_word' id='word_1_822' title='bbox 2951 4677 3128 4731; x_wconf 87' lang='lat' dir='ltr'><strong>regum</strong></span> <span class='ocrx_word' id='word_1_823' title='bbox 3167 4660 3428 4724; x_wconf 83' lang='lat' dir='ltr'><strong>dissolvet,</strong></span> <span class='ocrx_word' id='word_1_824' title='bbox 3479 4674 3526 4716; x_wconf 89' lang='lat' dir='ltr'><strong>et</strong></span> <span class='ocrx_word' id='word_1_825' title='bbox 3568 4679 3696 4734; x_wconf 53' lang='lat' dir='ltr'><strong>pra»</strong></span> 
     </span>
    </p>
   </div>
   <div class='ocr_carea' id='block_1_108' title="bbox 2127 4753 3692 4828">
    <p class='ocr_par' dir='ltr' id='par_1_108' title="bbox 2127 4753 3692 4828">
     <span class='ocr_line' id='line_1_108' title="bbox 2127 4753 3692 4828; baseline 0.003 -18"><span class='ocrx_word' id='word_1_826' title='bbox 2127 4757 2294 4828; x_wconf 89' lang='lat' dir='ltr'><strong>cinget</strong></span> <span class='ocrx_word' id='word_1_827' title='bbox 2341 4755 2466 4827; x_wconf 77' lang='lat' dir='ltr'><strong>fune</strong></span> <span class='ocrx_word' id='word_1_828' title='bbox 2504 4771 2650 4810; x_wconf 87' lang='lat' dir='ltr'><strong>renes</strong></span> <span class='ocrx_word' id='word_1_829' title='bbox 2703 4771 2883 4809; x_wconf 86' lang='lat' dir='ltr'><strong>eorum</strong></span> <span class='ocrx_word' id='word_1_830' title='bbox 2929 4753 3072 4827; x_wconf 80' lang='lat' dir='ltr'><strong>(Job.</strong></span> <span class='ocrx_word' id='word_1_831' title='bbox 3101 4754 3220 4818; x_wconf 86' lang='lat' dir='ltr'><strong>xu).</strong></span> <span class='ocrx_word' id='word_1_832' title='bbox 3269 4756 3418 4812; x_wconf 83' lang='lat' dir='ltr'><strong>Zona</strong></span> <span class='ocrx_word' id='word_1_833' title='bbox 3451 4755 3692 4815; x_wconf 71' lang='lat' dir='ltr'><strong>Gnaeum</strong></span> 
     </span>
    </p>
   </div>
   <div class='ocr_carea' id='block_1_109' title="bbox 2127 4845 3689 4922">
    <p class='ocr_par' dir='ltr' id='par_1_109' title="bbox 2127 4845 3689 4922">
     <span class='ocr_line' id='line_1_109' title="bbox 2127 4845 3689 4922; baseline 0.003 -18"><span class='ocrx_word' id='word_1_834' title='bbox 2127 4856 2232 4914; x_wconf 89' lang='lat' dir='ltr'><strong>est,</strong></span> <span class='ocrx_word' id='word_1_835' title='bbox 2258 4862 2421 4918; x_wconf 88' lang='lat' dir='ltr'><strong>quam</strong></span> <span class='ocrx_word' id='word_1_836' title='bbox 2469 4847 2544 4903; x_wconf 92' lang='lat' dir='ltr'><strong>illi</strong></span> <span class='ocrx_word' id='word_1_837' title='bbox 2572 4845 2850 4911; x_wconf 87' lang='lat' dir='ltr'><strong>zonarion,</strong></span> <span class='ocrx_word' id='word_1_838' title='bbox 2882 4862 2981 4902; x_wconf 89' lang='lat' dir='ltr'><strong>nos</strong></span> <span class='ocrx_word' id='word_1_839' title='bbox 3011 4847 3280 4916; x_wconf 86' lang='lat' dir='ltr'><strong>cingulum</strong></span> <span class='ocrx_word' id='word_1_840' title='bbox 3306 4865 3689 4922; x_wconf 88' lang='lat' dir='ltr'><strong>nuncupamus.</strong></span> 
     </span>
    </p>
   </div>
   <div class='ocr_carea' id='block_1_110' title="bbox 2130 4935 3693 5011">
    <p class='ocr_par' dir='ltr' id='par_1_110' title="bbox 2130 4935 3693 5011">
     <span class='ocr_line' id='line_1_110' title="bbox 2130 4935 3693 5011; baseline 0.004 -19"><span class='ocrx_word' id='word_1_841' title='bbox 2130 4937 2444 5008; x_wconf 87' lang='lat' dir='ltr'><strong>Strepbium</strong></span> <span class='ocrx_word' id='word_1_842' title='bbox 2493 4945 2580 4991; x_wconf 89' lang='lat' dir='ltr'><strong>est</strong></span> <span class='ocrx_word' id='word_1_843' title='bbox 2620 4935 2894 5008; x_wconf 87' lang='lat' dir='ltr'><strong>cingulum</strong></span> <span class='ocrx_word' id='word_1_844' title='bbox 2923 4952 3145 4992; x_wconf 89' lang='lat' dir='ltr'><strong>aureum</strong></span> <span class='ocrx_word' id='word_1_845' title='bbox 3175 4953 3298 4992; x_wconf 92' lang='lat' dir='ltr'><strong>cum</strong></span> <span class='ocrx_word' id='word_1_846' title='bbox 3336 4943 3584 5011; x_wconf 88' lang='lat' dir='ltr'><strong>gemmis,</strong></span> <span class='ocrx_word' id='word_1_847' title='bbox 3633 4943 3693 4998; x_wconf 88' lang='lat' dir='ltr'><strong>de</strong></span> 
     </span>
    </p>
   </div>
   <div class='ocr_carea' id='block_1_111' title="bbox 2131 5027 3690 5104">
    <p class='ocr_par' dir='ltr' id='par_1_111' title="bbox 2131 5027 3690 5104">
     <span class='ocr_line' id='line_1_111' title="bbox 2131 5027 3690 5104; baseline 0.004 -22"><span class='ocrx_word' id='word_1_848' title='bbox 2131 5044 2234 5100; x_wconf 82' lang='lat' dir='ltr'><strong>quo</strong></span> <span class='ocrx_word' id='word_1_849' title='bbox 2277 5029 2355 5084; x_wconf 88' lang='lat' dir='ltr'><strong>ait</strong></span> <span class='ocrx_word' id='word_1_850' title='bbox 2390 5027 2565 5084; x_wconf 87' lang='lat' dir='ltr'><strong>Cinna</strong></span> <span class='ocrx_word' id='word_1_851' title='bbox 2599 5046 2612 5083; x_wconf 91' lang='lat'><strong>:</strong></span> <span class='ocrx_word' id='word_1_852' title='bbox 2645 5027 2888 5099; x_wconf 85' lang='lat' dir='ltr'><strong>Strophio</strong></span> <span class='ocrx_word' id='word_1_853' title='bbox 2923 5027 3168 5084; x_wconf 84' lang='lat' dir='ltr'><strong>lactentes</strong></span> <span class='ocrx_word' id='word_1_854' title='bbox 3215 5031 3386 5084; x_wconf 88' lang='lat' dir='ltr'><strong>cincta</strong></span> <span class='ocrx_word' id='word_1_855' title='bbox 3434 5035 3690 5104; x_wconf 85' lang='lat' dir='ltr'><strong>papillas:</strong></span> 
     </span>
    </p>
   </div>
   <div class='ocr_carea' id='block_1_112' title="bbox 2128 5118 3694 5198">
    <p class='ocr_par' dir='ltr' id='par_1_112' title="bbox 2128 5118 3694 5198">
     <span class='ocr_line' id='line_1_112' title="bbox 2128 5118 3694 5198; baseline 0.004 -24"><span class='ocrx_word' id='word_1_856' title='bbox 2128 5119 2220 5174; x_wconf 89' lang='lat' dir='ltr'><strong>sed</strong></span> <span class='ocrx_word' id='word_1_857' title='bbox 2251 5119 2604 5175; x_wconf 87' lang='lat' dir='ltr'><strong>Prudentius:</strong></span> <span class='ocrx_word' id='word_1_858' title='bbox 2634 5137 2652 5170; x_wconf 79' lang='grc' dir='ltr'><strong>ι</strong></span> <span class='ocrx_word' id='word_1_859' title='bbox 2683 5118 2886 5174; x_wconf 86' lang='lat' dir='ltr'><strong>Nomen</strong></span> <span class='ocrx_word' id='word_1_860' title='bbox 2909 5119 3012 5175; x_wconf 92' lang='lat' dir='ltr'><strong>hoc</strong></span> <span class='ocrx_word' id='word_1_861' title='bbox 3038 5135 3262 5190; x_wconf 79' lang='lat' dir='ltr'><strong>gemma:</strong></span> <span class='ocrx_word' id='word_1_862' title='bbox 3282 5125 3524 5192; x_wconf 89' lang='lat' dir='ltr'><strong>strophio</strong></span> <span class='ocrx_word' id='word_1_863' title='bbox 3541 5125 3694 5198; x_wconf 81' lang='lat' dir='ltr'><strong>illiga-</strong></span> 
     </span>
    </p>
   </div>
   <div class='ocr_carea' id='block_1_113' title="bbox 2133 5207 3690 5284">
    <p class='ocr_par' dir='ltr' id='par_1_113' title="bbox 2133 5207 3690 5284">
     <span class='ocr_line' id='line_1_113' title="bbox 2133 5207 3690 5284; baseline 0.003 -20"><span class='ocrx_word' id='word_1_864' title='bbox 2133 5218 2244 5264; x_wconf 92' lang='lat' dir='ltr'><strong>tum</strong></span> <span class='ocrx_word' id='word_1_865' title='bbox 2259 5221 2360 5264; x_wconf 87' lang='lat' dir='ltr'><strong>est.</strong></span> <span class='ocrx_word' id='word_1_866' title='bbox 2373 5208 2551 5263; x_wconf 66' lang='lat' dir='ltr'><strong>iZona</strong></span> <span class='ocrx_word' id='word_1_867' title='bbox 2566 5208 2710 5264; x_wconf 90' lang='lat' dir='ltr'><strong>enim</strong></span> <span class='ocrx_word' id='word_1_868' title='bbox 2733 5207 3000 5280; x_wconf 77' lang='lat' dir='ltr'><strong>significat</strong></span> <span class='ocrx_word' id='word_1_869' title='bbox 3021 5208 3490 5266; x_wconf 81' lang='lat' dir='ltr'><strong>mortiﬁcationem</strong></span> <span class='ocrx_word' id='word_1_870' title='bbox 3514 5229 3690 5284; x_wconf 46' lang='lat' dir='ltr'><strong>corpo‘</strong></span> 
     </span>
    </p>
   </div>
   <div class='ocr_carea' id='block_1_114' title="bbox 2129 5297 3693 5376">
    <p class='ocr_par' dir='ltr' id='par_1_114' title="bbox 2129 5297 3693 5376">
     <span class='ocr_line' id='line_1_114' title="bbox 2129 5297 3693 5376; baseline 0.004 -23"><span class='ocrx_word' id='word_1_871' title='bbox 2129 5300 2203 5354; x_wconf 83' lang='lat' dir='ltr'><strong>ris</strong></span> <span class='ocrx_word' id='word_1_872' title='bbox 2220 5318 2232 5353; x_wconf 91' lang='lat'><strong>:</strong></span> <span class='ocrx_word' id='word_1_873' title='bbox 2252 5300 2394 5354; x_wconf 90' lang='lat' dir='ltr'><strong>unde</strong></span> <span class='ocrx_word' id='word_1_874' title='bbox 2406 5298 2472 5355; x_wconf 89' lang='lat' dir='ltr'><strong>de</strong></span> <span class='ocrx_word' id='word_1_875' title='bbox 2483 5297 2688 5355; x_wconf 80' lang='lat' dir='ltr'><strong>Joanne</strong></span> <span class='ocrx_word' id='word_1_876' title='bbox 2706 5299 2944 5370; x_wconf 88' lang='lat' dir='ltr'><strong>Baptista</strong></span> <span class='ocrx_word' id='word_1_877' title='bbox 2961 5300 3014 5354; x_wconf 92' lang='lat' dir='ltr'><strong>in</strong></span> <span class='ocrx_word' id='word_1_878' title='bbox 3034 5300 3324 5373; x_wconf 87' lang='lat' dir='ltr'><strong>Evangelio</strong></span> <span class='ocrx_word' id='word_1_879' title='bbox 3339 5305 3536 5376; x_wconf 80' lang='lat' dir='ltr'><strong>legitur</strong></span> <span class='ocrx_word' id='word_1_880' title='bbox 3551 5325 3564 5360; x_wconf 74' lang='grc' dir='ltr'><em>τ</em></span> <span class='ocrx_word' id='word_1_881' title='bbox 3582 5305 3693 5376; x_wconf 82' lang='lat' dir='ltr'><strong>Ipse</strong></span> 
     </span>
    </p>
   </div>
   <div class='ocr_carea' id='block_1_115' title="bbox 2125 5388 3690 5464">
    <p class='ocr_par' dir='ltr' id='par_1_115' title="bbox 2125 5388 3690 5464">
     <span class='ocr_line' id='line_1_115' title="bbox 2125 5388 3690 5464; baseline 0.005 -22"><span class='ocrx_word' id='word_1_882' title='bbox 2125 5399 2298 5444; x_wconf 89' lang='lat' dir='ltr'><strong>autem</strong></span> <span class='ocrx_word' id='word_1_883' title='bbox 2343 5388 2577 5445; x_wconf 78' lang='lat' dir='ltr'><strong>Joannes</strong></span> <span class='ocrx_word' id='word_1_884' title='bbox 2620 5391 2840 5444; x_wconf 77' lang='lat' dir='ltr'><strong>habebat</strong></span> <span class='ocrx_word' id='word_1_885' title='bbox 2893 5393 3251 5447; x_wconf 81' lang='lat' dir='ltr'><strong>vestimentum</strong></span> <span class='ocrx_word' id='word_1_886' title='bbox 3279 5393 3344 5448; x_wconf 86' lang='lat' dir='ltr'><strong>de</strong></span> <span class='ocrx_word' id='word_1_887' title='bbox 3367 5393 3486 5464; x_wconf 82' lang='lat' dir='ltr'><strong>pilis</strong></span> <span class='ocrx_word' id='word_1_888' title='bbox 3527 5412 3690 5450; x_wconf 80' lang='lat' dir='ltr'><strong>cante-</strong></span> 
     </span>
    </p>
   </div>
   <div class='ocr_carea' id='block_1_116' title="bbox 2123 5475 3691 5550">
    <p class='ocr_par' dir='ltr' id='par_1_116' title="bbox 2123 5475 3691 5550">
     <span class='ocr_line' id='line_1_116' title="bbox 2123 5475 3691 5550; baseline 0.004 -19"><span class='ocrx_word' id='word_1_889' title='bbox 2123 5475 2318 5545; x_wconf 88' lang='lat' dir='ltr'><strong>lorum,</strong></span> <span class='ocrx_word' id='word_1_890' title='bbox 2375 5489 2422 5534; x_wconf 91' lang='lat' dir='ltr'><strong>et</strong></span> <span class='ocrx_word' id='word_1_891' title='bbox 2479 5496 2612 5534; x_wconf 79' lang='lat' dir='ltr'><strong>sana</strong></span> <span class='ocrx_word' id='word_1_892' title='bbox 2664 5479 2880 5550; x_wconf 85' lang='lat' dir='ltr'><strong>pellicea</strong></span> <span class='ocrx_word' id='word_1_893' title='bbox 2933 5482 3073 5535; x_wconf 86' lang='lat' dir='ltr'><strong>circa</strong></span> <span class='ocrx_word' id='word_1_894' title='bbox 3121 5481 3322 5538; x_wconf 84' lang='lat' dir='ltr'><strong>lumbos</strong></span> <span class='ocrx_word' id='word_1_895' title='bbox 3375 5501 3498 5538; x_wconf 87' lang='lat' dir='ltr'><strong>suos</strong></span> <span class='ocrx_word' id='word_1_896' title='bbox 3535 5503 3554 5540; x_wconf 88' lang='lat'><strong><em>:</em></strong></span> <span class='ocrx_word' id='word_1_897' title='bbox 3582 5502 3691 5539; x_wconf 81' lang='lat' dir='ltr'><strong>esca</strong></span> 
     </span>
    </p>
   </div>
   <div class='ocr_carea' id='block_1_117' title="bbox 2123 5569 3688 5646">
    <p class='ocr_par' dir='ltr' id='par_1_117' title="bbox 2123 5569 3688 5646">
     <span class='ocr_line' id='line_1_117' title="bbox 2123 5569 3688 5646; baseline 0.004 -24"><span class='ocrx_word' id='word_1_898' title='bbox 2123 5578 2296 5623; x_wconf 88' lang='lat' dir='ltr'><strong>autem</strong></span> <span class='ocrx_word' id='word_1_899' title='bbox 2342 5569 2459 5639; x_wconf 85' lang='lat' dir='ltr'><strong>ejus</strong></span> <span class='ocrx_word' id='word_1_900' title='bbox 2495 5579 2607 5623; x_wconf 88' lang='lat' dir='ltr'><strong>erat</strong></span> <span class='ocrx_word' id='word_1_901' title='bbox 2641 5569 2840 5624; x_wconf 87' lang='lat' dir='ltr'><strong>locusta</strong></span> <span class='ocrx_word' id='word_1_902' title='bbox 2870 5579 2918 5624; x_wconf 91' lang='lat' dir='ltr'><strong>et</strong></span> <span class='ocrx_word' id='word_1_903' title='bbox 2943 5571 3046 5626; x_wconf 89' lang='lat' dir='ltr'><strong>mel</strong></span> <span class='ocrx_word' id='word_1_904' title='bbox 3071 5572 3304 5628; x_wconf 82' lang='lat' dir='ltr'><strong>silvestre</strong></span> <span class='ocrx_word' id='word_1_905' title='bbox 3341 5574 3557 5645; x_wconf 73' lang='lat' dir='ltr'><strong>(Matth.</strong></span> <span class='ocrx_word' id='word_1_906' title='bbox 3591 5579 3688 5646; x_wconf 87' lang='grc' dir='ltr'>ιιι).</span> 
     </span>
    </p>
   </div>
   <div class='ocr_carea' id='block_1_118' title="bbox 2122 5660 3688 5730">
    <p class='ocr_par' dir='ltr' id='par_1_118' title="bbox 2122 5660 3688 5730">
     <span class='ocr_line' id='line_1_118' title="bbox 2122 5660 3688 5730; baseline 0.008 -12"><span class='ocrx_word' id='word_1_907' title='bbox 2122 5661 2262 5718; x_wconf 87' lang='lat' dir='ltr'><strong>Ecce</strong></span> <span class='ocrx_word' id='word_1_908' title='bbox 2304 5663 2357 5716; x_wconf 86' lang='lat' dir='ltr'><strong>in</strong></span> <span class='ocrx_word' id='word_1_909' title='bbox 2404 5660 2611 5718; x_wconf 81' lang='lat' dir='ltr'><strong>Joanne</strong></span> <span class='ocrx_word' id='word_1_910' title='bbox 2643 5664 2822 5721; x_wconf 89' lang='lat' dir='ltr'><strong>vilitas</strong></span> <span class='ocrx_word' id='word_1_911' title='bbox 2848 5665 2950 5721; x_wconf 89' lang='lat' dir='ltr'><strong>cibi</strong></span> <span class='ocrx_word' id='word_1_912' title='bbox 2996 5676 3048 5722; x_wconf 92' lang='lat' dir='ltr'><strong>ct</strong></span> <span class='ocrx_word' id='word_1_913' title='bbox 3079 5669 3384 5724; x_wconf 84' lang='lat' dir='ltr'><strong>vestimenti</strong></span> <span class='ocrx_word' id='word_1_914' title='bbox 3432 5669 3688 5730; x_wconf 79' lang='lat' dir='ltr'><strong>laudatur.</strong></span> 
     </span>
    </p>
   </div>
  </div>
