3950 6192
322 343 432 403 583

1325 345 1413 408 DE
1449 344 1794 412 Umvuuso
1831 348 2014 412 1.th
2052 349 2214 415 'xxu.
2247 391 2313 401 -—
2351 351 2480 417 UB.
2519 354 2661 417 XXI.

3491 377 3592 432 588

320 474 557 528 quorum
571 459 889 513 exercitatio
910 459 966 513 in
989 459 1154 516 divite
1176 461 1452 531 arguitur;
1480 475 1526 518 et
1540 465 1681 535 pilis,
1708 468 1902 536 inquit,
1932 471 1981 531 Α
2009 470 2138 523 setis
2176 481 2354 536 suant,
2388 472 2437 527 id
2483 484 2587 539 est,
2629 488 2912 542 consnant,
2945 483 3098 549 quasi
3124 494 3348 543 setores.
3381 489 3591 562 Caliga-

317 550 568 613 habebat,
605 550 804 604 nonde
839 551 992 615 lana;
1035 553 1159 622 quia
1191 553 1336 608 aliud
1376 565 1607 612 austerae
1633 560 1796 613 vestis
1828 561 1906 612 in-

317 642 524 695 dicium
548 651 654 706 est,
683 641 827 695 aliud
858 641 1080 697 luxuria:
1104 644 1384 701 mollioris.
1418 647 1562 701 Zona
1588 659 1765 704 autem
1789 649 1903 720 pcl-

316 731 478 796 licca,
523 747 632 800 qua
687 732 965 788 accinctus
1005 733 1108 788 fuit
1153 744 1208 791 et
1253 736 1424 804 Elias,
1474 737 1905 798 mortiﬁcationis

313 822 624 894 symbolum
648 831 754 878 est.
783 823 953 880 Porro
971 827 1115 895 quod
1138 829 1382 899 sequitur
1415 849 1427 884 :
1457 848 1574 886 esca
1601 845 1774 888 autem
1789 837 1903 908 ejus

310 926 428 971 erat
444 915 667 969 locusta:
713 926 762 969 et
803 916 903 971 mel
943 918 1175 974 silvestre
1215 938 1233 974 :
1274 923 1564 980 habitatori
1597 927 1901 985 solitudinis

309 1023 613 1078 congruum
645 1005 743 1061 fuit
778 1027 790 1060 :
822 1017 879 1062 ut
909 1023 1014 1064 non
1052 1009 1271 1066 delicias
1303 1013 1568 1082 ciborum,
1593 1019 1686 1073 sed
1711 1035 1900 1076 neces-

309 1102 532 1156 sitatem
564 1101 813 1155 humana:
839 1102 1021 1156 carnis
1062 1103 1321 1170 expleret.
1364 1105 1758 1164 Redimiculum
1790 1123 1896 1177 est,

308 1192 454 1261 quod
497 1193 919 1247 succinctorium
946 1194 1060 1249 sive
1088 1197 1292 1251 bracile
1327 1214 1718 1270 nuncupamus,
1753 1205 1896 1273 quod

307 1282 646 1336 descendens
658 1297 754 1352 per
774 1285 1066 1351 cervicem,
1089 1295 1144 1342 et
1169 1305 1197 1342 a
1217 1289 1474 1346 lateribus
1496 1293 1618 1348 colli
1641 1295 1894 1362 divisum,

307 1384 663 1443 utrarumque
691 1375 897 1430 alarum
915 1379 1064 1432 sinus
1088 1381 1258 1435 ambit
1282 1393 1442 1452 atque
1472 1386 1598 1440 hinc
1620 1387 1742 1443 inde
1773 1405 1895 1445 suc-

304 1467 497 1537 cingit,
525 1476 585 1520 ut
608 1469 983 1540 constringens
1009 1471 1372 1542 latitudinem,
1401 1487 1580 1534 vestes
1607 1481 1674 1535 ad
1697 1496 1894 1552 corpus

304 1557 619 1624 contrahat,
655 1567 818 1628 atque
857 1559 1228 1632 conjungendo
1255 1577 1566 1636 componat.
1599 1569 1712 1626 Hoc
1734 1572 1892 1645 vulgo

302 1650 510 1706 bracile
539 1651 693 1721 quasi
741 1652 1015 1709 brachiale
1057 1655 1276 1722 dicunt;
1315 1662 1563 1728 quamvis
1603 1678 1746 1719 nunc
1780 1680 1888 1720 non

301 1741 677 1807 brachiorum,
706 1743 801 1798 sed
836 1760 1024 1799 renum
1055 1746 1126 1802 sit
1159 1749 1451 1818 cingulum.
1481 1751 1650 1822 llujus
1672 1754 1888 1810 habitus

297 1833 750 1889 consuetudinem
777 1837 1028 1890 monachi
1070 1837 1374 1894 habuerunt
1396 1841 1449 1894 in
1475 1840 1713 1914 .lEgypto
1733 1860 1885 1900 com-
1912 1839 1958 1898 B

299 1931 598 1987 morantes,
630 1922 704 1976 ita
731 1932 790 1978 ut
817 1923 1053 1980 brachiis
1085 1926 1299 1998 impigri
1327 1930 1394 1985 ad
1420 1947 1582 1988 omne
1613 1948 1764 2004 opus,
1794 1949 1888 1990 ex-

297 2015 580 2086 peditique
607 2017 981 2084 redderentur,
1011 2019 1138 2075 illud
1159 2022 1400 2092 Apostoli
1421 2035 1750 2095 praaceptum
1776 2036 1889 2084 stu-

298 2109 488 2161 dentes
515 2108 663 2161 omui
687 2107 886 2162 virtute
911 2109 1218 2180 complere:
1243 2111 1382 2178 Quia
1410 2131 1512 2170 non
1540 2116 1709 2170 solum
1735 2118 1881 2183 mihi,

295 2196 388 2249 sed
413 2198 577 2250 etiam
605 2197 687 2251 Itis
709 2200 798 2269 qui
819 2215 1019 2254 mecum
1049 2213 1219 2270 erant,
1242 2205 1670 2262 ministraverunt
1697 2227 1886 2265 manus

293 2287 408 2341 ista:
432 2300 454 2338 :
493 2303 656 2358 neque
680 2305 867 2358 panem
900 2290 964 2343 ab
1003 2291 1180 2363 aliquo
1210 2296 1375 2364 gratis
1431 2298 1880 2366 manducavimus,

291 2381 382 2434 sed
411 2381 467 2433 in
502 2379 680 2434 labore
704 2390 750 2434 et
775 2381 1085 2452 fatigatione
1114 2398 1262 2441 nocte
1284 2405 1347 2442 ac
1377 2389 1462 2442 die
1486 2400 1781 2460 operantes,
1821 2410 1884 2446 ne

287 2487 445 2543 quem
503 2481 726 2525 vestrum
763 2489 1102 2542 gravaremus
1151 2475 1237 2548 (ll
1288 2477 1466 2534 Thess.
1523 2480 1627 2552 ιιι).
1675 2481 1742 2536 Ει
1778 2501 1789 2536 :
1822 2482 1883 2538 Si

287 2561 408 2632 quis
455 2577 562 2615 non
608 2561 712 2616 vult
741 2566 970 2630 operari,
997 2582 1090 2620 nec
1114 2568 1391 2623 manducet
1415 2569 1627 2643 (Ibid.).
1656 2571 1882 2630 Succin-

290 2651 530 2706 ctorium
560 2660 744 2707 autem
786 2664 1058 2720 vocatum,
1084 2657 1226 2725 quod
1264 2657 1348 2728 (ut
1386 2660 1588 2716 dictum
1619 2662 1725 2736 est)
1779 2665 1880 2721 sub

289 2741 535 2797 brachiis
555 2743 771 2797 ductum
803 2744 1010 2800 alarum
1033 2748 1209 2802 sinum
1236 2748 1405 2804 ambit
1430 2761 1591 2821 atque
1615 2753 1740 2809 hinc
1756 2755 1880 2810 inde

289 2833 577 2904 succingit.
640 2832 1072 2892 Succinctorium
1134 2848 1313 2894 autem
1369 2842 1639 2913 signiﬁcat
1679 2847 1877 2902 solida-

289 2933 535 2976 mentum
553 2920 780 2990 iustitiae
808 2932 864 2978 et
888 2928 1174 2983 veritatis:
1207 2931 1350 2986 unde
1375 2935 1634 3004 scriptum
1687 2947 1773 2992 est
1819 2937 1874 2992 in

288 3013 424 3066 lsaia
469 3012 540 3066 de
575 3013 802 3069 Domino
837 3030 851 3067 :
884 3015 950 3069 Et
979 3019 1077 3070 erit
1117 3019 1334 3089 justitia
1372 3025 1637 3096 cingulum
1668 3026 1872 3081 lumbo-

289 3115 404 3152 rum
455 3098 595 3167 ejus,
643 3109 692 3152 et
731 3099 863 3168 ﬁdes
905 3103 1214 3160 cinctorium
1245 3125 1426 3164 renum
1448 3113 1562 3181 ejus
1593 3111 1728 3184 (Isa.
1759 3115 1868 3186 x1);

2012 560 2124 613 rios
2150 575 2299 626 vero,
2328 579 2432 618 non
2457 580 2486 618 a
2515 565 2650 620 callo
2672 568 2891 637 pedum,
2917 572 3008 626 sed
3033 590 3062 627 a
3086 575 3222 640 calo,
3247 577 3296 631 id
3323 560 3589 655 cst,ligho

2011 661 2249 715 vocatus,
2285 655 2402 710 sine
2424 671 2535 725 quo
2574 660 2764 713 consui
2801 661 3169 720 calceamenta
3198 683 3302 721 non
3339 686 3586 741 possunt,

2007 755 2143 810 quos
2171 740 2342 798 (irasci
2390 745 2677 815 calopodas
2708 747 2912 804 dicunt.
2958 752 3184 808 Fiebant
3225 765 3406 813 antem
3437 740 3589 830 prius

2007 850 2071 889 ex
2099 835 2264 890 salice
2287 845 2524 903 tantum;
2555 840 2680 896 hinc
2707 851 2762 897 et
2782 842 3145 900 calceamenta
3178 848 3341 916 dicta,
3365 854 3581 921 quodin

2005 925 2143 990 calo,
2163 925 2215 980 id
2228 935 2309 982 est
2324 927 2468 999 ligno
2492 929 2640 996 ﬁant,
2658 933 2738 988 vel
2761 936 2902 1004 quod
2917 937 3210 994 calcentur.
3237 941 3584 1003 Calceamen-

2005 1022 2056 1066 ta
2082 1029 2211 1085 ergo
2235 1019 2460 1088 mystice
2487 1020 2795 1092 signiﬁcant
2823 1027 3260 1095 praedicationem
3293 1035 3443 1102 pacis
3462 1077 3478 1103 ,
3517 1039 3584 1094 de

2002 1107 2196 1177 quibus
2240 1111 2499 1180 propheta
2557 1113 2634 1167 ait
2681 1133 2694 1166 :
2740 1113 2909 1180 Quam
2971 1121 3189 1187 speciosi
3247 1135 3366 1177 sunt
3429 1143 3587 1195 super

2001 1206 2198 1250 montes
2253 1201 2405 1268 pedes
2449 1201 2916 1272 euangelizandum
2980 1225 3179 1275 pacem,
3238 1214 3602 1280 prtedicantes-

2001 1284 2190 1339 bonum
2213 1289 2234 1340 .'
2287 1288 2420 1360 (Isa.
2466 1291 2586 1362 LII.)
2617 1291 2682 1345 Et
2724 1295 3012 1363 Apostolus
3043 1315 3056 1350 :
3093 1299 3345 1364 Calcenti,
3386 1303 3578 1372 inquit,

1996 1377 2150 1444 pedes
2175 1377 2230 1432 in
2255 1381 2639 1450 prteparatione
2667 1380 2942 1456 Evangelii
2962 1389 3105 1456 pacis
3131 1389 3290 1460 (Eph.
3318 1392 3414 1462 γι).
3440 1393 3576 1451 lliuc

1996 1474 2053 1520 et
2092 1467 2145 1521 in
2198 1466 2484 1524 Ezechiele
2533 1473 2797 1542 scriptum
2831 1484 2956 1530 est:
2992 1476 3232 1534 Calceavi
3261 1491 3311 1534 te
3357 1482 3576 1552 hyacino

1995 1557 2164 1623 thino,
2211 1558 2266 1613 id
2313 1568 2395 1614 est
2444 1575 2540 1631 spe
2571 1563 2800 1628 cmlcsti,
2853 1576 2900 1620 et
2931 1567 3302 1636 calceamento,
3330 1573 3578 1643 exemplo

1994 1649 2241 1705 videlicet
2264 1656 2678 1722 praecedentium
2705 1665 2939 1728 patrum.
2971 1659 3046 1716 De
3071 1676 3176 1731 quo
3202 1664 3254 1716 in
3297 1663 3480 1720 Exodo
3503 1665 3578 1722 le—

1995 1743 2186 1812 gitur:
2224 1743 2293 1798 Et
2341 1746 2692 1802 calceamenta
2732 1749 2986 1806 habebitis
3031 1753 3085 1806 in
3133 1755 3348 1824 pedibus
3392 1758 3576 1814 vestris

1985 1833 2186 1903 (Exod.
2243 1834 2362 1899 xu).
2427 1837 2557 1892 Item
2607 1839 2970 1896 calceamenta
2995 1859 3160 1913 opera
3205 1855 3330 1901 sunt
3376 1858 3578 1904 morta-

1993 1922 2180 1986 litatis,
2221 1925 2301 1979 vel
2330 1927 2572 1997 exempla
2623 1945 2914 1999 pravorum
2962 1933 3260 2001 hominum,
3297 1953 3324 1990 a
3377 1939 3576 2008 quibus

1990 2013 2258 2070 Dominus
2281 2016 2568 2086 Apostolus
2598 2021 2872 2089 prohibuit
2901 2023 2954 2076 in
2994 2023 3303 2096 Evangelio,
3338 2029 3524 2084 dicens
3557 2045 3568 2083 :

1991 2099 2173 2171 Neque
2220 2102 2574 2160 calceamenta
2629 2110 2904 2177 portabilis
2956 2111 3010 2164 in
3066 2113 3146 2166 via
3225 2114 3442 2185 (.llatth.
3491 2118 3568 2188 ιι).

1988 2189 2192 2256 Ocrcze,
2225 2192 2428 2247 tibialia
2451 2195 2818 2252 calceamenta
2841 2209 2984 2264 sunt,
3014 2201 3156 2269 quod
3179 2217 3340 2258 crura
3368 2214 3569 2274 tegant.

1985 2276 2247 2333 Cothurni
2277 2286 2424 2345 sunt,
2454 2283 2648 2351 quibus
2689 2284 3072 2342 calceabantur
3101 2292 3350 2362 tragcedi,
3385 2294 3476 2362 qui
3515 2295 3566 2350 in

1986 2368 2198 2424 theatro
2226 2370 2421 2426 dicturi
2445 2381 2620 2438 erant,
2681 2383 2738 2428 et
2758 2374 2864 2429 alta
2893 2375 3266 2448 intonantique
3295 2395 3425 2436 voce
3452 2397 3572 2438 car~

1984 2460 2130 2514 mina
2169 2462 2463 2518 cantaturi.
2496 2463 2592 2518 Est
2633 2465 2776 2519 enim
2802 2465 3232 2524 ealceamentum
3263 2471 3318 2526 in
3347 2472 3567 2529 modum

1981 2551 2344 2621 crepidarum,
2371 2569 2477 2624 quo
2506 2554 2699 2610 heroes
2719 2556 3047 2624 utebantur;
3071 2561 3164 2614 sed
3224 2560 3331 2615 tale
3359 2571 3464 2628 est,
3509 2570 3570 2618 ut

1975 2652 2035 2699 et
2087 2645 2278 2702 dextro
2338 2655 2395 2701 et
2448 2646 2582 2704 laevo
2635 2650 2922 2705 conveniat
2971 2653 3116 2722 pedi.
3171 2653 3344 2710 Soleae
3411 2665 3568 2724 sunt,

1979 2737 2175 2808 quibus
2205 2746 2412 2793 tantum
2435 2740 2629 2810 pedum
2655 2742 2851 2812 planta:
2879 2753 3150 2811 teguntur,
3204 2747 3360 2802 dicta:
3382 2763 3412 2802 a
3454 2749 3569 2806 solo

1976 2828 2188 2898 pedum.
2219 2828 2350 2885 Item
2390 2830 2550 2886 solete
2592 2833 2896 2889 materia-les
2943 2848 3008 2888 ex
3041 2838 3270 2892 materia
3300 2839 3449 2894 corio
3490 2840 3561 2896 in.

1979 2928 2144 2974 texta.
2177 2920 2398 2993 Mystice
2428 2921 2589 2977 soleae
2634 2922 2749 2978 sive
2787 2924 3026 2978 sandalia
3055 2926 3431 2982 discretionem
3466 2928 3566 2985 do-

1975 3012 2166 3066 ctrina:
2195 3012 2540 3084 signiﬁcant;
2589 3013 2731 3068 unde
2760 3014 3019 3069 Dominus
3052 3019 3104 3069 in
3146 3017 3438 3088 Evangelio
3482 3033 3566 3074 se-

1973 3102 2207 3157 cundum
2255 3102 2494 3158 Marcum
2526 3101 2720 3174 (Marc.
2751 3103 2854 3174 vi),
2897 3104 3062 3174 jussit
3110 3106 3399 3177 discipulos
3456 3107 3565 3162 cale

285 3192 408 3259 quia
443 3189 554 3259 ipse
573 3188 748 3254 factus
776 3201 850 3244 est
879 3191 1027 3247 nobis
1062 3212 1095 3248 a
1139 3195 1252 3251 Deo
1293 3199 1546 3270 sapientia
1575 3213 1623 3256 et
1656 3185 1872 3274 justitia

1986 3193 2121 3248 scari
2147 3193 2312 3262 pedes
2358 3193 2618 3249 sandaliis
2643 3194 2724 3250 vel
2755 3195 2916 3250 soleis
2950 3214 2961 3248 :
2989 3207 3154 3265 utpes
3189 3211 3364 3267 neque
3397 3207 3568 3254 tectus

285 3289 331 3332 et
355 3279 708 3347 sanctiﬁcatio
741 3294 788 3336 et
821 3283 1102 3352 redemptio
1149 3286 1198 3358 (Ι
1226 3285 1348 3344 Cor.
1383 3290 1422 3357 ι)
1449 3308 1463 3357 ;
1493 3293 1584 3362 qui
1615 3294 1666 3348 in
1693 3295 1870 3350 Evan—

285 3379 426 3446 gelio
450 3377 778 3448 loquebatur
811 3397 824 3430 :
855 3379 964 3450 Ego
993 3397 1108 3434 sum
1136 3381 1228 3435 lux
1251 3392 1296 3435 et
1320 3385 1421 3446 ria,
1467 3386 1568 3438 vita
1593 3397 1641 3440 et
1682 3391 1872 3441 veritas

282 3470 468 3542 (Joan.
527 3471 676 3542 xiv);
739 3472 936 3540 dequo
974 3473 1026 3526 in
1060 3474 1280 3543 psalmis
1305 3476 1501 3530 dicitur
1533 3496 1545 3530 :
1582 3473 1780 3533 Veritas
1811 3482 1874 3534 de

283 3574 425 3616 terra
484 3573 603 3616 orta
649 3573 742 3628 est,
787 3574 833 3616 et
882 3564 1094 3633 justitia
1137 3565 1203 3618 de
1247 3565 1371 3620 caelo
1404 3569 1666 3638 prospexit
1697 3569 1870 3641 (Psal.

282 3654 508 3724 uxxzv)
528 3669 542 3717 ;
572 3653 715 3708 unde
728 3665 781 3707 et
795 3654 1080 3724 Apostolus
1095 3656 1340 3711 hortatur
1355 3657 1638 3728 Ephesios,
1655 3658 1838 3715 dicens
1858 3680 1870 3714 :

281 3745 429 3800 State
448 3761 573 3814 ergo
623 3746 876 3798 succincti
905 3744 1105 3799 lumbos
1153 3759 1346 3802 vestros
1391 3749 1444 3803 in
1467 3753 1694 3815 veritate,
1728 3752 1874 3804 etin-

279 3838 395 3892 duti
431 3836 601 3890 lorica
655 3836 883 3906 justitia:
933 3835 1151 3908 (Ep/tes.
1212 3840 1308 3910 γι).
1365 3838 1550 3895 Fascia
1609 3853 1714 3906 est,
1766 3857 1873 3913 qua

283 3929 490 4002 tegitur
515 3937 724 3998 pectus,
755 3936 810 3981 et
837 3929 1047 3998 papillae
1087 3930 1537 3998 comprimuntur,
1577 3943 1739 4004 atque
1776 3935 1877 3989 cri-

279 4029 476 4092 spante
507 4017 722 4088 cingulo
763 4020 1042 4090 angustius
1090 4030 1276 4091 pectus
1327 4031 1586 4088 arctatur,
1631 4035 1686 4080 et
1733 4026 1874 4082 dicta

280 4111 490 4174 fascia,
544 4109 686 4180 Quod
737 4109 791 4162 in
844 4110 1060 4165 modum
1111 4111 1352 4167 fasciculi
1406 4130 1600 4184 corpus
1661 4116 1870 4189 alligat;

281 4197 408 4256 hinc
436 4207 497 4253 et
546 4197 798 4264 fasciolaa,
846 4199 1042 4268 quibus
1074 4200 1299 4256 vulnera
1340 4203 1626 4272 alligantur
1656 4220 1670 4258 :
1701 4215 1877 4275 potest

285 4298 468 4344 autem
501 4287 556 4342 in
582 4286 745 4342 fascia
776 4288 1004 4342 sollicita
1044 4294 1240 4346 mentis
1269 4294 1512 4348 custodia
1549 4311 1676 4365 erga
1730 4297 1875 4367 cogi-

285 4378 522 4432 tationes
566 4391 851 4446 perversas
911 4387 966 4432 et
1023 4379 1288 4436 desideria
1347 4385 1534 4438 nociva
1607 4385 1870 4457 intelligi,

282 4484 442 4539 quam
487 4465 703 4531 mulier,
733 4467 836 4524 hoc
871 4477 977 4532 est,
1010 4471 1181 4526 ﬁdelis
1207 4475 1386 4528 anima
1418 4476 1493 4528 ad
1507 4478 1873 4532 conservatio-

1974 3285 2065 3350 sit,
2103 3301 2204 3340 nec
2233 3293 2378 3340 totus
2415 3285 2593 3340 nudus
2644 3285 2712 3340 ad
2749 3295 2952 3341 terram
2987 3288 3172 3358 :quod
3216 3290 3440 3360 mystice
3489 3291 3564 3345 si-

1975 3375 2213 3446 gniﬁcat,
2239 3383 2296 3430 ut
2337 3389 2437 3430 nec
2457 3375 2756 3430 occultetur
2781 3375 3152 3447 Evangelium,
3185 3393 3287 3433 nec
3331 3384 3566 3434 terrenis

1975 3468 2276 3523 commodis
2303 3468 2584 3522 innitatur.
2613 3468 2794 3535 Socci,
2821 3467 2976 3537 cujus
2997 3470 3373 3523 diminutivum
3395 3470 3567 3525 socel-

1977 3559 2034 3625 li,
2056 3559 2309 3628 appellati
2341 3559 2486 3623 inde,
2515 3560 2657 3628 quod
2681 3575 2898 3614 saccum
2939 3560 3192 3625 habeant,
3214 3561 3266 3615 in
3290 3578 3398 3630 quo
3437 3577 3566 3632 pars

1975 3650 2172 3720 plauttc
2195 3651 2450 3719 injicitur.
2469 3649 2785 3706 Caliculae...
2809 3651 3028 3723 Caliga,
3054 3651 3186 3705 vela
3209 3650 3345 3706 callo
3367 3651 3564 3722 pedum

1976 3742 2155 3806 dictae,
2183 3741 2265 3796 vel
2292 3741 2418 3810 quia
2442 3741 2673 3830 ligantur
2704 3759 2716 3794 :
2746 3758 2872 3797 nam
2895 3741 3035 3796 socci
3062 3758 3166 3796 non
3193 3742 3449 3813 ligantur,
3472 3740 3564 3797 sed

1978 3842 2185 3888 tantum
2226 3835 2677 3889 intromittuntur.
2725 3834 2949 3889 Caliculi
2983 3850 3111 3888 vero
3143 3835 3256 3888 sive
3292 3835 3476 3905 caligae
3511 3835 3564 3889 in

1975 3925 2198 3980 Actibus
2209 3926 2570 3995 apostolorum
2587 3927 3113 3997 describuntur(Act.
3129 3929 3252 3997 xu),
3271 3929 3357 3983 ubi
3376 3928 3565 3982 Petrus

1975 4015 2262 4087 Apostolus
2290 4017 2483 4087 legitur
2513 4017 2581 4071 ab
2610 4017 2816 4088 Angelo
2855 4018 3182 4084 admonitus,
3218 4027 3274 4072 ut
3297 4017 3566 4074 calcearct

1976 4120 2035 4160 se
2085 4105 2273 4177 caligis
2308 4107 2440 4173 suis,
2465 4116 2520 4162 et
2563 4118 2880 4176 sequeretur
2910 4123 3056 4173 eum,
3087 4109 3231 4178 quod
3276 4109 3560 4181 signiﬁcat,

1977 4205 2037 4250 ut
2063 4197 2270 4252 solutus
2299 4214 2329 4251 a
2357 4198 2586 4252 vinculis
2625 4199 2857 4254 terrenis
2895 4198 3119 4253 liberius
3148 4198 3252 4253 iret
3277 4201 3342 4254 ad
3373 4201 3564 4270 pracdi-

1978 4287 2244 4342 cationem
2270 4288 2564 4358 Evangelii.
2593 4288 2850 4360 Corrigia:
2885 4306 2915 4343 a
2955 4291 3118 4345 coriis
3166 4299 3450 4354 vocantur,
3480 4293 3563 4345 vel

1978 4392 2008 4430 a
2047 4376 2410 4447 colligatione,
2441 4379 2594 4446 quasi
2630 4377 2876 4449 colligite.
2907 4377 3150 4450 Corrigia
3177 4395 3306 4449 ergo
3336 4380 3562 4451 mystice

1980 4467 2288 4538 ligationem
2335 4468 2644 4539 signiﬁcant
2686 4471 2968 4539 mysterii;
2997 4472 3139 4525 unde
3185 4469 3421 4526 Joannes
3460 4471 3562 4526 Ba-

281 4576 403 4616 uem
429 4564 515 4616 sui
559 4556 875 4627 sibimetipsi
915 4562 1166 4626 adhibet;
1205 4563 1344 4618 unde
1393 4565 1524 4619 dicit
1565 4567 1865 4636 propheta:
1898 4541 2138 4636 Dptista
2167 4569 2233 4620 de
2259 4567 2486 4623 Domino
2527 4567 2638 4620 ait:
2692 4565 2857 4637 Cujus
2904 4584 3006 4621 non
3033 4585 3149 4621 sum
3189 4569 3377 4639 dignus
3401 4570 3565 4622 corri‘

286 4651 544 4730 Nunquid
581 4668 746 4730 potest
792 4658 1023 4712 oblivisci
1076 4656 1264 4712 mulier
1301 4660 1594 4714 ornamenti
1626 4661 1734 4724 sui,
1780 4669 1871 4713 aut

275 4750 464 4819 [asciw
486 4751 766 4820 pectoralis
790 4768 900 4806 sua:
917 4752 942 4805 ?
962 4760 1068 4807 etc.
1101 4750 1234 4819 (Jer.
1261 4750 1343 4820 ιι).

874 4859 1103 4916 CAPUT
1134 4860 1321 4916 XXVI.

845 4929 918 4984 De
957 4931 1338 4985 calceamentis.

345 5022 580 5078 Sutores
600 5023 892 5094 nuncupati
910 5031 1055 5090 sunt,
1073 5021 1215 5093 quod
1235 5023 1454 5081 insertis
1474 5024 1561 5082 ﬁlo
1583 5041 1868 5096 porcorum

605 5726 878 5785 Ρητιιιιη
924 5725 1026 5783 CX
1043 5725 1084 5782 Ι.

1973 4661 2111 4730 giam
2139 4659 2478 4714 calceamenti
2502 4658 2696 4713 solvere
2733 4659 2928 4731 (Marc.
2959 4659 3020 4730 ι),
3071 4659 3123 4713 id
3162 4669 3264 4724 est,
3309 4661 3563 4731 mysteria

1976 4749 2366 4804 incarnationis
2396 4749 2514 4819 ejus
2547 4749 2787 4803 revelare
2812 4765 2827 4814 ;
2857 4748 2939 4804 vel
2967 4748 3162 4804 aliter:
3190 4747 3306 4804 Non
3341 4765 3461 4803 sum
3490 4749 3566 4802 di—

1977 4855 2114 4910 gnus
2144 4840 2260 4910 ejus
2281 4843 2646 4899 calceamenta
2686 4852 2925 4912 portare,
2951 4841 3004 4897 id
3024 4851 3127 4909 est,
3153 4856 3348 4898 nomen
3381 4838 3561 4909 sponsi

1977 4943 2107 4997 mihi
2142 4954 2420 5009 usurpare.

3168 5719 3237 5776 ιο
