3950 6192
1030 275 1090 329 Β.
1132 275 1384 330 RABANI
1427 275 1646 332 MAURI
1684 275 2000 330 ARCIIIEP.
2043 276 2350 332 MUGUNT.
2395 276 2674 332 UI’ERUM
2718 277 2894 332 PARS
2933 277 2996 331 Il.

421 459 3174 486 W

1253 613 1550 690 LIBER
1604 612 2172 692 VIGESIMUS
2227 611 2802 690 SECUNDUS.

1830 799 2241 814 η*-

911 910 1136 967 CAPUT
1173 909 1461 965 PRIMUM.

894 1003 969 1057 De
1017 1001 1207 1055 mensis
1252 1011 1298 1055 et
1329 1001 1479 1054 escis.

461 1103 674 1161 Primus
709 1095 954 1154 Daedalus
986 1109 1227 1150 mensam
1252 1102 1306 1148 et
1335 1092 1519 1147 sellam
1550 1092 1697 1146 fecit.
1726 1091 1981 1160 Coquina:

393 1204 709 1270 apparatum
753 1190 974 1263 Apicius
1011 1188 1226 1258 quidam
1274 1183 1478 1254 primus
1519 1182 1840 1251 composuit,
1886 1181 1979 1251 qui

392 1289 447 1344 in
483 1301 550 1342 eo
591 1281 878 1352 assumptis
924 1278 1081 1334 bonis
1132 1285 1306 1331 morte
1345 1273 1648 1329 voluntaria
1693 1274 1871 1342 periit,
1923 1282 1976 1327 et

393 1379 620 1441 merito,
668 1376 792 1445 quia
844 1373 890 1428 is
941 1373 1032 1442 qui
1081 1371 1217 1444 gula:
1278 1378 1440 1438 atque
1484 1368 1736 1423 edacitati
1787 1368 1974 1432 servit,

390 1479 446 1524 et
477 1468 714 1524 animam
753 1474 806 1521 et
835 1480 1031 1534 corpus
1084 1461 1357 1516 interﬁcit.
1410 1460 1492 1514 Ab
1519 1475 1612 1514 esu
1659 1469 1714 1514 ct
1757 1473 1974 1512 comesu

390 1574 588 1616 mense
628 1557 830 1612 factum
873 1553 1188 1610 vocabulum
1216 1567 1231 1606 :
1259 1550 1460 1606 nullum
1501 1551 1644 1605 enim
1691 1547 1853 1604 alium
1883 1549 1976 1602 ha-

388 1652 480 1708 bet
516 1665 692 1705 usum.
743 1649 987 1717 Coquere
1021 1661 1148 1715 ergo
1189 1642 1456 1715 signiﬁcat
1500 1641 1720 1696 verbum
1762 1640 1973 1696 Domini

386 1740 657 1797 subtiliter
687 1739 740 1793 in
768 1737 929 1792 corde
975 1736 1174 1791 debere
1217 1733 1488 1797 meditari,
1537 1732 1639 1788 hoc
1687 1741 1786 1792 est,
1835 1747 1972 1801 qua-

386 1834 431 1887 si
482 1839 660 1886 mente
703 1829 1047 1899 decoquere:
1100 1825 1256 1895 cujus
1307 1826 1457 1880 verbi
1507 1825 1874 1894 frequentatio
1919 1823 1971 1877 in

387 1921 524 1975 libro
570 1918 793 1974 Levitiei
847 1917 1132 1987 reperitur.
1204 1913 1498 1969 Consedere
1553 1913 1698 1968 enim
1747 1913 1973 1984 mystice

385 2011 652 2083 significat
695 2011 858 2066 verba
909 2009 1086 2064 divina
1130 2008 1445 2079 spiritaliter
1483 2021 1736 2087 sumere,
1780 2017 1834 2061 et
1878 2022 1973 2077 pa-

385 2119 507 2160 nem
549 2103 722 2167 illum,
767 2102 858 2172 qui
899 2101 966 2157 de
999 2100 1138 2155 caelo
1170 2099 1446 2155 descendit
1474 2098 1655 2171 (Joan.
1704 2097 1780 2168 vi)
1818 2097 1971 2152 avide

384 2195 682 2260 delectare;
740 2193 880 2248 unde
922 2193 976 2247 in
1029 2191 1179 2248 loele
1217 2191 1520 2261 scriptum:
1578 2188 1646 2242 Et
1691 2188 1968 2242 comedetis

2008 918 2056 973 Α
2085 905 2218 960 dicit
2239 903 2526 974 Apostolus
2555 917 2568 956 :
2603 899 2864 956 Habentes
2903 911 3077 956 autem
3122 905 3307 958 victum
3335 915 3382 958 et
3416 907 3668 974 vestitum,

2083 995 2218 1059 sive,
2262 1003 2319 1048 ut
2346 993 2400 1048 in
2429 992 2552 1048 aliis
2578 993 2976 1063 exemplaribus
3013 993 3256 1062 legimus,
3291 994 3554 1051 Habentes
3581 998 3674 1051 ali-

2081 1099 2256 1142 menta
2299 1097 2345 1141 et
2383 1087 2700 1156 operimenta
2746 1086 2825 1139 his
2866 1087 3093 1140 contenti
3135 1088 3296 1141 simus
3324 1088 3376 1160 (Ι
3409 1087 3546 1143 Tim.
3583 1091 3672 1160 vi).

2081 1180 2157 1234 Ac
2185 1180 2230 1234 si
2269 1178 2474 1232 diceret
2512 1192 2526 1231 :
2565 1175 2777 1232 Sulli'rit
2817 1178 2904 1232 illa
2955 1179 3174 1242 habere,
3229 1195 3348 1248 quae
3399 1183 3466 1234 ad
3521 1197 3672 1234 usum

2079 1278 2206 1326 sunt
2256 1269 2412 1325 nobis
2459 1267 2783 1324 necessaria.
2850 1267 2974 1323 Haec
3027 1269 3171 1322 enim
3227 1266 3470 1324 fruemur
3532 1271 3673 1334 sola;

2079 1370 2273 1417 cetera
2303 1375 2435 1415 vero
2468 1361 2513 1415 si
2562 1359 2832 1414 cumulata
2887 1358 3109 1422 fuerint,
3137 1359 3258 1413 aliis
3306 1360 3680 1430 relinquamus

2077 1453 2133 1506 in
2165 1451 2404 1508 modum.
2459 1451 2728 1505 [tabentes
2769 1460 2947 1503 autem
2999 1449 3250 1504 alimenta
3292 1460 3348 1505 et
3374 1452 3675 1519 operimen-

2079 1549 2153 1606 ta,
2185 1550 2240 1596 et
2267 1541 2352 1595 his
2381 1539 2618 1595 contenti
2649 1539 2818 1594 simus
2845 1554 2860 1593 :
2891 1540 3230 1608 operimenta,
3263 1539 3537 1612 inquiens,
3573 1557 3672 1596 non

2077 1633 2401 1697 vestimenta,
2434 1640 2495 1685 ut
2547 1631 2601 1686 in
2647 1629 2966 1700 quibusdam
3017 1629 3225 1685 Latinis
3272 1632 3675 1700 exeinplarims

2075 1741 2180 1779 non
2225 1724 2440 1796 proprie
2489 1723 2839 1792 exprimitur,
2888 1723 2941 1778 id
2984 1730 3099 1787 est,
3153 1737 3274 1793 qua:
3304 1739 3504 1794 corpus
3553 1739 3680 1794 ope-

2077 1817 2236 1880 riant,
2288 1831 2394 1870 non
2429 1830 2550 1885 qua:
2590 1813 2820 1868 amictus
2855 1813 3025 1882 gloria
3045 1813 3413 1868 blandiantur.
3444 1811 3676 1883 Opulen-

2075 1908 2146 1962 tia
2195 1909 2263 1963 ab
2302 1923 2403 1976 ope
2445 1907 2588 1962 dicta
2635 1913 2734 1972 est,
2781 1920 2945 1976 quam
2991 1905 3038 1958 si
3093 1905 3372 1969 discutias,
3431 1905 3686 1960 invenies

2072 2014 2192 2053 eam
2223 2007 2409 2053 tenere
2443 1997 2662 2052 modum
2690 2015 2704 2051 :
2735 2012 2858 2051 nam
2886 1996 3156 2067 quomodo
3181 1997 3500 2066 opitulatur,
3533 1998 3675 2068 quot

2071 2089 2296 2144 nimium
2343 2099 2466 2144 est:
2495 2103 2620 2144 cum
2660 2087 3054 2143 incommodius
3101 2087 3192 2151 sit,
3238 2103 3400 2156 quam
3446 2087 3679 2158 parum!

2072 2180 2369 2252 Opulentim
2417 2189 2597 2235 autem
2647 2193 2842 2234 nomen
2886 2193 2995 2234 non
3044 2178 3219 2234 solum
3256 2178 3322 2232 ad
3363 2178 3677 2248 corporales

383 2295 658 2350 vescentes,
715 2294 762 2338 et
813 2283 1194 2348 saturabimini,
1253 2293 1300 2338 et
1355 2281 1640 2336 laudabitis
1685 2279 1968 2335 Dominum

2075 2288 2182 2338 res,
2212 2273 2306 2327 sed
2334 2271 2496 2326 etiam
2542 2270 2610 2326 ad
2652 2268 2924 2340 spiritales
2951 2268 3212 2339 pertinet;
3243 2269 3368 2338 quia
3396 2283 3536 2336 Opes
3566 2268 3676 2324 fue-

383 2375 550 2430 Deum
575 2384 804 2432 vestrum
842 2372 1002 2446 (Joel.
1048 2372 1130 2448 ιι),
1155 2374 1330 2430 Torus
1359 2373 1559 2429 dicitur
1585 2389 1620 2427 a
1656 2372 1812 2428 tortis
1855 2372 1976 2426 her-

381 2467 486 2532 bis,
524 2481 645 2538 qua:
691 2463 1121 2520 accumbentium
1148 2463 1390 2520 humeris
1429 2472 1821 2534 supponuntur.
1857 2461 1971 2516 Sti-

385 2557 600 2611 badium
645 2571 675 2609 a
717 2554 992 2624 stipitibus
1037 2553 1274 2622 dictum,
1325 2555 1478 2625 quasi
1529 2556 1816 2624 stipadium
1849 2575 1860 2610 :
1894 2558 1974 2612 sic

383 2649 529 2704 enim
569 2648 720 2718 prius
757 2647 1015 2717 scriptum
1063 2654 1166 2702 est.
1217 2645 1532 2702 Convivium
1583 2649 1724 2718 apud
1753 2647 1973 2706 Crzecos

383 2755 416 2794 a
457 2738 854 2808 compotatioue
895 2737 1227 2808 sumposion,
1267 2738 1407 2808 apud
1465 2755 1564 2795 nos
1611 2755 1738 2794 vero
1781 2756 1814 2794 a
1840 2755 1972 2795 con-

383 2829 526 2884 victu
566 2827 768 2884 rectius
809 2826 1126 2898 appellatur,
1180 2829 1263 2884 vel
1314 2828 1440 2899 quia
1480 2830 1604 2884 vita:
1654 2829 1970 2885 collocatio-

384 2937 506 2978 nem
558 2921 740 2976 habet.
801 2920 933 2976 Item
1003 2921 1309 2977 convivium
1356 2938 1388 2977 a
1440 2921 1784 2978 multitudine
1839 2938 1966 2978 eou-

381 3014 713 3070 vescentium
752 3032 768 3068 :
801 3029 926 3068 nam
978 3013 1183 3084 privata
1227 3030 1410 3070 mensa
1466 3015 1641 3070 victus
1679 3023 1795 3080 est,
1841 3030 1970 3070 con-

379 3112 579 3168 vivium
605 3127 710 3166 non
733 3121 836 3167 est.
863 3110 1110 3166 Convivii
1139 3109 1332 3180 triplex
1356 3119 1440 3168 est
1459 3111 1650 3166 modus
1681 3128 1695 3164 :
1735 3111 1971 3167 discum-

381 3205 563 3268 bendi,
601 3203 816 3268 edendi,
839 3212 894 3258 et
915 3203 1128 3259 bibendi
1175 3203 1607 3269 :discumbendi,
1654 3213 1714 3258 ut
1761 3221 1774 3257 :
1812 3201 1968 3258 Toris

376 3294 514 3364 jussi
545 3295 886 3350 discumbere
915 3295 1095 3366 pictis.
1126 3293 1332 3350 Edendi
1365 3303 1423 3351 et
1451 3295 1694 3361 bibendi,
1723 3305 1818 3350 ut:

507 3385 767 3449 lfostquam
792 3388 937 3447 prima
962 3385 1104 3446 quies
1126 3383 1301 3447 epulis,
1327 3397 1607 3444 mensaque
1629 3393 1865 3449 remoue,

507 3446 732 3500 Crateras
762 3446 964 3508 magnos
984 3453 1224 3508 statuunt,
1251 3446 1305 3497 et
1325 3449 1437 3497 vina
1461 3455 1707 3498 coronant.

379 3529 693 3586 Convivium
748 3541 928 3586 autem
981 3529 1204 3601 mystice
1259 3529 1374 3585 sive
1422 3539 1622 3585 sanctm
1673 3527 1966 3600 Scriptura:

2076 2370 2203 2416 runt
2222 2360 2364 2433 (sic),
2394 2361 2495 2416 hoc
2519 2369 2624 2425 est,
2661 2359 2862 2414 divitite
2891 2367 3139 2412 terrente.
3172 2357 3434 2412 Similiter
3461 2365 3522 2412 et
3549 2371 3680 2428 opes

2073 2455 2336 2510 virtutum
2386 2453 2439 2506 in
2491 2451 2789 2522 Scripturis
2832 2451 3103 2521 leguntur,
3151 2465 3273 2521 qua:
3317 2449 3493 2520 magis
3543 2449 3675 2505 divi.

2075 2555 2182 2600 tem
2213 2543 2415 2599 faciunt
2453 2543 2748 2607 hominem,
2798 2556 2960 2611 quam
2990 2541 3190 2596 divitiae
3231 2549 3499 2603 terrenae;
3549 2542 3674 2612 quia

2071 2650 2139 2691 ex
2169 2635 2396 2691 terrenis
2429 2634 2734 2698 desideriis,
2761 2649 2825 2694 ex
2856 2634 3150 2704 cupiditate
3175 2633 3424 2689 saeculari
3455 2636 3678 2690 crucia-

2074 2735 2161 2781 tur
2207 2728 2419 2780 animus
2447 2725 2725 2780 hominum
2759 2743 2773 2778 :
2807 2739 2874 2779 ex
2923 2739 3107 2779 amore
3152 2732 3334 2780 autem
3364 2724 3674 2780 caelestium

2070 2819 2380 2876 consolatur
2426 2829 2480 2872 et
2518 2818 2785 2887 pascitur;
2837 2817 2980 2871 unde
3025 2815 3318 2887 Apostolus
3363 2817 3434 2872 ad
3489 2815 3672 2871 Timo-

2071 2914 2255 2967 theum
2302 2909 2546 2965 scribens
2587 2909 2660 2962 ait
2703 2925 2717 2962 :
2759 2907 3017 2962 Divitibus
3039 2907 3200 2976 hujus
3229 2905 3409 2962 sa'culi
3445 2909 3673 2977 principe

2071 3019 2172 3058 non
2193 3001 2412 3056 sublime
2431 3016 2612 3072 sapere
2633 3015 3022 3071 neque-sperare
3046 2999 3101 3052 in
3124 2999 3321 3052 incerto
3341 2998 3670 3062 divitiarum,

2067 3096 2157 3151 sed
2179 3098 2232 3148 in
2259 3094 2366 3149 Deo
2395 3095 2540 3159 vivo,
2577 3093 2666 3165 qui
2701 3101 2914 3163 praestat
2954 3092 3100 3146 nobis
3143 3091 3320 3144 omnia
3352 3090 3569 3144 abunde
3605 3095 3672 3144 ad

2068 3188 2349 3259 fruendum
2377 3201 2394 3238 :
2429 3186 2554 3238 bene
2573 3200 2748 3255 agere,
2778 3183 2964 3237 divites
2999 3181 3118 3252 ﬁeri
3142 3181 3198 3236 in
3233 3181 3473 3252 operibus
3499 3181 3671 3250 bonis,

2066 3279 2224 3352 facile
2266 3279 2510 3342 tribuere,
2554 3277 2962 3340 communicare,
3005 3274 3362 3329 thesaurizare
3407 3275 3514 3329 sibi
3546 3276 3670 3346 fun-

2065 3371 2366 3424 damentum
2395 3370 2585 3422 bonum
2617 3367 2668 3420 in
2696 3365 2950 3436 futurum,
2987 3377 3043 3420 ut
3069 3366 3458 3437 apprchendant
3493 3385 3671 3422 veram

2066 3465 2223 3518 vitam
2267 3460 2318 3532 (1
2348 3461 2480 3515 Tim.
2507 3459 2606 3532 vi).
2639 3457 2824 3529 Epulas
2851 3457 2921 3513 ab
2954 3456 3228 3528 opulentia
3259 3473 3442 3512 rerum
3484 3459 3668 3514 diem.

2065 3553 2250 3623 Epulas
2293 3561 2472 3606 autem
2499 3549 2771 3620 simplices
2810 3550 2864 3604 in
2901 3549 3007 3604 duo
3051 3549 3357 3604 necessaria
3408 3547 3670 3606 dividun-

381 3620 780 3714 meditationem
825 3619 1115 3714 signiﬁcat,
1159 3619 1253 3676 ubi
1295 3619 1520 3714 refectio
1571 3619 1829 3714 spiritalis
1876 3636 1966 3676 su-
1991 3629 2036 3691 ρ
2070 3619 2177 3712 tu}.
2202 3659 2397 3714 panem
2437 3651 2493 3698 et
2518 3619 2732 3707 vin’um;
2764 3649 2820 3696 ει
2841 3641 2896 3696 in
2919 3641 3024 3696 duo
3053 3638 3340 3710 superﬂua,
3371 3655 3498 3711 qua,
3522 3650 3670 3697 terra

380 3711 546 3770 mitur
570 3729 610 3768 .:
660 3709 746 3765 vel
791 3710 1280 3766 remunerationem
1324 3708 1560 3767 futuram
1607 3711 1959 3778 demonstrat,

379 3803 468 3860 ubi
515 3800 790 3872 plenitudo
835 3801 1074 3856 omnium
1122 3800 1386 3857 bonorum
1435 3801 1636 3857 sanctis
1680 3811 1735 3856 et
1788 3802 1964 3874 dignis

377 3893 686 3950 hominibus
728 3901 1026 3965 praeparata
1070 3907 1190 3949 esse
1227 3893 1482 3950 creditur.
1535 3893 1688 3950 Unde
1725 3895 1780 3950 in
1825 3893 1962 3950 Pro-

378 3986 538 4056 pheta
562 3985 820 4056 scriptum
849 3993 934 4041 est
961 3999 976 4040 :
1007 3983 1406 4057 Prteparabitur
1433 4004 1466 4042 a
1496 3987 1716 4042 Domino
1740 3988 1793 4042 in
1821 4005 1964 4042 mon-

377 4087 428 4133 te
457 4079 554 4133 hoc
577 4078 868 4133 convivium
902 4077 1194 4150 pinguium,
1230 4079 1519 4134 convivium
1555 4079 1960 4136 medullalorum

377 4179 426 4222 et
451 4168 726 4224 vindemia:
764 4167 1014 4238 defecata:
1050 4167 1188 4240 (lsa.
1223 4168 1373 4242 XXV).
1405 4169 1568 4226 Cibus
1597 4171 1806 4236 dictus,
1833 4158 1959 4242 quia

379 4261 590 4330 capitur
625 4275 755 4326 ore,
792 4260 949 4316 sicuti
991 4277 1115 4318 esca
1157 4263 1282 4332 quia
1313 4278 1434 4318 eam
1471 4277 1532 4319 os
1568 4263 1730 4334 capit.
1775 4263 1960 4319 Victus

378 4354 595 4423 proprie
623 4362 865 4419 vocatus,
903 4353 1027 4424 quia
1056 4355 1224 4410 vitam
1259 4356 1455 4411 retinet
1483 4373 1496 4410 :
1525 4357 1667 4412 unde
1701 4364 1755 4409 et
1784 4355 1849 4410 ad
1884 4356 1961 4410 ci-

378 4445 504 4498 bum
543 4459 736 4500 vocare
776 4445 1006 4501 invitare
1067 4446 1282 4501 dicitur.
1331 4446 1597 4501 Alimonia
1633 4446 1850 4510 dicitur,
1894 4461 1960 4500 eo

377 4535 521 4604 quod
571 4536 690 4606 ejus
729 4546 943 4606 sumptu
971 4553 1168 4608 corpus
1201 4538 1394 4592 alatur.
1427 4537 1576 4594 Hanc
1614 4537 1843 4608 juvenes
1871 4554 1960 4594 ac-

380 4626 586 4696 cipiunt
618 4628 684 4682 ad
713 4628 1126 4696 incrementum,
1164 4646 1320 4688 senes
1358 4632 1423 4687 ad
1453 4633 1908 4702 perseverantiam
1941 4651 1954 4687 :

379 4733 553 4790 neque
591 4717 732 4773 enim
764 4719 1057 4775 subsistere
1095 4723 1296 4791 poterit
1337 4737 1483 4783 caro,
1539 4723 1642 4778 nisi
1692 4724 1960 4779 conforte-

378 4822 468 4866 tur
514 4809 803 4866 alimentis.
851 4810 1016 4866 Cibus
1054 4812 1198 4866 enim
1237 4822 1330 4867 aut
1371 4814 1801 4884 przedicationem
1842 4831 1959 4870 ser-

376 4901 552 4958 monis
593 4899 802 4957 Domini
835 4899 1122 4973 signilicat,
1157 4913 1251 4957 aut
1283 4903 1614 4960 voluntatem
1654 4905 1748 4961 Dei
1779 4925 1791 4961 :
1821 4910 1960 4965 unde

2065 3747 2121 3791 et
2166 3737 2303 3792 mari
2340 3735 2591 3791 vescendi
2632 3749 2796 3790 causa
2831 3733 3211 3804 exquiruntur.
3256 3733 3432 3803 Dapes
3479 3742 3670 3789 autem

2065 3841 2249 3898 regum
2291 3836 2434 3890 sunt,
2481 3825 2652 3896 epulae
2693 3825 3048 3896 privatorum.
3075 3822 3292 3878 Delicia:
3312 3832 3666 3896 nuncupata,

2063 3919 2208 3989 quod
2244 3919 2328 3974 his
2356 3917 2693 3973 delectentur
2739 3916 3004 3982 homines,
3053 3930 3254 3986 easque
3278 3916 3525 3972 suaviter
3567 3931 3668 3988 ap-

2061 4017 2268 4082 petant.
2318 4007 2502 4080 Epulm
2549 4016 2729 4064 autem
2760 4007 2975 4078 quando
3016 4007 3071 4062 in
3103 4007 3301 4062 bonam
3344 4015 3564 4078 partem
3592 4009 3670 4063 si-

2062 4099 2464 4174 gniﬁcationem
2515 4099 2738 4165 ducunt,
2779 4099 3020 4169 spiritale
3059 4095 3312 4170 gaudium
3344 4107 3668 4156 sanctorum

2063 4189 2118 4244 in
2157 4188 2312 4244 bonis
2347 4189 2606 4244 virtutum
2649 4198 2703 4244 et
2734 4189 3012 4261 sapientiae.
3042 4191 3368 4261 exprimunt.
3419 4189 3582 4248 Unde
3610 4201 3672 4248 et

2059 4276 2348 4350 Apostolus
2390 4277 2468 4331 ait
2507 4295 2521 4332 :
2569 4273 2780 4332 Etenim
2829 4275 3039 4334 Pascha
3077 4289 3315 4334 nostrum
3354 4281 3666 4336 immolatus

2060 4380 2136 4425 est
2167 4369 2424 4425 Christus.
2455 4368 2645 4441 Itaque
2681 4369 2951 4440 epulamur
2974 4387 3077 4426 non
3105 4371 3160 4426 in
3193 4372 3447 4442 fermento
3475 4373 3662 4438 veteri,

2063 4477 2224 4532 neque
2248 4464 2304 4516 in
2333 4461 2585 4534 fermento
2601 4462 2817 4516 malitia:
2843 4471 2891 4516 et
2913 4463 3176 4535 nequitite,
3203 4476 3310 4520 etc.
3342 4462 3395 4534 (Ι
3425 4463 3558 4520 Cor.
3582 4463 3664 4536 v),

2061 4557 2165 4614 hoc
2191 4567 2293 4622 est,
2325 4557 2564 4612 laetitiam
2589 4555 2848 4612 habentes
2893 4555 3256 4612 renovationis
3298 4555 3442 4611 facta
3469 4568 3666 4613 vetera

2064 4645 2356 4712 fugiamus,
2403 4647 2799 4702 immunditiam
2841 4660 3056 4700 omnem
3081 4643 3398 4716 abjicientes
3422 4663 3453 4701 a
3472 4647 3664 4714 nobis,

2061 4753 2180 4808 quae
2206 4745 2293 4793 est
2315 4736 2626 4806 corruptio:
2655 4736 2779 4807 quia
2808 4738 2948 4792 sicut
2981 4736 3289 4806 fermentum
3317 4748 3482 4793 totam
3514 4759 3665 4796 mas-

2060 4844 2174 4884 sam
2203 4829 2485 4899 corrumpit
2518 4826 2679 4898 (Ibid.
2708 4838 2761 4882 et
2779 4826 2898 4883 Gal.
2931 4827 3010 4899 v),
3054 4828 3130 4884 ita
3162 4836 3219 4882 et
3263 4829 3406 4884 mala
3438 4831 3556 4886 vita
3585 4842 3664 4886 ιο-

2061 4930 2174 4976 tum
2206 4921 2500 4977 hominem.
2525 4919 2784 4978 Similiter
2811 4928 2990 4976 autem
3006 4921 3170 4992 dapes
3187 4927 3242 4976 et
3262 4920 3472 4978 delicia
3491 4923 3662 4992 spiri-

377 4990 637 5048 Dominus
659 4990 735 5046 ait
754 4989 808 5046 in
831 4989 1122 5064 Evangelio
1147 5011 1160 5047 :
1188 4991 1339 5049 Meus
1373 4994 1518 5048 cibus
1549 5004 1647 5063 est,
1679 5006 1735 5050 ut
1767 4996 1960 5066 faciam
1987 5004 2038 5064 1)
2064 5015 2202 5073 tales
2240 5015 2462 5072 deﬁcias
2509 5016 2772 5072 bonorum
2827 5025 3044 5071 actuum
3074 4989 3148 5071 ἐι
3192 5031 3362 5072 sacra,
3403 4989 3658 5075 δείοίηεω

378 5081 694 5138 voluntatem
742 5079 922 5138 Patris
966 5085 1068 5138 mei
1109 5084 1290 5156 (Joan.
1325 5084 1423 5159 IV).
1467 5085 1534 5140 Et
1568 5086 1624 5142 in
1650 5087 1954 5160 Propheta:

379 5171 602 5242 Cibavit,
641 5175 836 5246 inquit,
863 5193 951 5232 eos
978 5193 1044 5232 ex
1085 5178 1238 5248 adipe
1273 5177 1522 5248 frumenti
1559 5179 1730 5252 (Psal.
1757 5183 1956 5254 Lxxx);

381 5266 521 5334 quod
558 5267 672 5322 sive
716 5283 916 5326 manna
968 5268 1256 5341 signiﬁcat,
1321 5274 1437 5328 sive
1489 5286 1684 5342 corpus
1748 5275 1960 5332 Domini

379 5351 600 5410 Christi.
648 5356 875 5428 Adipem
901 5359 1098 5431 quippe
1136 5360 1366 5416 dicimus
1401 5361 1711 5417 animalium
1742 5364 1962 5437 pingue-

379 5443 560 5500 dinem
611 5448 980 5518 corpulentam
1005 5489 1022 5515 ,
1065 5451 1206 5521 quod
1264 5465 1461 5506 nomen
1511 5452 1580 5508 ad
1629 5451 1960 5510 frumentum

381 5535 602 5592 abusive
650 5540 968 5596 translatum
1013 5552 1115 5608 est,
1167 5551 1227 5597 ut
1276 5544 1609 5615 significaret
1635 5545 1686 5600 ei
1733 5546 1961 5602 interius

381 5623 616 5694 aliquam
637 5642 758 5684 esse
786 5627 1008 5703 [inesse]
1053 5630 1367 5688 bonitatem.
1404 5635 1592 5691 Victus
1641 5643 1820 5693 autem
1859 5653 1956 5693 ne-

382 5720 685 5776 cessarium
726 5723 904 5779 cibum
955 5725 1241 5797 significat,
1275 5744 1384 5785 nou
1423 5729 1768 5799 deliciosum;
1818 5731 1958 5787 unde

2055 5104 2384 5176 significant,
2424 5119 2544 5173 quae
2592 5113 2819 5174 pascunt
2858 5106 3110 5161 animam.
3155 5106 3478 5164 Econtrario
3521 5125 3660 5166 vero

2057 5196 2270 5266 quando
2317 5193 2559 5250 abutitur
2603 5197 2766 5251 homo
2813 5197 3045 5253 terrenis
3085 5195 3308 5264 deliciis,
3359 5209 3414 5253 et
3453 5215 3659 5271 corpo-

2057 5285 2156 5342 rali
2185 5286 2326 5350 cibo,
2372 5300 2478 5341 non
2525 5285 2776 5359 {tantum}
2805 5287 3018 5354 animae,
3051 5287 3148 5344 sed
3189 5297 3246 5344 et
3288 5291 3505 5359 corpori
3557 5292 3660 5348 de-

2060 5375 2368 5432 trimentum
2416 5374 2567 5432 facit.
2612 5377 2950 5434 Pulmentum
2993 5389 3217 5435 vocatur
3249 5395 3280 5434 a
3305 5380 3475 5450 pulte,
3527 5381 3656 5436 sive

2065 5467 2209 5521 enim
2250 5467 2361 5522 sola
2391 5467 2576 5539 pultis,
2628 5469 2742 5524 sive
2785 5468 2916 5538 quid
2958 5470 3101 5525 aliud
3133 5469 3251 5540 ejus
3294 5472 3656 5542 permistione

2065 5565 2351 5612 sumatur:
2383 5558 2719 5628 pulmentum
2763 5560 2979 5630 prOprie
3034 5560 3251 5616 dicitur.
3301 5560 3651 5617 Pulmentum

2063 5644 2209 5699 enim
2255 5644 2451 5716 legitur
2500 5645 2653 5720 (Gen.
2685 5649 2858 5721 xxvn)
2891 5647 3042 5706 Isaac
3074 5650 3384 5722 patriarcha
3437 5653 3664 5721 expeti-

2063 5734 2205 5790 visse
2239 5737 2307 5791 ab
2349 5735 2488 5792 Esau
2518 5736 2628 5794 tilio
2666 5755 2783 5807 suo,
2815 5741 2960 5813 quod
2987 5752 3164 5799 tamen
3194 5740 3361 5800 lacob
3387 5743 3521 5801 bene
3548 5758 3660 5799 ex-
