3950 6192
244 397 348 458 589

1186 399 1272 453 DE
1313 398 1654 455 UNIVERSO
1695 397 1868 454 LIBRI
1910 399 2069 454 XXII.
2108 431 2175 440 —
2214 400 2337 455 LIB.
2378 397 2537 454 XXII.

3391 401 3493 454 590

240 514 438 584 plevlt;
485 513 612 581 quia
662 513 806 566 Isaac
848 513 970 566 inde
1027 513 1165 566 bene
1217 512 1450 566 refectus
1499 512 1822 566 benedictio-
1851 525 1897 577 Α
1925 513 2138 581 paravi,
2195 513 2332 564 tauri
2398 521 2444 563 et
2493 509 2660 562 altilia
2689 519 2805 562 sunt
2847 511 3038 569 occisa,
3094 519 3140 562 et
3187 513 3360 563 omnia
3400 516 3512 580 pa-‘

241 619 366 658 nem
408 618 510 672 pro
544 619 611 657 eo
647 603 861 672 plenam
907 602 983 655 illi
1015 601 1258 671 rependit
1289 620 1300 654 :
1330 603 1471 671 quod
1513 603 1780 672 signiﬁcat
1810 622 1821 654 :

243 702 552 748 remorante
593 693 758 762 priori
801 691 994 761 popqu
1030 692 1084 744 in
1119 691 1372 744 exteriori
1421 691 1823 753 exercitatione,

241 784 472 854 populus
517 783 756 853 gentium
801 783 908 836 Deo
945 782 1090 834 Patri
1132 782 1285 835 bonae
1325 781 1615 835 voluntatis
1661 791 1718 835 et
1751 782 1831 834 in-

241 875 509 928 nocentiae
542 874 877 942 pulmentum
911 872 1142 927 olferens
1187 881 1401 925 a’let‘lltﬁ
1444 873 1831 927 benedictionis

241 965 476 1034 gratiam
507 963 752 1031 accipere
773 963 1085 1032 promeruit.
1111 962 1344 1016 Satietas
1363 970 1539 1015 autem
1561 971 1613 1015 et
1632 963 1830 1016 saturi-

242 1064 428 1124 gratas
457 1053 560 1106 sibi
581 1053 850 1106 differunt.
881 1051 1012 1104 Nam
1037 1053 1259 1106 satietas
1281 1061 1338 1105 et
1362 1066 1428 1104 ex
1452 1067 1560 1105 uno
1584 1053 1703 1105 ciba
1725 1052 1829 1106 dici

242 1153 424 1212 potest
471 1159 571 1212 pro
621 1158 704 1205 eo,
743 1141 883 1210 quod
929 1142 1060 1196 satis
1107 1142 1176 1194 sit
1222 1159 1234 1192 :
1283 1144 1538 1196 saturitas
1570 1152 1748 1196 autem
1800 1158 1830 1195 a

243 1245 430 1287 satura
484 1249 678 1287 nomen
710 1235 934 1302 accepit,
966 1233 1108 1301 quod
1151 1233 1301 1286 vario
1338 1242 1422 1286 est
1457 1233 1830 1286 alimentorum

245 1335 510 1395 apparatu
558 1326 934 1396 compositum.
982 1325 1213 1378 Satietas
1245 1335 1423 1378 autem
1469 1324 1756 1392 aliquando
1777 1325 1829 1377 in

245 1417 445 1468 bonam
489 1426 716 1483 partem,
762 1414 1048 1481 aliquando
1083 1428 1211 1467 vero
1240 1414 1293 1466 in
1325 1413 1649 1467 contrariam
1675 1412 1830 1481 poni-

249 1515 353 1557 tur.
410 1505 470 1557 In
521 1507 736 1567 bonam,
797 1504 1010 1572 quando
1056 1503 1434 1558 abundantiam
1490 1503 1745 1555 virtutum
1777 1503 1830 1555 in

247 1591 529 1662 pnes-emi,
564 1594 647 1645 vel
674 1593 1059 1660 plenitudinem
1099 1591 1543 1644 remunerationis
1571 1592 1623 1644 in
1654 1591 1832 1644 futuro

248 1683 544 1754 significat;
590 1684 729 1735 unde
769 1683 1024 1751 scripturn
1073 1690 1156 1736 est
1188 1681 1240 1734 in
1288 1681 1616 1750 Evangelia:
1649 1679 1830 1734 Satia-

248 1785 308 1824 vtt
354 1772 613 1824 Dominus
653 1772 877 1840 quinque
912 1770 1076 1822 millia
1133 1771 1402 1823 hominum
1455 1771 1668 1839 (Matth.
1693 1769 1824 1839 xw).

1930 614 2047 654 rata
2095 613 2212 655 sunt
2260 601 2473 672 (Matth.
2501 599 2654 669 χχιι).
2686 598 2906 652 Caenum
2952 608 3128 653 autem
3161 599 3316 653 ﬁnem
3345 616 3496 653 mun-

1930 697 1980 750 di
2042 695 2338 762 intelligere
2387 707 2688 762 possumus,
2754 691 2842 743 ubi
2896 691 3152 744 Dominus
3207 693 3495 760 unicuique

1932 784 2118 840 reddet
2155 797 2316 854 opera
2348 800 2475 847 sua;
2517 783 2656 835 unde
2703 782 2751 834 in
2781 781 3095 851 Evangelica
3118 782 3390 849 parabola,
3418 783 3496 837 di-

1930 877 2049 946 guis
2101 877 2153 928 in
2189 875 2434 928 convivio
2474 871 2926 936 rceumbentibus,
2978 871 3086 935 ille,
3127 871 3214 940 qui
3255 886 3360 925 non
3405 874 3499 926 lia-

1930 966 2046 1019 buit
2078 974 2281 1019 vestem
2328 963 2638 1033 nuptialem,
2689 960 2958 1030 projectus
2998 969 3082 1015 est
3118 962 3182 1016 de
3226 962 3500 1016 consortia

1931 1055 2156 1108 aliorum
2201 1055 2252 1107 in
2300 1068 2509 1123 ptenam
2553 1052 2653 1105 sibi
2697 1051 3015 1119 condignam
3052 1068 3065 1104 :
3123 1052 3245 1120 quia
3282 1068 3494 1106 recum~

1931 1147 2179 1200 bentibus
2228 1145 2411 1198 electis
2458 1143 2509 1196 in
2537 1142 2715 1211 quiete
2745 1156 2974 1209 superna
3009 1141 3107 1196 soli
3133 1143 3342 1210 reprobi
3377 1157 3500 1212 pro-

1926 1236 2180 1304 jicientur
2217 1235 2268 1287 in
2314 1234 2561 1287 tenebras
2613 1232 2929 1297 exteriores,
2968 1233 3058 1286 ubi
3105 1233 3208 1286 erit
3249 1233 3400 1286 ﬁetus
3444 1244 3500 1289 et

1932 1327 2128 1379 stridor
2167 1325 2426 1378 dentium.
2470 1323 2628 1376 Panis
2671 1323 2863 1383 dictus.
2910 1323 3051 1392 quod
3089 1323 3141 1376 in
3191 1325 3334 1376 omni
3377 1325 3500 1378 cibo

1932 1423 2249 1483 apponatur,
2301 1413 2381 1466 vel
2430 1413 2569 1482 quod
2625 1427 2784 1466 omne
2840 1412 3038 1465 animal
3087 1427 3210 1466 eum
3261 1423 3496 1482 appetat.

1931 1505 2040 1558 Pan
2076 1505 2216 1557 enim
2261 1504 2444 1558 Graece
2489 1518 2647 1556 autne
2695 1503 2906 1556 dicitur.
2954 1503 3200 1557 Cibarius
3247 1515 3348 1568 est,
3406 1508 3496 1576 qui

1931 1595 1998 1648 ad
2044 1594 2221 1648 cibum
2266 1593 2436 1647 servis
2483 1594 2657 1654 datur,
2711 1607 2814 1645 non
2865 1593 2932 1646 ad
2963 1593 3197 1647 delicias.
3240 1593 3498 1649 Fermeno

1931 1683 2096 1737 tatius
2123 1683 2294 1753 panis,
2327 1681 2602 1737 fermentis
2625 1681 2899 1736 confectus
2929 1701 2940 1735 :
2967 1698 3202 1753 azymus,
3259 1699 3362 1737 non
3399 1685 3503 1739 fer-

1932 1780 2215 1825 mentatus.
2266 1770 2399 1824 Nam
2450 1786 2667 1841 azymos
2691 1780 2793 1835 est,
2835 1771 2950 1826 sine
2992 1771 3276 1838 fermento,
3329 1775 3502 1828 since-

250 1865 309 1918 Et
353 1865 646 1932 Propheta,
684 1862 952 1927 Satiabor,
993 1861 1188 1930 inquit,
1242 1863 1366 1913 dum
1411 1861 1832 1928 manifestabitur
1859 1859 1904 1916 B
1934 1877 2042 1916 rus.
2076 1862 2406 1931 Acrozymus
2437 1861 2622 1915 leviter
2656 1861 3026 1927 fermentatus,
3058 1865 3206 1931 quasi
3247 1880 3501 1936 acroazyo

245 1954 412 2022 gloria
452 1966 545 2004 tua
591 1951 761 2021 (Psal.
797 1950 929 2019 xvi).
968 1950 1024 2004 In
1053 1952 1378 2005 contrariam
1411 1961 1588 2003 autem
1620 1959 1826 2019 partem

246 2045 467 2097 satietas
491 2043 727 2112 ponitur,
758 2043 885 2095 dum
927 2041 1203 2111 Scriptura
1229 2041 1359 2095 dicit
1393 2043 1458 2094 de
1489 2042 1698 2110 impiis:
1730 2039 1830 2094 Sa-

246 2135 518 2187 tiabuntur
553 2134 715 2203 panis
754 2135 885 2197 suis,
925 2135 1028 2187 hoc
1071 2143 1175 2197 est,
1211 2133 1556 2187 abundabunt
1597 2144 1833 2188 tormen-

249 2229 311 2278 tis
347 2224 570 2277 futuris.
627 2223 886 2277 Similiter
933 2231 989 2277 et
1031 2222 1288 2277 saturitas
1327 2225 1380 2276 iu
1432 2225 1627 2277 bonam
1675 2232 1731 2278 et
1778 2225 1830 2276 in

245 2313 577 2366 contrariam
624 2321 830 2380 partem
886 2313 1116 2381 reposita
1169 2313 1452 2380 reperitur.
1504 2313 1562 2365 In
1615 2314 1829 2376 bonam,

248 2406 332 2458 ubi
364 2404 640 2473 Propheta
683 2404 854 2458 dicit:
886 2404 1056 2457 Edent
1084 2420 1334 2474 pauperes
1373 2415 1421 2457 et
1461 2405 1836 2459 saturabuntur

246 2492 420 2564 (Psal.
449 2494 588 2564 ut).
651 2493 717 2546 Et
777 2495 830 2547 in
858 2494 1145 2565 Evangelia
1194 2495 1494 2549 Dominus:
1549 2495 1696 2549 Beati
1744 2498 1834 2566 qui

246 2585 482 2636 esuriant
512 2593 560 2636 et
589 2584 770 2637 sitiunt
794 2584 1079 2652 justitiam,
1107 2586 1357 2654 quoniam
1387 2586 1486 2654 ipsi
1521 2587 1838 2640 saturabitu-

249 2687 335 2727 tur
364 2675 586 2745 (Matth.
612 2676 686 2744 v).
717 2674 774 2728 In
821 2675 1013 2728 malam
1043 2691 1189 2739 vero,
1234 2676 1326 2730 ubi
1351 2678 1416 2730 de
1449 2675 1649 2730 Judteis
1685 2678 1836 2731 Psal-

251 2767 408 2820 utista
460 2765 640 2819 dicit.
674 2763 910 2818 Saturati
956 2776 1074 2819 sunt
1127 2768 1360 2836 porcina,
1418 2777 1467 2820 et
1521 2769 1838 2838 reliquerunt

249 2875 363 2926 qua:
418 2857 808 2925 superfuerunt,
871 2859 1100 2926 parvulis
1152 2859 1324 2930 (Psal.
1372 2861 1518 2931 xvr);
1593 2862 1840 2916 sordibus

251 2949 392 3000 cuitu
446 2959 788 3017 peccatorum
817 2967 1035 3005 suorum
1083 2953 1445 3021 rcplebantur,
1495 2953 1587 3022 qui
1627 2963 1841 3008 contra-

254 3038 316 3091 rii
364 3038 505 3092 Filio
547 3039 643 3093 Dei
671 3043 1011 3107 exstiterunt,
1042 3051 1097 3097 et
1139 3045 1554 3099 transmiserunt
1591 3046 1843 3116 reliquias

253 3133 599 3189 peccatorum
640 3125 764 3178 ﬁliis
809 3128 944 3190 suis,
987 3131 1199 3194 quando
1239 3128 1582 3182 clamabant:
1617 3129 1841 3199 Sanguis

1931 1967 2071 2006 mus.
2123 1951 2282 2006 Panis
2333 1961 2508 2006 autem
2539 1961 2592 2007 et
2631 1953 2683 2006 in
2717 1953 2909 2006 bonam
2957 1963 3186 2022 partem,
3217 1963 3270 2008 et
3299 1955 3349 2008 in
3392 1972 3504 2009 ma-

1931 2044 2037 2095 lam
2077 2042 2356 2112 accipitur.
2386 2042 2440 2095 Ιιι
2479 2043 2673 2096 bonam
2703 2057 2832 2096 vero
2861 2053 3086 2112 partem,
3119 2044 3332 2112 quando
3353 2044 3506 2098 Clu-i-

1931 2143 2072 2189 stum
2115 2133 2396 2204 signiﬁcat,
2455 2133 2535 2188 vel
2577 2149 2877 2188 sermonem
2905 2133 3039 2201 ejus.
3096 2134 3246 2190 Unde
3288 2135 3399 2204 ipse
3434 2138 3508 2190 ait

1935 2227 1986 2278 in
2029 2224 2354 2296 Evangelia:
2389 2223 2501 2294 Ego
2549 2240 2663 2277 sum
2708 2223 2859 2292 panis
2908 2227 3065 2287 vivus,
3129 2225 3219 2295 qui
3268 2226 3332 2279 de
3381 2226 3506 2279 caelo

1933 2318 2173 2370 descendi
2214 2315 2393 2386 (Joan.
2418 2318 2524 2379 γι).
2547 2317 2613 2370 Εῑ
2652 2317 2778 2369 item
2807 2333 2820 2369 :
2854 2313 3017 2370 Panis
3051 2332 3198 2387 quem
3225 2333 3316 2389 ego
3347 2318 3504 2382 dabo,

1934 2423 2057 2460 caro
2102 2423 2213 2459 mea
2259 2416 2334 2460 est
2361 2423 2454 2477 pro
2493 2407 2673 2460 mundi
2701 2408 2804 2460 vita
2833 2405 3042 2478 (Ibid.).
3084 2408 3268 2463 Fidem
3309 2411 3510 2479 siguili.

1935 2505 2024 2550 eat
2065 2498 2238 2565 panis,
2289 2506 2347 2550 ut
2397 2497 2450 2550 in
2493 2496 2820 2566 Evangelia:
2855 2496 3007 2562 Quis,
3049 2499 3241 2566 inquit,
3286 2513 3508 2554 vestrum

1935 2588 2138 2640 habebit
2178 2588 2426 2651 amicum,
2461 2598 2505 2640 et
2535 2587 2626 2640 ibit
2656 2589 2725 2641 ad
2758 2586 2908 2640 illum
2948 2597 3113 2653 nocte,
3142 2601 3190 2641 et
3223 2589 3356 2642 dicet
3393 2590 3508 2644 illi:

1939 2677 2135 2741 Amice,
2181 2677 2451 2730 commoda
2494 2677 2619 2730 milii
2666 2687 2769 2731 tres
2819 2693 2980 2747 panes
3020 2677 3170 2748 (Luc.
3208 2679 3305 2752 xi).
3377 2679 3507 2736 Item

1939 2769 2092 2837 panis
2120 2769 2356 2822 charitas
2388 2768 2722 2839 intelligitur,
2752 2771 2892 2823 unde
2930 2770 2984 2823 in
3015 2771 3305 2841 Evangelia
3331 2773 3510 2826 Darni-

1942 2873 2042 2911 nus
2088 2857 2207 2910 ait:
2242 2858 2370 2923 Quis
2417 2868 2639 2911 vestrum
2684 2867 2883 2927 patrem
2935 2859 3058 2928 petit
3103 2875 3320 2928 panem,
3378 2875 3512 2912 nuu-

1940 2946 2067 3016 quid
2114 2945 2341 3015 lapidem
2388 2945 2532 2998 dabit
2585 2945 2712 2998 illi?
2773 2944 2980 3015 (Ibid.)
3031 2946 3262 2999 Rursum
3323 2961 3508 3014 panes,

1945 3037 2129 3089 decem
2177 3034 2533 3103 plenitudines
2579 3033 2818 3088 omnium
2864 3042 3168 3089 sanctorum
3203 3034 3509 3104 decalogum

1947 3133 2224 3180 servantes
2250 3125 2618 3196 intelliguntur
2642 3143 2654 3178 :
2683 3133 2736 3180 et
2750 3141 2915 3194 panes
2936 3126 3231 3191 duodecim,
3249 3127 3338 3195 qui
3353 3141 3514 3194 super

253 3213 363 3280 ejus
408 3228 567 3281 super
607 3228 697 3266 nos
726 3223 772 3266 et
816 3214 954 3282 ﬁlios
992 3227 1194 3270 nostros
1234 3217 1445 3287 (Matth.
1480 3219 1672 3290 xxv").
1711 3222 1843 3274 Cra-
1869 3206 1914 3267 C
1946 3234 2185 3272 mensam
2237 3218 2615 3287 propositionis
2667 3231 2765 3288 per
2812 3217 3018 3292 singula
3067 3219 3285 3272 sabbata
3334 3227 3510 3271 muta-

255 3303 372 3372 pula
413 3312 499 3355 est
547 3303 893 3358 immoderata
922 3307 1206 3371 voracitas,
1258 3309 1410 3376 quasi
1457 3311 1623 3363 cruda
1663 3310 1838 3378 epula,

255 3390 413 3458 cujus
463 3391 733 3445 cruditate
779 3404 1032 3462 gravatur
1081 3411 1194 3462 cor,
1235 3407 1290 3449 et
1342 3400 1651 3452 stomachus
1709 3401 1844 3452 indi-

257 3491 443 3553 gestus
474 3483 723 3537 edicitur.
760 3485 1112 3541 lmmoderata
1151 3490 1294 3543 enim
1341 3492 1608 3545 voracitas
1655 3477 1841 3545 vitium

258 3589 337 3632 est
367 3593 384 3631 :
413 3581 512 3634 sed
561 3590 767 3635 tantum
813 3583 866 3636 id
893 3583 1077 3638 salutis
1124 3593 1225 3650 est,
1277 3594 1534 3653 quantum
1578 3595 1843 3640 sustenta-

262 3671 387 3723 tioni
457 3679 772 3741 naturaeque
837 3672 1084 3727 sufﬁciat.
1153 3674 1383 3744 Crapula
1448 3683 1624 3728 autem
1689 3675 1843 3742 juxta

261 3762 573 3832 allegoriam
619 3765 703 3817 vel
759 3765 1110 3835 tropologiam
1159 3767 1213 3820 in
1262 3767 1587 3821 contrariam
1637 3779 1842 3838 partem

261 3855 434 3924 magis
475 3869 641 3923 quam
670 3856 864 3909 bonam
894 3857 1173 3926 accipitur,
1228 3860 1351 3927 quia
1401 3859 1469 3913 ad
1508 3861 1696 3913 vitium
1739 3876 1845 3914 ma-

261 3944 339 4012 gis
383 3943 623 3999 refertur
678 3961 838 4014 quam
887 3948 952 4001 ad
1007 3949 1253 4003 virtutes.
1299 3949 1437 4004 Hinc
1486 3951 1745 4006 Dominus
1791 3953 1844 4004 in

263 4033 558 4103 Evangelia
601 4034 874 4105 discipulis
916 4037 1031 4091 ait:
1065 4039 1324 4093 Attendite
1367 4053 1539 4094 autem
1584 4041 1738 4104 vobis,
1786 4058 1848 4095 ne

264 4124 398 4191 forte
427 4135 708 4193 graventur
748 4128 907 4179 corda
943 4139 1110 4181 vestra
1153 4131 1208 4182 in
1253 4132 1468 4201 crapula
1515 4143 1563 4186 et
1605 4133 1846 4187 ebrietate

263 4225 308 4266 et
346 4216 493 4269 curis
532 4216 691 4284 hujus
716 4217 850 4283 vitae,
891 4229 937 4272 et
966 4223 1288 4290 superveniat
1333 4234 1538 4292 repente
1565 4240 1720 4294 super
1759 4242 1845 4279 vos

265 4306 372 4358 dies
420 4306 553 4370 illa,
596 4315 700 4361 etc.
732 4307 884 4377 (Luc.
941 4314 1076 4381 ut).
1127 4310 1418 4366 Prandium
1469 4316 1536 4367 ab
1587 4325 1846 4383 apparatu

265 4395 456 4450 edendi
479 4396 709 4450 dictum.
758 4398 975 4468 Proprie
1001 4412 1176 4454 autem
1207 4414 1416 4457 veteres
1447 4407 1735 4472 prandium
1761 4423 1848 4460 vo-

266 4485 464 4539 cabant
526 4487 765 4540 omnium
850 4489 1078 4542 militum
1137 4491 1316 4545 cibum
1392 4504 1514 4546 ante
1578 4509 1843 4562 pugnam;

269 4579 412 4629 unde
432 4585 520 4630 est
564 4577 690 4630 illttd
724 4579 875 4633 ducis
915 4581 1204 4648 alloquium
1240 4601 1252 4634 :
1302 4581 1685 4648 Prandeamus,
1724 4597 1844 4638 tan-

266 4681 423 4734 quam
461 4668 606 4736 apud
649 4668 843 4736 inferos
889 4673 1158 4723 cwnaturi.
1210 4673 1428 4725 (lienam
1476 4677 1657 4727 vocari
1699 4677 1849 4728 aiunt

269 4776 296 4809 a
333 4758 719 4813 communione
768 4763 1117 4816 vescentium.
1177 4765 1382 4818 Coiuou
1439 4767 1632 4836 quippe
1675 4767 1848 4822 Gnaei

268 4863 560 4903 commune
621 4851 823 4917 dicunt,
877 4855 1019 4907 unde
1072 4863 1127 4908 et
1181 4858 1656 4922 communicantes,
1707 4861 1848 4927 quod

271 4943 656 5008 communiter,
710 4944 762 4997 id
805 4954 908 5009 est,
955 4947 1153 5014 pariter
1181 4949 1545 5002 conveniant:
1577 4951 1713 5018 apud
1756 4966 1849 5003 ve-

273 5047 414 5092 teres
453 5039 599 5091 enim
637 5037 849 5092 solitum
883 5050 999 5093 erat
1037 5042 1088 5094 in
1126 5042 1406 5110 propatqu
1442 5045 1579 5096 vesci
1619 5055 1673 5098 et
1709 5060 1852 5100 com-

274 5128 771 5200 muniter‘epulari,
805 5143 871 5183 ne
910 5130 1252 5198 singular-itas
1289 5131 1552 5182 luxuriam
1591 5133 1850 5201 gigneret.

276 5219 370 5273 Est
417 5228 601 5272 autem
646 5236 804 5274 cwna
853 5223 1185 5290 vespertinus
1238 5223 1410 5285 cibus,
1445 5240 1606 5290 quam
1645 5241 1853 5294 vesper-

277 5322 398 5362 uam
423 5308 676 5361 dicebant
700 5311 901 5379 antiqui
939 5328 953 5363 :
986 5311 1038 5363 in
1063 5326 1162 5364 usu
1190 5313 1334 5364 enim
1364 5327 1470 5364 non
1509 5323 1664 5366 erant
1690 5330 1852 5383 pran-

275 5400 382 5451 dia.
427 5399 716 5452 Prandium
755 5403 895 5454 enim
928 5402 1149 5471 mystice
1175 5413 1382 5469 pastum
1418 5403 1683 5471 signiﬁcat
1715 5421 1851 5472 pne-

276 5489 446 5542 sentis
497 5490 773 5557 temporis,
837 5492 923 5543 ubi
971 5491 1153 5544 ﬁdeles
1197 5503 1504 5545 sanctorum
1562 5495 1847 5560 propinata-

281 5595 396 5632 rmn
436 5589 494 5633 et
521 5581 896 5648 Apostolorum
941 5582 1098 5635 dictis
1141 5592 1194 5636 et
1232 5585 1489 5652 exetnplis
1539 5595 1848 5652 pascuntur.

287 5669 434 5721 lindc
473 5679 526 5721 et
570 5672 619 5722 in
651 5673 958 5740 evangelica
1008 5675 1258 5741 parabola
1308 5676 1562 5744 scriptum
1592 5685 1672 5729 est
1700 5696 1711 5728 :
1741 5677 1852 5728 Rea:

283 5764 440 5811 seri-is
481 5765 586 5814 suis
621 5763 728 5813 ait:
758 5763 924 5815 Dicite
948 5763 1205 5815 invitatis.
1229 5762 1361 5815 Ecce
1385 5767 1656 5833 prandium
1685 5784 1852 5820 meum

1877 4553 1924 4610 Ι)

1945 3314 2143 3367 bantur
2198 3313 2393 3383 (Exod.
2425 3314 2577 3382 xxv),
2633 3312 2910 3367 duodecim
2961 3311 3321 3380 apostolorum
3377 3310 3515 3364 obti-

1945 3413 2074 3457 nent
2119 3411 2536 3458 sacramentum.
2584 3403 2641 3456 In
2680 3402 3002 3458 contrariam
3034 3417 3160 3455 vero
3186 3410 3390 3470 partem
3421 3415 3516 3470 pa-

1945 3493 2028 3545 nis
2078 3491 2316 3560 ponitur,
2349 3492 2439 3545 ubi
2468 3491 2769 3545 doctrinam
2811 3489 3182 3544 haereticorum
3211 3489 3510 3560 signiﬁcat;

1944 3585 2085 3637 unde
2115 3584 2166 3637 in
2200 3583 2486 3638 Salomone
2523 3583 2779 3652 scriptum
2822 3592 2934 3636 est:
2973 3582 3134 3651 Aqua:
3163 3581 3365 3649 furtiva:
3392 3582 3513 3633 dan

1945 3675 2108 3728 ciores
2153 3684 2292 3736 sunt,
2331 3684 2378 3727 et
2413 3675 2564 3743 panis
2602 3673 2931 3726 absconditus
2971 3674 3181 3727 suavior
3209 3671 3387 3743 (Prov.
3412 3674 3511 3740 Ix).

1947 3767 2074 3820 Item
2105 3766 2176 3820 ibi
2204 3781 2218 3818 :
2250 3763 2332 3819 Ne
2358 3765 2636 3830 desideres,
2673 3763 2863 3833 inquit,
2895 3764 2960 3817 de
3000 3765 3124 3818 cibis
3163 3766 3296 3834 ejus,
3322 3765 3374 3816 in
3400 3766 3515 3836 qui-

1947 3861 2040 3907 bus
2085 3865 2157 3907 est
2198 3855 2347 3924 panis
2394 3853 2651 3908 mendacii
2680 3850 2864 3922 (Prov.
2893 3854 3071 3920 xxm).
3117 3853 3315 3924 Azyma
3345 3855 3514 3907 since-

1948 3943 2160 3996 ritatem
2193 3943 2388 3996 mentis
2435 3941 2738 4012 signiﬁcant
2767 3942 2968 4009 absque
2994 3941 3254 3995 fermento
3281 3942 3512 4004 ntalitize,

1947 4039 2008 4084 ut
2053 4031 2104 4084 in
2153 4031 2406 4100 Apostolo
2437 4049 2448 4083 :
2482 4031 2548 4085 In
2596 4031 2818 4100 azymis,
2867 4031 3060 4097 inquit,
3105 4031 3412 4084 sinceritatis
3460 4029 3510 4102 (Ι

1948 4123 2067 4177 Cor.
2095 4124 2168 4190 v).
2204 4124 2481 4194 Similago,
2525 4123 2759 4178 ﬁdelium
2789 4122 3089 4186 multitudo,
3129 4123 3335 4191 paritas
3370 4137 3516 4176 men-

1949 4214 2036 4276 tis,
2077 4215 2317 4282 operatio
2343 4214 2745 4276 misericordire,
2777 4222 2830 4268 et
2855 4212 3110 4268 fortitudo
3138 4213 3415 4268 charitatis
3440 4213 3516 4266 iu-

1950 4303 2221 4373 telligitur.
2262 4302 2414 4358 Unde
2440 4305 2493 4357 in
2532 4302 2770 4359 Levitico
2811 4303 3065 4372 scriptum
3103 4311 3223 4358 est:
3257 4302 3316 4357 Si
3341 4313 3516 4357 autem

1949 4393 2099 4460 o/fert
2145 4408 2356 4455 manus,
2407 4392 2722 4459 sacriﬁcium
2774 4391 2880 4444 Deo
2929 4391 3168 4460 similago
3215 4392 3280 4443 sit
3327 4407 3516 4444 manus

1949 4485 2062 4553 ejus
2105 4483 2287 4554 (Leuit.
2320 4481 2410 4553 ιι).
2468 4481 2860 4537 Subcineritius
2899 4482 3054 4552 panis
3104 4483 3300 4537 dicitur
3333 4492 3518 4538 coctus

1949 4573 2050 4627 sub
2085 4574 2265 4628 cinere
2313 4581 2366 4626 et
2415 4573 2898 4641 reversatus;ipse
2922 4582 3004 4628 est
3032 4571 3284 4627 focacius.
3333 4573 3521 4628 Subci-

1950 4662 2175 4716 neritius
2238 4662 2554 4716 humilitatis
2618 4661 2940 4717 oblationem
2993 4662 3288 4732 signiﬁcat,
3353 4672 3414 4718 ut
3462 4665 3516 4718 in

1949 4753 2190 4808 Genesi:
2228 4751 2578 4818 Festinanter,
2625 4753 2724 4816 ait,
2773 4771 3047 4824 consperge
3089 4765 3193 4809 tres
3248 4771 3520 4810 mensuras

1949 4842 2280 4912 similaginis,
2323 4853 2368 4895 et
2419 4843 2502 4912 {ac
2540 4843 2930 4896 subcineritium
2959 4860 3142 4913 panem
3171 4841 3320 4914 (Gen.
3341 4845 3516 4914 xvm).

1961 4933 2023 4985 Et
2049 4933 2101 4986 in
2129 4931 2286 4986 aliam
2320 4942 2568 5002 partem:
2602 4933 2798 4987 Factus
2827 4944 2900 4987 est
2928 4932 3201 5004 Ephraim,
3244 4937 3378 4988 sicut
3404 4937 3522 4989 sab-

1957 5023 2242 5085 cineritius,
2279 5025 2366 5092 qui
2400 5033 2690 5076 reversntur
2715 5021 2860 5091 (Ose.
2881 5023 2996 5094 vn).
3026 5023 3348 5078 Clibanicius
3369 5025 3422 5077 in
3447 5034 3523 5080 te-

1957 5125 2037 5167 sta
2064 5123 2268 5167 coctus.
2308 5113 2381 5166 De
2408 5114 2688 5166 clibanicio
2725 5128 2862 5182 pane
2903 5115 2953 5166 in
2988 5113 3223 5167 Levitico
3263 5115 3521 5184 scriptum

1956 5213 2033 5257 est
2065 5223 2076 5256 :
2118 5204 2250 5258 Cum
2278 5214 2450 5255 autent
2491 5203 2735 5256 obtuleris
2773 5204 3086 5270 sacri/icium
3127 5215 3326 5256 coctum
3351 5208 3404 5262 in
3435 5206 3524 5260 cli-

1957 5295 2110 5354 bano.
2159 5294 2222 5347 de
2251 5291 2423 5345 simila
2463 5309 2621 5359 panes
2650 5292 2837 5344 scilicet
2881 5292 3070 5360 absque
3099 5292 3367 5360 fermento,
3399 5309 3523 5348 con-

1960 5401 2160 5455 spersos
2200 5385 2335 5445 oleo,
2379 5392 2425 5436 et
2464 5382 2654 5450 iagtma
2699 5399 2884 5451 azyma
2931 5382 3042 5435 oleo
3081 5384 3171 5436 lita
3219 5384 3400 5455 (Leuit.
3439 5389 3522 5452 ιι).

1965 5475 2126 5527 Recte
2171 5487 2298 5540 ergo
2345 5471 2665 5524 sacriﬁcium
2698 5470 2749 5522 in
2782 5471 2881 5522 hoc
2913 5470 3050 5535 loco,
3095 5483 3155 5525 ut
3189 5475 3528 5530 denuntiaret

1965 5563 2295 5615 nativitatem
2336 5560 2562 5622 Christi,
2627 5558 2823 5610 dicitur
2876 5569 3086 5613 coctum
3147 5563 3376 5628 clibano,
3437 5565 3527 5619 Dci

1963 5653 2237 5722 genitricis
2274 5651 2517 5704 videlicet
2556 5657 2728 5702 utero.
2772 5647 2861 5701 Ille
2899 5651 3040 5704 enim
3073 5651 3311 5708 clibanus
3349 5672 3528 5710 neces-

1965 5747 2104 5799 sarie
2151 5744 2508 5798 noritinatur:
2557 5742 2678 5811 quia
2733 5749 2785 5795 et
2828 5756 2994 5811 panes
3041 5742 3320 5815 ignemque
3377 5747 3522 5799 desu-
