3950 6192
442 337 543 400 ‘52”

1107 351 1166 404 Β.
1207 351 1454 406 RABANI
1496 352 1709 408 MAlIlll
1750 353 2060 411 ARClllEP.
2108 352 2408 407 MOGUNT.
2453 353 2734 410 OPERUM
2772 357 2948 412 PARS
2986 358 3047 414 ll.

3601 362 3705 418 59‘!

451 473 547 525 per
594 456 836 513 clibanus
879 459 1115 528 suscepit
1163 478 1175 513 :
1206 460 1284 514 sic
1312 468 1366 514 et
1407 461 1500 516 Dei
1544 463 1772 532 genitrix
1805 464 2034 532 desuper
2062 467 2108 522 A
2136 461 2400 529 guinibus,
2427 459 2588 526 Deus,
2617 462 2755 517 Deus
2783 465 2968 520 salutis
2993 483 3117 520 mm
3141 465 3310 538 (Psal.
3332 468 3404 540 L).
3431 469 3557 524 Item
3575 485 3704 528 caro

451 547 572 601 vita:
609 563 822 617 panem,
856 548 1024 603 Deum
1063 549 1311 605 videlicet
1352 552 1608 618 Verbum,
1639 553 1692 607 in
1723 569 1822 608 suo
1850 565 2024 619 utero,

453 639 733 708 ignemque
777 640 1012 709 suscepit
1063 641 1362 710 praesentia:
1404 641 1642 710 spiritus.
1678 642 1852 698 Verba
1899 660 2027 714 ergo

449 727 844 795 Apostolorum,
889 743 1056 796 panes
1095 729 1310 797 accipe;
1346 731 1727 800 prophetarum
1762 745 1909 796 vero,
1951 733 2028 786 la-

447 839 602 893 gaua.
653 823 919 890 Quantum
960 824 1102 878 enim
1141 839 1306 893 panes
1359 840 1389 878 a
1431 824 1640 894 laganis
1687 826 1753 879 ad
1792 826 2026 880 nutrien-

447 917 570 969 dum
595 927 718 971 sunt
744 917 994 985 aptiores,
1018 924 1223 969 tantum
1245 915 1406 971 verba
1426 915 1821 985 Apostolorum,
1847 917 2028 971 verbis

446 1004 856 1074 Prophetarum.
901 1004 1127 1074 Utrique
1172 1013 1352 1059 autem
1396 1006 1601 1075 azymi;
1652 1007 1774 1075 quia
1815 1022 1879 1061 ex
1919 1007 2022 1060 alia

445 1093 687 1148 doctrina
727 1092 1050 1148 fermentum
1091 1108 1196 1146 non
1231 1093 1448 1158 habent,
1478 1094 1628 1149 verbi
1683 1096 1876 1164 gratia,
1933 1111 2020 1151 sa-

443 1185 658 1254 pientia:
685 1184 976 1249 saecularis,
1011 1185 1151 1254 quod
1180 1185 1432 1240 convenit
1451 1187 1712 1256 accipere.
1758 1186 2021 1241 Placentze

447 1284 601 1338 sunt,
652 1289 770 1342 quae
825 1275 958 1328 ﬁunt
987 1275 1052 1330 de
1100 1275 1260 1339 farre,
1308 1290 1445 1344 quas
1470 1275 1557 1329 alii
1589 1276 1694 1331 liba
1740 1277 1926 1332 dicunt
1957 1292 2021 1332 eo

443 1365 585 1432 quod
633 1365 832 1419 libeant
878 1375 926 1420 et
988 1365 1253 1434 placeant.
1304 1366 1488 1420 Dulcia
1531 1376 1658 1421 sunt
1697 1381 1892 1436 genera
1941 1367 2014 1436 pi-

442 1453 594 1508 storii
634 1453 831 1523 operis,
883 1470 910 1506 a
958 1469 1146 1523 sapore
1191 1455 1366 1520 dicta;
1412 1455 1566 1508 melle
1615 1455 1756 1510 enim
1799 1471 2016 1524 aspersa

441 1553 743 1597 sumuntur.
776 1543 968 1598 Crusta
997 1555 1079 1600 est
1101 1543 1411 1614 superﬁcies
1449 1545 1624 1613 panis,
1654 1545 1767 1613 ipsa
1795 1553 1851 1598 et
1875 1543 2018 1613 frag-

445 1645 643 1698 menta,
675 1635 799 1703 quia
820 1635 1097 1700 dividitur,
1136 1643 1195 1688 ut
1221 1635 1407 1689 fracta.
1445 1637 1520 1690 De
1554 1635 1814 1705 placentis
1841 1635 1894 1690 in
1923 1634 2017 1690 Je-

444 1726 607 1779 remia
669 1726 869 1780 mentio
922 1724 1001 1787 ﬁt,
1055 1725 1146 1779 ubi
1212 1727 1516 1795 increpatur
1557 1725 1802 1796 populus,
1874 1725 2015 1796 quod

2127 559 2182 602 et
2229 549 2449 619 sanguis
2496 550 2782 621 ingluviem
2813 554 3016 607 ventris
3051 564 3211 622 atque
3241 556 3506 612 luxuriam
3541 557 3702 630 signi-

2128 636 2274 702 ﬁcat,
2329 649 2391 691 ttt
2429 638 2483 692 in
2529 638 2785 707 Apostolo
2823 658 2835 693 :
2882 639 3018 694 Caro
3047 652 3092 695 et
3120 646 3352 713 sanguis,
3399 645 3588 714 inquit,
3617 663 3706 701 rc-

2125 744 2282 797 gnum
2318 727 2417 782 Dei
2454 746 2557 784 non
2591 731 2921 800 possidebunt
2961 733 3012 804 (1
3039 733 3160 787 Cor.
3188 735 3299 805 xv).
3355 735 3586 792 Crudum
3615 737 3701 794 di-

2125 818 2285 882 citur,
2335 819 2477 888 quod
2527 819 2596 874 sit
2631 829 2942 885 cruentum;
2974 833 3057 877 est
3099 825 3241 877 enim
3278 841 3401 879 cum
3443 829 3704 898 sanguine

2125 915 2358 962 coctum.
2393 908 2496 963 Sed
2536 917 2589 964 et
2617 910 2766 964 multi
2814 913 3073 981 temporis
3103 915 3303 984 aliquid
3350 926 3562 972 coetum
3609 935 3704 974 vo-

2123 1007 2296 1053 catur.
2361 999 2577 1064 AsSum,
2627 1001 2768 1069 quod
2821 1001 3026 1066 ardeat,
3081 1011 3137 1056 ut
3190 1019 3393 1059 arsum.
3452 1007 3702 1075 Elixum,

2121 1087 2263 1156 quod
2312 1088 2364 1140 in
2404 1103 2542 1157 aqua
2595 1089 2704 1144 sola
2737 1091 3070 1160 decoquitur.
3101 1092 3233 1148 Lixa
3271 1095 3413 1148 enim
3453 1112 3592 1165 aqua
3625 1099 3703 1154 di-

2121 1178 2261 1232 citur
2310 1177 2377 1231 ab
2402 1193 2468 1233 eo
2504 1179 2645 1247 quod
2675 1180 2746 1234 sit
2771 1181 2975 1246 soluta;
3009 1183 3150 1238 unde
3196 1193 3246 1238 et
3280 1185 3476 1241 solutio
3518 1187 3702 1244 libidi-i

2121 1267 2206 1320 nis
2264 1266 2445 1332 luxus,
2492 1277 2546 1323 et
2603 1269 2844 1324 membra
2893 1271 3011 1325 loco
3062 1282 3203 1326 mota
3255 1273 3376 1328 luxa
3427 1277 3702 1332 dicuntur.

2120 1358 2449 1428 Praeceptum
2498 1375 2731 1429 namque
2778 1361 2852 1415 ita
2901 1363 3069 1416 estin
3114 1363 3230 1433 lege
3259 1366 3325 1420 de
3370 1367 3492 1436 agni
3521 1369 3698 1424 carni-

2120 1447 2222 1502 bus
2251 1449 2303 1502 in
2333 1449 2538 1504 Pascha
2582 1451 2863 1506 vescendis
2890 1469 2903 1504 :
2946 1452 3070 1506 Non
3097 1455 3374 1509 comedetis
3401 1473 3467 1510 ea:
3495 1474 3556 1510 eo
3581 1475 3704 1513 cru-

2118 1539 2243 1592 dum
2275 1541 2426 1610 quid,
2464 1558 2555 1594 nec
2597 1552 2798 1596 coctum
2834 1560 2991 1614 aqua,
3031 1545 3122 1598 sed
3149 1562 3325 1599 assunt
3365 1557 3570 1601 tantum
3591 1550 3701 1620 igni

2118 1629 2314 1700 (Exod.
2340 1630 2457 1702 xu).
2489 1629 2626 1697 Quid
2675 1633 2854 1687 cruda:
2903 1633 3026 1702 agni
3065 1649 3275 1700 carnes,
3317 1636 3417 1692 nisi
3458 1637 3699 1694 inconsi-

2118 1717 2360 1773 deratam
2409 1734 2474 1775 ac
2527 1721 2644 1776 sine
2698 1723 2995 1776 reverentia
3045 1724 3384 1792 cogitationis
3440 1723 3698 1793 rejectam

439 1817 714 1884 placentas
740 1815 852 1869 sive
904 1814 1139 1870 focacios
1161 1789 1375 1885 reginae-
1405 1815 1526 1870 coeti
1558 1789 1806 1870 coierint
1833 1833 1846 1868 :
1877 1789 2019 1886 quod
2047 1789 2094 1848 Β
2121 1808 2262 1864 illius
2310 1810 2695 1865 humanitatem
2731 1811 3064 1882 signiﬁcant?
3110 1789 3278 1867 Omne
3332 1789 3514 1877 ειιίιιιξ
3556 1817 3700 1884 quod

440 1903 720 1958 luereticos
757 1903 869 1957 sive
906 1903 1277 1958 schismaticos
1303 1901 1597 1973 signiﬁcat;
1642 1902 1898 1972 quidquid
1935 1918 2021 1957 sa-

439 1993 636 2063 pientia
675 1991 919 2046 saeculari
966 1993 1018 2046 in
1063 1993 1250 2046 haeresi
1300 2001 1661 2060 excoquuntes
1691 2001 2016 2061 praeparant,

437 2098 545 2138 non
600 2084 732 2146 Deo,
797 2084 889 2137 sed
949 2082 1195 2152 malignis
1253 2081 1533 2150 spiritibus
1585 2081 1814 2136 olferunt
1865 2081 2014 2136 illud.

434 2175 503 2231 Et
523 2177 576 2230 in
605 2175 809 2245 psalmo
835 2175 1094 2244 scriptum
1118 2189 1134 2228 :
1160 2173 1320 2228 Mittit
1345 2174 1649 2244 crystallum
1676 2189 1849 2238 suum,
1883 2173 2015 2227 sicut

435 2265 604 2335 frusta
633 2267 784 2335 panis
825 2264 995 2334 (Psal.
1022 2264 1244 2335 chvtt).
1293 2263 1543 2334 Crystalli
1594 2264 1892 2318 substantia
1919 2263 2015 2318 ob-

434 2356 649 2411 stinatis
679 2355 1050 2425 peccatoribus
1077 2358 1271 2410 merito
1302 2364 1669 2424 comparatur,
1715 2355 1806 2424 qui
1832 2355 2014 2425 algore

433 2443 668 2513 perﬁdiae
713 2443 989 2498 constricti
1026 2458 1122 2512 per
1158 2443 1399 2512 singulos
1452 2444 1567 2498 dies
1611 2443 2007 2513 congelascunt.

432 2530 541 2586 llos
576 2542 788 2598 quoque
829 2529 1101 2591 Dominus,
1157 2530 1323 2585 veluti
1354 2530 1524 2584 frusta
1578 2531 1754 2599 panis,
1787 2531 2008 2599 emittit,

429 2621 642 2690 quando
686 2636 974 2677 conversos
1031 2636 1127 2676 sua
1187 2619 1313 2677 facit
1369 2623 1666 2693 praedicare
1721 2623 2005 2693 magnalia,

429 2711 569 2766 unde
594 2711 822 2782 populus
849 2712 1093 2767 esuriens
1117 2711 1324 2767 ccelesti
1355 2726 1489 2782 pane
1515 2721 1780 2768 vescatur.
1818 2713 2008 2770 Frusto

425 2799 570 2854 enim
598 2808 780 2870 partes
808 2799 1048 2868 corporis
1076 2800 1304 2855 dicimus
1332 2801 1588 2871 alicujus:
1618 2801 1834 2872 signant
1855 2803 2007 2873 quip-

423 2902 491 2956 pe
506 2889 762 2944 doctrina:
779 2890 987 2946 diversa
1011 2890 1170 2954 dona,
1186 2906 1306 2960 qua:
1320 2905 1383 2945 ex
1392 2900 1571 2960 specta
1580 2892 1782 2946 toribus
1799 2891 2005 2964 (Forte,

424 2979 822 3052 peccatoribus)
866 2980 919 3034 in
945 2981 1145 3037 sanctis
1173 2983 1284 3036 suis
1323 2981 1580 3036 Dominus
1615 2983 1809 3052 sapius
1849 2997 2002 3037 mon-

423 3078 599 3124 strare
635 3069 883 3141 dignatus
925 3078 1027 3124 est.
1079 3069 1422 3125 Fermentum
1471 3086 1501 3124 a
1539 3070 1747 3126 fervore
1798 3087 2003 3127 nuncu-

2121 1900 2384 1954 subtiliter
2435 1901 2752 1971 cogitamus,
2800 1901 2952 1970 quasi
3001 1910 3180 1955 mente
3234 1903 3541 1972 coquimus.
3592 1903 3697 1958 Sed

2120 1991 2242 2061 agni
2271 2005 2400 2044 caro
2447 2006 2547 2045 nec
2575 1991 2738 2045 cruda
2790 1991 2998 2046 edenda
3040 2000 3142 2056 est,
3194 2005 3293 2045 nec
3339 2006 3480 2060 aqua
3519 2004 3698 2056 cocta,

2117 2082 2243 2152 quia
2289 2081 2614 2150 Redemptor
2658 2091 2840 2137 noster
2867 2097 2966 2136 nec
3011 2097 3179 2152 purus
3230 2083 3391 2137 homo
3418 2085 3698 2139 aestiman-

2116 2171 2216 2226 dus
2256 2179 2356 2234 est,
2390 2185 2561 2240 neque
2589 2186 2686 2240 per
2733 2171 3019 2225 humanam
3069 2171 3412 2241 sapientiam,
3463 2173 3699 2242 qualiter

2116 2261 2385 2316 incarnari
2423 2262 2566 2317 Deus
2591 2262 2782 2330 potuit,
2828 2261 3160 2331 cogitandus.
3192 2260 3384 2316 Omnis
3408 2266 3581 2328 enim,
3607 2265 3694 2333 qni

2113 2350 2522 2420 Redemptorem
2548 2361 2790 2406 nostrum
2816 2366 3008 2420 purum
3034 2351 3303 2407 hominem
3335 2353 3532 2417 credit,
3566 2355 3696 2422 quid

2111 2441 2213 2517 iste
2255 2441 2417 2505 aliud,
2486 2457 2647 2511 quam
2711 2442 2834 2512 agni
2882 2456 3074 2498 carnes
3124 2442 3340 2509 crudas,
3404 2445 3697 2498 comedit:

2110 2545 2245 2600 quas
2288 2530 2535 2584 videlicet
2574 2544 2806 2600 coquere
2849 2545 2944 2601 per
2986 2531 3281 2586 divinitatis
3326 2531 3445 2601 ejus
3493 2533 3694 2588 intelli-

2109 2619 2342 2687 gentiam
2366 2619 2555 2674 noluit.
2587 2620 2774 2674 Omnis
2813 2620 2976 2684 enim,
3023 2621 3116 2690 qui
3156 2621 3550 2675 incarnationis
3576 2621 3692 2688 ejus
3781 2614 3786 2618 ﬁ

2109 2709 2365 2778 mysteria
2406 2707 2559 2775 juxta
2604 2708 2894 2762 humanam
2941 2710 3257 2779 sapientiam
3299 2709 3577 2766 discutere
3600 2728 3690 2766 co-

2108 2806 2288 2861 natur,
2335 2811 2525 2851 carues
2570 2797 2692 2868 agni
2735 2813 2872 2866 aqua
2907 2798 3020 2852 vult
3055 2813 3309 2868 coquere,
3346 2799 3398 2853 id
3432 2809 3545 2865 est,
3583 2801 3690 2856 dis-

2105 2889 2433 2958 pensationis
2493 2889 2608 2960 ejus
2660 2893 2973 2961 mysterium
3041 2905 3138 2958 per
3191 2890 3507 2947 dissolutam
3573 2894 3690 2947 vult

2106 2979 2386 3036 scientiam
2412 2990 2712 3050 penetrare.
2743 2982 2960 3038 Frixum
2990 3000 3020 3038 a
3050 2998 3182 3038 sono
3210 2983 3438 3050 dictum,
3465 2987 3688 3055 quando

2105 3072 2260 3125 ardet
2305 3071 2356 3125 in
2414 3071 2552 3125 oleo.
2604 3071 2830 3127 Frixura
2878 3073 3144 3144 signiﬁcat
3189 3075 3436 3130 timorem
3482 3091 3683 3146 ptume.

423 3168 626 3229 patum,
652 3162 794 3230 quod
844 3163 966 3232 plus
1006 3177 1110 3217 una
1155 3162 1285 3217 liora
1334 3177 1440 3217 non
1482 3170 1655 3231 potest
1699 3163 1994 3227 contineri;
2027 3141 2072 3201 (ἶ
2110 3160 2257 3216 Unde
2295 3159 2578 3218 Psalmista
2601 3161 2715 3215 ait:
2751 3160 2884 3216 Ossa
2909 3141 3022 3217 mea
3049 3163 3181 3218 sicut
3222 3164 3276 3218 in
3310 3141 3539 3233 frixorio
3562 3183 3686 3220 con-

420 3249 715 3304 cresccndo
741 3249 886 3305 enim
916 3250 1146 3306 excedit.
1194 3249 1389 3304 Farina
1434 3259 1490 3304 et
1516 3248 1751 3305 furfures
1798 3267 1827 3304 a
1854 3252 1999 3306 farre

420 3336 599 3404 dictae,
633 3337 793 3407 cujus.
813 3348 939 3393 sunt
981 3347 1352 3408 purgamenta.
1390 3339 1638 3392 Amolum
1670 3341 1767 3401 llos
1791 3339 1996 3404 farinae,

422 3427 793 3482 tenuissimum
839 3443 950 3496 prae
980 3428 1195 3483 levitate
1241 3429 1306 3484 de
1353 3428 1492 3483 mola
1543 3437 1814 3498 egestum;
1860 3431 1999 3484 unde

421 3526 476 3570 et
520 3516 862 3586 appellatum,
905 3519 1062 3588 quasi
1105 3533 1134 3571 a
1182 3517 1340 3574 mola.
1373 3517 1718 3574 Fermcntum
1767 3519 1898 3576 ﬁdes
1924 3520 2001 3573 in-

424 3603 675 3675 telligitur
719 3605 773 3659 in
823 3606 1131 3676 Evangelio,
1186 3606 1276 3660 ubi
1325 3607 1582 3677 scriptum
1636 3618 1764 3664 est:
1807 3608 1998 3663 Mulier

419 3707 627 3765 accepto
650 3696 900 3765 fermento
915 3698 1050 3750 misit
1074 3698 1128 3749 in
1148 3697 1336 3766 farina:
1359 3707 1476 3751 sata
1497 3697 1596 3750 tria
1621 3697 1832 3767 (Matth.
1851 3697 1992 3767 xm).

421 3786 552 3840 item
590 3786 914 3842 fermentum
965 3789 1364 3858 corruptionem
1407 3790 1606 3844 mentis
1661 3789 1840 3858 signat
1901 3806 1997 3860 per

420 3886 720 3948 peccatum,
765 3887 825 3933 ut
865 3880 918 3934 in
957 3879 1178 3934 Exodo:
1213 3879 1615 3948 0mnis,inquit,
1645 3882 1735 3949 qui
1777 3881 1996 3935 comedit

421 3969 804 4039 fermentatum,
843 3970 1026 4041 peribit
1053 3972 1230 4024 anima
1254 3971 1368 4040 ejus
1399 3970 1592 4042 (Exod.
1626 3971 1746 4043 xit).
1779 3972 1992 4037 Farina,

421 4059 706 4115 multitudo
738 4059 993 4126 ﬁdelium,
1021 4069 1081 4114 ut
1107 4060 1159 4114 in
1186 4060 1474 4131 Evangelia
1503 4078 1516 4113 :
1549 4059 1762 4126 Mulier,
1790 4073 1995 4132 accepto

420 4150 690 4219 fermento,
741 4151 882 4205 misit
926 4151 980 4204 in
1027 4150 1215 4220 farina:
1262 4151 1365 4204 tria
1407 4160 1521 4203 sata
1576 4149 1788 4220 (Matth.
1839 4150 1992 4220 xui);

421 4239 564 4307 quod
605 4248 690 4296 est
717 4237 998 4294 Trinitatis
1032 4237 1364 4310 mysterium.
1396 4237 1594 4291 Farina
1630 4245 1714 4291 est
1735 4252 1869 4308 Opus
1902 4239 1995 4293 bo-

421 4343 550 4384 num
578 4330 661 4386 vel
690 4330 906 4395 malum,
959 4331 1099 4386 sicut
1137 4340 1218 4384 est
1270 4329 1400 4384 illud
1445 4329 1497 4383 in
1532 4329 1829 4398 propheta:
1871 4329 1996 4383 Non

419 4430 494 4475 est
543 4421 838 4492 manipulus
884 4423 938 4476 in
995 4423 1068 4476 eis
1123 4423 1324 4492 faciens.
1375 4421 1603 4491 farinam
1634 4436 1651 4472 :
1683 4422 1820 4493 quod
1859 4432 1906 4476 et
1948 4423 1994 4476 si

420 4510 618 4578 fecerit,
647 4511 803 4566 alieni
833 4514 1093 4568 comedent
1142 4530 1202 4566 ea
1233 4510 1378 4584 (Ose.
1405 4511 1543 4583 vni).
1586 4513 1787 4568 (James
1817 4513 1990 4578 dictae,

421 4599 546 4668 quia
576 4600 755 4653 charac
789 4612 946 4666 sunt,
981 4602 1093 4656 sive
1120 4616 1150 4654 a
1179 4600 1453 4656 creando:
1482 4602 1620 4655 unde
1649 4609 1704 4654 et
1735 4617 1767 4655 a
1794 4599 1996 4656 Grtccis

419 4704 573 4744 creas
622 4699 864 4743 vocatur.
894 4689 1033 4745 Caro
1069 4699 1463 4745 sacramentum
1502 4691 1746 4760 corporis
1783 4691 1994 4747 Domini

421 4780 474 4833 in
509 4778 836 4849 Evangelio:
873 4779 975 4845 Qui
1017 4781 1298 4834 utanducat
1332 4797 1540 4834 carnem
1577 4799 1764 4848 meam,
1796 4793 1841 4836 et
1871 4784 1994 4836 bibit

418 4879 587 4926 meum
637 4871 942 4942 sanguinem
983 4870 1162 4941 (Joan.
1189 4871 1281 4941 vt).
1332 4872 1536 4926 Carnes
1591 4873 1810 4928 historia
1864 4874 1995 4944 legis

420 4964 498 5033 (ut
527 4964 742 5034 quidam
766 4960 972 5034 volunt)
989 4962 1042 5016 in
1069 4962 1250 5016 Exodo
1275 4979 1288 5015 :
1319 4963 1400 5016 Ad
1431 4980 1693 5033 vesperum
1721 4967 1991 5018 uescemint'

416 5054 680 5118 caruibus,
710 5063 756 5107 et
795 5068 944 5106 marte
979 5051 1341 5106 saturabimiui
1380 5053 1599 5120 panibus
1639 5052 1832 5122 (Exod.
1856 5055 1985 5126 xvr),

420 5145 519 5198 hoc
554 5153 654 5209 est,
702 5152 824 5214 post
884 5142 1493 5206 illuminationemtidci,
1541 5152 1596 5198 et
1640 5146 1987 5202 resurrectio—

419 5249 542 5288 nem
589 5233 798 5288 Domini
846 5233 1015 5288 nostri
1042 5231 1170 5286 Jesu
1223 5232 1420 5287 Christi
1470 5233 1698 5303 spiritali
1749 5235 1868 5290 cibo
1894 5251 1987 5291 ve-

419 5324 657 5378 scetnini.
742 5325 883 5379 Caro
929 5325 1072 5379 enim
1105 5323 1377 5378 hominem
1415 5325 1737 5393 exteriorem
1781 5327 1982 5398 signiﬁ-

417 5421 523 5477 cat,
554 5415 692 5468 unde
720 5416 975 5484 scriptum
1005 5424 1089 5470 est
1115 5415 1167 5469 in
1187 5414 1480 5483 Apostolo:
1512 5413 1648 5470 Caro
1683 5418 1819 5471 enim
1857 5435 1983 5476 cott-

417 5504 627 5573 cupiscit
669 5503 912 5558 adversus
948 5506 1212 5574 spiritum,
1239 5514 1286 5559 et
1325 5507 1535 5575 spiritus
1578 5507 1821 5563 adversus
1867 5526 1986 5564 car-

419 5608 533 5645 nem
580 5592 720 5661 (Cal.
774 5594 858 5663 v);
913 5605 967 5650 et
1013 5597 1232 5665 sanguis
1279 5597 1645 5666 operationem
1691 5599 1982 5656 carnalem.

423 5680 571 5738 Utule
616 5683 876 5750 Propheta
929 5685 1058 5740 dicit
1098 5688 1148 5739 in
1185 5687 1388 5755 psalmo
1421 5706 1436 5740 :
1470 5687 1655 5742 Libera
1681 5707 1770 5744 me-
1785 5692 1847 5744 de
1871 5710 1990 5746 san-

2101 3249 2243 3318 frixa
2271 3261 2390 3303 sunt
2412 3248 2584 3321 (Psal.
2610 3256 2763 3320 xxx).
2814 3250 2959 3307 Sicut
3001 3254 3251 3322 opinione
3290 3268 3556 3324 prospera
3590 3256 3690 3311 bo-

2101 3354 2295 3394 norum
2321 3341 2634 3394 meritorum
2664 3355 2812 3405 ossa,
2850 3341 2901 3395 id
2937 3350 3040 3407 est,
3085 3343 3250 3397 animi
3279 3343 3544 3399 fortitudo
3566 3345 3686 3414 pin-

2097 3431 2328 3500 guescit,
2375 3432 2590 3501 quando
2628 3447 2814 3488 eorum
2861 3435 3184 3490 conscientia
3236 3434 3378 3490 felici
3420 3441 3684 3493 recorda-

2099 3520 2245 3576 tione
2273 3520 2506 3588 laetatur,
2545 3523 2684 3577 sicut
2727 3523 2858 3579 dicit
2897 3523 3148 3580 Salomon
3191 3544 3204 3579 :
3241 3523 3448 3581 Farina
3483 3527 3684 3600 {fama}

2098 3610 2232 3664 bona
2259 3611 2544 3681 impingunt
2566 3627 2684 3666 ossa
2706 3610 2886 3689 (Prov.
2909 3613 3033 3685 xv);
3055 3614 3126 3670 ita
3152 3616 3531 3672 recordatione
3553 3635 3683 3674 cou-

2098 3700 2262 3754 traria
2297 3710 2636 3770 peccatorum
2679 3703 2871 3769 virtus,
2914 3713 3170 3775 tanquam
3199 3706 3363 3772 frixa,
3395 3713 3686 3765 contrahi-

2098 3797 2208 3852 tur,
2237 3788 2360 3842 dum
2387 3789 2754 3846 oblocutiones
2787 3793 3060 3847 hominum
3098 3803 3153 3849 et
3183 3799 3538 3854 conscientia:
3569 3816 3682 3855 sure

2091 3873 2291 3943 judicia
2324 3877 2559 3946 graviter
2599 3881 2941 3948 expavescit;
2970 3883 3083 3936 sive
3120 3884 3207 3938 hic
3237 3883 3456 3956 frigitur
3480 3902 3685 3956 pecca-

2098 3974 2201 4028 tor,
2225 3967 2437 4034 quando
2464 3965 2673 4023 futuros
2693 3968 3206 4041 ignesincendiaque
3229 3973 3485 4030 formidat
3510 3996 3524 4030 :
3552 3993 3679 4031 nam

2095 4055 2188 4124 qui
2237 4071 2295 4110 se
2325 4058 2566 4124 pavescit
2585 4074 2855 4125 arsurum,
2885 4062 3052 4131 ipsius
3073 4064 3304 4120 incendii
3335 4075 3553 4121 terrore
3563 4067 3689 4136 jam

2097 4144 2275 4216 friget.
2315 4145 2547 4213 Salsum,
2584 4150 2736 4218 quasi
2767 4151 2877 4206 sale
2908 4167 3211 4220 aspersum,
3245 4155 3480 4225 demptis
3520 4159 3686 4227 quasi

2096 4258 2127 4298 c
2157 4244 2332 4298 medio
2367 4243 2587 4314 syllabis
2614 4246 2804 4302 tribus.
2835 4246 2926 4301 Sal
2969 4248 3112 4302 enim
3148 4250 3556 4306 condimentum
3590 4267 3681 4308 sav-

2096 4333 2308 4403 pientite
2331 4333 2618 4404 signiﬁcat,
2655 4343 2714 4388 ut
2751 4336 2804 4390 in
2851 4335 3138 4406 Evangelio
3163 4337 3278 4405 ipsa
3307 4337 3529 4393 Veritas
3555 4340 3636 4394 ait
3663 4356 3683 4396 ι

2107 4419 2209 4476 Vos
2255 4423 2376 4476 estis
2421 4422 2502 4476 sal
2538 4432 2692 4478 terra:
2736 4423 2950 4495 (Matth.
2997 4425 3074 4496 v).
3107 4427 3173 4482 Et
3217 4427 3348 4482 item
3386 4445 3400 4482 :
3447 4427 3680 4494 Habete,

2097 4513 2291 4581 inquit,
2321 4512 2400 4566 sal
2419 4513 2472 4566 in
2498 4514 2635 4567 vobis
2653 4512 2840 4575 (Marc.
2870 4515 2966 4588 ιε).
2994 4515 3225 4570 Rursum
3252 4517 3330 4572 sal
3351 4517 3680 4574 infamatatn

2095 4600 2398 4656 Iudaeorum
2427 4603 2706 4658 scientiam
2741 4605 3004 4674 signiﬁcat
3034 4607 3086 4660 in
3123 4607 3359 4663 Levitico
3399 4627 3413 4663 :
3448 4607 3680 4674 Pluam,

2097 4696 2288 4765 inquit,
2327 4713 2482 4766 super
2520 4707 2711 4751 terram
2743 4699 2891 4762 illam
2915 4699 3170 4768 puluerem
3211 4710 3258 4754 et
3293 4700 3396 4754 sal.
3441 4701 3679 4772 Salsugo

2095 4803 2307 4857 quoque
2327 4790 2505 4844 cordis
2525 4791 2986 4860 compunctionem
3017 4792 3286 4861 designat,
3319 4793 3461 4848 sicut
3487 4796 3544 4848 in
3571 4795 3678 4848 Job

2095 4882 2161 4934 de
2193 4882 2428 4950 onagris,
2461 4884 2561 4938 hoc
2589 4891 2692 4947 est,
2725 4884 3002 4938 monachis
3029 4884 3226 4938 dicitur
3254 4899 3270 4937 :
3305 4883 3678 4940 Tabernacuhr

2094 4971 2207 5040 ejus
2236 4973 2290 5026 in
2313 4981 2450 5025 terra
2471 4972 2747 5043 salsuginis
2773 4973 2914 5044 (Job.
2947 4972 3154 5043 xxxix).
3184 4974 3318 5028 Item
3339 4973 3560 5045 salsugo
3590 4978 3675 5030 in.-

2095 5061 2320 5116 ﬁdelitas
2343 5060 2663 5126 Iudaeorum,
2695 5063 2777 5117 vel
2803 5064 3025 5119 ariditas
3061 5064 3255 5120 mentis
3280 5065 3331 5118 in
3360 5064 3670 5121 Psalterio:

2097 5151 2254 5206 Terra
2296 5152 2568 5222 fructifera
2608 5153 2662 5206 in
2698 5152 3010 5223 salsuginem
3042 5152 3221 5224 (Psal.
3251 5153 3395 5225 cvi).
3441 5153 3539 5209 lus
3569 5173 3669 5210 c0-

2091 5242 2268 5311 quina:
2305 5243 2548 5313 magistri
2591 5257 2621 5296 a
2642 5243 2764 5312 jure
2805 5253 3272 5313 nuncupaverunt,
3303 5245 3432 5312 quia
3468 5255 3557 5300 est
3579 5246 3681 5301 les.—

2091 5329 2411 5385 condimenti
2437 5331 2571 5401 ejus.
2601 5331 2750 5386 Hanc
2767 5331 2938 5388 Grtuci
2964 5349 3154 5388 zomon
3179 5340 3391 5388 vocant.
3418 5333 3672 5404 Coquere

2088 5435 2216 5490 ergo
2273 5419 2582 5490 diligentem
2634 5421 3035 5477 meditationem
3089 5423 3376 5494 signiﬁcat.
3426 5425 3670 5482 Verbum

2091 5508 2299 5563 Domini
2324 5509 2589 5564 subtiliter
2620 5511 2672 5564 in
2697 5511 2858 5565 corde
2883 5512 3154 5579 meditari,
3177 5512 3333 5583 quasi
3367 5521 3550 5570 mente
3571 5514 3675 5566 de-

2091 5613 2322 5668 coquere
2359 5607 2480 5653 ost:
2513 5599 2653 5669 quod
2693 5601 2748 5654 in
2781 5600 3018 5658 Levitico
3066 5604 3137 5656 ita
3180 5604 3457 5673 probatur.
3501 5603 3668 5657 Com-

2093 5691 2251 5747 ederc
2276 5701 2361 5748 est
2377 5693 2555 5746 divina
2576 5695 2733 5746 verba
2753 5697 3106 5765 spiritualiter
3132 5713 3379 5760 sumere,
3396 5707 3450 5751 ct
3471 5711 3676 5766 (martem
