1975 3096
130 196 186 226 593

597 212 641 239 DE
661 213 834 244 UNIVERSO
854 218 941 247 LIBRI
959 221 1040 249 XXII.
1053 238 1089 244 —
1107 224 1170 252 LIB.
1192 228 1279 256 XXII.

1702 241 1755 268 595

1193 252 1279 256 "-"W
1702 252 1755 268 nam

131 252 283 328 ίυιῗΙωἸί11Ιί
298 259 331 287 de
345 261 414 288 calo
426 262 573 298 descendit,
590 267 667 295 “me
682 269 825 298 delectam
844 271 920 299 unde
934 277 958 306 Α
971 281 1096 305 narra!"
1108 277 1183 315 (Gen-
1200 283 1287 319 XVI“).
1302 286 1372 320 quod
1385 294 1446 315 cum
1457 291 1562 319 Cameris
1572 293 1693 328 dapibus,
1705 297 1755 325 hoc

131 298 158 326 in
185 308 219 328 οε
251 311 258 328 ε
276 303 311 328 Et
329 308 468 328 commtet.“-
483 316 610 328 ..οη-...ειη
643 317 665 328 ,ιι
685 315 865 328 -..μω-ιιψλε
900 323 918 328 κ.
1003 326 1008 328 .
1053 324 1059 328 .
1092 324 1099 328 .
1185 327 1189 328 ,

129 298 158 326 in
169 299 229 328 Joel
251 311 258 329 :
276 303 311 331 Et
329 308 468 336 comedetis
483 316 622 345 vescentes,
641 317 665 340 et
683 315 876 349 saturabimini,

129 343 272 375 laudabitis
288 350 428 379 Dominum
442 354 527 382 Deum
546 343 657 385 uestrum
668 358 746 394 (Joel.
761 360 802 395 u).
822 343 918 390 Fames

128 397 236 426 egestas
247 394 320 428 ﬁdei,
335 401 363 424 et
372 400 520 435 assumptio
530 402 606 429 verbi
618 403 702 431 divini
714 405 740 431 in
753 394 896 441 Evangelio
909 416 915 434 :

128 437 214 467 Facta
233 446 272 468 est
291 443 374 477 [ames
393 445 480 474 valida
500 448 528 474 in
547 449 649 483 regione
663 450 720 483 illa,
731 456 756 478 et
772 437 916 488 ipseycaepit

126 492 200 518 cgere
212 484 289 520 (Luc.
300 490 356 523 xv).
370 491 402 517 Et
415 491 440 517 in
449 492 534 519 Isaia:
547 492 687 528 Propterea
700 498 813 530 captivus
824 498 916 525 ductus

126 535 161 555 est
170 532 284 565 populus
296 542 379 568 meus,
390 536 450 570 quia
460 546 511 564 non
525 538 613 565 habuit
627 540 770 573 scientiam,
782 547 805 567 et
819 543 915 569 nobiles

125 573 180 607 ejus
190 576 346 605 interierunt
357 580 426 613 [ante
440 581 507 616 (lsa.
524 582 560 618 ν).
578 584 610 610 Ει
623 585 647 610 in
662 586 742 612 Amos
756 595 761 612 :
779 586 845 613 Ecce
862 588 914 614 dics

126 620 238 652 veniunt,
253 622 316 648 dicit
330 623 467 657 Dominus,
484 631 508 652 et
526 628 641 654 emittam
658 629 751 662 fumum
770 632 795 657 in
807 636 913 664 terram,

125 671 175 689 nun
197 665 295 699 famem
311 669 402 701 panis,
423 678 502 705 neque
521 673 590 698 sitim
614 682 704 708 aqum,
725 676 770 701 sed
790 677 913 703 autlicndi

124 707 228 735 verme
249 709 297 737 Dei
316 711 492 749 (Amos,v1u).
510 716 542 742 Et
558 717 583 743 in
603 718 704 751 psalmo
719 728 723 745 :
744 719 777 746 Ut
793 721 883 755 eripiat
896 730 912 748 a

123 759 204 780 morte
213 756 317 783 animos
328 766 428 792 eorum,
446 766 469 786 et
480 761 535 788 alat
546 771 588 788 eos
600 764 627 789 in
639 763 708 797 [ante
717 764 801 799 (Psal.
815 767 910 802 xxxii).

123 797 159 825 De
169 799 220 827 hac
235 800 306 829 fame
316 804 389 830 verbi
404 805 449 832 Dei
466 814 513 840 pro
531 809 588 834 viro
599 808 671 841 justo
687 810 712 836 in
722 797 832 844 psalmo
844 812 910 838 diei-

122 847 163 869 tur
176 852 182 869 :
198 843 298 872 Iunior
307 847 347 880 [ui
357 854 381 874 et
391 851 473 880 senui,
487 856 509 877 et
521 860 571 877 non
584 853 739 886 vidijustum
748 854 909 887 derelictum,

120 896 164 914 nec
174 898 263 917 semen
280 892 337 926 ejus
350 902 424 928 egens
442 905 508 930 pane
526 896 610 932 (Psul.
627 901 730 934 xxxvx).
748 901 779 927 Et
795 901 819 927 in
834 902 908 928 Salo-

118 940 196 961 mone
218 944 226 961 Ξ

117 976 208 1012 (Prov.
223 981 262 1015 Χ).
282 981 347 1010 Silis
362 984 422 1016 hoc,
443 987 512 1020 quod
528 993 555 1014 et
570 976 702 1023 superius,
723 992 832 1019 ariditas
848 1001 907 1020 cor—

114 1023 167 1056 dis,
183 1025 230 1052 ubi
245 1035 297 1054 non
313 1034 354 1055 est
368 1030 477 1058 verbum
491 1032 603 1060 Domini.
622 1035 648 1062 In
665 1036 731 1062 Isaia
746 1046 751 1062 :
767 1037 906 1065 Multitudo

114 1077 202 1097 eorum
220 1073 266 1098 siti
282 1075 366 1101 caruit
382 1075 506 1113 [exaruit]
527 1078 604 1113 (lsm'.
627 1080 663 1115 v).
678 1081 707 1107 Et
722 1082 747 1107 in
764 1082 878 1109 Jeremia
898 1093 903 1110 :

118 1111 230 1142 Prohibe
242 1118 332 1150 pedem
349 1124 421 1146 tuum
435 1130 449 1146 α
464 1111 589 1153 nuditate,
608 1131 629 1150 et
645 1130 734 1158 guttur
749 1131 821 1153 tuum
836 1137 850 1153 ιι
863 1128 905 1154 siti

114 1157 223 1192 (Ierem.
239 1162 280 1196 II).
295 1162 328 1189 Et
343 1163 368 1190 in
382 1164 478 1192 bonam
491 1173 594 1200 partem
614 1177 619 1194 :
637 1157 710 1195 Deati
726 1171 769 1204 qui
789 1173 904 1198 esuriant

113 1208 134 1228 et
143 1204 237 1231 sitiunt
245 1206 380 1240 justitiam
396 1209 503 1244 (.llutt/z.
517 1212 552 1248 v).
572 1213 625 1240 Lae
641 1222 654 1240 a
668 1215 761 1242 Graeco
780 1224 904 1243 sermone

112 1247 261 1276 derivatum
276 1256 316 1278 est
328 1261 375 1287 pro
389 1256 513 1283 candore.
527 1257 612 1285 Cra-ci
623 1260 694 1286 enim
707 1260 794 1287 album
810 1261 903 1289 leucon

112 1292 212 1327 dicunt,
228 1295 270 1323 lac
282 1305 346 1325 vero
359 1304 385 1325 ct
396 1303 503 1335 salignis
514 1304 584 1337 quod
596 1306 679 1331 nutrit
693 1311 719 1332 et
735 1308 805 1340 quod
820 1309 904 1335 nutri-

112 1342 159 1365 tur.
172 1339 242 1367 Nam
255 1341 324 1370 lacte
339 1346 472 1373 nutrimur
484 1368 490 1379 ,
507 1349 621 1376 vivimus
639 1352 777 1386 sanguine.
796 1353 883 1380 Ubera
894 1375 901 1387 ,

110 1384 177 1411 unde
188 1384 232 1413 lac
245 1389 377 1421 procedit,
396 1397 511 1425 quatuor
530 1394 732 1428 Evangeliorum
754 1398 902 1426 doctrinam

110 1429 271 1463 signiﬁcant.
281 1432 358 1461 Unde
370 1436 395 1462 in
406 1437 515 1465 Cnnlieo
527 1441 692 1468 canticorum
704 1443 832 1477 scriptum
843 1450 899 1471 est:

110 1474 218 1503 Meliora
228 1484 289 1504 sunt
301 1480 379 1507 ubera
388 1487 432 1508 tua
444 1485 500 1510 vino
513 1485 599 1520 (Cant.
610 1487 656 1522 tv).
670 1487 720 1515 Lac
732 1497 836 1523 quoque
848 1491 901 1524 pri-

107 1528 148 1547 sca
159 1521 203 1549 lex
216 1531 266 1557 per
278 1524 385 1560 Moysen
395 1529 497 1562 prolata
511 1531 681 1565 intelligitur;
695 1535 901 1568 undcprmdica-

108 1567 209 1596 toribus
218 1569 284 1597 Novi
300 1571 463 1601 Testamenti
478 1576 503 1602 in
520 1577 616 1605 Genesi
631 1580 729 1607 dicitur
744 1590 749 1607 :
763 1580 901 1609 Pulchrio-

107 1620 142 1639 res
152 1619 214 1641 sunt
221 1616 291 1642 oculi
299 1617 355 1651 ejus
364 1619 430 1651 vino,
440 1626 462 1646 et
475 1621 562 1649 dentes
573 1623 640 1650 lacte
650 1626 828 1661 canditliorcs(

106 1659 186 1693 ms).
196 1659 263 1686 Item
274 1660 316 1688 lac
327 1662 475 1698 simplicem
488 1666 635 1696 doctrinam
650 1670 782 1705 signiﬁcat
794 1672 896 1707 inApo-

105 1702 169 1729 stolo
179 1723 186 1735 ,
199 1704 245 1731 ubi
257 1706 357 1733 dicitur
373 1715 379 1734 :
395 1708 527 1744 Tanquam
545 1713 659 1746 parvulis
676 1702 702 1741 in
717 1715 835 1749 Christo,
850 1702 896 1743 lac

105 1747 170 1774 tabis
185 1754 276 1782 potum
290 1751 365 1785 dedi,
377 1762 428 1780 non
441 1763 525 1782 escam
540 1765 550 1783 .'
562 1759 676 1785 nomium
693 1761 761 1786 enim
771 1764 894 1795 poteratis

105 1792 126 1827 (I
148 1793 211 1821 Cor.
227 1795 279 1831 ιιι).
295 1797 344 1825 Hic
364 1799 406 1826 lac
421 1807 515 1828 sensus
529 1803 670 1837 accipitur,
696 1806 721 1832 id
743 1792 794 1839 est,
817 1808 894 1835 intel-

105 1838 186 1866 lectus
198 1847 308 1874 parvus.
327 1843 395 1872 Hinc
413 1851 439 1872 et
456 1847 481 1873 in
501 1848 569 1875 Isaia
587 1851 715 1885 scriptum
733 1857 773 1879 est
791 1853 824 1880 de
843 1854 893 1881 Ec—

102 1883 183 1911 clesia
195 1887 314 1920 gentium
329 1898 334 1914 :
353 1889 473 1918 illamilla
494 1901 581 1928 regum
599 1883 736 1922 laelaberis
755 1896 821 1932 (lsu.
834 1899 890 1934 ιχ),

103 1928 152 1956 hoc
162 1935 214 1963 est,
228 1933 419 1966 pmlicatione
434 1943 585 1965 sanctorum
598 1940 737 1967 doctorum
752 1943 889 1970 nulricris.

102 1972 165 2001 llcm
190 1975 232 2003 Iac
248 1977 432 2007 sinceritatem
455 1984 554 2010 ruentis
577 1984 709 2018 signiﬁcat
729 1987 755 2013 in
770 1988 889 2021 Epistula

101 2019 236 2054 I’etri,ubi
257 2024 321 2052 dicit
341 2034 348 2052 :
370 2026 544 2056 Rationabiles
563 2031 617 2057 sine
634 2031 694 2058 dolo
710 2032 751 2058 lac
767 2019 888 2067 concupi-

99 2068 170 2100 u'ite,
191 2074 219 2095 ut
232 2070 260 2096 in
279 2079 308 2097 eo
331 2074 449 2100 crescetis
464 2075 490 2100 in
505 2076 614 2102 salutent
639 2077 663 2112 (Ι
683 2077 740 2104 Pet.
760 2079 805 2114 n);
825 2088 887 2106 nam

99 2116 125 2138 et
136 2113 199 2140 alibi
217 2116 348 2150 scriptum
361 2123 401 2145 est
418 2129 423 2145 :
438 2119 501 2151 Quis
517 2122 599 2155 pascit
614 2131 725 2157 gregem,
738 2129 760 2150 et
778 2124 808 2150 de
820 2125 887 2151 lacte

97 2158 180 2192 gregi:
194 2167 246 2186 non
266 2162 396 2189 comedit?
409 2164 434 2199 (I
446 2164 506 2191 Cor.
523 2167 572 2201 ix.)
593 2168 733 2199 Quaetmn,
747 2169 823 2203 quasi
839 2177 885 2196 co—

97 2206 197 2234 actum,
213 2203 240 2230 id
256 2209 307 2236 est,
320 2207 396 2239 quasi
418 2209 596 2243 coagulatum.
615 2211 732 2245 Accepta
751 2213 822 2240 enim
840 2222 883 2241 se—

96 2255 156 2274 cum
175 2249 227 2276 alia
251 2252 340 2284 specie
357 2254 520 2287 coagulatur.
542 2256 715 2291 Cuagulatmn
728 2262 756 2285 et
772 2259 798 2285 in
815 2260 883 2287 bono

95 2298 121 2320 et
143 2294 169 2321 iu
196 2296 266 2323 malo
287 2298 404 2331 ponitur.
421 2299 448 2326 In
476 2301 545 2328 bono
570 2303 639 2329 sicut
664 2304 689 2330 in
713 2306 882 2340 sexagesimo

93 2340 208 2374 septimo
222 2342 326 2376 psalmo
341 2344 440 2371 dictum
456 2351 496 2373 est
511 2356 516 2373 :
538 2348 612 2375 Mons
628 2351 789 2384 t‘Ollglllaltts,
808 2360 880 2379 mons

93 2387 195 2421 pinguis
205 2386 291 2423 (Psal.
304 2391 397 2426 van).
412 2392 585 2428 Coagulatum
600 2396 758 2423 charitalem
769 2406 881 2425 concre-

93 2436 145 2459 tam
166 2433 312 2467 signiﬁcat.
330 2435 403 2463 Mons
414 2438 485 2464 enim
500 2440 565 2465 uber
577 2445 618 2466 est
635 2441 757 2468 Christus
770 2443 810 2469 vel
830 2443 880 2470 Ec-

92 2477 182 2505 clesia.
201 2478 230 2505 In
254 2480 352 2507 malam
374 2490 437 2509 vero
459 2489 574 2517 partem,
600 2486 643 2512 ubi
665 2487 791 2521 scriptum
809 2495 851 2515 est
870 2498 877 2515 ε

91 2522 263 2558 Coagulatum
283 2531 320 2552 est
338 2528 403 2554 sicut
425 2528 466 2555 lac
486 2538 531 2555 cur
550 2539 638 2557 eorum
663 2531 753 2567 (Psal.
772 2534 875 2569 cxvnt),

89 2569 158 2601 quod
179 2569 314 2604 signiﬁcat
326 2573 396 2600 vitiis
411 2580 576 2602 concretum.
597 2577 696 2604 (luscus
712 2587 806 2606 sensus
825 2581 877 2614 spi-

90 2613 174 2641 ritalis
189 2613 229 2649 (ut
244 2616 352 2650 quidam
368 2618 469 2655 volunt)
486 2620 554 2646 sicut
578 2621 604 2647 in
620 2622 695 2648 libris
711 2622 811 2657 Ilegum
829 2613 876 2658 pro

89 2658 171 2686 David
189 2662 317 2688 scribitur
337 2672 342 2689 :
364 2663 435 2690 Dixit
455 2665 478 2691 ei
494 2671 566 2699 pater
589 2675 651 2693 suus
678 2677 681 2679 '
701 2668 794 2704 Accipe
818 2672 875 2704 eplii

85 2704 207 2738 polenta',
222 2706 249 2733 id
270 2712 322 2739 est,
339 2708 418 2735 trium
435 2710 584 2737 modiorum
601 2720 763 2745 tnensuram,
784 2719 807 2740 et
828 2714 873 2740 de—

85 2757 136 2776 cem
150 2751 286 2784 formellas
301 2755 379 2786 casei,
392 2760 416 2781 et
431 2755 470 2789 fer
481 2756 584 2783 tribuno
596 2758 619 2792 (I
631 2758 694 2792 Reg.
709 2759 773 2795 xvu)
785 2769 791 2792 ;
804 2762 873 2793 quod

85 2799 155 2821 tenet
180 2796 275 2823 decem
301 2805 494 2833 prmceptorum
515 2801 581 2834 legis
608 2802 718 2837 ﬁguram
742 2812 802 2830 cum
824 2805 874 2831 ﬁde

84 2847 181 2869 sanch
206 2843 355 2871 Trinitatis.
383 2846 510 2881 Bulyrum
539 2850 709 2883 evangelii-us
740 2859 828 2878 sermo
858 2861 872 2879 a

85 2887 148 2914 lacte
175 2889 243 2924 legis
265 2891 399 2923 seductus,
422 2893 491 2919 sicut
515 2892 541 2918 Ill
563 2893 660 2921 Genesi
682 2898 713 2924 (lc
736 2898 870 2925 Abraham

894 323 918 344 et
968 326 1021 354 est,

252 935 314 963 Non
338 940 435 966 occidet
459 941 585 969 Dominus
608 945 677 977 [ante
704 947 817 972 animum
841 948 908 981 justi
926 947 946 976 Β

899 2296 921 2324 D

1034 324 1165 373 vitulo-et
1184 327 1261 360 lacte,
1283 331 1369 365 ipsum
1382 334 1508 370 butyrum
1528 338 1555 365 in
1574 324 1754 373 prandio'Do-

967 366 1041 421 t'nino
1048 368 1153 397 obtulit.
1169 372 1233 399 Item
1244 374 1368 411 butyrum
1382 366 1483 407 fructus
1499 366 1636 418 Ecclesiae,
1651 394 1709 421 qua:
1720 397 1752 416 ex

965 409 1064 466 intimis
1078 415 1206 449 credidit;
1224 409 1298 447 unde
1309 421 1335 448 in
1350 423 1417 451 Isaia
1430 425 1464 453 de
1476 409 1588 456 Domino
1602 409 1752 466 scriptum:

965 455 1094 509 £314.:me
1104 466 1128 487 et
1142 462 1192 489 mel
1205 466 1371 495 manducabit
1387 469 1454 505 (Isa.
1469 473 1528 509 vn).

966 500 1089 551 salvator
1099 511 1192 535 noster
1205 509 1310 545 butyro,
1329 513 1380 541 hoc
1391 500 1448 548 est,
1466 500 1518 545 aaé
1530 521 1695 550 credentium
1707 523 1753 551 Juv

965 545 1094 595 (imorum,
1107 555 1134 577 et
1149 552 1238 586 melle,
1255 555 1306 582 hoc
1319 562 1370 591 est,
1392 545 1533 590 dulcedine
1554 564 1704 595 dilectionis
1719 568 1751 595 ﬁ~

964 590 1115 647 delium‘ex
1138 598 1272 646 gentibus.
1296 601 1346 629 Mel
1363 603 1464 633 Graecae
1488 590 1751 647 appellationis-cst,

964 637 1034 693 quod
1052 639 1086 666 ab
1103 641 1198 675 apibus
1216 652 1312 673 nomen
1331 648 1431 677 habere
1449 637 1586 686 probatur.

963 681 1055 710 Graece
1068 686 1173 714 melissa
1187 689 1293 717 dicitur.
1316 693 1401 721 Antea
1416 681 1506 725 autem
1527 701 1603 728 mella
1621 708 1699 731 erant
1708 681 1749 733 Ide

963 735 1041 760 rore,
1064 730 1321 771 inveniebanturquc
1340 739 1367 767 in
1382 743 1543 772 arundinum
1561 747 1632 775 foliis
1654 758 1660 775 :
1680 752 1749 778 unda

962 777 990 800 et
1004 773 1130 809 Virgilius
1147 787 1153 804 :

1056 819 1170 848 Protinus
1181 826 1248 850 aerei
1262 827 1341 853 mellis
1349 830 1459 857 caelestia
1471 834 1541 859 dona.

962 857 1098 910 Siquidem
1111 863 1249 900 hucusque
1262 868 1287 896 in
1298 870 1372 898 India
1382 877 1409 899 et
1419 857 1684 912 Arabia‘colligatum
1701 890 1745 910 rc-

960 905 1065 937 pcritur
1079 910 1162 936 ramis
1180 911 1313 942 inhmrens
1332 916 1359 943 in
1378 918 1578 949 similitudinem
1600 925 1673 953 salis.
1696 927 1745 954 Mel

960 956 1066 1005 quoque
1077 955 1198 1005 ‘niy'stice
1216 957 1350 992 signiﬁcat
1366 963 1533 994 dulcedinem
1550 976 1744 1005 pneceptormn

958 993 1017 1045 hei,
1032 996 1101 1024 unde
1123 998 1256 1035 Propheta
1279 1005 1344 1033 dicit
1364 1007 1391 1034 in
1410 1010 1512 1042 psalmo
1526 993 1537 1039 γε

956 1039 1076 1073 faucibus
1085 1046 1148 1072 meis
1158 1046 1261 1083 eloquia
1272 1055 1329 1085 tua,
1345 1053 1462 1088 Domine,
1474 1067 1551 1094 super
1561 1062 1612 1088 mel
1621 1068 1643 1089 et
1654 1064 1742 1095 favum

956 1085 996 1111 ori
1014 1088 1089 1142 meo!
1103 1089 1190 1125 (Psal.
1203 1095 1308 1131 cxvm.)
1322 1096 1387 1125 Item
1404 1085 1636 1133 mel-dulcedinem
1654 1085 1743 1142 lipsius

956 1136 1003 1183 per
1017 1130 1129 1166 ﬁguram
1145 1138 1271 1172 exprimit
1290 1130 1448 1178 Salvatoris,
1463 1147 1497 1174 de
1516 1156 1569 1183 quo
1585 1150 1610 1177 in
1632 1130 1743 1181 Cantica

955 1174 1154 1222 Detiteronomii
1176 1183 1276 1212 dictum
1299 1192 1341 1214 est
1361 1197 1367 1214 :
1389 1174 1590 1221 Sueruntlmel
1612 1196 1645 1223 de
1667 1203 1741 1232 petra

955 1222 1043 1257 (Deut.
1058 1226 1161 1262 xxxn);
1180 1232 1207 1255 et
1221 1229 1363 1260 Psalmista
1379 1243 1385 1261 :
1402 1235 1439 1262 De
1451 1242 1534 1271 petra.
1550 1222 1645 1274 inquit,
1665 1222 1740 1271 ine-ll;

953 1270 1080 1297 saturavit
1101 1279 1144 1299 eos
1158 1273 1243 1306 (Ptol.
1263 1278 1354 1313 Lxxx).
1375 1279 1403 1306 In
1420 1270 1665 1313 contrariam-vero
1677 1295 1738 1321 par-

954 1315 1007 1340 tem
1024 1315 1076 1342 mel
1095 1318 1213 1352 ponitur,
1243 1321 1287 1349 ubi
1302 1322 1414 1353 dulcedo
1433 1328 1534 1360 peccati
1548 1333 1576 1356 et
1591 1330 1644 1357 vita
1666 1315 1741 1360 volu-

952 1362 1045 1393 ptuosa
1068 1362 1233 1398 designatur.
1247 1366 1360 1402 Propter
1373 1371 1444 1404 quod
1462 1373 1543 1400 etiam
1562 1374 1589 1401 in
1606 1377 1739 1404 sacriﬁcio

952 1403 998 1431 Dei
1013 1413 1061 1440 per
1075 1407 1159 1442 legem
1170 1411 1332 1444 prohibitura
1345 1403 1387 1442 est
1396 1416 1496 1444 ollerri.
1512 1419 1599 1448 Favus
1614 1403 1736 1456 vocatur,

951 1450 1013 1484 quia
1033 1454 1182 1481 comeditur
1199 1457 1283 1492 magis
1299 1466 1378 1492 quam
1394 1461 1503 1489 bibitur.
1525 1463 1645 1500 Phagein
1663 1450 1735 1495 enini

950 1496 1036 1524 Gncci
1049 1501 1188 1528 comedere
1205 1504 1348 1538 appellant.
1367 1506 1455 1535 Favus
1473 1510 1544 1536 enim
1559 1511 1646 1539 mellis
1658 1512 1735 1546 juxta

951 1542 1105 1578 allegoriam
1120 1554 1183 1574 caro
1199 1553 1241 1576 est
1256 1549 1412 1584 Salvatoris,
1432 1553 1580 1584 divinitatis
1595 1542 1735 1586 dulcedine

950 1587 1039 1623 plena,
1053 1594 1083 1617 ut
1100 1591 1127 1618 in
1140 1591 1286 1629 Evangelia
1301 1604 1308 1622 ς
1327 1597 1360 1623 Et
1373 1604 1524 1633 posuerunt,
1537 1601 1634 1636 inquit,
1646 1611 1734 1630 corum

833 1627 896 1654 Gen.
912 1627 934 1656 C
949 1641 978 1660 eo
999 1639 1098 1668 partem
1116 1637 1195 1671 piscis
1214 1627 1278 1672 ossi,
1299 1645 1323 1667 et
1338 1627 1424 1675 [auum
1447 1627 1530 1671 mellis

948 1676 1013 1704 Item
1032 1678 1110 1707 favus
1125 1680 1264 1717 Scriptura
1276 1689 1318 1712 est
1331 1686 1420 1714 divina
1443 1688 1520 1716 melle
1531 1676 1680 1724 spiritualis

946 1723 1055 1757 pienliaa
1075 1725 1187 1760 repleta,
1200 1732 1230 1754 ut
1241 1728 1268 1755 in
1280 1729 1398 1759 Canticis
1411 1723 1578 1761 canticorum
1590 1744 1597 1762 :
1614 1735 1732 1767 Comedi.

945 1768 1042 1803 inquit,
1068 1772 1156 1805 favum
1178 1782 1237 1801 cum
1256 1775 1330 1804 melle
1350 1785 1406 1805 meo
1421 1778 1509 1814 (Cant.
1521 1779 1560 1816 v).
1575 1781 1605 1808 In
1622 1787 1730 1810 contra-

944 1813 1013 1841 riam
1029 1823 1095 1843 vero
1114 1822 1218 1851 partem
1237 1819 1314 1848 favus
1326 1827 1369 1849 est
1391 1813 1509 1857 positus,
1525 1813 1570 1853 ubi
1591 1826 1730 1855 haeretico-

942 1866 1002 1886 rum
1024 1859 1211 1890 illecebrosam
1231 1864 1416 1900 deceptionem
1433 1868 1585 1904 signiﬁcat;
1609 1872 1679 1912 unde
1701 1873 1727 1900 in

941 1904 1095 1935 Proverbiis
1109 1908 1207 1944 legitur
1223 1919 1229 1937 :
1246 1910 1335 1939 Funus
1350 1912 1480 1942 distillam
1495 1915 1565 1943 labia
1584 1909 1728 1946 meretricis

941 1949 1032 1985 (Prov.
1047 1951 1084 1987 v).
1097 1953 1180 1980 Aiunt
1196 1956 1304 1988 medici,
1319 1961 1346 1984 et
1359 1958 1404 1992 qui
1420 1959 1452 1986 de
1473 1960 1649 1991 humanorum
1665 1972 1725 1990 cor-

939 2002 1032 2029 porum
1055 1998 1189 2032 scripsere
1211 2001 1330 2034 naturis,
1353 2003 1540 2039 praecipueque
1559 2006 1676 2035 Galenus
1699 2009 1725 2035 in

938 2040 1014 2067 libris
1033 2049 1147 2075 quorum
1170 2044 1263 2072 titulus
1282 2050 1324 2073 est
1345 2047 1405 2074 Peri
1429 2049 1513 2083 ugias,
1534 2057 1678 2084 puerorum
1696 2059 1723 2079 et

934 2084 1062 2119 iuvenum
1081 2094 1114 2113 ac
1135 2088 1263 2121 perfecta:
1281 2091 1368 2118 aetatis
1388 2091 1506 2120 virorum
1528 2094 1723 2130 mulierumque

935 2137 1049 2165 corpora
1071 2132 1153 2160 insito
1173 2134 1263 2162 calore
1288 2135 1407 2168 fervere,
1431 2143 1458 2166 et
1484 2140 1580 2168 noxios
1599 2149 1659 2169 esse
1681 2143 1724 2170 his

935 2176 1057 2203 nantibus
1066 2177 1151 2210 cibos,
1162 2179 1206 2213 qui
1219 2180 1337 2209 calorum
1347 2188 1476 2216 augeant,
1484 2186 1646 2221 sanitatique
1657 2195 1722 2216 con-

935 2220 1031 2248 ducere
1043 2220 1149 2256 frigida,
1165 2226 1278 2258 qumque
1294 2225 1320 2251 in
1335 2233 1412 2253 usum
1426 2235 1544 2261 sumere,
1554 2220 1628 2258 sicut
1640 2239 1721 2259 econo

934 2266 1019 2293 trario
1030 2267 1150 2300 senibus,
1163 2269 1209 2303 qui
1219 2269 1315 2303 pituita
1325 2271 1447 2300 laborent
1456 2278 1484 2301 et
1496 2274 1606 2310 frigore,
1620 2277 1722 2306 calidos

934 2313 1009 2340 cibos
1018 2317 1046 2341 et
1060 2314 1121 2341 vina
1136 2319 1226 2343 vetera
1241 2317 1380 2351 prodesse.

1243 2367 1357 2396 CAPUT
1376 2369 1409 2399 II.

1264 2403 1303 2430 De
1315 2409 1387 2439 potu.

966 2444 1042 2472 Potio
1059 2453 1073 2472 a
1091 2446 1185 2475 Grmca
1201 2448 1368 2477 derivatione
1382 2459 1492 2486 vocata;
1511 2453 1580 2481 hanc
1592 2456 1664 2482 enim
1681 2457 1717 2483 illi

929 2493 1010 2521 poton
1020 2490 1122 2518 dicunt.
1136 2492 1212 2526 Aqua
1227 2494 1389 2528 generaliter
1403 2501 1497 2524 vocata
1517 2499 1587 2532 quod
1601 2500 1716 2533 superﬁ-

931 2532 986 2560 cies
997 2533 1055 2568 ejus
1066 2536 1177 2570 mqualis
1191 2537 1235 2564 sit.
1253 2538 1320 2566 llinc
1330 2545 1357 2566 et
1370 2548 1489 2574 tequora,
1503 2550 1583 2576 quam
1597 2532 1659 2571 inde
1674 2552 1716 2571 re-

929 2584 1033 2607 centem
1042 2581 1165 2614 dicimus,
1177 2583 1237 2617 quia
1247 2592 1299 2610 non
1310 2586 1429 2613 estutilis
1438 2591 1552 2619 vetusta,
1563 2592 1592 2614 ut
1604 2588 1693 2615 vinum
1707 2597 1715 2616 :

928 2625 976 2652 sed
989 2626 1080 2652 statim
1102 2627 1206 2654 sublata
1220 2628 1253 2655 de
1272 2630 1389 2662 ﬂumine,
1405 2630 1477 2658 fonte
1490 2632 1530 2660 vel
1553 2637 1642 2667 puteo.
1665 2633 1715 2660 Fe-

929 2670 1009 2697 tescit
1019 2670 1090 2697 enim
1103 2676 1218 2698 vetusta.
1241 2673 1318 2707 Aqua
1338 2675 1408 2701 enim
1426 2676 1557 2703 naturalis
1573 2681 1615 2704 est
1635 2683 1714 2712 potus

927 2719 954 2742 et
966 2715 1127 2750 generaliter
1137 2718 1262 2745 omnibus
1274 2720 1423 2747 communis
1437 2729 1444 2746 :
1458 2723 1528 2748 unde
1540 2726 1567 2748 et
1580 2722 1713 2750 salubrior

923 2761 1039 2789 caeteris.
1054 2761 1136 2789 Potus
1148 2771 1212 2790 vero
1225 2764 1368 2798 aliquando
1381 2765 1512 2800 signiﬁcat
1524 2768 1637 2802 gratiam
1652 2769 1712 2803 Spi-

922 2806 991 2833 ritus
1008 2807 1104 2839 sancti,
1127 2812 1156 2835 ut
1173 2809 1200 2835 in
1221 2809 1324 2843 psalmo
1345 2819 1351 2836 :
1371 2810 1504 2844 Torrente,
1523 2812 1622 2847 inquit,
1639 2814 1711 2841 volu-

922 2854 999 2886 ptatis
1018 2859 1070 2881 tute
1084 2855 1184 2889 potabis
1204 2864 1247 2882 eos
1270 2856 1355 2891 (Psal.
1380 2857 1471 2894 xxxv).
1496 2858 1560 2886 Item
1582 2860 1608 2887 in
1628 2860 1710 2888 aliam

922 2904 1025 2933 partem
1043 2909 1048 2926 2
1068 2900 1127 2927 Non
1142 2906 1195 2933 est,
1214 2902 1310 2936 inquit,
1330 2911 1434 2937 regnum
1452 2903 1499 2930 Dei
1518 2913 1576 2932 esca
1594 2910 1618 2933 at
1631 2911 1707 2938 potu:
