3950 6192
455 382 560 443 595

1124 391 1187 446 Β.
1231 392 1481 448 RABAN‘I
1521 393 1737 449 MAURI
1771 393 2087 449 ARCHIEP.
2128 394 2435 451 MOGUNT.
2474 395 2757 452 OP-ERUM
2796 395 2975 451 PARS
3011 395 3078 451 Il.

3582 395 3683 450 590

454 496 634 560 (Rom.
680 499 813 574 mi).
856 500 1049 557 Vinum
1099 504 1298 559 dictum
1333 504 1479 569 inde,
1528 503 1669 575 quod
1706 503 1822 573 ejus
1861 514 2019 575 potus
2047 511 2094 568 Α
2123 506 2259 576 (Act.
2288 506 2375 575 ιι).
2398 506 2552 573 Quod
2579 508 2704 562 licet
2724 508 2797 563 illi
2821 523 2986 578 pravo
3002 523 3161 563 sensu
3183 510 3518 579 interpretati
3544 521 3687 573 sunt,

454 601 617 645 venas
642 591 900 660 sanguine
932 593 1154 662 repleat.
1182 593 1294 650 Hoc
1318 595 1429 660 alii,
1460 595 1601 664 quod
1638 610 1734 649 nos
1761 609 1889 650 cura
1916 596 2023 649 sol-

450 687 565 743 vat,
591 679 781 751 lyaeum
819 682 1107 752 appellant.
1165 685 1390 740 Veteres
1429 685 1612 738 vinum
1642 699 1906 739 venenum
1930 699 2022 738 vo—

450 768 677 835 cabant;
722 772 814 827 sed
842 781 1124 843 postquam
1167 775 1443 829 inventum
1472 784 1556 829 est
1593 777 1739 830 virus
1785 775 2019 831 lethiferi

452 860 618 925 succi,
666 862 769 916 hoc
816 862 997 916 vinum
1024 872 1303 929 vocatum;
1334 863 1462 919 illud
1486 880 1769 919 venenum.
1794 865 1945 921 Unde
1966 873 2021 919 et

455 950 809 1024 Hieronymus
852 954 905 1009 in
940 955 1098 1020 libro,
1139 971 1299 1025 quem
1337 956 1405 1011 de
1450 957 1756 1026 virginitate
1798 972 2019 1012 conser-

454 1042 621 1097 vanda
650 1043 882 1111 scripsit,
912 1044 1336 1101 adulescentulas
1363 1046 1538 1117 inquit
1588 1047 1663 1100 ita
1713 1047 1896 1100 vinum
1930 1046 2021 1101 de-

451 1129 577 1185 bere
602 1129 805 1201 fugere,
835 1140 895 1188 ut
935 1149 1198 1189 venenum
1243 1153 1255 1188 :
1296 1150 1364 1190 ne
1385 1151 1485 1206 pro
1513 1137 1687 1191 artatis
1712 1136 1890 1191 calore
1913 1134 2022 1190 fer-

450 1223 594 1276 venti
626 1223 811 1279 bibant
833 1235 886 1280 et
914 1236 1153 1296 pereant.
1182 1228 1310 1284 Inde
1339 1238 1443 1292 εει,
1468 1230 1608 1299 quod
1639 1230 1776 1299 apud
1811 1238 2021 1284 veteres

449 1311 722 1369 Romanos
744 1312 956 1370 femina:
984 1331 1089 1371 non
1129 1318 1416 1373 utebantur
1439 1319 1583 1382 vino,
1617 1320 1715 1373 nisi
1740 1334 2017 1373 sacrorum

450 1419 611 1460 causa
650 1406 814 1462 certis
838 1407 1046 1463 diebus.
1074 1408 1275 1464 Merum
1304 1410 1547 1472 dicimus,
1571 1425 1691 1465 cum
1719 1411 1898 1465 vinum
1922 1425 2022 1479 pu-

447 1509 568 1549 rum
611 1495 994 1567 significamus.
1039 1498 1171 1553 Nam
1215 1514 1420 1554 merum
1470 1496 1717 1562 dicimus,
1761 1500 2022 1570 quidquid

446 1601 640 1654 purum
671 1596 830 1657 atque
866 1589 1134 1643 sincerum
1171 1600 1275 1654 est,
1317 1591 1459 1646 sicut
1490 1600 1546 1645 et
1585 1605 1780 1660 aquam
1814 1607 2016 1645 meram

448 1677 576 1732 nulli
608 1679 685 1733 rei
725 1680 961 1734 mistam.
994 1680 1130 1737 Hinc
1155 1690 1211 1735 et
1247 1683 1521 1748 merenda,
1551 1686 1691 1752 quod
1724 1683 2019 1751 antiquitus

449 1770 502 1825 id
531 1773 784 1842 temporis
805 1774 986 1843 pueris
1013 1786 1069 1829 et
1096 1774 1360 1845 operariis
1392 1776 1693 1845 quibusque
1722 1775 1875 1844 panis
1898 1789 2014 1828 me-

2122 599 2388 649 veraciter
2423 604 2604 650 tamen
2648 596 2748 666 ipsi
2781 597 2962 652 divina
2993 599 3165 666 gratia
3207 607 3333 653 sunt
3380 599 3581 668 repleti,
3622 614 3688 655 ex

2120 698 2227 751 qua
2265 682 2460 739 multos
2500 684 2701 763 salubri
2743 686 3007 740 ebrietate
3042 688 3381 754 potaverunt.
3426 687 3647 741 Acetum
3673 727 3691 754 ,

2120 772 2203 826 vel
2230 772 2357 841 quia
2396 782 2636 836 acutum,
2688 773 2770 826 vel
2804 774 2929 842 quia
2962 783 3259 844 aquatum;
3317 775 3499 828 vinum
3547 776 3693 830 enim

2120 877 2256 930 aqua
2284 862 2526 928 mistum,
2553 863 2661 917 cito
2699 863 2752 918 in
2790 863 2932 918 hunc
2955 878 3199 934 saporem
3229 865 3505 934 redigitur.
3539 864 3696 921 Unde

2118 960 2175 1005 et
2205 952 2438 1017 acidum,
2479 953 2632 1022 quasi
2676 954 2955 1023 aquidum.
3000 954 3222 1025 Mystice
3262 965 3445 1009 autem
3481 965 3694 1011 acetum

2119 1044 2409 1113 puritatem
2467 1055 2778 1114 corruptam
2833 1046 3029 1100 mentis
3080 1046 3379 1117 signiﬁcat,
3441 1048 3585 1103 unde
3642 1049 3696 1102 in

2119 1132 2327 1202 psalmo
2356 1134 2620 1202 scriptum
2646 1141 2729 1189 est
2760 1152 2773 1188 :
2805 1132 2874 1188 Et
2906 1135 2962 1189 in
2987 1135 3078 1188 siti
3106 1144 3412 1204 putaverunt
3440 1152 3524 1188 me
3549 1147 3697 1189 aceto

2122 1221 2294 1292 (Psal.
2322 1223 2534 1293 vatn).
2566 1224 2849 1279 Mattheus
2875 1224 3017 1278 enim
3046 1224 3236 1290 refert,
3274 1240 3399 1279 cum
3436 1225 3697 1280 Dominus

2120 1313 2362 1379 dixisset,
2401 1313 2535 1369 Sitio
2575 1312 2789 1384 (Matth.
2827 1313 3033 1385 xxvn),
3072 1314 3313 1369 oblatum
3352 1314 3427 1369 illi
3468 1315 3541 1369 fel
3575 1331 3696 1370 cum

2120 1413 2272 1460 aceto
2307 1406 2623 1474 permistum
2662 1424 2676 1459 :
2728 1419 2789 1459 ut
2835 1420 3024 1459 revera
3076 1405 3355 1474 perﬁdiam
3388 1406 3697 1461 Judteorum

2121 1495 2425 1552 amaritudo
2471 1498 2704 1568 potionis
2746 1498 2915 1567 ipsius
2955 1506 3011 1552 et
3067 1498 3355 1553 austeritas
3410 1499 3695 1554 indicaret.

2121 1588 2213 1644 llle
2240 1589 2382 1643 enim
2410 1589 2562 1655 dixit,
2601 1588 2732 1643 Sitio
2757 1606 2775 1643 :
2803 1590 2926 1659 quia
2965 1588 3122 1645 ﬁdem
3162 1590 3218 1645 in
3262 1590 3395 1660 ipsis
3418 1591 3698 1646 desidera-

2121 1688 2241 1732 tam
2270 1694 2374 1733 non
2402 1687 2617 1749 poterat
2650 1679 2891 1733 invenire
2921 1697 2934 1731 :
2961 1679 3047 1734 isti
3077 1679 3386 1734 obtulerunt
3415 1682 3697 1737 amarissi-

2120 1787 2238 1826 mos
2275 1786 2455 1826 mores
2499 1787 2644 1838 suos,
2679 1772 2768 1841 qui
2813 1772 2955 1826 nulla
2998 1774 3409 1844 compunctione
3448 1777 3701 1832 conversi

448 1875 539 1915 rus
588 1861 843 1929 dabatur;
891 1872 983 1917 aut
1020 1866 1160 1932 quod
1210 1864 1496 1921 meridient
1536 1878 1601 1919 eo
1644 1875 1917 1936 tempore,
1966 1865 2019 1918 id
2049 1859 2095 1917 B
2122 1870 2265 1915 sunt.
2299 1860 2430 1915 Item
2458 1861 2597 1915 aceti
2625 1862 2890 1931 asperitas
2917 1862 3112 1917 mentis
3138 1864 3412 1934 corruptio
3439 1864 3701 1936 intelligi-

441 1956 527 2003 est
557 1949 653 2004 soli
696 1964 761 2004 ac
796 1952 1084 2021 separatim
1128 1953 1306 2008 cibum
1353 1954 1659 2017 sumebant,
1693 1968 1798 2008 non
1837 1954 2021 2022 utique

445 2041 585 2096 sicut
621 2042 675 2096 in
718 2044 965 2113 prandio,
992 2055 1086 2100 aut
1127 2047 1180 2100 in
1222 2062 1396 2113 coena,
1436 2046 1505 2101 ad
1548 2061 1711 2101 unam
1755 2060 2014 2100 mensam.

446 2133 571 2191 inde
596 2135 867 2191 credimus
888 2138 1049 2192 etiam
1071 2138 1198 2193 illud
1222 2126 1450 2209 tempus,
1475 2138 1616 2208 quod
1639 2146 1759 2207 post
1784 2137 2016 2191 medium

448 2223 587 2277 diem
627 2232 734 2290 est,
763 2227 1042 2281 meridiem
1071 2227 1350 2297 appellari,
1383 2229 1525 2298 quod
1568 2242 1760 2297 purum
1790 2236 1893 2282 est.
1928 2227 2019 2280 Vi-

444 2330 570 2368 num
607 2316 752 2370 enim
795 2316 975 2385 plures
1012 2318 1432 2387 significationes
1476 2320 1639 2373 habet
1685 2336 1700 2372 :
1742 2317 2015 2396 quia.ali-

443 2406 657 2473 quando
669 2405 1263 2478 signiﬁcatsanguinem
1287 2408 1511 2472 Christi,
1532 2418 1593 2462 ut
1612 2410 1663 2463 in
1692 2408 2011 2476 Evangelio:

448 2492 551 2558 Qui
579 2494 862 2549 manducet
896 2512 1064 2550 meam
1092 2514 1320 2563 carnem,
1356 2508 1405 2552 et
1445 2499 1568 2551 bibit
1594 2515 1765 2553 meum
1798 2498 2015 2568 sangui-

443 2597 583 2646 nem,
612 2581 762 2635 habet
788 2583 945 2637 vitam
964 2594 1212 2638 «sternam
1235 2584 1415 2656 (Joan.
1442 2586 1539 2656 v1).
1570 2587 1870 2656 Aliquando
1896 2600 2018 2656 gra-

442 2672 577 2726 tiam
603 2670 837 2741 Spiritus
863 2674 1056 2738 sancti,
1086 2682 1146 2728 ut
1174 2692 1187 2728 :
1222 2673 1432 2740 Vinum,
1464 2676 1558 2740 ait,
1590 2692 1775 2730 novum
1796 2676 1849 2728 in
1878 2686 2017 2729 utres

445 2774 601 2814 nouos
640 2760 776 2814 mitti
811 2761 957 2815 debet
995 2760 1186 2832 (Marc.
1234 2762 1317 2835 ιι).
1365 2762 1668 2832 Aliquando
1715 2777 2014 2818 sermonem

447 2850 685 2905 divinum
708 2852 824 2913 sive
851 2853 1317 2922 compunctionem
1356 2854 1552 2919 cordis,
1592 2862 1651 2908 ut
1688 2854 1742 2908 in
1766 2853 1973 2924 psalmo
1998 2873 2009 2909 :

451 2937 647 2996 Potasti
684 2957 797 3005 nos,
839 2942 1034 3012 inquit,
1063 2944 1180 2997 vino
1222 2944 1629 3014 compunetionis
1662 2940 1833 3015 (Psal.
1878 2943 2010 3014 ux).

448 3029 742 3101 Aliquando
756 3029 1018 3100 judicium
1048 3033 1309 3098 divinum,
1331 3041 1391 3088 ut
1417 3034 1470 3087 in
1495 3032 1816 3105 Apocalypsi
1848 3052 1861 3086 :
1894 3032 2015 3102 Ipse

448 3124 664 3181 calcavit
689 3123 922 3181 torcular
948 3125 1053 3179 uini
1083 3126 1178 3179 ira:
1198 3126 1394 3196 furoris
1429 3125 1638 3181 Domini
1664 3125 1848 3197 (Apoc.
1872 3123 2011 3197 ιιι).

2121 1960 2212 2006 tur
2241 1969 2252 2004 :
2289 1951 2431 2005 unde
2458 1951 2509 2005 in
2542 1950 2679 2005 libro
2704 1949 3059 2006 Numerorum
3086 1950 3273 2024 (Nam.
3301 1952 3376 2025 v1)
3402 1953 3700 2020 Nazarteis,

2117 2042 2207 2111 qui
2250 2056 2310 2095 se
2341 2040 2751 2095 sanctiﬁcabant
2789 2042 3037 2107 Domino,
3077 2042 3260 2097 vinum
3296 2042 3455 2097 simul
3484 2053 3544 2099 et
3573 2061 3701 2101 acc-

2117 2141 2229 2185 tum
2259 2145 2472 2185 sumere
2501 2131 2829 2200 prohibitum
2858 2141 2960 2187 est.
2992 2132 3178 2187 Sicera
3208 2142 3291 2188 est
3324 2136 3503 2189 omnis
3531 2139 3702 2207 potio,

2115 2235 2236 2289 quae
2272 2228 2425 2274 extra
2454 2221 2635 2274 vinum
2682 2221 2951 2276 inebriare
2985 2230 3181 2291 potest.
3223 2221 3387 2291 Cujus
3426 2225 3558 2280 licet
3600 2241 3701 2280 no-

2116 2325 2237 2364 men
2284 2310 2605 2366 Hebraicum
2648 2312 2736 2372 sit,
2778 2323 2953 2366 tamen
2986 2313 3237 2367 Latinum
3275 2322 3433 2369 sonat
3477 2332 3582 2386 pro
3608 2331 3698 2382 eo,

2116 2402 2255 2469 quod
2278 2416 2342 2454 ex
2367 2416 2529 2456 succo
2561 2401 2814 2457 frumenti
2840 2403 2921 2458 vel
2946 2418 3226 2473 pomorum
3247 2405 3589 2473 conficiatur,
3615 2417 3707 2463 aut

2114 2490 2412 2560 palmarum
2453 2491 2661 2546 fruetus
2692 2493 2744 2546 in
2783 2493 3044 2561 liquorem
3075 2495 3470 2563 exprimantur,
3499 2498 3704 2553 coctis-

2115 2596 2219 2650 que
2268 2582 2513 2653 frugibus
2544 2599 2681 2652 aqua
2718 2583 2990 2655 pinguior,
3029 2586 3183 2654 quasi
3217 2601 3433 2652 succus,
3463 2587 3704 2654 colatur,

2113 2679 2169 2725 et
2198 2672 2314 2742 ipsa
2337 2673 2484 2742 potio
2517 2673 2690 2728 sicera
2715 2682 3071 2744 nuncupatur.
3099 2674 3285 2730 Sicera
3314 2685 3495 2730 autem
3528 2678 3707 2733 ebrie-

2116 2769 2281 2815 tatem
2329 2761 2617 2830 signiﬁcat,
2665 2777 2695 2815 a
2739 2778 2843 2831 qua
2891 2765 3067 2819 omnis
3096 2764 3374 2835 Scriptura
3414 2782 3574 2823 saera
3607 2784 3706 2824 nos

2113 2850 2385 2919 prohibet.
2414 2849 2566 2905 Unde
2588 2852 2642 2905 in
2669 2852 2784 2922 lege
2810 2853 3068 2910 Dominus
3093 2855 3228 2910 dixit
3253 2857 3320 2911 ad
3345 2857 3528 2912 Aaron
3558 2876 3574 2913 :
3621 2857 3710 2912 Vi-

2115 2955 2259 3008 num,
2286 2949 2333 2993 et
2357 2955 2507 2994 omne
2543 2941 2681 3011 quod
2718 2942 2977 2997 inebriare
3012 2955 3198 3014 potest,
3242 2962 3344 2999 non
3382 2947 3521 3001 bibes
3551 2957 3618 3002 tu
3658 2959 3709 3002 et

2112 3030 2213 3098 ﬁlii
2244 3030 2340 3096 tui,
2372 3031 2582 3100 quando
2621 3032 2841 3086 intrabis
2881 3035 2937 3088 in
2982 3036 3374 3090 tabernaculum
3415 3040 3709 3093 testimonii

2114 3118 2299 3189 (Leuit.
2328 3118 2404 3187 ι),
2437 3120 2489 3175 id
2511 3129 2611 3186 est,
2635 3122 2704 3176 ad
2725 3122 2962 3177 divinum
3011 3125 3368 3181 ministerium
3424 3135 3481 3181 et
3505 3129 3579 3183 ad
3608 3129 3708 3183 dm

448 3212 743 3281 Aliquando
767 3226 979 3269 sacram
1010 3212 1340 3284 Scripturam
1369 3223 1425 3270 et
1452 3224 1655 3270 rectam
1688 3215 2010 3280 doctrinam,
2041 3201 2085 3262 C
2116 3210 2351 3265 ctrinam
2382 3211 2702 3280 spiritalem.
2754 3212 3178 3270 Tabernaculum
3206 3216 3351 3271 enim
3399 3217 3706 3272 testimonii

446 3304 587 3360 unde
625 3318 724 3374 per
757 3303 948 3371 Isaiam
982 3306 1050 3360 ad
1081 3305 1294 3362 Judaaos
1333 3308 1532 3363 dicitur
1578 3325 1593 3362 :
1631 3307 1903 3378 Caupoues
1933 3311 2009 3363 tui

447 3397 659 3449 miscent
688 3411 878 3465 aquam
903 3397 1020 3451 vino
1048 3394 1182 3468 (Isa.
1226 3396 1289 3469 ι).
1320 3396 1621 3466 Aliquando
1654 3412 1816 3467 opera
1853 3397 2009 3452 luxu-

448 3487 562 3551 riae,
586 3494 645 3539 ut
667 3485 723 3539 in
750 3485 1007 3555 Apostolo
1030 3504 1046 3540 :
1080 3487 1277 3552 Nolite,
1307 3488 1499 3558 inquit,
1526 3489 1775 3543 inebriari
1798 3490 1935 3553 vino,
1956 3490 2012 3543 in

442 3591 545 3643 quo
573 3586 648 3629 est
679 3574 892 3629 luxuria
918 3575 1078 3647 (Eph.
1111 3579 1188 3648 v).
1219 3578 1285 3632 Et
1310 3579 1433 3634 alibi
1463 3597 1478 3633 :
1510 3577 1806 3633 Luxuriosa
1836 3596 1917 3633 res
1936 3587 2013 3634 est

439 3668 637 3733 rinam,
662 3675 710 3720 et
726 3666 1045 3722 tumultuosa
1067 3669 1284 3724 ebrietas
1313 3667 1494 3741 (Prov.
1528 3669 1640 3740 xx).
1678 3669 1885 3725 Merum
1911 3685 2012 3723 au-

344 3768 355 3775 ‘
445 3769 554 3817 tem
583 3759 946 3815 sinceritatem
971 3759 1158 3829 judicii
1185 3770 1281 3816 aut
1305 3761 1570 3827 veritatis,
1600 3760 1683 3817 vel
1721 3762 1882 3817 etiam
1922 3777 2013 3816 ca-

445 3851 614 3905 lorem
647 3850 771 3906 ﬁdei
807 3851 1093 3923 signiﬁcat,
1128 3861 1188 3913 ut
1231 3854 1282 3907 in
1314 3853 1523 3924 psalmo
1557 3871 1572 3906 :
1624 3852 1766 3918 Vini,
1816 3853 2009 3923 inquit,

440 3942 596 4007 meri,
640 3941 822 4012 plenus
844 3943 1007 4000 mixto
1032 3941 1202 4015 (Psal.
1245 3943 1449 4011 mm).
1484 3942 1634 3999 Unde
1668 3946 1859 4000 beatus
1881 3945 2010 3999 Arn-

447 4036 660 4092 lirosius
695 4036 748 4090 in
795 4036 994 4106 hymno
1020 4050 1188 4091 sacra:
1226 4034 1536 4105 Epiphaniae
1572 4034 1891 4090 mirabiliter
1920 4036 2015 4090 de-

445 4126 696 4182 clamavit
723 4125 1152 4196 splendidissima
1179 4124 1298 4180 luce
1324 4124 1630 4181 verborum.
1662 4125 1814 4191 Quod
1834 4135 2013 4180 autem

444 4216 604 4281 dixit,
634 4215 786 4279 meri,
835 4214 1198 4271 sinceritatem
1225 4215 1491 4288 designat,
1520 4218 1663 4288 quod
1683 4233 1895 4289 semper
1918 4236 2018 4290 pu-

448 4320 590 4370 rum,
620 4318 833 4374 semper
866 4304 1165 4375 limpidum.
1211 4304 1344 4360 Nam
1377 4306 1612 4364 refectos
1654 4309 1899 4366 homines
1947 4313 2016 4366 ad

448 4395 672 4464 gloriam
698 4396 932 4459 virtutis,
978 4412 1083 4451 non
1130 4397 1195 4451 ad
1230 4398 1421 4453 vitium
1458 4401 1739 4457 ebrietatis
1777 4403 2012 4458 adducit.

450 4485 607 4550 Quod
629 4494 808 4542 autem
825 4486 982 4551 dixit,
1018 4486 1204 4540 mixto:
1226 4486 1427 4542 Novum
1456 4487 1727 4559 Vetusque
1748 4491 2018 4562 signiﬁcat

2111 3300 2405 3368 emlestium
2447 3317 2625 3357 rerum
2676 3313 2762 3358 est
2822 3306 3111 3362 contactio.
3176 3306 3326 3362 Unde
3371 3324 3479 3363 non
3524 3311 3710 3366 solum

2111 3408 2210 3447 nos
2248 3392 2535 3463 Apostolus
2582 3395 2828 3463 prohibet
2873 3396 3160 3464 inebriari,
3199 3399 3292 3453 sed
3329 3400 3494 3453 etiam
3531 3399 3722 3457 Isaias

2110 3485 2371 3552 propheta
2412 3483 2572 3538 simili
2604 3484 2764 3540 modo
2783 3486 3095 3541 ebrietatem
3123 3488 3442 3555 detestatur,
3471 3491 3706 3546 dicens:

2123 3570 2237 3638 Vw,
2265 3572 2355 3642 qui
2388 3572 2696 3642 consurgitis
2736 3589 2889 3628 mane
2926 3575 2996 3627 ad
3039 3575 3335 3631 ebrietatem
3361 3579 3704 3643 sedandam,

2112 3671 2160 3714 et
2182 3660 2468 3730 potandum
2504 3678 2664 3729 usque
2702 3661 2771 3715 ad
2805 3678 3087 3732 vesperam,
3122 3675 3227 3720 etc.
3266 3665 3401 3736 (Isa.
3444 3668 3524 3738 v).
3570 3667 3708 3723 Item

2114 3752 2287 3807 Sicera
2328 3752 2535 3821 peccati
2568 3751 2901 3808 dulcedinem
2942 3763 2998 3809 et
3049 3756 3338 3826 voluptatis
3384 3758 3709 3815 illecebram

2113 3844 2401 3915 signiﬁcat.
2429 3844 2582 3900 Unde
2608 3845 2674 3901 de
2694 3861 3027 3915 praecursore
3051 3849 3260 3904 Domini
3279 3851 3508 3921 angelus
3531 3860 3709 3906 testa-

2117 3946 2202 3992 tus
2224 3946 2326 4001 est,
2364 3937 2547 3992 dicens
2574 3955 2588 3991 :
2624 3935 2814 3991 Vinum
2828 3948 2874 3992 et
2902 3941 3121 3993 siceram
3146 3957 3247 3995 non
3273 3941 3405 3995 bibet
3434 3942 3594 4012 (Luc.
3632 3945 3707 4012 t);

2114 4027 2237 4096 quia
2257 4026 2473 4097 jejunus
2493 4035 2548 4082 et
2573 4027 2912 4083 abstinentiae
2936 4030 3144 4085 deditus
3164 4039 3301 4086 erat.
3324 4032 3586 4089 Ebrietas
3612 4048 3713 4087 au-

2116 4128 2225 4174 tem
2245 4117 2536 4187 aliquando
2553 4119 2821 4174 sobrietas
2848 4120 3044 4176 mentis
3071 4121 3402 4191 intelligitur,
3424 4131 3489 4176 ut
3508 4123 3565 4176 in
3593 4123 3708 4178 Ac-

2116 4211 2259 4265 tibus
2305 4209 2669 4279 apostolorum
2719 4210 2837 4264 :Hi
2886 4212 3013 4266 ebrii
3058 4222 3178 4266 sunt
3202 4212 3341 4284 (Act.
3388 4213 3474 4284 ιι).
3525 4214 3710 4269 Aliter

2116 4299 2350 4354 ebrietas
2389 4306 2447 4352 et
2487 4298 2708 4368 crapula
2754 4300 3143 4368 plenitudinem
3194 4301 3508 4373 signiﬁcant
3542 4305 3713 4359 vitio-

2116 4404 2259 4453 rum,
2285 4398 2345 4443 ut
2375 4389 2430 4443 in
2471 4388 2760 4457 Evangelio
2791 4406 2805 4441 :
2833 4388 3095 4444 Attendite
3128 4406 3191 4444 ne
3214 4400 3500 4458 graventur
3537 4395 3710 4447 corda

2117 4489 2284 4533 vestra
2298 4480 2352 4533 in
2367 4477 2584 4549 crapula
2600 4489 2647 4532 et
2669 4479 2913 4533 ebrietate
2946 4478 3096 4550 (Luc.
3113 4478 3248 4549 ut).
3279 4480 3345 4533 Et
3368 4481 3423 4535 in
3448 4481 3715 4537 Salomo-

451 4571 876 4639 '|‘cstamentum,
899 4590 1018 4643 quas,
1046 4583 1273 4646 utraque
1301 4578 1557 4647 ροηηίειει
1586 4539 1884 4635 θιῖίεηίιτίἰιη
1911 4579 2020 4636 em.
2041 4539 2092 4598 Β
2118 4585 2216 4623 ne:
2241 4568 2391 4623 Velut
2403 4569 2552 4639 spina
2566 4568 2878 4625 nascaturin
2905 4584 3064 4623 manu
3086 4568 3273 4623 ebriosi
3311 4568 3499 4641 (Prov.
3526 4572 3709 4642 sxw).

449 4665 598 4718 riunt
622 4663 1030 4719 saluberrimam
1058 4667 1350 4735 potionem.
1383 4670 1573 4725 Vinum
1609 4672 1884 4726 conditum
1910 4671 2017 4727 fer-

451 4763 660 4825 ventem
695 4770 931 4811 amorem
968 4757 1264 4828 signiﬁcat,
1308 4761 1359 4816 id
1403 4771 1508 4829 est,
1547 4765 1710 4835 variis
1761 4764 2011 4820 virtutum

449 4845 734 4915 pigmentis
762 4854 1032 4901 ornatum.
1059 4847 1209 4906 Unde
1241 4851 1292 4905 in
1321 4852 1542 4908 Cantico
1574 4856 1904 4910 canticorum
1940 4858 2016 4912 le-

443 4937 591 5007 gitur
616 4955 630 4990 ε
663 4935 733 4989 Et
759 4937 893 4992 dabo
918 4938 1011 4992 tibi
1037 4939 1278 5009 poculum
1305 4960 1368 4997 ea:
1390 4945 1504 4998 vino
1534 4945 1763 5010 condito,
1807 4956 1854 5000 et
1894 4965 2011 5002 mu-

442 5037 584 5082 stum
606 5029 865 5082 malorum
888 5039 1226 5100 granatorum
1255 5049 1485 5086 meorum
1521 5033 1695 5104 (Cant.
1735 5038 1871 5106 vm).
1907 5037 2016 5092 Mu-

446 5126 591 5173 stum
626 5126 711 5183 est
747 5118 926 5173 vinum
967 5135 999 5175 e
1048 5121 1167 5176 lacu
1208 5122 1390 5175 statim
1438 5123 1705 5178 sublatum
1758 5144 1770 5179 :
1818 5127 2017 5183 dictum

449 5215 625 5262 autem
648 5208 890 5264 creditur
914 5218 1170 5273 mustum,
1199 5210 1342 5280 quod
1370 5210 1423 5264 in
1448 5226 1506 5267 se
1535 5212 1717 5267 limum
1743 5223 1798 5270 et
1821 5224 2018 5272 terram

448 5299 643 5357 habeat
672 5300 910 5357 mistam.
940 5300 1074 5357 Nam
1100 5317 1218 5357 mus
1243 5308 1410 5369 terra,
1439 5304 1581 5358 unde
1607 5314 1659 5360 et
1684 5307 1898 5375 humus,
1927 5323 2020 5363 cu-

445 5390 531 5460 jus
554 5400 699 5446 tanta
735 5395 817 5448 vis
857 5392 1082 5449 fervoris
1107 5400 1212 5459 est,
1234 5402 1292 5448 ιιι
1318 5409 1466 5458 vasa,
1501 5397 1744 5465 quamvis
1775 5400 2017 5468 grandia,

445 5494 515 5535 ex
536 5496 602 5535 eo
628 5481 787 5550 plena
821 5482 1025 5553 absque
1063 5483 1356 5552 spiramine
1402 5483 1585 5538 relicta
1615 5485 1756 5540 illico
1782 5486 2017 5541 disrum-

447 5576 559 5645 pat.
591 5568 820 5625 Mustum
844 5582 1023 5624 autem
1045 5572 1312 5641 signiﬁcat
1339 5574 1567 5644 gratiam
1591 5573 1824 5643 Spiritus
1847 5577 2015 5632 sancti

449 5659 656 5719 uoviter
674 5661 873 5714 datam.
921 5661 1070 5716 Unde
1091 5663 1283 5734 legitur
1304 5665 1359 5719 in
1384 5665 1607 5721 Actibus
1632 5669 2011 5737 apostolorum.

445 5750 658 5811 Judteos
701 5752 767 5803 de
798 5750 1067 5819 Apostolis
1107 5754 1306 5809 dixisse
1345 5769 1359 5808 :
1406 5754 1581 5809 .llusto
1605 5760 1742 5826 pleni
1778 5770 1895 5813 sunt
1929 5762 2015 5816 isti

2120 4662 2231 4717 Fex
2260 4660 2430 4726 dicta,
2468 4661 2610 4731 quod
2654 4674 2772 4715 sese
2815 4659 2959 4715 vasis
2995 4660 3317 4732 emergendo
3356 4661 3560 4731 alligat.
3592 4662 3713 4717 Fex

2118 4752 2261 4806 enim
2295 4750 2543 4805 ultimum
2565 4748 2828 4817 judicium
2870 4751 3156 4820 signiﬁcat.
3187 4750 3339 4807 Unde
3371 4752 3438 4806 de
3484 4751 3610 4808 fece
3651 4753 3711 4807 in

2116 4841 2326 4909 psalmo
2356 4840 2616 4911 scriptum
2645 4850 2728 4895 est
2757 4859 2770 4894 :
2809 4840 3172 4900 Verumtamen
3201 4842 3288 4911 {ex
3325 4842 3441 4912 ejus
3478 4861 3589 4899 non
3629 4855 3713 4900 est

2114 4930 2383 4984 exinanita
2396 4928 2577 5001 (Psal.
2611 4930 2813 5001 Lxxiv).
2848 4930 3016 4986 Feces
3057 4932 3202 4987 enim
3237 4932 3327 4987 hic
3350 4948 3456 4991 non
3486 4938 3710 4999 sordes,

2119 5021 2212 5076 sed
2246 5020 2356 5075 ima
2396 5020 2485 5076 illa
2527 5030 2690 5091 atque
2738 5021 2924 5083 ultima
2967 5022 3078 5076 vini
3123 5022 3378 5079 debemus
3424 5027 3709 5095 accipere.

2120 5111 2252 5166 Nam
2305 5114 2572 5181 quomodo
2611 5112 2754 5174 feces
2798 5113 2997 5168 habere
3046 5114 3247 5183 potuit,
3297 5117 3442 5183 quod
3488 5134 3712 5175 merum

2119 5213 2279 5272 atque
2297 5219 2490 5272 purum
2523 5212 2650 5258 ante
2671 5204 2995 5260 declaravit?
3034 5207 3139 5260 Sed
3166 5214 3225 5263 ut
3243 5205 3310 5259 ad
3332 5207 3492 5262 istam
3524 5209 3712 5267 fecem

2121 5308 2473 5363 cegnosceres
2503 5293 2722 5349 minime
2758 5293 2923 5349 fuisse
2951 5304 3289 5363 perventum,
3331 5298 3479 5356 redit
3504 5300 3575 5353 ad
3603 5315 3715 5368 po—

2121 5385 2300 5439 culum
2346 5385 2559 5454 plenum
2586 5426 2602 5449 ,
2653 5385 2836 5441 dicens
2878 5404 2891 5440 :
2943 5387 3128 5442 Bibcnt
3178 5405 3352 5443 omnes
3401 5401 3718 5459 peccatores

2118 5483 2270 5528 teme
2293 5473 2503 5545 (Ibid).
2545 5473 2643 5528 Hic
2664 5475 2953 5544 signiﬁcat,
2977 5478 3118 5547 quod
3152 5493 3292 5547 διξερε
3312 5478 3569 5542 diximus,
3601 5477 3719 5536 Ju-

2118 5564 2263 5618 dteos
2302 5565 2354 5618 in
2398 5564 2504 5619 ﬁne
2542 5565 2722 5623 szecnli
2753 5582 2872 5620 cum
2919 5568 3040 5622 aliis
3078 5572 3455 5638 peccatoribus
3491 5570 3560 5625 de
3597 5572 3721 5633 isto

2119 5652 2288 5709 calice
2316 5654 2600 5719 bibitnros,
2639 5655 2856 5724 quando
2903 5657 3123 5713 credere
3170 5662 3489 5726 meruerint,
3527 5676 3722 5735 Seque

2119 5742 2371 5809 Ecclesia:
2395 5743 2674 5804 catholica:
2711 5746 2942 5811 adunata
2974 5750 3077 5805 title
3108 5748 3508 5817 conjuuxerint.
3634 5746 3637 5747 ⁷
