3950 6192
244 356 351 411 5'37

861 462 1088 518 CAPUT
1128 461 1214 518 Ill.

798 557 873 611 De
902 557 1039 611 vasis
1063 555 1297 610 escariis.

308 647 417 703 Vas
448 649 657 703 dictum
688 663 720 701 a
750 648 1034 712 vescendo,
1063 647 1205 716 quod
1228 646 1282 701 in
1309 661 1375 701 eo
1402 660 1542 701 escae
1565 660 1838 715 apponan-

243 748 344 793 tur.
375 735 546 805 Cujus
574 738 953 792 diminutivum
974 778 988 802 ,
1025 726 1510 807 vasculum,'quasi
1540 738 1834 793 vesculum.

238 827 452 884 Fictilia
471 828 639 891 dicta,
656 827 799 898 quod
823 827 1018 882 ﬂantet
1038 827 1388 899 ﬁnganturex
1416 837 1583 883 terra.
1605 828 1836 899 Fingere

240 928 320 974 est
338 919 489 974 enim
516 916 726 983 facere,
757 916 992 972 formare
1020 924 1075 975 et
1102 918 1388 988 plasmare.
1422 918 1577 995 Unde
1604 927 1658 973 et
1686 918 1835 989 ﬁguli

241 1011 517 1065 dicuntur.
564 1009 632 1063 Et
668 1024 767 1064 vas
804 1008 968 1064 fictile
1009 1009 1240 1075 dicitur,
1291 1026 1398 1064 non
1455 1010 1660 1075 ﬁctum,
1707 1010 1837 1067 illud

241 1100 380 1169 quod
421 1099 770 1154 mendacium
802 1107 889 1155 est
922 1118 935 1153 :
969 1100 1062 1155 sed
1089 1101 1233 1169 quod
1272 1100 1557 1165 formatur,
1589 1110 1648 1155 ut
1685 1102 1757 1156 sit
1783 1110 1838 1157 et

240 1190 438 1245 habeat
486 1190 723 1259 aliquam
758 1190 1008 1245 formam.
1048 1191 1201 1247 Unde
1237 1200 1293 1247 et
1337 1192 1628 1262 Apostolus
1656 1194 1787 1248 dicit
1819 1212 1831 1247 :

244 1282 500 1352 Nunquid
522 1282 652 1337 dicit
680 1280 981 1351 ﬁgmentum
1010 1285 1058 1337 ei
1106 1283 1196 1352 qui
1222 1301 1278 1338 se
1312 1284 1468 1352 ﬁnxit
1503 1297 1521 1335 :
1554 1282 1731 1348 Quare
1760 1285 1838 1339 sic

241 1389 319 1426 me
353 1372 530 1442 fecisti
572 1372 755 1442 (Rom.
799 1373 921 1443 1x)?
947 1372 1155 1429 Fictilia
1197 1390 1325 1429 vasa
1365 1376 1417 1429 in
1461 1374 1626 1430 Samo
1662 1376 1836 1431 insula

242 1462 386 1532 prius
415 1463 643 1516 inventa
692 1462 998 1529 traduntur,
1028 1463 1170 1518 facta
1195 1480 1263 1520 ex
1295 1473 1438 1520 terra
1465 1475 1648 1521 cretea
1675 1475 1730 1521 et
1758 1467 1840 1522 iu-

242 1551 431 1607 durata
474 1554 635 1624 igne;
672 1553 815 1607 unde
843 1562 901 1608 et
934 1552 1117 1608 Samia
1153 1569 1300 1609 vasa.
1331 1553 1525 1610 Postea
1561 1555 1837 1611 inventum

245 1653 345 1707 est,
375 1644 656 1698 rubricam
682 1644 901 1709 addere,
925 1652 980 1698 et
1007 1661 1074 1700 ex
1105 1644 1266 1699 rubra
1298 1654 1443 1700 terra
1475 1646 1695 1718 lingere.
1721 1646 1836 1701 An-

246 1732 531 1802 tiquiorem
576 1731 746 1788 fuisse
795 1750 955 1789 usum
1004 1734 1251 1791 ﬁctilium
1298 1751 1552 1791 vasorum
1602 1746 1832 1805 constat,

246 1839 400 1894 quam
430 1823 693 1879 fundendi
715 1825 842 1880 teris
875 1834 968 1880 aut
995 1829 1226 1898 argenti.
1260 1827 1415 1898 Apud
1450 1840 1663 1885 veteres
1692 1830 1836 1884 enim
1866 1809 1912 1868 Β

244 1929 340 1969 nec
358 1929 547 1978 aurea,
574 1930 676 1970 uec
702 1925 979 1987 argentea,
1004 1919 1098 1973 sed
1119 1918 1304 1973 ﬁctilia
1327 1935 1452 1975 vasa
1477 1920 1833 1989 habebuntur;

245 2004 379 2065 sicut
411 2004 485 2059 ad
532 2005 656 2059 vina
690 2005 847 2061 doliis
874 2008 1210 2078 cxcogitatis,
1243 2009 1311 2064 ad
1339 2024 1507 2079 aquas
1538 2011 1835 2079 amphoris,

246 2093 454 2164 hydriis
480 2095 550 2149 ad
577 2094 788 2161 balnea,
821 2112 884 2151 ac
922 2097 1141 2166 reliquis
1169 2113 1289 2169 qua!
1337 2099 1393 2153 in
1446 2100 1633 2155 usibus
1667 2101 1839 2156 homi-

246 2202 369 2240 num
412 2195 512 2240 aut
554 2196 671 2242 rota
717 2187 870 2255 ﬁunt,
914 2198 1008 2245 aut
1050 2206 1210 2245 manu
1254 2199 1525 2261 aptantur.
1566 2192 1835 2248 Fictilium

245 2292 369 2347 ergo
407 2292 666 2333 vasorum
696 2280 865 2350 ﬁgura
896 2281 962 2334 ad
998 2283 1249 2336 humana:
1275 2282 1598 2338 conditionis
1637 2292 1837 2339 sortem

244 2367 500 2438 pertinet.
544 2367 698 2423 Unde
725 2371 983 2439 scriptum
1013 2381 1096 2426 est
1134 2390 1148 2425 :
1184 2370 1452 2426 Formavit
1487 2373 1624 2428 Deus
1665 2375 1837 2427 homi-

246 2482 362 2519 nem
386 2466 457 2520 de
479 2466 609 2520 limo
649 2476 802 2521 terra:
827 2466 979 2537 (Gen.
1014 2467 1097 2539 ιι).
1129 2467 1258 2535 Qtue
1300 2478 1475 2522 tamen
1510 2470 1628 2539 igne
1668 2469 1842 2538 Spiri-

245 2566 329 2612 tus
356 2558 537 2613 sancti
580 2558 648 2613 ad
676 2574 870 2628 purum
904 2568 1150 2624 excocta,
1187 2576 1314 2614 vasa
1355 2561 1592 2628 pretiosa
1625 2561 1693 2616 ad
1724 2577 1841 2618 ser-

245 2649 433 2703 vitium
464 2648 562 2703 Dei
594 2648 791 2704 habilia
828 2649 981 2705 ﬁunt.
1027 2651 1165 2706 Vasa
1203 2653 1347 2706 enim
1385 2653 1643 2720 pretiosa,
1675 2668 1839 2708 aurea

244 2748 296 2793 et
321 2748 612 2808 argentea,
649 2741 822 2795 sancti
854 2751 980 2796 sunt
1012 2744 1292 2812 sapient-im
1332 2744 1617 2813 Splendore
1642 2757 1701 2800 ct
1727 2745 1843 2799 elo-

245 2830 484 2900 quentia:
528 2830 709 2885 nitore
749 2830 1014 2902 fulgentes
1052 2848 1067 2886 :
1109 2834 1249 2888 sicut
1294 2835 1601 2889 econtrario
1641 2835 1837 2904 lignea,

245 2920 327 2975 vel
358 2919 547 2975 ﬁctilia
574 2935 726 2986 vasa,
750 2921 823 2975 illi
851 2931 997 2988 sunt,
1025 2925 1116 2992 qui
1142 2925 1319 2979 adhuc
1343 2925 1543 2993 aliquid
1569 2925 1746 2980 minus
1771 2926 1839 2979 de

244 3008 580 3079 perfectione
611 3011 830 3066 habent.
863 3012 1013 3068 Unde
1046 3014 1337 3084 Apostolus
1367 3030 1380 3068 :
1408 3015 1473 3067 In
1508 3032 1721 3084 magna,
1759 3015 1839 3068 in-

246 3101 379 3168 quit,
423 3101 606 3167 domo,
632 3118 737 3156 non
776 3101 945 3156 solum
973 3114 1093 3158 sunt
1127 3122 1249 3158 rasa
1284 3122 1443 3158 aurea
1486 3113 1836 3175 etargeutea,

246 3190 332 3242 sed
360 3199 412 3244 et
435 3188 610 3260 lignea
647 3200 800 3261 atque
824 3192 1010 3260 ﬁctilia
1040 3207 1059 3244 :
1088 3203 1136 3247 et
1164 3193 1407 3263 quwdam
1437 3203 1556 3248 sunt
1590 3194 1643 3247 in
1675 3194 1838 3248 hono—

248 3296 379 3346 rem,
421 3281 534 3334 alia
571 3296 691 3335 vero
718 3282 773 3336 in
805 3283 1173 3337 contumeliam
1210 3282 1297 3355 (ΙΙ
1338 3282 1471 3337 Tim.
1510 3284 1592 3356 ιι).
1626 3284 1836 3356 Magna,

249 3369 445 3440 inquit,
471 3370 669 3425 domus
692 3379 776 3426 est
812 3371 1060 3438 ecclesia,
1088 3389 1155 3429 ex
1182 3372 1368 3427 multis
1410 3374 1712 3429 consistens
1740 3375 1830 3430 ho-

250 3460 507 3514 minibus.
534 3458 770 3515 Necesse
818 3468 904 3515 est
926 3476 1053 3534 ergo
1081 3479 1186 3517 non
1208 3478 1396 3518 onmes
1420 3463 1492 3518 ibi
1517 3479 1639 3519 esse
1659 3471 1841 3535 mqua-

249 3548 341 3604 les.
373 3550 516 3604 Nam
545 3550 680 3604 etin
709 3565 903 3622 magna
924 3553 1082 3607 domo
1115 3569 1217 3607 non
1247 3561 1473 3622 possunt
1496 3556 1678 3613 omnia
1712 3572 1840 3611 vasa

248 3640 446 3696 similia
487 3642 735 3712 reperiri,
772 3642 900 3698 licet
939 3644 1014 3698 sit
1048 3643 1242 3699 domus
1277 3645 1433 3699 valde
1472 3661 1695 3717 magna;
1744 3648 1837 3705 sed

252 3732 393 3787 inter
413 3746 581 3787 aurea
609 3739 666 3787 et
703 3741 958 3804 argentea
983 3748 1110 3788 vasa
1138 3734 1537 3803 perspiciuntur
1562 3744 1619 3792 et
1656 3736 1841 3809 lignea

249 3833 302 3878 et
330 3823 560 3890 ﬁctilia;
590 3832 649 3878 et
678 3824 788 3879 alia
813 3825 1029 3895 quidem
1058 3825 1223 3880 multa
1263 3827 1424 3897 digna
1454 3837 1580 3883 sunt
1606 3831 1834 3895 honore,

249 3914 350 3969 alia
383 3929 518 3970 vero
538 3923 666 3970 sunt
689 3916 1110 3988 eontemptibilia
1138 3924 1193 3972 et
1216 3917 1283 3971 ad
1310 3927 1517 3975 certum
1550 3937 1704 3975 usum
1733 3922 1843 3976 dis-

249 4015 423 4060 creta.
469 4004 679 4061 Deinde
726 4007 854 4076 quia
892 4008 1152 4063 naturalis
1177 4017 1295 4064 erat
1330 4025 1584 4066 vasorum
1624 4012 1836 4080 divisio,

251 4108 306 4152 ut
332 4098 549 4168 nequid
574 4098 682 4153 tale
707 4099 845 4170 apud
859 4115 957 4156 nos
979 4102 1338 4167 existimaret,
1367 4101 1590 4171 adiecit:
1615 4101 1677 4157 Si
1701 4104 1839 4157 enim

247 4190 363 4259 quis
392 4205 450 4243 se
469 4188 801 4243 mandaverit
825 4190 890 4245 ab
911 4192 1012 4257 his,
1038 4192 1136 4246 erit
1166 4208 1254 4245 vas
1286 4193 1342 4245 in
1382 4192 1581 4247 honore
1604 4193 1841 4260 sanctiﬁ-

248 4287 425 4336 catum
440 4278 692 4345 Domino,
713 4288 762 4334 et
782 4281 1057 4352 Optimum,
1080 4282 1149 4335 ad
1172 4298 1323 4338 omne
1344 4299 1472 4353 opus
1497 4283 1688 4338 bonum
1710 4299 1840 4353 pra:-

249 4383 498 4444 paratum
528 4372 741 4446 (lbid.).
770 4374 877 4430 Sed
898 4376 1039 4446 quod
1070 4376 1179 4431 illic
1211 4376 1436 4431 materia
1465 4376 1729 4431 naturalis
1766 4376 1841 4431 fa-

250 4466 343 4529 cit,
384 4466 491 4520 hoc
531 4465 622 4520 hic
660 4465 962 4521 arbitrium.
994 4466 1096 4534 Qui
1132 4468 1277 4522 enim
1312 4482 1372 4523 se
1406 4483 1435 4522 a
1474 4467 1836 4522 deterioribus

251 4556 641 4628 segregavcrit,
671 4564 754 4612 est
774 4572 871 4612 vas
899 4557 1028 4613 utile
1054 4558 1106 4612 in
1132 4559 1394 4613 honorem
1422 4558 1548 4624 Dei;
1576 4558 1682 4613 alia
1711 4574 1839 4614 vero

250 4647 304 4703 in
346 4646 755 4701 contumeliam.
802 4646 914 4703 Hoc
948 4656 1126 4704 autem
1171 4650 1225 4703 in
1271 4658 1456 4704 nostro
1496 4656 1580 4704 est
1607 4651 1842 4719 positum

250 4737 481 4793 arbitrio
526 4745 582 4791 et
623 4748 919 4807 potestate;
968 4748 1151 4795 utrum
1202 4741 1275 4806 id,
1318 4743 1460 4810 quod
1505 4742 1722 4806 melius,
1773 4758 1843 4795 an

248 4830 392 4898 quoi
435 4829 681 4884 deterius
723 4839 826 4895 est,
869 4830 1149 4902 eligamus.
1195 4832 1391 4888 leata
1425 4849 1551 4889 vasa
1585 4842 1843 4903 argentea

249 4923 333 4975 vel
368 4936 543 4976 aurea
585 4929 728 4985 sunt,
760 4922 930 4993 signis
952 4924 1402 4981 eminentioribus
1444 4926 1587 4980 intus
1620 4934 1842 4980 extrave

250 5026 536 5080 expressa,
562 5026 592 5065 a
620 5011 759 5067 caelo
778 5023 990 5078 vocata,
1019 5014 1162 5083 quod
1195 5024 1276 5070 est
1302 5030 1472 5085 genus
1502 5014 1841 5079 ferramenti,

251 5104 397 5172 quod
460 5103 625 5173 vulgo
679 5103 926 5159 cilionem
1001 5114 1216 5160 vocant.
1290 5104 1662 5177 Chryscndeta
1716 5121 1842 5159 vasa

252 5194 548 5257 deaurata,
596 5194 843 5250 Gnaeum
888 5205 991 5250 est.
1049 5198 1361 5268 Anaglypha
1412 5199 1557 5268 quod
1596 5200 1845 5268 superius

252 5294 385 5340 sunt
411 5285 645 5354 sculpta.
673 5286 857 5343 Graece
885 5289 1028 5343 enim
1051 5305 1157 5343 ano
1177 5306 1414 5355 sursum,
1438 5290 1671 5362 glyphen
1702 5289 1845 5346 scul-

253 5387 437 5445 ptura.
466 5375 597 5431 lude
628 5378 950 5449 anaglypha,
979 5380 1035 5435 id
1067 5391 1173 5447 est,
1203 5397 1415 5437 sursum
1446 5382 1675 5451 sculpta.
1702 5382 1842 5438 Vasa

251 5468 398 5522 enim
425 5466 619 5522 celata
641 5469 754 5526 sive
769 5470 1068 5543 anaglypha
1091 5473 1396 5544 signiﬁcant
1415 5484 1652 5540 sanctos,
1669 5475 1845 5530 varia-

254 5573 379 5621 rum
422 5559 690 5615 virtutum
727 5561 977 5634 insigniis
1010 5564 1298 5622 distinctos
1338 5575 1501 5637 atque
1543 5567 1843 5621 decoratos.

257 5651 349 5708 illa
377 5661 563 5708 autem
594 5668 742 5717 vasa,
773 5671 894 5726 qua:
936 5658 1191 5713 deaurata
1231 5660 1505 5725 dicuntur,
1543 5660 1852 5733 signiﬁcant

260 5759 356 5800 eos
402 5760 546 5814 quos
591 5745 790 5803 donum
838 5747 1089 5818 perfecta:
1148 5750 1435 5807 charitatis
1469 5754 1718 5808 adornat.
1775 5753 1848 5806 De

1208 348 1294 407 DE
1330 348 1676 406 UNIVEBSO
1711 346 1890 402 Lllllll
1932 345 2090 400 XXI].
2131 374 2202 385 —-
2239 342 2365 398 LIB.
2406 344 2566 398 XXII.

1864 4517 1916 4577 D

3420 335 3531 392 598⁴

1864 463 1912 521 Α
1940 458 2135 528 quibus
2163 456 2423 526 scriptum
2450 464 2532 510 est
2561 455 2616 509 in
2647 454 2852 524 psalmo
2884 473 2896 506 :
2932 453 3109 506 Astitit
3133 452 3309 522 rt‘gina
3331 468 3361 504 a
3391 451 3519 503 der-

1936 554 2032 607 tris
2082 553 2187 606 luis
2248 552 2301 605 in
2359 552 2540 605 vestitu
2584 550 2873 614 deaurato,
2905 546 3229 602 circumdata
3278 544 3526 597 varietate

1937 643 2110 717 (Psal.
2126 644 2293 715 κων).
2313 645 2517 698 Aurum
2538 644 2606 699 ad
2631 641 2911 697 eharitatis
2931 640 3189 695 debemus
3214 646 3399 708 aptare
3427 634 3525 689 ful-

1935 751 2160 806 gorem,
2207 751 2312 805 qua
2357 734 2556 790 virtute
2600 732 2931 788 circumdata
2984 737 3172 785 saneta
3223 726 3530 797 resplendet
3619 743 3623 747 δ

1934 824 2199 880 Ecclesia.
2215 825 2284 880 Et
2302 839 2369 879 ne
2385 824 2556 879 solam
2578 823 2654 877 ibi
2679 822 3008 893 intelligeres
3029 836 3149 876 esse
3171 818 3522 882 charitatem;

1934 916 1991 969 in
2016 916 2224 980 uestitu,
2267 914 2424 980 dixit,
2453 913 2706 967 deaurato
2740 928 2759 965 :
2801 927 2930 976 non,
2973 924 3157 964 aureo.
3197 907 3522 963 Deauratum

1936 1010 2080 1071 enim
2116 1009 2345 1063 dicimus
2372 1048 2387 1072 ,
2428 1006 2644 1077 quando
2681 1005 3009 1076 superducta
3045 1003 3258 1074 species
3311 1000 3429 1055 auri
3469 998 3523 1053 in

1936 1099 2114 1170 aliqua
2154 1099 2379 1153 materia
2435 1098 2717 1169 glutiatur.
2761 1096 2887 1151 Ideo
2921 1102 3101 1149 autem
3157 1107 3318 1162 super
3350 1090 3524 1165 virtu—

1939 1200 2022 1245 tes
2045 1190 2180 1245 alias
2200 1190 2376 1260 gratia
2405 1189 2690 1244 charitatis
2717 1186 3000 1258 apparuit;
3043 1184 3169 1254 quia
3203 1182 3383 1239 omnia
3409 1178 3527 1247 ejus

1938 1279 2114 1353 fulgor
2154 1278 2387 1334 excellit.
2430 1277 2613 1343 Addit,
2647 1277 3041 1332 circumamicta
3080 1274 3346 1328 varietate.
3382 1270 3525 1351 ,Per—

1938 1381 2241 1429 serutemur
2290 1386 2388 1426 cur
2418 1370 2658 1426 Ecclesia
2688 1369 2780 1424 Dei
2819 1370 2886 1424 de
2912 1368 3080 1423 vestis
3120 1366 3382 1443 varietate
3413 1363 3529 1419 lau-

1938 1465 2115 1528 detur,
2145 1461 2428 1519 cuitotum
2458 1460 2687 1530 simplex
2714 1458 2966 1515 convenit
3009 1466 3171 1526 atque
3201 1470 3388 1509 unum.
3419 1453 3528 1509 Sed

1938 1554 2041 1611 hac
2068 1553 2333 1607 varietate
2361 1557 2455 1605 aut
2483 1550 2692 1621 linguas
2721 1547 3048 1619 multiplices
3073 1544 3371 1618 signiﬁcat,
3399 1541 3528 1612 quia

1938 1644 2018 1699 sic
2037 1644 2213 1699 omnis
2240 1659 2372 1714 gens
2407 1642 2702 1697 secundum
2753 1655 2905 1695 suam
2934 1640 3166 1711 patriam
3194 1638 3248 1691 in
3278 1634 3525 1691 Ecclesia

1938 1737 2119 1808 psallit
2173 1736 2411 1801 auctori;
2478 1742 2572 1788 aut
2646 1733 2906 1786 virtutum
2974 1730 3392 1803 pulcherrimam
3448 1726 3527 1781 di-

1940 1827 2273 1882 versitatem.
2298 1825 2533 1880 Ornatur
2552 1824 2699 1878 enim
2720 1839 2853 1878 auro
2892 1822 3278 1892 apostolorum,
3302 1825 3528 1888 argento

1941 1918 2350 1988 prophetarum,
2392 1916 2623 1987 gemmis
2655 1915 2951 1985 virginum,
2996 1928 3161 1968 cocco
3204 1918 3527 1982 martyrum,

1940 2027 2176 2082 purpura
2207 2011 2606 2080 poenitentium.
2631 2011 2739 2066 ista
2766 2017 3000 2079 estergo
3020 2008 3256 2062 varietas
3282 2005 3524 2069 unitatis,

1941 2120 2062 2176 qum
2107 2104 2279 2160 oculis
2320 2103 2532 2159 Domini
2575 2118 2644 2159 ex
2686 2102 2939 2161 omnibus
2977 2100 3228 2169 gentibus
3266 2099 3353 2168 pia
3394 2113 3526 2152 con~

1939 2196 2247 2252 versatioue
2274 2194 2536 2265 placitura
2573 2193 2902 2248 contexitur.
2950 2192 3143 2246 Discus
3177 2197 3336 2244 antea
3380 2188 3531 2242 iscus

1941 2286 2010 2340 ab
2039 2285 2217 2355 specie
2242 2286 2402 2349 scuti,
2439 2283 2583 2338 unde
2611 2291 2667 2338 et
2697 2282 2921 2359 seutella
2964 2300 2978 2336 :
3008 2288 3196 2351 postea
3229 2279 3409 2334 discus
3435 2294 3531 2332 vo-

1941 2384 2117 2438 catus,
2140 2374 2283 2443 quod
2310 2374 2402 2427 det
2421 2388 2598 2437 escas,
2641 2373 2695 2427 id
2737 2380 2821 2427 est
2860 2378 3113 2443 apponat,
3144 2385 3175 2426 a
3203 2385 3311 2439 quo
3337 2377 3391 2423 et
3422 2368 3529 2422 dist-

1942 2466 2258 2521 cumbentes
2293 2463 2422 2518 dicti
2463 2481 2475 2516 :
2519 2463 2633 2518 sive
2670 2478 2774 2534 apo
2810 2471 2899 2517 tou
2941 2462 3152 2527 dicein,
3185 2461 3353 2516 idest
3387 2460 3530 2529 quod

1935 2558 2158 2628 iaciant.
2201 2558 2486 2628 Paropsis,
2531 2558 2964 2629 quadrangulum
3003 2566 3059 2613 et
3099 2557 3527 2628 quadrilaterum

1941 2665 2057 2711 vas,
2090 2649 2143 2703 id
2175 2656 2278 2712 est,
2310 2648 2532 2716 paribus
2560 2648 2784 2703 absidis.
2816 2646 3014 2702 Patena
3034 2687 3049 2711 ,
3082 2645 3225 2716 quod
3260 2642 3530 2715 dispansis

1940 2740 2358 2810 patentibusque
2383 2739 2455 2795 sit
2472 2738 2585 2795 oris
2614 2739 2800 2795 lancis.
2820 2740 2897 2793 De
2919 2738 3066 2793 disco
3087 2746 3142 2792 et
3160 2734 3445 2807 paropside
3475 2733 3529 2786 in

1942 2829 2235 2899 Evangelio
2274 2830 2469 2900 legitur
2510 2828 2727 2900 (Matth.
2772 2829 2906 2899 xxv),
2945 2828 3051 2883 hoc
3097 2835 3178 2882 est
3204 2827 3256 2880 in
3295 2823 3531 2880 decolla-

1944 2920 2087 2974 tione
2114 2918 2374 2984 Joannis,
2421 2919 2555 2973 disci
2593 2916 3039 2974 commemoratio
3072 2915 3152 2970 ﬁt.
3190 2915 3257 2969 Et
3301 2914 3354 2968 in
3399 2926 3529 2983 pas-

1942 3013 2092 3067 sione
2122 3008 2419 3065 Salvatoris
2448 3008 2515 3064 de
2564 3009 2855 3079 paropside
2892 3008 3086 3079 legitur
3116 3005 3333 3079 (Matth.
3354 3004 3526 3075 xxvr).

1944 3100 2000 3155 [ιι
2028 3101 2221 3170 quibus
2263 3099 2636 3165 admonemur,
2668 3108 2726 3153 ut
2754 3099 3031 3154 libidinem
3068 3107 3123 3152 et
3151 3095 3529 3152 crudelitatem

1943 3192 2232 3263 fugiamus,
2259 3200 2314 3246 et
2340 3190 2587 3246 fraudem
2608 3190 2694 3247 vel
2724 3190 3083 3260 proditionem
3105 3187 3286 3243 facere
3307 3187 3528 3243 omnino

1943 3298 2232 3338 caveamus
2280 3297 2492 3347 omnes,
2526 3283 2617 3352 qui
2662 3282 2931 3337 luxuriam
2976 3279 3206 3335 Herodis
3245 3290 3301 3335 et
3352 3280 3532 3334 avari-

1945 3376 2075 3429 tiam
2103 3375 2254 3430 .ludze
2288 3375 2640 3430 detestamur.
2689 3373 2868 3428 Mensa
2903 3373 3048 3428 enim
3097 3388 3128 3426 a
3170 3385 3355 3427 mense
3385 3370 3529 3425 dicta

1944 3475 2058 3530 est;
2090 3467 2213 3535 quia
2242 3466 2432 3521 eodem
2461 3465 2549 3520 die
2587 3465 2838 3520 convivia
2874 3464 2982 3519 ritu
3017 3464 3275 3533 gentium.
3303 3476 3527 3517 exerce-

1942 3560 2159 3614 bantur.
2213 3558 2290 3614 De
2328 3575 2516 3615 mensa
2563 3575 2691 3632 ergo
2737 3560 3001 3630 propheta
3037 3560 3163 3614 ait:
3212 3557 3424 3612 Parasti
3472 3557 3529 3611 in

1943 3659 2218 3720 conspectu
2255 3666 2366 3704 mea
2406 3666 2637 3704 mensam
2676 3648 2849 3723 (Psal.
2896 3650 3056 3721 χχιι).
3104 3648 3361 3703 Ecclesiae
3392 3662 3524 3703 vero

1944 3757 2127 3796 mensa
2166 3749 2250 3795 est
2276 3742 2436 3796 beata
2465 3741 2790 3804 convivalia,
2818 3723 3055 3810 epulatio
3084 3740 3232 3805 felix,
3263 3739 3524 3794 saturitas

1944 3831 2089 3895 ﬁdei,
2120 3847 2245 3886 esea
2266 3831 2524 3888 cmlestis.
2564 3833 2762 3888 Verum
2802 3832 2962 3886 istam
2995 3847 3238 3888 mensam
3265 3830 3527 3893 adversus

1942 3934 2035 3975 eos
2064 3929 2310 3989 paratam
2354 3935 2477 3975 esse
2514 3920 2863 3976 manifestum
2907 3929 3013 3985 est,
3055 3922 3147 3990 qui
3186 3936 3294 3979 nou
3337 3920 3523 3991 aliqua

1938 4012 2291 4083 perversitate
2342 4013 2573 4069 demersi
2625 4013 2921 4070 Ecclesiam
2982 4012 3082 4068 Dei
3136 4028 3236 4069 suo
3288 4013 3531 4083 graviter

1940 4119 2127 4158 errore
2174 4104 2519 4171 contristant,
2558 4105 2625 4159 de
2668 4104 2865 4173 quibus
2902 4103 3530 4174 Apostolusdieittﬂui

1939 4194 2221 4248 manducat
2264 4193 2496 4266 indigne,
2524 4193 2787 4264 judicium
2831 4195 2931 4248 sibi
2974 4195 3259 4249 manducat
3287 4204 3335 4248 et
3376 4195 3526 4261 bibit,

1940 4303 2044 4340 non
2086 4286 2386 4356 dijudicans
2435 4303 2624 4357 corpus
2666 4285 2879 4339 Domini
2915 4283 2975 4358 (I
3019 4283 3142 4340 Cor.
3175 4285 3287 4356 XI),
3335 4285 3524 4340 datum

1940 4373 2144 4431 scilicet
2182 4375 2249 4430 ad
2280 4375 2657 4432 remissionem
2697 4384 3062 4447 peccatorum,
3102 4383 3158 4431 et
3186 4375 3356 4430 vitam
3395 4390 3522 4444 per-

1938 4473 2155 4538 petuam
2176 4467 2576 4536 possidendam.
2602 4468 2926 4523 Mementote
2972 4476 3154 4524 autem
3176 4467 3318 4537 quod
3339 4482 3527 4523 mensa

1945 4561 1998 4614 in
2025 4561 2168 4616 bono
2198 4570 2254 4616 et
2288 4561 2340 4615 in
2383 4560 2525 4615 malo
2570 4561 2809 4630 ponitur,
2852 4560 2995 4616 sicut
3033 4560 3165 4620 dicit
3193 4559 3485 4631 Apostolus
3515 4578 3527 4614 :

1947 4651 2070 4706 Non
2106 4653 2318 4722 potestis
2358 4653 2744 4708 communicare
2781 4669 2974 4708 mensa:
3023 4652 3232 4710 Domini
3257 4662 3305 4708 et
3333 4668 3528 4706 mensa:

1944 4739 2139 4794 diaboli
2173 4740 2223 4812 (I
2260 4738 2384 4795 Cor.
2428 4740 2506 4813 χ).
2550 4741 2683 4798 Item
2718 4756 2902 4811 mensa
2941 4742 3117 4799 altare
3159 4751 3245 4798 est
3291 4742 3528 4804 Christi,

1947 4847 1977 4885 a
2011 4847 2116 4900 quo
2167 4832 2353 4889 ﬁdeles
2385 4834 2688 4905 percipiunt
2724 4836 2970 4905 corporis
2999 4843 3055 4890 et
3091 4835 3370 4904 sanguinis
3409 4831 3530 4900 eius

1947 4926 2284 4995 mysterium.
2338 4926 2572 4983 Rursum
2623 4942 2807 4983 mensa
2860 4927 3082 4983 Domini.
3113 4934 3199 4982 est
3243 4925 3530 4993 utriusque

1950 5017 2083 5088 legis
2105 5017 2481 5075 intellectualis
2502 5019 2761 5089 cpulatio,
2783 5020 2836 5073 in
2866 5034 2972 5089 qua
2998 5018 3351 5074 convivarum
3376 5027 3530 5068 more

1951 5117 2260 5179 pascuntur,
2279 5111 2371 5180 qui
2401 5111 2622 5166 delicias
2650 5111 2863 5166 Domini
2886 5110 3145 5164 aviditate
3179 5107 3378 5163 mentis
3402 5120 3529 5163 esu-

1950 5201 2117 5264 riunt,
2141 5210 2196 5255 et
2214 5201 2386 5255 sancti
2410 5200 2641 5270 Spiritus
2652 5201 3005 5257 saluberrima
3025 5199 3288 5255 ebrietate
3312 5196 3524 5268 impleri

1949 5305 2009 5346 sc
2031 5289 2358 5343 desiderant.
2398 5288 2525 5344 “ch
2555 5288 2754 5345 ludazis
2795 5288 2895 5345 fuit
2924 5288 2980 5347 in
3009 5287 3345 5351 scandalum.
3383 5288 3526 5345 sicut

1948 5382 2234 5438 Psalmista
2265 5388 2518 5447 testatur,
2545 5382 2728 5437 dicens
2757 5401 2769 5434 :
2802 5379 2928 5435 Fiat
2951 5397 3129 5436 mensa
3150 5397 3333 5436 eorum
3356 5397 3534 5437 coram

1949 5474 2074 5543 ipsis
2104 5473 2159 5527 in
2198 5472 2439 5542 laqueum
2476 5482 2521 5526 et
2564 5472 2620 5525 in
2649 5471 3013 5525 retributiones
3054 5481 3102 5525 et
3136 5472 3192 5526 in
3217 5471 3529 5528 scandalum

1951 5564 2123 5639 (Psal.
2167 5565 2391 5637 LXVIII);
2431 5564 2646 5634 quando
2684 5563 2785 5635 ipsi
2826 5562 2997 5618 Judzei
3039 5561 3245 5631 Christi
3285 5562 3533 5634 spiritale

1951 5659 2201 5715 detestati
2231 5666 2359 5712 sunt
2398 5656 2726 5712 convivium.
2760 5656 3023 5726 Prmcepit
3062 5657 3322 5713 Dominus
3363 5657 3532 5728 Moysi

1953 5754 2007 5809 in
2041 5753 2223 5810 Exodo
2258 5749 2455 5826 (Exod.
2489 5749 2639 5822 xxv),
2671 5757 2729 5805 ut
2770 5747 2973 5807 faceret
3000 5764 3242 5808 mensam
3272 5749 3340 5807 de
3368 5749 3533 5820 lignis
