3950 6192
403 382 508 438 eos

1041 377 1102 432 Β.
1145 377 1395 432 RABANI
1430 377 1649 435 ΜΑυαὶ
1687 380 2008 435 ARCHIEP.
2050 376 2358 434 MOGUNT.
2389 375 2675 434 OPERUM
2709 376 2890 431 PARS
2928 376 2990 430 ll.

3557 379 3659 436 600

407 498 618 566 sethiut,
652 504 703 552 et
733 501 953 567 pararet
983 493 1038 548 in
1067 494 1425 549 ministerium
1453 492 1572 563 ejus
1593 495 1805 550 diversa
1830 511 1981 560 vasa,
2009 497 2061 556 Α
2087 507 2181 547 eos
2204 493 2290 546 hic
2309 501 2519 557 crater;
2548 507 2671 546 nam
2691 490 2883 546 Latine
2904 491 3019 545 hinc
3039 499 3251 544 cratera
3272 490 3473 546 dicitur
3490 533 3506 558 ,
3527 494 3671 548 unde

407 593 508 646 hoc
533 597 636 653 est,
688 585 990 648 acetabula,
1028 583 1258 654 phialas,
1297 583 1590 648 thuribula,
1641 593 1696 638 ct
1738 585 1980 656 cyathos,

407 681 460 735 in
485 679 682 749 quibus
705 676 978 733 otl'erenda
1004 683 1162 730 erant
1188 673 1468 739 libamina,
1497 683 1606 730 etc.
1633 675 1816 732 Mensa
1837 675 1982 729 enim

406 772 618 828 Domini
648 771 716 827 de
750 770 909 840 lignis
949 767 1143 824 sethim
1190 765 1333 822 facta
1362 766 1644 836 Scriptum
1673 775 1758 821 est
1803 779 1980 828 sacra,

405 862 473 918 de
501 862 702 918 sanctis
743 860 874 916 viris
911 858 1144 929 prolata.
1183 855 1326 912 Vasa
1356 858 1528 922 varia,
1577 872 1697 931 quae
1737 857 1806 910 ad
1853 855 1986 911 olle--

405 950 572 1006 renda
608 959 734 1006 sunt
773 948 1026 1004 libamina
1052 945 1222 1012 facta,
1256 946 1424 1000 varia:
1461 954 1587 1001 sunt
1613 945 1984 1001 distinctiones

404 1040 603 1111 eloquii
651 1039 817 1095 divini
858 1053 960 1109 pro
995 1037 1200 1107 dispari
1241 1037 1542 1107 capacitate
1593 1037 1928 1092 audientium
1964 1051 1980 1090 :

407 1145 511 1187 non
541 1131 684 1186 enim
713 1146 822 1185 una
855 1129 1153 1201 eademque
1187 1130 1441 1186 omnibus
1481 1138 1660 1200 potest
1692 1130 1984 1186 convenire

405 1222 672 1278 doctrina.
699 1222 870 1277 Aliter
891 1235 1122 1291 namque
1144 1222 1439 1292 sapientes.
1460 1221 1618 1276 aliter
1643 1219 1980 1290 insipientes,

403 1313 565 1370 aliter
608 1312 836 1376 divites,
892 1311 1049 1367 aliter
1091 1325 1378 1382 pauperes,
1429 1311 1588 1366 aliter
1636 1311 1775 1374 sani,
1825 1309 1984 1364 aliter

406 1403 625 1470 inﬁrmi,
651 1403 809 1460 aliter
833 1418 1013 1469 senes,
1043 1402 1201 1457 aliter
1219 1402 1468 1472 juvenes,
1492 1401 1648 1456 aliter
1669 1401 1793 1465 viri,
1825 1400 1985 1455 aliter

405 1494 639 1560 fetutinas,
670 1493 829 1548 aliter
857 1493 1091 1554 czelibes,
1132 1493 1291 1549 aliter
1319 1490 1610 1562 coniugati,
1649 1490 1806 1544 aliter
1846 1505 1983 1561 prae-

404 1587 520 1653 lati,
557 1587 716 1642 aliter
759 1585 988 1650 subditi,
1019 1584 1248 1640 docendi
1284 1592 1430 1640 sunt.
1469 1582 1600 1650 Qua:
1642 1591 1822 1637 tamen
1852 1597 1982 1636 vasa

403 1682 582 1738 omnia
621 1682 689 1737 ad
731 1680 1006 1737 oﬂ‘erenda
1054 1680 1311 1736 libamina
1354 1680 1626 1750 pertinent
1659 1698 1672 1734 :
1707 1679 1834 1748 quia
1860 1694 1986 1735 cum

400 1772 644 1844 prudens
678 1772 866 1827 doctor
911 1771 1125 1827 diversa
1170 1786 1269 1840 pro
1304 1771 1619 1828 diversitate
1649 1770 1984 1827 audientium

2086 591 2142 636 et
2189 581 2413 637 Persius
2435 600 2448 634 :

2329 674 2382 724 8t
2401 676 2489 724 tibi
2514 682 2731 724 crateras
2753 675 2967 736 argenti.

2087 756 2345 827 Virgilius
2369 775 2380 809 :

2209 843 2436 896 Crateras
2458 855 2660 908 magnas
2680 849 2916 906 statuunt,
2945 851 3000 894 et
3023 845 3132 894 vina
3156 853 3408 894 coronant.

2085 947 2312 1002 Fiebant
2356 957 2536 1014 autem
2568 947 2804 1018 primum
2849 964 2916 1003 ex
2947 948 3381 1005 connexionibus
3409 949 3674 1020 virgulto-

2084 1055 2225 1094 rum.
2265 1039 2418 1096 Unde
2441 1049 2496 1094 et
2524 1040 2681 1096 dictae
2708 1049 2934 1096 cratera:
2959 1057 3061 1110 apo
3089 1051 3180 1095 tou
3205 1043 3406 1097 cratein
3428 1082 3443 1108 ,
3484 1042 3539 1097 id
3569 1053 3672 1104 est,

2084 1129 2228 1198 quod
2265 1144 2326 1185 se
2363 1130 2593 1186 invicem
2635 1139 2874 1186 teneant.
2909 1131 3102 1202 Cyathi
3139 1146 3352 1200 quoque
3380 1141 3436 1186 et
3464 1133 3674 1204 scyphi.

2085 1219 2309 1291 Cymbia
2343 1230 2397 1274 et
2449 1220 2563 1292 ipsa
2603 1221 2918 1290 poculorum
2958 1230 3084 1276 sunt
3121 1237 3354 1293 genera,
3384 1238 3452 1277 ex
3480 1223 3681 1294 quibus

2084 1311 2296 1381 cymbia
2319 1311 2507 1380 pocula
2521 1311 2662 1366 dicta
2676 1321 2804 1366 sunt
2816 1327 2882 1366 ex
2908 1312 3260 1369 similitudine
3273 1313 3480 1382 cymba:
3503 1314 3675 1367 navis.

2155 1406 2394 1476 Amystis
2423 1407 2634 1476 species
2658 1407 2860 1476 poculi,
2902 1422 3008 1476 qua
3038 1407 3262 1472 ductim,
3293 1407 3395 1462 hoc
3426 1417 3535 1472 est,
3569 1424 3676 1462 uno

2085 1495 2282 1566 spiritu
2312 1495 2534 1551 bibitur.
2573 1495 2787 1551 Bachea
2816 1497 3050 1565 primum
3092 1512 3121 1550 a
3162 1497 3393 1560 Baccho,
3422 1498 3570 1566 quod
3599 1508 3682 1554 est

2086 1589 2294 1649 vinum,
2338 1589 2612 1643 nominata
2647 1607 2659 1642 :
2696 1597 2883 1659 postea
2913 1590 2968 1644 in
3014 1591 3200 1644 usibus
3227 1590 3467 1659 aquariis
3508 1600 3683 1644 trans~

2086 1679 2166 1733 iit.
2198 1677 2408 1734 Calices
2445 1689 2499 1734 et
2535 1680 2732 1734 calathi
2769 1688 2824 1733 et
2860 1680 3090 1744 schalaz,
3128 1681 3446 1750 poculorum
3484 1696 3680 1752 genera

2085 1779 2212 1824 ante
2265 1783 2332 1825 ex
2368 1770 2513 1841 ligno
2559 1770 2725 1836 facta,
2775 1781 2830 1827 et
2871 1772 2998 1827 inde
3035 1783 3246 1827 vocata.
3298 1771 3473 1828 (irasci
3531 1773 3682 1829 enim

403 1861 665 1932 loquitur,
697 1862 950 1917 universa
978 1862 1032 1916 in
1065 1862 1252 1933 regula
1290 1876 1460 1918 sacrae
1491 1860 1787 1930 Scripturse
1828 1875 1985 1930 repe—
2013 1877 2060 1936 Β
2086 1875 2247 1914 omne
2273 1859 2476 1930 lignum
2507 1861 2663 1916 calou
2693 1862 2964 1918 dicebant.
2991 1863 3142 1918 Calix
3168 1863 3438 1935 signiﬁcat
3463 1879 3680 1920 sacram

403 1956 638 2018 riuntur,
671 1962 832 2024 atque
873 1954 940 2008 ad
971 1949 1243 2009 offerenda
1285 1954 1510 2007 Domino
1551 1963 1673 2007 vota
1718 1953 1989 2008 bonorum
2093 1946 2453 2020 Scripturam,
2485 1952 2537 2006 id
2567 1961 2673 2018 est,
2715 1954 2822 2008 duo
2848 1963 3166 2009 testamenta
3190 1997 3204 2020 ,
3244 1965 3300 2010 ut
3339 1957 3564 2027 quidam
3593 1974 3688 2010 vo-

400 2059 625 2116 operum
652 2045 813 2100 corda
845 2045 1086 2100 excitant
1115 2044 1443 2098 auditorum.
1488 2041 1628 2098 llinc
1661 2051 1717 2098 et
1759 2044 1813 2098 in
1847 2044 1989 2099 libro
2092 2039 2241 2106 lunt;
2271 2041 2411 2096 sicut
2439 2041 2492 2095 in
2524 2042 2816 2113 Evangelio
2837 2044 3132 2099 secundum
3156 2045 3357 2102 Lucam
3387 2047 3527 2103 duos
3549 2048 3685 2102 cali-

399 2133 763 2192 Numerorurn
810 2134 1071 2202 scriptum
1111 2143 1229 2199 est,
1269 2134 1413 2204 quod
1449 2133 1723 2204 principes
1759 2132 1987 2189 offerent

401 2226 470 2281 ad
499 2225 894 2282 dedicationem
916 2224 1104 2282 altaris
1130 2225 1342 2280 diversa
1367 2241 1516 2289 vasa,
1542 2225 1647 2280 hoc
1668 2233 1773 2290 est,
1799 2235 1983 2280 aceta-

399 2316 552 2382 bula,
597 2316 810 2387 phialas
856 2324 912 2370 et
943 2315 1274 2370 mortariola.
1311 2315 1442 2382 Qua:
1475 2316 1663 2386 utique
1698 2317 1982 2387 mysticam

400 2408 849 2480 signiﬁcationem
875 2407 1096 2462 habent.
1140 2407 1384 2478 Denique
1407 2408 1712 2473 acetabula,
1741 2423 1864 2478 quae
1890 2424 1986 2462 an-

399 2511 620 2574 gustum
643 2517 706 2558 os
733 2500 956 2566 habent,
987 2501 1289 2571 angustiam
1339 2500 1537 2556 litterae
1575 2499 1780 2571 legalis,
1807 2509 1861 2554 et
1889 2500 1986 2556 ob-

399 2593 714 2649 scuritatem
772 2591 1064 2647 locutionis
1118 2593 1449 2662 prophetica:
1501 2606 1598 2661 per
1661 2591 1982 2661 mysterium

398 2682 726 2752 exprimunt.
744 2680 962 2752 Pbyalaa
982 2697 1136 2748 vero,
1163 2697 1282 2754 quae
1301 2698 1369 2737 ex
1393 2683 1534 2737 vitro
1555 2682 1806 2752 primitus
1827 2682 1984 2738 factae

399 2772 654 2833 dicuntur
695 2775 846 2845 (nam
879 2771 1056 2829 Graeci
1100 2775 1300 2830 vitrum
1338 2773 1534 2846 hyalon
1579 2775 1882 2844 nominant)
1928 2783 1985 2829 et

397 2877 520 2919 cum
543 2878 760 2920 summo.
777 2874 902 2919 sunt
937 2865 1050 2920 oris
1080 2864 1308 2931 latioris,
1334 2865 1668 2920 luciditatem
1691 2879 1756 2920 ac
1775 2867 1985 2935 perspi-

399 2953 656 3008 cuitatem
701 2953 1010 3026 Evangelici
1040 2971 1254 3018 sensus,
1284 2955 1336 3009 in
1379 2971 1487 3026 quo
1517 2957 1772 3028 mysteria
1801 2960 1982 3013 omnia

400 3043 534 3115 legis
561 3053 617 3098 et
649 3047 1034 3116 prophetarum
1065 3047 1352 3118 explanata
1383 3057 1530 3112 sunt,
1561 3057 1616 3102 et
1642 3047 1802 3118 plana
1827 3048 1982 3104 locu-

401 3135 549 3191 tione
573 3136 832 3191 doctrinae
871 3136 1214 3206 Apostolieaa,
1248 3138 1301 3192 iu
1331 3153 1436 3208 qua
1461 3153 1546 3203 ea,
1579 3153 1700 3208 qua:
1744 3139 1897 3208 prius
1925 3139 1979 3194 in

2089 2149 2200 2198 ces,
2235 2151 2398 2188 unum
2423 2143 2548 2190 ante
2569 2151 2802 2202 umnam,
2833 2147 2887 2192 et
2909 2137 3071 2191 alium
3088 2145 3212 2206 post
3237 2151 3448 2192 coenam
3472 2138 3530 2192 in
3552 2138 3686 2196 Pas-

2088 2225 2186 2279 cha
2218 2225 2476 2281 Dominus
2498 2227 2756 2296 apostolis
2791 2227 3079 2282 tradidisse
3113 2227 3310 2298 legitur
3337 2226 3495 2297 (Luc.
3522 2230 3684 2299 χιιι).

2086 2313 2216 2370 item
2243 2315 2382 2369 calix
2414 2315 2710 2385 ﬁguraliter
2740 2317 2995 2386 exprimit
3031 2317 3292 2387 supplicia
3321 2327 3687 2386 peccatorum

2089 2403 2141 2458 in
2168 2403 2434 2458 Psalterio
2462 2423 2473 2458 :
2506 2403 2654 2475 Ignis
2677 2414 2724 2458 et
2753 2406 2975 2473 sulphur
2997 2415 3044 2460 et
3070 2407 3283 2476 spiritus
3305 2405 3686 2476 procellarum,

2084 2509 2208 2562 pars
2230 2492 2409 2546 salicis
2431 2509 2611 2547 eorum
2645 2492 2820 2565 (Psal.
2850 2495 2928 2565 x).
2962 2494 3196 2550 Rursum
3223 2494 3362 2550 calix
3397 2495 3689 2550 tribulatio

2085 2597 2171 2642 est
2215 2589 2339 2643 vita:
2379 2589 2682 2659 praesentis,
2707 2597 2761 2643 et
2787 2590 3025 2644 vindicta
3063 2589 3118 2643 in
3157 2603 3348 2643 omnes
3385 2597 3586 2659 gentes
3632 2589 3688 2645 in

2085 2679 2323 2736 Ieremia
2357 2699 2370 2735 :
2409 2682 2598 2752 Accipe
2624 2682 2840 2737 calicem
2867 2683 3047 2746 istum,
3071 2691 3118 2734 et
3147 2680 3299 2734 dabis
3325 2697 3392 2735 ex
3419 2697 3481 2734 eo
3512 2681 3690 2736 bibere

2085 2773 2155 2826 ad
2177 2789 2356 2827 omnes
2391 2783 2568 2844 gentes
2599 2773 2736 2845 (Jer.
2772 2772 2919 2844 xxv).
2943 2772 3190 2844 Ampulla
3214 2781 3297 2828 est
3319 2773 3477 2843 quasi
3504 2773 3689 2842 ampla

2083 2865 2266 2933 bulla;
2309 2867 2501 2923 similis
2546 2877 2632 2924 est
2664 2870 2809 2924 enim
2849 2868 3184 2925 rotunditate
3219 2866 3400 2930 bullis,
3443 2883 3578 2938 qua:
3619 2883 3686 2924 ex

2085 2958 2294 3027 spumis
2335 2973 2598 3027 aquarum
2648 2959 2784 3015 fiunt
2835 2969 2998 3029 atque
3058 2961 3131 3014 ita
3186 2958 3443 3014 inﬂantur
3490 2968 3685 3013 vento.

2084 3048 2328 3105 Diximus
2353 3060 2532 3105 autem
2577 3052 2829 3122 superius
2859 3053 2925 3107 de
2962 3052 3189 3123 mystica
3225 3065 3480 3104 vasorum
3509 3050 3691 3121 signi...

2085 3137 2337 3194 ticatione
2366 3157 2378 3192 :
2410 3155 2510 3195 nec
2545 3156 2768 3196 necesse
2797 3150 2882 3197 est
2914 3141 3092 3197 denuo
3122 3141 3176 3196 id
3215 3149 3499 3212 repetere;
3535 3140 3688 3212 quod

396 3223 687 3295 aenigmate
710 3224 973 3292 latebant,
1002 3227 1058 3281 in
1089 3227 1210 3282 luce
1239 3227 1449 3298 prolata
1475 3237 1531 3282 et
1557 3229 1803 3298 exposita
1831 3239 1978 3292 sunt,
2009 3253 2053 3314 ρ
2081 3225 2191 3296 iam
2225 3227 2457 3298 pleniter
2487 3239 2698 3285 constat
2730 3230 3077 3299 explanatum
3117 3243 3256 3284 esse.

400 3314 692 3373 insinuant.
719 3316 787 3371 Et
805 3317 935 3387 quid
963 3317 1016 3372 in
1042 3318 1356 3373 mortariolo
1382 3333 1571 3385 aureo,
1603 3319 1706 3374 nisi
1732 3334 1829 3375 cor
1867 3319 1979 3374 ele-

397 3413 612 3461 ctorum
644 3404 864 3480 plenum
906 3407 1087 3463 divina
1117 3408 1406 3478 sapientia,
1453 3417 1510 3466 et
1551 3418 1797 3469 aromata
1827 3410 1883 3464 in
1922 3425 1981 3468 se

395 3495 682 3557 continens
710 3497 994 3565 virtutum,
1023 3498 1364 3570 signiﬁcatur
1386 3501 1414 3554 ?

1007 3631 1235 3695 CAPUT
1273 3632 1365 3690 1V.

911 3743 991 3807 De
1015 3745 1152 3802 vasis
1170 3746 1463 3814 potatoriis.

463 3851 728 3914 Poculutn
771 3869 802 3910 a
835 3855 1073 3927 potando
1107 3857 1446 3912 nominatum
1481 3875 1493 3911 :
1525 3866 1610 3912 est
1647 3858 1790 3916 enim
1819 3873 1980 3913 omne

394 3961 508 4012 vas,
535 3947 590 4008 in
616 3961 725 4019 quo
747 3947 964 4004 bibendi
1005 3960 1092 4004 est
1133 3951 1486 4005 consuetudo.
1529 3949 1790 4006 Poculum
1831 3951 1978 4006 enim

394 4039 622 4111 mystice
653 4039 926 4109 signiﬁcat
967 4040 1194 4095 calicem
1244 4041 1524 4110 sanguinis
1560 4041 1793 4107 Domini,
1832 4042 1978 4113 quod

393 4132 475 4189 sic
499 4132 749 4198 inebriat,
783 4141 842 4186 ut
879 4142 1113 4188 mentem
1143 4142 1318 4197 sanet,
1356 4148 1387 4186 a
1423 4131 1635 4188 delictis
1660 4133 1976 4203 prohibens,

394 4239 500 4282 non
549 4227 616 4280 ad
651 4232 870 4296 peccata
906 4227 1230 4296 perducens.
1281 4221 1407 4279 Haec
1438 4225 1732 4281 vinolentia
1768 4226 1978 4280 sobrios

396 4313 589 4381 reddit,
621 4315 736 4370 haec
771 4299 1050 4385 plenitudo
1089 4315 1246 4369 malis
1273 4325 1531 4381 evacuat;
1566 4324 1622 4371 et
1646 4315 1736 4384 qui
1765 4315 1854 4369 illo
1884 4331 1978 4385 po-

394 4407 516 4462 culo
553 4422 660 4462 non
702 4407 865 4462 fuerit
913 4408 1166 4478 repletus,
1212 4418 1413 4463 teterna
1461 4409 1705 4464 redditur
1738 4419 1978 4480 egestate

391 4497 624 4566 jejunus.
669 4497 946 4562 Invenitur
971 4500 1133 4554 etiam
1165 4500 1216 4553 in
1255 4499 1396 4554 malo
1429 4500 1688 4570 positum,
1721 4509 1780 4554 ut
1810 4499 1977 4555 Isaias

2705 3319 2936 3376 CAPUT
2984 3320 3048 3374 V.

2416 3411 2495 3466 De
2519 3412 2654 3466 vasis
2677 3413 2896 3466 vinariis
2933 3414 3040 3466 sive
3077 3413 3331 3482 aquariis.

2147 3502 2506 3573 (Enophorus
2538 3518 2637 3558 vas
2671 3503 2850 3559 ferens
2877 3504 3082 3558 vinum.
3116 3503 3464 3560 Oinos-enim
3498 3506 3690 3560 vinum

2080 3601 2182 3648 est.
2209 3593 2285 3647 De
2309 3607 2418 3663 quo
2439 3602 2520 3648 est
2551 3592 2680 3646 illud
2711 3610 2724 3644 :

2232 3683 2457 3735 Vertitur
2479 3683 2758 3746 (amphoris
2781 3681 2975 3743 fundus,
3006 3684 3253 3733 sententia
3283 3682 3437 3734 nobis.

2080 3762 2322 3820 Phlascte
2359 3780 2426 3820 ex
2452 3762 2642 3820 Graeco
2678 3764 2940 3819 vocabulo
2975 3763 3149 3819 dictze.
3183 3763 3280 3819 lla:
3305 3766 3690 3836 provehendis

2081 3870 2145 3911 ac
2177 3856 2533 3911 recondendis
2563 3855 2775 3926 phyalis
2802 3857 3038 3926 primum
3073 3857 3230 3912 laeta:
3258 3866 3409 3922 sunt,
3451 3860 3604 3915 unde
3631 3870 3690 3916 et

2080 3959 2422 4020 nuncupata).
2463 3949 2656 4005 Postea
2696 3951 2750 4004 in
2797 3966 2952 4005 usum
2998 3951 3110 4005 vini
3151 3952 3520 4018 transierunt,
3570 3968 3692 4008 ma-

2081 4049 2241 4095 nente
2289 4040 2480 4096 Craeco
2513 4040 2794 4104 vocabulo,
2847 4041 2988 4095 unde
3031 4048 3383 4110 sumpserunt
3432 4041 3685 4097 initium.

2079 4131 2290 4201 Lageae
2309 4141 2363 4187 et
2382 4132 2540 4186 situla
2564 4131 2751 4187 Graeca
2776 4133 2992 4187 nomina
3017 4142 3162 4196 sunt,
3189 4132 3382 4189 inﬂexa
3405 4149 3476 4188 ex
3502 4147 3690 4205 parte,

2078 4232 2137 4277 ut
2161 4223 2350 4278 Latina
2383 4223 2590 4278 tierent.
2626 4223 2702 4278 llli
2733 4224 2877 4279 enim
2912 4225 3146 4294 lagenos,
3187 4240 3286 4278 nos
3328 4224 3576 4295 lagenas.
3610 4225 3691 4280 illi

2078 4313 2252 4377 sicile,
2297 4328 2395 4367 nos
2440 4313 2656 4366 situlam
2701 4313 2950 4369 dicimus.
3002 4314 3247 4384 Lagenie,
3289 4317 3455 4369 corda
3503 4317 3691 4370 homi-

2080 4419 2231 4467 num,
2275 4403 2553 4473 sapientiae
2585 4405 2769 4458 viuum
2813 4405 3124 4470 retinentia,
3168 4414 3228 4459 ut
3260 4404 3314 4460 in
3358 4408 3634 4477 propheta
3669 4427 3685 4460 :

2080 4496 2264 4550 Omnis
2304 4495 2588 4566 lagunrula
2635 4495 2933 4566 implebitur
2973 4500 3091 4552 vino
3119 4497 3254 4570 (Jer.
3289 4499 3436 4569 xm).
3472 4499 3691 4571 llydria

393 4590 506 4642 ait:
541 4589 726 4658 Accepi
755 4589 820 4643 de
841 4607 1000 4644 manu
1031 4601 1123 4646 tua
1149 4591 1361 4645 calicem
1396 4593 1585 4659 ruinaz,
1611 4592 1856 4662 poculum
1880 4594 1974 4646 ira:
2005 4611 2052 4669 ι)
2079 4601 2247 4656 genus
2298 4587 2447 4642 vasis
2501 4587 2754 4656 aquatilis
2805 4603 2902 4657 per
2955 4589 3348 4645 derivationem
3411 4600 3615 4645 vocata
3668 4609 3682 4645 :

392 4689 439 4732 et
469 4678 847 4748 indignationis
874 4695 1001 4735 mea:
1025 4681 1160 4752 \lsa.
1189 4682 1320 4752 LXI).
1354 4682 1570 4736 Addidit
1593 4685 1782 4748 etiam,
1809 4698 1970 4752 quam

393 4769 711 4840 praeclarum
757 4778 841 4825 est
877 4771 1096 4842 utique,
1149 4789 1273 4829 cum
1316 4775 1440 4828 talia
1483 4774 1756 4839 conferat,
1807 4783 1868 4830 ut
1905 4775 1972 4830 ad

391 4860 654 4917 caelorum
691 4874 852 4932 regna
895 4863 1181 4930 perducat;
1229 4863 1295 4918 de
1336 4880 1442 4933 quo
1475 4865 1667 4933 poculo
1699 4865 1753 4917 in
1791 4865 1971 4919 Evan-

391 4952 531 5024 gelio
551 4950 794 5008 dicitur:
827 4951 933 5018 Qui
969 4953 1154 5009 biberit
1187 4971 1251 5009 ex
1272 4972 1408 5026 aqua
1435 4972 1593 5025 quam
1621 4973 1714 5025 ego
1743 4957 1832 5021 do,
1868 4972 1971 5010 non

393 5045 528 5099 sitiet
569 5060 825 5115 unquam,
854 5045 944 5099 sed
982 5044 1070 5114 [iet
1101 5047 1156 5099 in
1185 5062 1246 5098 eo
1294 5046 1411 5114 fons
1449 5061 1600 5106 aqua:
1643 5044 1876 5100 salientis
1917 5047 1972 5101 in

392 5135 550 5190 vitam
567 5145 816 5196 internum
834 5134 1014 5203 (Joan.
1035 5136 1131 5206 tv).
1151 5135 1359 5192 Paterna
1385 5134 1589 5196 Phiala:
1611 5144 1758 5200 sunt,
1783 5136 1969 5191 dieue:

394 5226 476 5280 vel
503 5228 644 5297 quod
668 5228 721 5284 in
755 5229 886 5298 ipsis
913 5235 1104 5298 potare
1139 5227 1392 5292 solemus,
1434 5227 1519 5282 vel
1547 5229 1688 5297 quod
1728 5237 1976 5296 patentes

394 5328 518 5379 sunt
540 5320 922 5390 dispansisque
941 5319 1126 5376 labris.
1158 5319 1355 5378 Phiatte
1377 5319 1627 5374 doctores
1651 5330 1776 5375 sunt
1800 5321 1975 5376 sancti

396 5413 447 5471 in
478 5410 739 5478 Ecclesia,
765 5411 942 5490 ampla
973 5411 1198 5466 scientia
1217 5409 1422 5465 referti.
1449 5410 1527 5465 De
1553 5426 1662 5480 quo
1687 5413 1740 5465 in
1769 5413 1972 5468 Exodo.

396 5501 524 5564 Item
552 5501 764 5572 pliyalae
788 5519 908 5556 sors
932 5503 984 5558 in
1006 5501 1384 5572 peccatoribus
1415 5501 1510 5555 irae
1537 5501 1746 5563 divinae,
1775 5502 1841 5556 de
1868 5519 1977 5572 quo

396 5592 447 5653 In
477 5593 798 5662 Apocalypsi
832 5611 843 5644 :
875 5594 1102 5662 Septem,
1128 5593 1324 5663 inquit,
1349 5591 1555 5663 phyalis
1580 5592 1855 5650 novissime
1882 5593 1976 5646 ine

400 5682 491 5744 Dei
515 5683 680 5752 plenae
710 5684 892 5752 (Apoc.
927 5695 1058 5755 xvi).
1087 5686 1310 5740 Cratera
1340 5685 1478 5740 calix
1508 5694 1592 5739 est
1612 5685 1746 5739 duas
1773 5685 1978 5739 habens

395 5790 574 5858 ausas,
599 5785 654 5828 et
679 5783 762 5826 est
781 5774 1032 5828 Gmcum
1052 5791 1249 5830 uomcn
1281 5789 1296 5827 :
1329 5775 1630 5830 declinatur
1656 5775 1800 5830 enim
1835 5777 1975 5846 apud

2079 4677 2214 4730 udor
2255 4676 2400 4730 enim
2450 4675 2623 4731 Graeci
2679 4693 2876 4746 aquam
2924 4679 3128 4732 dicunt.
3189 4679 3390 4749 llydria
3445 4695 3690 4736 carnem

2081 4766 2354 4827 hominum
2395 4767 2681 4838 signiﬁcat,
2722 4778 2782 4821 ut
2827 4768 2880 4822 in
2912 4769 3052 4824 libro
3081 4768 3330 4824 Judicum
3365 4788 3379 4823 :
3429 4770 3502 4824 Et
3529 4773 3688 4824 dedit

2078 4857 2132 4910 in
2161 4873 2346 4912 manus
2375 4874 2556 4911 eorum
2591 4858 2807 4928 Itydrias
2832 4876 3024 4912 vacuas
3053 4858 3206 4929 (Iud.
3239 4860 3360 4929 vn).
3389 4859 3457 4914 Et
3489 4861 3541 4914 in
3575 4861 3686 4915 Sa-

2080 4945 2296 5002 lomone
2345 4965 2359 5002 :
2413 4946 2758 5014 Conteratur,
2795 4949 2988 5019 inquit,
3049 4951 3236 5020 hydria
3287 4967 3446 5018 super
3497 4949 3689 5004 locum

2080 5040 2277 5110 (Eccle.
2315 5042 2436 5114 xu),
2484 5044 2588 5097 hoc
2617 5051 2721 5106 est,
2771 5043 3005 5098 carnalis
3032 5043 3320 5112 cupiditas,
3349 5041 3416 5095 de
3462 5059 3571 5111 qua
3628 5043 3689 5098 in

2081 5131 2375 5201 Evangelia
2412 5132 2608 5204 legitur
2644 5151 2656 5186 :
2704 5132 2926 5199 Reliquit
2967 5150 3088 5203 ergo
3138 5133 3384 5203 hydriam
3413 5149 3594 5193 suam,
3628 5143 3685 5186 et

2077 5224 2204 5278 abiit
2252 5225 2306 5279 in
2349 5226 2610 5283 ciuitatem
2661 5224 2841 5297 (Joan.
2887 5224 2979 5296 tv).
3035 5224 3142 5288 Sex
3182 5240 3312 5294 ergo
3367 5224 3576 5294 hydria:
3624 5225 3689 5281 in

2079 5316 2368 5386 Evangelio
2396 5314 2576 5389 (Joan.
2606 5316 2690 5388 ll),
2739 5316 3046 5387 significant
3085 5332 3181 5371 sex
3219 5325 3409 5370 aetates
3457 5316 3685 5382 mundi,

2081 5412 2134 5466 in
2165 5411 2362 5480 quibus
2387 5424 2524 5480 aqua
2565 5411 2844 5480 sapientia;
2884 5409 3068 5479 legalis
3095 5425 3192 5478 per
3217 5407 3494 5463 Christum
3531 5420 3686 5460 con-

2083 5519 2237 5556 versa
2279 5510 2363 5557 est
2403 5503 2454 5556 in
2493 5503 2677 5556 vinum
2712 5501 2898 5572 gratia:
2944 5500 3224 5570 spiritalis.
3263 5497 3475 5563 Situla,
3523 5498 3691 5566 quod

2078 5595 2385 5650 sitientibus
2423 5603 2546 5662 apta
2584 5593 2654 5648 sit
2693 5593 2760 5647 ad
2807 5593 3097 5648 bibendum
3135 5592 3320 5661 :quod
3361 5605 3457 5644 vas
3491 5589 3692 5646 Graeci

2081 5684 2275 5738 cadunt
2306 5693 2520 5738 vocant.
2557 5683 2729 5737 Situla
2758 5683 2989 5752 mystice
3016 5698 3232 5738 carnem
3270 5681 3469 5736 Christi
3492 5680 3684 5746 signi-

2085 5776 2229 5831 ticat.
2292 5775 2442 5838 Unde
2492 5776 2546 5830 in
2597 5774 2733 5830 libro
2791 5771 3149 5831 Numerorum
3210 5773 3468 5847 scriptum
3511 5778 3608 5832 est
3658 5783 3680 5824 ς
