3950 6192
288 341 388 398 601

1284 336 1374 393 DE
1411 335 1760 394 UNIVERSO
1798 336 1976 393 LIDRI
2013 338 2179 394 X-Xll.
2222 370 2292 381 —-
2331 341 2458 397 LIB.
2501 341 2668 399 XXII.

3460 306 3573 408 eos

292 460 443 517 Γλιίι
470 474 616 529 aqua
654 456 720 511 de
747 454 910 510 situla
932 453 1046 524 ejus
1068 452 1258 520 (Num.
1303 450 1473 523 sxw).
1502 450 1753 507 Catinum
1782 468 1879 508 vas
1905 459 1955 519 Α
1982 467 2202 507 suorum
2232 452 2414 525 (Joan.
2447 456 2592 525 xm).
2640 455 2911 528 signiﬁcat
2953 459 3256 516 orationem
3291 470 3562 534 sanctam,

290 551 485 617 ﬁctile,
534 549 683 621 quod
725 546 918 603 melius
960 554 1150 601 neutro
1195 558 1393 616 genere
1434 544 1668 609 dicitur,
1712 560 1875 615 quam

288 640 597 698 masculino
625 656 640 693 :
673 638 813 693 sicut
842 646 897 692 et
924 635 1154 691 salinum
1181 635 1378 690 dicitur
1404 650 1502 689 vas
1540 644 1724 704 aptum
1751 635 1877 689 sali-

284 733 408 788 bus.
439 730 694 788 Catinam
734 728 979 789 eamdem
1004 726 1459 797 signiﬁcationem
1492 724 1674 790 habet,
1711 740 1875 793 quam

284 821 530 877 diximus
553 819 621 875 de
655 816 963 888 paropside,
991 816 1045 870 in
1083 830 1190 886 qua
1219 812 1603 871 manifestatus
1626 822 1711 869 est
1748 829 1876 884 pro-

287 911 433 967 ditor
470 908 790 966 Salvatoris.
843 905 1111 978 Scyphos,
1151 905 1205 960 in
1230 920 1339 976 quo
1376 920 1571 961 manus
1608 904 1872 960 lavamus.

286 1006 556 1060 {)rcarum
590 999 784 1057 seriola
813 1008 899 1053 εει
928 998 1062 1054 ordo
1101 1005 1284 1053 rectus
1312 995 1398 1052 vel
1442 1011 1538 1051 vas
1571 994 1735 1052 ﬁctile
1763 997 1873 1051 vini

282 1096 426 1168 apud
475 1094 691 1166 Syriam
717 1091 955 1165 primum
982 1090 1370 1162 excogitatum,
1411 1090 1553 1145 sicut
1575 1090 1810 1144 cilicises
1841 1105 1873 1144 a

280 1188 474 1245 Cilicia
512 1192 872 1255 nuncupatas,
914 1182 1057 1237 unde
1099 1191 1154 1237 et
1182 1181 1417 1251 primum
1458 1180 1698 1236 advecta:
1724 1189 1869 1236 sunt.

281 1280 538 1352 Scyphus
582 1276 857 1347 signiﬁcat
889 1273 1171 1329 scientiam
1210 1273 1346 1344 legis
1376 1290 1390 1325 :
1421 1272 1562 1326 unde
1611 1272 1666 1326 in
1712 1287 1872 1327 sacco

280 1371 566 1441 Benjamin
594 1369 845 1424 inventus
879 1375 965 1422 est
992 1366 1228 1437 scyphus
1247 1364 1444 1435 Ioseph
1488 1363 1644 1435 (Gen.
1676 1364 1823 1435 xmv)
1850 1381 1866 1430 ;

277 1465 403 1531 quia
436 1464 495 1518 in
526 1477 611 1517 co:
624 1475 759 1532 pore
800 1457 951 1515 Pauli
983 1457 1229 1512 doctrina
1255 1456 1492 1511 cmlestis
1520 1454 1873 1527 praefulgebat

280 1557 503 1627 eloquii.
536 1554 678 1610 Orca
705 1561 790 1608 est
810 1551 1083 1620 amphorae
1103 1549 1333 1619 species,
1358 1548 1512 1618 cujus
1541 1547 1749 1602 minore
1767 1561 1868 1601 vo-

277 1648 472 1706 cabulo
493 1661 716 1711 urceus,
731 1641 1052 1699 diminutiva
1075 1639 1323 1696 nrceolus
1343 1648 1445 1694 est.
1474 1639 1752 1694 Delium...
1768 1639 1869 1694 Cu-

276 1755 371 1811 pos
397 1746 456 1794 et
479 1733 991 1808 cupasacapiendo,
1016 1731 1069 1785 id
1096 1739 1199 1795 est,
1224 1730 1540 1800 accipiendo
1558 1745 1754 1800 aquam
1779 1731 1864 1787 vel

1978 559 2077 613 per
2097 559 2258 614 quam
2282 545 2455 615 gratia
2484 546 2663 601 divina
2696 557 2816 618 post
2855 549 3183 607 lavationem
3213 553 3558 623 baptismatis

1976 638 2200 693 mundat
2219 652 2384 708 Opera
2416 647 2600 693 nostra
2625 655 2655 693 a
2684 640 2938 696 sordibus
2960 644 3195 700 terrenis
3223 663 3236 699 :
3266 648 3411 703 unde
3438 649 3558 720 ipse

1976 727 2236 782 Dominus
2270 727 2322 781 in
2357 728 2649 798 Evangelio
2676 729 2753 784 ait
2783 745 2798 783 :
2833 730 2937 796 Qui
2975 731 3114 788 lotus
3138 745 3236 800 est,
3265 754 3370 791 non
3409 738 3564 796 habet

1975 834 2125 887 opus,
2161 816 2262 870 nisi
2295 816 2448 883 pedes
2473 816 2651 871 lavare
2679 818 2810 872 :sed
2831 830 2904 872 est
2932 823 3161 877 mundus
3183 833 3321 878 totus
3345 825 3559 899 (lbid.).

1976 908 2258 975 Quomodo
2300 915 2384 962 est
2424 918 2746 978 utrumque;
2790 918 2846 963 et
2881 913 3114 967 mundus
3163 922 3345 980 totus,
3390 926 3446 971 et
3475 924 3557 971 ta-

1975 1016 2099 1056 men
2127 1001 2288 1070 pedes
2317 1000 2526 1055 lavandi
2559 1002 2719 1057 sunt?
2742 1001 2853 1057 Nisi
2881 1005 3006 1072 quia
3039 1008 3273 1061 mundus
3303 1017 3448 1064 totus
3469 1018 3555 1066 est

1975 1094 2030 1148 in
2078 1093 2294 1147 lavacro
2337 1093 2510 1147 sancti
2556 1092 2927 1162 baptismatis,
2969 1095 3064 1149 sed
3098 1096 3292 1152 iterum
3333 1100 3559 1167 pulvere

1974 1192 2206 1239 terrena:
2249 1181 2601 1237 habitationis
2652 1183 2984 1238 sordidatur.
3044 1184 3197 1240 Unde
3236 1196 3293 1241 et
3331 1204 3561 1246 necesse

1973 1270 2139 1326 habet
2182 1272 2379 1326 iterum
2421 1271 2592 1326 lavari
2644 1288 2742 1342 per
2781 1274 3013 1343 gratiam
3069 1276 3266 1331 divina:
3312 1278 3555 1346 pictatis,

1971 1367 2099 1423 licet
2146 1368 2297 1438 prius
2323 1368 2510 1423 eadem
2533 1369 2707 1437 gratia
2726 1378 2871 1424 esset
2898 1379 3040 1425 totus
3077 1372 3391 1435 mundatus,
3417 1389 3549 1441 apo-

1969 1458 2110 1514 stolo
2135 1457 2340 1513 Joanne
2365 1466 2655 1513 attestante
2681 1472 2697 1512 :
2740 1457 2797 1514 Si
2822 1460 3113 1514 dixerimus
3135 1465 3259 1531 quia
3283 1472 3555 1531 peccatum

1970 1566 2074 1605 non
2117 1550 2401 1616 habemus,
2443 1568 2538 1605 nos
2567 1552 2707 1620 ipsos
2752 1552 3059 1622 decipimus,
3092 1563 3141 1606 et
3171 1556 3361 1609 veritas
3399 1556 3456 1610 in
3492 1572 3558 1611 co

1972 1646 2163 1720 [nobis]
2212 1666 2318 1703 non
2363 1660 2437 1705 est
2488 1649 2550 1723 (I
2583 1648 2744 1705 Joatt.
2800 1650 2870 1719 ι).
2915 1650 3169 1717 Quotidie
3211 1666 3343 1721 ergo
3386 1652 3557 1721 pedes

1971 1738 2118 1793 lavat
2161 1740 2335 1804 nobis,
2377 1741 2468 1810 qui
2500 1741 2809 1810 interpellat
2850 1758 2949 1812 pro
2988 1744 3181 1807 nobis;
3224 1752 3278 1797 et
3310 1744 3556 1812 quotidie

278 1833 481 1893 vinum,
513 1835 741 1884 vocatas
764 1825 954 1881 volunt
995 1842 1009 1878 :
1047 1824 1188 1878 unde
1212 1831 1269 1878 et
1293 1837 1581 1891 caupones.
1628 1821 1761 1877 Uter
1795 1825 1863 1878 ab
1895 1818 1940 1876 Β
1967 1845 2066 1884 nos
2086 1846 2220 1899 opus
2249 1832 2470 1897 habere,
2501 1840 2559 1886 ιιι
2587 1834 2752 1901 pedes
2786 1832 3053 1895 lavemus,
3085 1834 3137 1887 ει,
3166 1834 3283 1903 ipsa
3304 1834 3552 1889 οηιίοηθ

277 1933 433 1983 utero
443 1931 675 1981 vocatus
693 1930 795 1976 est.
814 1921 889 1975 De
912 1927 1032 1974 utre
1051 1932 1181 1973 vero
1195 1916 1435 1987 psalmus
1453 1916 1532 1970 ait
1553 1933 1566 1971 :
1600 1915 1664 1969 Et
1692 1917 1864 1985 factus

275 2038 389 2078 sum
442 2020 581 2075 sicut
622 2027 739 2071 uter
772 2017 830 2070 in
870 2014 1098 2083 pruina,
1135 2009 1543 2081 justiﬁcationes
1591 2019 1709 2063 tuas
1759 2025 1864 2064 non

273 2131 389 2170 sum
416 2111 614 2166 oblitus
643 2105 817 2180 (Psal.
845 2102 1057 2175 cxvni).
1088 2101 1219 2157 Uter
1245 2100 1390 2155 enim
1433 2100 1487 2154 in
1527 2099 1723 2169 pruina
1762 2115 1862 2154 na-

275 2206 383 2261 tivo
422 2203 614 2259 calore
658 2208 946 2256 vacuatum
991 2195 1258 2251 beneﬁcio
1293 2192 1661 2249 conversionis
1694 2199 1864 2245 attra-

272 2297 439 2361 hitur,
468 2304 670 2351 etcum
695 2293 777 2347 sic
815 2289 979 2344 fuerit
1008 2286 1151 2345 felici
1181 2295 1327 2342 sorte
1355 2292 1711 2347 maceratum,
1735 2297 1863 2353 pru-

269 2389 450 2452 venit,
511 2384 659 2458 quod
717 2382 1004 2452 sequitur,
1058 2387 1119 2432 nt
1168 2376 1586 2448 iustiﬁcationes
1645 2373 1859 2428 Domini

269 2478 582 2536 nullatenus
617 2475 790 2546 possit
835 2470 1101 2528 oblivisci.
1135 2468 1271 2525 Uter
1314 2465 1459 2521 enim
1487 2479 1687 2534 corpus
1715 2479 1860 2519 mor-

270 2569 373 2629 tale
393 2565 672 2639 signiﬁcat
692 2582 705 2618 :
734 2563 925 2634 pruina
945 2558 1271 2618 beneﬁcium
1288 2556 1659 2613 conversionis
1678 2563 1862 2611 osten-

269 2660 346 2717 dit
399 2673 416 2712 :
467 2673 572 2729 per
617 2671 781 2727 quam
824 2652 1024 2718 evenit,
1074 2659 1134 2706 ut
1181 2664 1310 2706 caro
1355 2659 1543 2704 nostra
1596 2646 1861 2702 laciviens

267 2746 561 2806 aliietione
611 2743 947 2815 paenitentia:
1001 2740 1376 2796 contrahatur.
1431 2736 1665 2792 Tantum
1711 2735 1857 2790 enim

267 2836 471 2894 «escit
492 2836 645 2893 calor
673 2833 818 2900 ﬁdei,
866 2839 1132 2904 quantum
1157 2831 1226 2886 de
1261 2829 1481 2885 ﬂamma
1519 2829 1857 2884 subtractum

268 2928 435 2990 fuerit
478 2923 769 2996 corporali.
814 2923 893 2978 De
935 2923 1150 2978 utribus
1194 2936 1413 2991 quoque
1461 2920 1515 2975 in
1561 2916 1858 2990 Evangelio

269 3018 477 3075 utentia
502 3017 585 3082 ﬁt,
616 3015 707 3071 ubi
734 3014 997 3069 Dominus
1024 3013 1090 3070 dc
1114 3012 1502 3083 prmdicatione
1544 3010 1667 3067 ﬁdei
1709 3010 1858 3065 locu-

269 3119 420 3168 turus
446 3107 571 3163 ait:
599 3105 766 3161 Nemo
791 3104 951 3159 mittit
978 3103 1153 3159 vim
1175 3118 1360 3159 novum
1384 3102 1440 3155 in
1460 3111 1602 3155 utres
1625 3110 1817 3156 ueteres
1835 3141 1850 3166 ,

266 3163 500 3272 alioquin
537 3206 854 3268 minuuntur
881 3206 1045 3259 utres,
1084 3204 1133 3249 et
1181 3193 1357 3252 vinum
1388 3192 1682 3262 eﬁ'unditur
1712 3207 1730 3245 :
1760 3163 1852 3245 sed
1882 3163 1928 3223 (ἶ

267 3292 439 3351 rium
467 3304 659 3344 uorum
684 3286 741 3345 in
767 3295 907 3342 utres
929 3301 1087 3341 novos
1113 3284 1324 3339 mittunt
1350 3294 1370 3333 :
1397 3292 1444 3339 et
1474 3281 1626 3335 ambo
1649 3297 1854 3335 comer-

264 3383 527 3438 rabuntur
553 3378 770 3452 (Natus.
806 3377 919 3451 Ix);
958 3376 1015 3431 in
1041 3376 1252 3430 utribus
1283 3374 1563 3430 veteribus
1601 3374 1852 3428 carnales

264 3474 517 3532 homines
542 3471 829 3542 designans
853 3476 909 3523 et
934 3468 988 3522 in
1013 3466 1225 3523 utribus
1251 3464 1406 3519 novis
1434 3462 1727 3532 spiritales,
1754 3463 1848 3532 qui

262 3569 371 3640 apti
401 3575 535 3622 sunt
559 3564 629 3621 ad
650 3563 973 3634 capiendum
1000 3561 1185 3616 vinum
1208 3559 1396 3630 gratiae
1420 3559 1684 3614 cmlestis.

328 3654 681 3729 Inlgnrium,
724 3669 843 3720 vas,
884 3652 939 3706 in
974 3666 1083 3723 quo
1111 3650 1422 3722 mulgentur
1449 3663 1671 3719 pecora,
1706 3650 1847 3703 idem

264 3755 346 3806 est
372 3756 433 3806 et
460 3745 758 3803 mulctram
783 3744 853 3803 ab
881 3759 949 3799 eo
978 3741 1123 3815 quod
1163 3740 1237 3795 ibi
1262 3741 1535 3812 mulgetur
1570 3741 1676 3796 lac.
1712 3740 1849 3794 hiul-

259 3838 477 3914 garhm
492 3851 712 3910 quoque
731 3850 827 3895 vas
850 3844 935 3891 est
962 3832 1257 3905 pastorale,
1295 3832 1352 3891 in
1380 3847 1491 3902 quo
1506 3831 1592 3890 lac
1612 3830 1849 3889 infusum

261 3936 369 3996 ut,
398 3937 459 3985 et
474 3925 750 4000 signiﬁcat
775 3934 1013 3980 veterem
1034 3924 1233 3993 legem,
1248 3922 1305 3977 in
1335 3937 1442 3992 qua
1467 3922 1849 3983 continebatur

261 4018 350 4081 lac
389 4017 570 4075 facilis
612 4017 876 4076 dOCtrinaa
915 4014 1178 4086 imperitis
1212 4012 1558 4069 conveniens.
1612 4011 1847 4065 Labrum

260 4119 515 4171 vocatum
537 4125 605 4167 eo
645 4108 791 4179 quod
831 4108 886 4163 in
916 4122 982 4162 eo
1024 4106 1347 4160 lavationem
1374 4104 1490 4159 ﬁeri
1520 4102 1738 4159 solitum
1766 4109 1850 4155 est

259 4202 578 4267 infantium,
619 4198 775 4267 cujus
819 4197 1224 4261 diminutivum,
1277 4188 1555 4249 labellum.
1600 4190 1745 4245 Idem
1790 4198 1847 4244 et

259 4292 499 4358 alveum,
548 4290 695 4363 quod
740 4289 795 4343 in
845 4303 912 4345 eo
944 4287 1272 4343 ablutionem
1320 4283 1435 4339 ﬁeri
1491 4280 1705 4339 solitum
1743 4289 1843 4334 est.

259 4385 503 4449 Labrum
533 4384 680 4439 enim
712 4381 766 4436 in
793 4381 978 4437 Exodo
1003 4380 1240 4451 positum
1252 4376 1467 4447 degitur
1490 4383 1615 4429 ante
1643 4374 1845 4427 aditum

261 4476 451 4550 templi
494 4474 731 4540 Domini,
771 4473 862 4528 ubi
905 4472 1215 4527 sacerdotes
1256 4465 1512 4522 lavabant
1551 4479 1745 4520 manus
1790 4470 1845 4516 et

257 4568 450 4642 pedes,
490 4566 710 4639 quando
748 4560 1042 4635 ingressuri
1084 4565 1211 4614 sunt
1254 4553 1482 4630 [erant],
1518 4555 1843 4642 tabernan

259 4641 377 4723 lo-
398 4656 720 4722 testimonii,
754 4662 810 4711 et
839 4652 1055 4724 quando
1077 4646 1349 4707 acoessuri
1376 4646 1445 4702 ad
1471 4645 1674 4710 altare;
1699 4641 1844 4713 quod

257 4743 977 4823 signiﬁcatwmpunctionis
999 4726 1359 4812 lacrymarum
1386 4735 1838 4793 cmundationem.

261 4838 486 4907 Duobus
512 4851 749 4907 namque
782 4834 957 4890 modis
999 4833 1363 4904 lacrymarum
1392 4836 1449 4883 et
1475 4824 1845 4897 compunctio—

258 4945 393 4995 nu-
432 4936 612 4985 stattts
652 4926 1034 4997 distinguitur;
1074 4924 1200 4993 quia
1252 4921 1430 4993 primo
1475 4934 1699 4976 necesse
1733 4926 1837 4983 est,

261 5019 517 5094 quisquis
537 5019 609 5075 ad
633 5017 920 5073 Dominum
954 5029 1250 5072 conversus
1276 5026 1382 5083 pro
1408 5013 1517 5078 his,
1547 5026 1670 5083 quae
1696 5026 1846 5068 com—

263 5117 432 5183 midt,
450 5115 713 5188 peccatis,
735 5114 945 5170 veniam
968 5112 1101 5167 fusis
1122 5110 1376 5181 lacrymis
1403 5119 1681 5180 precetur;
1706 5109 1848 5179 quod

266 5205 738 5269 “comitantibus
782 5205 957 5275 dignis
993 5203 1331 5275 paenitentia:
1381 5200 1644 5256 fructibus
1689 5200 1847 5271 longo

271 5307 519 5370 tempore
548 5296 860 5369 perfecerit,
901 5303 1090 5360 restat,
1130 5303 1192 5349 ut
1245 5293 1489 5349 securior
1526 5292 1593 5346 de
1624 5301 1846 5360 accepta

267 5399 618 5470 peccatorum
641 5388 797 5445 venia
820 5386 1044 5445 effectus
1066 5385 1177 5455 iam
1203 5384 1486 5449 desideriis
1513 5380 1848 5445 iuhiantibus

265 5488 418 5554 optet
437 5480 627 5537 venire
652 5488 881 5553 tempus,
907 5494 1014 5549 quo
1036 5485 1309 5534 mereatur
1329 5476 1472 5531 inter
1503 5474 1848 5530 beatissimos

266 5573 587 5646 angelorum
633 5573 829 5628 choros
872 5571 1063 5626 faciem
1108 5572 1292 5627 videre
1335 5568 1629 5625 Creatoris.
1672 5567 1852 5623 Pelvis

268 5675 487 5733 vocata,
538 5664 680 5736 quod
720 5664 881 5735 pedes
925 5663 1000 5718 ibi
1030 5662 1294 5717 laventur.
1328 5661 1506 5717 Pelvis
1546 5660 1713 5725 enim,
1759 5659 1851 5714 ubi

272 5758 561 5831 Dominus,
606 5759 847 5815 immissa
887 5771 1049 5837 aqua,
1090 5755 1216 5811 lavit
1254 5755 1417 5827 pedes
1463 5751 1851 5828 discipulorum

1968 1920 2249 1976 Dnminica
2288 1921 2629 1988 conﬁtemur,
2670 1939 2792 1977 cum
2838 1924 3110 1978 dicimus:
3144 1924 3362 1978 Dimitte
3399 1925 3549 1981 nobis

1965 2011 2138 2065 debita
2192 2021 2414 2078 nostra,
2458 2014 2592 2067 sicut
2630 2025 2679 2069 et
2727 2032 2818 2069 nos
2870 2016 3181 2071 dimittimus
3227 2018 3548 2074 debitoribus

1965 2102 2159 2156 nostris
2187 2100 2405 2175 (Μαιεά.
2437 2102 2539 2176 γι).

2574 2193 2801 2251 CAPUT
2836 2196 2921 2253 Vl.

2489 2282 2567 2337 De
2608 2287 2746 2340 vasis
2779 2287 3007 2341 oleariis.

2032 2371 2309 2429 Lenticula
2349 2374 2629 2429 vasculum
2658 2375 2919 2431 oleariam
2958 2391 3025 2432 ex
3058 2392 3169 2432 aere
3191 2384 3285 2431 aut
3321 2386 3547 2449 argento

1960 2464 2181 2528 factum,
2226 2481 2257 2519 a
2300 2466 2538 2522 liniendo
2563 2468 2785 2523 dictum.
2820 2468 2913 2524 llis
2933 2470 3079 2523 enim
3107 2485 3262 2540 reges
3288 2478 3342 2524 ει
3358 2485 3545 2527 sacer-

1960 2556 2112 2610 dotes
2146 2555 2490 2611 liniebantur.
2535 2556 2815 2629 Signiﬁcat
2842 2568 3022 2614 autem
3072 2560 3410 2630 Scripturam
3447 2575 3544 2615 sa-

1959 2661 2131 2710 cram,
2174 2648 2229 2701 in
2266 2663 2371 2718 qua
2417 2649 2727 2704 continetur
2750 2650 3039 2720 promissio
3082 2651 3319 2723 Spiritus
3346 2652 3543 2718 sancti,

1959 2754 2057 2809 per
2103 2738 2255 2808 cujus
2303 2741 2534 2813 gratiam
2583 2742 2841 2811 angimur
2883 2750 2939 2796 et
2983 2742 3394 2797 sanctiﬁcamur
3436 2744 3547 2799 Deo

1960 2829 2145 2901 (Apoc.
2180 2829 2244 2902 ι),
2276 2846 2428 2904 rcges
2454 2841 2511 2887 et
2548 2834 2861 2889 sacerdotes
2886 2833 3162 2903 spiritales
3186 2834 3468 2889 efﬁcimur.

2554 2942 2783 3001 CAPUT
2828 2944 2917 3000 VII

2278 3013 2355 3069 De
2390 3014 2527 3069 uasis
2548 3015 2868 3085 coquinariis
2894 3025 2943 3070 et
2967 3018 3221 3087 pistoriis.

2027 3104 2221 3163 Olnnia
2250 3121 2379 3162 vasa
2406 3107 2674 3177 coquendi
2703 3122 2865 3163 causa
2889 3116 3083 3178 parata
3124 3109 3314 3165 cocula
3351 3108 3543 3167 dicun-

1960 3207 2066 3251 tur.
2098 3195 2330 3252 Plautus
2358 3214 2374 3252 :

1985 3295 2155 3347 Aiacis
2178 3295 2359 3347 coculis
2379 3296 2495 3346 mihi
2520 3302 2724 3350 excocta
2756 3304 2832 3349 est
2854 3299 3010 3349 omnis
3032 3299 3384 3362 misericordis,
3409 3304 3506 3350 etc.

1954 3376 2071 3434 Olla
2119 3377 2261 3433 diota
2289 3392 2391 3447 pro
2435 3393 2502 3433 eo
2543 3379 2689 3448 quod
2733 3379 2958 3435 ebulliat
3001 3379 3056 3434 in
3099 3395 3164 3435 ca
3213 3395 3374 3450 aqua,
3417 3380 3543 3452 igne

1953 3468 2218 3537 subjecto,
2262 3477 2322 3524 ut
2362 3469 2526 3524 altius
2557 3484 2726 3540 vapor
2749 3470 3067 3537 emittatur;
3117 3472 3261 3527 unde
3298 3477 3353 3525 et
3395 3469 3539 3525 bulla

1954 3559 2171 3623 dicitur,
2213 3574 2336 3628 quae
2376 3560 2430 3613 in
2469 3575 2609 3630 aqua
2640 3560 2789 3615 venti
2833 3561 3028 3631 spiritu
3054 3569 3407 3615 sustentatur.
3433 3560 3540 3614 Pa-

1955 3650 2099 3716 tella,
2122 3651 2277 3721 quasi
2301 3650 2482 3721 patula
2517 3668 2530 3704 :
2554 3660 2638 3706 est
2662 3651 2807 3704 enim
2835 3650 2941 3705 olla
2966 3650 3079 3705 oris
3126 3650 3540 3721 patentioribus.

1954 3740 2178 3810 Mystlce
2222 3755 2353 3810 ergo
2396 3739 2450 3795 in
2493 3739 2597 3794 olla
2642 3740 2858 3808 generis
2900 3740 3151 3809 prosapia
3195 3737 3279 3811 (ut
3319 3738 3541 3807 quidam

1950 3832 2161 3906 volunt)
2204 3832 2563 3901 intelligitur:
2597 3832 2738 3886 unde
2766 3831 3029 3901 scriptum
3073 3840 3159 3886 est
3189 3831 3242 3884 in
3289 3829 3538 3900 psalmo:

1951 3923 2111 3979 Moab
2138 3924 2247 3979 olla
2273 3926 2383 3994 spei
2409 3939 2537 3978 mea:
2566 3921 2738 3995 (Psal.
2771 3922 2904 3993 m),
2936 3931 3159 3990 propter
3188 3921 3356 3975 Ruth.
3399 3921 3536 3975 item

1948 4016 2053 4071 olla
2083 4016 2360 4071 damnatio
2399 4016 2751 4084 sempiterna,
2777 4022 2837 4067 ut
2878 4013 2931 4067 in
2969 4013 3085 4068 Joel
3123 4030 3137 4067 :
3182 4012 3373 4067 Vultus
3404 4013 3540 4068 mli-

1948 4116 2136 4177 gentur
2167 4108 2223 4161 in
2260 4105 2420 4161 ollam
2468 4104 2629 4177 (Joel.
2679 4105 2764 4173 ιι).
2819 4104 3055 4158 Rursum
3102 4103 3204 4157 olla
3251 4102 3406 4174 plebs
3454 4110 3539 4159 est

1946 4194 2197 4260 Iudaica,
2247 4195 2540 4264 cupiditate
2582 4193 2785 4249 carnali
2838 4209 3087 4259 accensa,
3139 4193 3204 4248 de
3246 4207 3353 4263 qua
3383 4190 3537 4248 lere-

1949 4286 2122 4341 mias:
2161 4281 2356 4348 Ollam,
2388 4283 2582 4353 inquit,
2621 4299 2927 4337 succensum
2966 4298 3058 4353 ego
3098 4282 3245 4337 video
3289 4279 3425 4353 (Jer.
3457 4280 3526 4353 ι).

1948 4377 2081 4432 Item
2129 4377 2185 4432 in
2229 4377 2447 4431 nomine
2476 4375 2596 4431 ollze
2640 4389 2882 4448 praesens
2922 4376 3185 4441 mundus,
3232 4374 3316 4429 vel
3364 4389 3537 4446 genus

1952 4471 2271 4533 humanum,
2313 4468 2427 4524 sive
2471 4468 2724 4537 quaelibet
2752 4470 2932 4523 anima
2958 4469 3234 4539 peccatrix
3278 4470 3389 4539 igni
3432 4468 3536 4524 tri-

1948 4559 2240 4615 bulationis
2281 4559 2525 4627 apposita
2571 4566 2816 4625 notatur,
2864 4558 2932 4614 de
2965 4574 3072 4628 quo
3104 4559 3364 4614 Dominus
3401 4558 3535 4613 dixit

1949 4653 2019 4709 ad
2060 4652 2396 4709 Ezechielem
2421 4665 2439 4705 :
2468 4648 2615 4707 Pone
2645 4651 2807 4706 ollam
2849 4667 3005 4722 super
3040 4668 3241 4723 prunas
3287 4666 3536 4716 vacuam,

1946 4744 2111 4797 donec
2151 4742 2433 4797 incalescat
2471 4758 2559 4795 (es
2582 4741 2695 4810 ejus
2720 4739 2937 4811 (Επειδὴ.
2986 4739 3156 4811 xxrv).
3194 4739 3442 4795 Cacabus
3480 4748 3535 4793 et

1946 4849 2173 4888 cucuma
2199 4847 2229 4886 a
2251 4847 2386 4887 sono
2416 4830 2646 4887 fervoris
2672 4832 3141 4901 cognominantur.
3166 4829 3293 4885 Haec
3316 4830 3368 4883 in
3391 4827 3535 4883 Gras-

1945 4926 2027 4980 cis
2047 4933 2102 4979 ει
2123 4922 2327 4979 Latinis
2352 4923 2657 4979 communia
2696 4922 2915 4977 nomina
2941 4922 3140 4976 habent
3171 4934 3187 4973 :
3218 4920 3312 4974 sed
3346 4927 3532 4972 utrum

1954 5013 2130 5069 Latini
2146 5014 2414 5078 ali-necis,
2437 5028 2506 5066 an
2529 5010 2703 5067 (ἓπεί
2726 5011 3105 5066 αιειιὶιιίειιίεε
3119 5007 3378 5061 vocabula
3407 5020 3535 5059 mu-

1955 5108 2189 5172 tuarint,
2255 5106 2520 5160 incertum
2577 5112 2681 5157 est.
2748 5102 2981 5156 Lebetes
3027 5112 3177 5152 aenea
3227 5110 3357 5149 vasa
3411 5101 3539 5153 sunt

1954 5199 2143 5254 (ἔπιεοο
2171 5211 2423 5253 sermone
2458 5202 2648 5250 vocata
2684 5211 2698 5245 :
2731 5198 2853 5246 sunt
2885 5190 3034 5244 enim
3057 5186 3177 5241 ollae
3213 5186 3453 5240 minores
3480 5183 3543 5251 in,

1952 5305 2109 5345 usum
2137 5288 2399 5358 coquendi
2428 5294 2647 5357 paratae.
2683 5283 2758 5337 De
2797 5281 2970 5336 lebete
2997 5292 3130 5349 ergo
3162 5277 3215 5331 in
3248 5274 3546 5330 Ezechiele

1953 5383 2027 5439 ita
2075 5383 2331 5449 scriptum
2361 5390 2444 5434 est
2475 5396 2489 5431 :
2525 5375 2654 5431 Ηιεο
2702 5374 2829 5429 dicit
2876 5373 3133 5426 Dominus
3171 5368 3358 5423 Deus:
3392 5364 3545 5420 Pone

1952 5475 2182 5538 lebetcm,
2208 5481 2256 5526 et
2284 5472 2428 5525 mitte
2468 5470 2522 5523 in
2548 5485 2663 5522 eam
2686 5482 2901 5537 aquam,
2927 5474 2975 5519 et
3002 5465 3148 5519 mitte
3172 5463 3230 5519 in
3257 5478 3377 5517 eam
3401 5459 3537 5514 divi-

1952 5567 2122 5621 siones
2157 5564 2351 5617 ossium
2382 5568 2428 5615 et
2474 5560 2749 5623 carnium,
2799 5568 2907 5612 etc.
2949 5554 3169 5629 (Ezech.
3213 5552 3391 5623 Inv).
3436 5548 3545 5617 Ubi

1954 5659 2054 5714 sub
2081 5656 2272 5712 lebctis
2315 5652 2667 5710 similitudine
2710 5654 2899 5709 urbem
2937 5649 3241 5706 Jerusalem
3275 5642 3542 5709 describit
3628 5666 3655 5685 ι

1955 5758 2010 5811 ει
2035 5748 2133 5807 sub
2155 5746 2359 5804 ossium
2384 5755 2439 5805 et
2461 5744 2707 5803 carnium
2734 5744 2981 5803 coctione
3015 5747 3289 5800 tormenta
3313 5736 3542 5799 fortium
