3950 6192
374 393 475 445 603

1037 381 1095 434 Β.
1141 379 1388 436 llABANI
1427 379 1642 435 BIAURI
1683 375 1965 433 AllClIlEF

2070 375 2348 431 IOGUNT.
2391 373 2672 430 OPEIIUM
2711 371 2888 426 PARS
2926 371 3006 424 ΙΙ..

3505 373 3612 428 601

373 507 430 556 et
475 495 742 567 fragilium
789 490 1046 561 exprimit
1087 491 1141 543 in
1190 506 1288 553 eo,
1330 499 1384 542 et
1423 503 1524 557 per
1567 486 1941 541 cxcoctionem
1973 485 2019 542 Α
2047 495 2170 536 nem
2201 482 2408 536 Domini
2457 481 2652 534 ibidem
2705 479 2992 549 signiﬁcat,
3035 486 3128 532 aut
3148 487 3394 532 sanctam
3427 479 3621 536 Eccle-

377 589 527 644 rubri
573 585 712 656 ignis
757 583 923 652 ipsius
969 579 1204 634 civitatis
1253 578 1670 632 destructionem
1719 583 1945 644 propter

375 681 691 750 iniquitates
737 675 853 742 ejus
885 672 1170 744 signiﬁcat.
1209 669 1370 724 quta
1424 668 1775 738 tropologiam
1819 681 1946 720 vero

378 769 509 826 urbs
558 769 662 823 ista
707 775 760 820 et
801 765 945 818 lebes
984 761 1240 816 mundum
1287 761 1448 814 istum
1482 758 1808 828 signiﬁcant,
1851 755 1944 825 qui

381 864 436 916 in
460 859 688 928 maligno
736 856 932 926 positus
958 861 1030 906 est
1061 851 1110 923 (I
1137 850 1299 904 Joan.
1331 849 1407 922 v).
1434 849 1532 904 Hic
1565 851 1618 903 in
1645 851 1732 903 die
1755 849 1946 920 judicii

383 951 562 1006 divino
593 949 713 1018 igne
757 943 1121 1006 succenditur,
1161 950 1217 995 et
1254 941 1444 994 civitas
1489 939 1812 1008 sanguinum
1851 953 1950 1006 po-

385 1042 533 1098 nitur
557 1053 716 1108 super
740 1035 1004 1091 carbones
1041 1033 1178 1104 ignis
1196 1073 1211 1098 ,
1242 1039 1302 1086 ut
1329 1031 1618 1102 impleatur
1643 1029 1784 1100 quod
1811 1029 1950 1083 scri-

383 1140 532 1202 ptum
557 1137 642 1183 est
669 1127 724 1180 in
756 1125 922 1179 Isaia:
952 1122 1163 1176 Habeas
1185 1121 1433 1174 carbones
1455 1120 1612 1190 ignis,
1629 1119 1838 1174 sedebat
1857 1135 1950 1172 su-

383 1237 476 1289 per
499 1235 584 1272 eos
628 1215 776 1288 (Isa.
806 1214 891 1285 ι).
921 1213 988 1268 Et
1029 1211 1316 1280 impleatur
1338 1210 1480 1280 quod
1527 1210 1785 1278 scriptum
1825 1216 1946 1260 est:

392 1308 536 1364 Nihil
559 1307 838 1368 occultum,
869 1304 1007 1375 quod
1029 1320 1134 1356 non
1161 1300 1412 1356 reveletur
1437 1298 1650 1370 (Matth.
1681 1297 1756 1370 x).
1787 1297 1952 1351 Dicit-

387 1413 489 1467 que
509 1412 568 1452 se
593 1396 852 1451 Dominus
879 1409 986 1448 non
1013 1392 1276 1455 misereri,
1313 1405 1414 1446 nec
1447 1389 1628 1444 mundi
1671 1388 1952 1459 pnetcrire

389 1496 625 1556 peccata,
665 1501 838 1556 neque
867 1499 1092 1555 parcere
1131 1483 1328 1553 impiis,
1361 1497 1463 1537 nec
1492 1481 1713 1551 placari,
1757 1489 1815 1536 ut
1850 1481 1952 1536 vim

387 1585 610 1646 pereant
655 1575 958 1644 impiorum,
1003 1573 1296 1628 secundum
1341 1571 1469 1625 illud
1507 1571 1650 1640 quod
1687 1571 1740 1624 in
1789 1569 1950 1640 primi

387 1664 574 1734 psalmi
606 1663 712 1718 ﬁne
738 1663 997 1732 ponitur:
1034 1662 1100 1714 Et
1139 1663 1239 1714 iter
1262 1662 1542 1730 impiorum
1567 1661 1774 1732 peribit.
1819 1659 1952 1714 Sar-

390 1764 510 1826 tago
549 1771 579 1809 a
625 1755 852 1824 strepitu
897 1753 1013 1808 soni
1077 1762 1288 1816 vocata,
1331 1753 1548 1824 quando
1597 1754 1752 1808 ardet
1791 1753 1846 1808 in
1888 1769 1952 1808 ea

2045 573 2204 638 siam,
2268 573 2322 626 in
2357 587 2463 642 qua
2507 569 2851 625 Testamenta
2903 568 3084 622 divina
3134 569 3412 624 rewndita
3470 581 3624 626 sunt.

2045 665 2179 719 Item
2209 678 2334 718 arca
2365 662 2500 726 Noe,
2521 661 2664 731 quod
2684 669 2884 715 sancta:
2906 659 3162 715 Ecclesia:
3191 668 3376 729 typum
3411 669 3624 726 teneat,

2047 753 2348 809 manifestis
2379 753 2590 808 indiciis
2619 753 3016 822 comprobatur.
3068 751 3301 806 Locutus
3328 751 3396 806 ad
3421 752 3632 822 aliquid

2047 845 2352 915 ponendum
2409 845 2550 898 intra
2601 842 2776 898 factus
2829 843 2979 897 locus
3003 883 3020 907 ,
3068 857 3162 898 seu
3199 844 3268 898 ad
3314 852 3495 899 vestes
3539 845 3633 899 vel

2047 934 2338 1002 pecuniam
2385 931 2814 987 custodiendam.
2871 931 3024 987 Unde
3074 946 3172 1002 per
3215 933 3632 988 diminutionem

2047 1023 2263 1077 dicitur.
2320 1023 2546 1095 Legitur
2581 1023 2727 1078 enim
2776 1023 2844 1078 de
2873 1023 3049 1078 loculo
3093 1023 3148 1078 in
3171 1023 3386 1090 Genesi,
3440 1026 3531 1080 ubi
3565 1027 3636 1081 de

2049 1112 2296 1182 sepulcro
2325 1112 2522 1182 Ioseph
2553 1121 2826 1177 narratur,
2885 1123 2940 1166 et
2963 1112 3018 1166 in
3065 1111 3353 1182 Evangelio
3377 1113 3443 1168 de
3480 1114 3636 1168 locn-

2051 1203 2118 1257 lis
2154 1202 2306 1258 Iuda:
2348 1203 2642 1272 proditoris
2685 1203 2888 1257 mentio
2933 1201 3010 1255 ﬁt.
3048 1200 3260 1256 Scrinia
3301 1213 3430 1256 sunt
3475 1217 3634 1266 vasa,

2052 1291 2106 1346 in
2131 1292 2329 1362 quibus
2374 1301 2659 1347 servantur
2701 1291 2824 1345 libri
2858 1291 2940 1345 vel
2981 1291 3241 1346 thesauri.
3292 1289 3444 1346 Unde
3487 1293 3638 1360 apud

2052 1380 2325 1434 Romanos
2363 1379 2462 1445 illi,
2513 1380 2604 1449 qui
2640 1379 2806 1434 libros
2832 1387 2888 1433 ct
2907 1379 3305 1434 ecclesiasticos
3343 1381 3638 1435 thesauros

2051 1479 2314 1536 servant,
2377 1471 2640 1526 scriniarii
2696 1479 3092 1542 nuncupantur.
3161 1471 3364 1528 Saccus
3409 1489 3440 1527 a
3494 1490 3632 1548 sago

2053 1562 2258 1628 dictus,
2314 1563 2456 1632 quod
2521 1579 2588 1619 eo
2633 1571 2860 1618 consuto
2907 1562 3190 1631 elﬁciatur,
3237 1568 3389 1634 quasi
3441 1582 3630 1638 sagas.

2053 1651 2436 1706 Pumitentium
2484 1653 2625 1708 enim
2661 1653 2762 1708 iste
2790 1662 2874 1709 est
2901 1654 3116 1709 habitus
3141 1665 3196 1710 et
3225 1656 3410 1711 vilium
3438 1673 3626 1713 rerum

2055 1746 2478 1800 condimentum.

387 1845 582 1899 oleum.
624 1844 756 1900 Item
807 1855 1024 1913 sartago
1062 1842 1338 1896 tribulatio
1393 1843 1517 1896 vita:
1555 1843 1862 1912 praesentis,
1899 1851 1958 1898 ut
1983 1833 2032 1892 B
2129 1835 2458 1906 Marsupium
2481 1836 2727 1891 sacculus
2749 1851 3110 1902 nummorum,
3134 1840 3277 1907 quod
3298 1839 3474 1895 Graeci
3496 1858 3641 1896 mar-

389 1936 442 1988 in
489 1933 698 2004 psalmo
727 1951 744 1986 :
789 1942 836 1986 et
875 1949 994 1987 ossa
1027 1947 1174 1996 mea,
1223 1933 1274 1986 id
1313 1941 1415 1996 est,
1471 1931 1640 1987 fortes
1679 1931 1956 1998 Ecclesia,

387 2025 518 2078 sicut
551 2023 608 2076 in
655 2021 874 2091 frixorio
903 2020 1142 2089 confriata
1170 2029 1288 2074 sunt
1330 2017 1502 2090 (Psal.
1539 2019 1692 2092 xxx).
1723 2020 1956 2074 Rursum

389 2121 602 2182 sartago
629 2111 776 2166 zelus
805 2109 1143 2164 rectitudinis
1170 2111 1429 2165 adversus
1449 2119 1694 2178 peccata,
1726 2119 1782 2165 et
1811 2124 1959 2165 com-

390 2201 608 2271 punctio
657 2199 908 2254 fraterna:
954 2199 1302 2254 inﬁrmitatis.
1351 2199 1409 2253 In
1454 2199 1708 2254 Ezechiel
1737 2218 1750 2252 :
1783 2199 1852 2252 Et
1879 2208 1955 2264 tu,

387 2292 467 2360 ﬁli
489 2293 729 2356 hominis,
756 2307 888 2361 pone
908 2291 1224 2360 sartaginem
1244 2291 1377 2344 inter
1401 2301 1449 2344 te
1475 2299 1521 2344 et
1547 2291 1683 2344 inter
1703 2290 1960 2344 civitatem

389 2381 606 2452 (Ezech.
643 2380 738 2452 tv).
775 2381 848 2434 De
887 2381 990 2434 hac
1033 2381 1307 2449 sartagine
1345 2380 1585 2448 loquitur
1629 2379 1956 2449 Apostolus:

392 2473 522 2538 Quis
543 2470 955 2535 scandalizatur,
979 2479 1027 2523 et
1043 2486 1143 2538 'ego
1171 2485 1273 2522 non
1301 2471 1466 2525 uror?
1486 2468 1571 2541 (ΙΙ
1601 2467 1723 2524 Cor.
1755 2469 1856 2543 xl.)

461 2561 599 2615 Mola
649 2559 848 2614 dicitur
882 2574 914 2612 a
957 2559 1039 2613 sui
1083 2561 1408 2614 rotunditate
1445 2568 1669 2625 vocata,
1721 2568 1782 2614 ut
1821 2559 1962 2614 mala

394 2663 704 2718 pomorum,
743 2647 886 2702 sicut
929 2655 987 2701 et
1031 2645 1224 2702 Graeci.
1255 2647 1360 2701 Per
1399 2648 1596 2702 molam
1643 2648 1966 2718 exprimitur

394 2737 654 2794 circuitus
672 2737 798 2792 vita:
818 2739 1122 2806 prtesentis,
1143 2745 1200 2794 et
1228 2738 1380 2793 labor
1406 2746 1673 2794 terrenus.
1702 2739 1761 2794 ιιι
1785 2739 1964 2794 Evan-

397 2827 534 2896 gelia
571 2841 586 2880 :
631 2825 734 2893 Qui
779 2827 1212 2883 scandalizaverit
1256 2845 1420 2884 unum
1457 2830 1522 2884 de
1563 2830 1770 2901 pusillis
1815 2831 1960 2898 istis,

387 2920 599 2992 expedit
622 2921 670 2975 ei
698 2932 752 2974 ut
775 2921 1124 2990 suspendatur
1149 2921 1290 2975 mola
1312 2922 1548 2977 asinaria
1577 2924 1634 2978 in
1666 2923 1804 2978 collo
1825 2924 1964 2994 ejus,

395 3025 444 3070 et
483 3015 815 3086 demergatur
851 3015 908 3069 in
951 3013 1272 3085 profundum
1318 3015 1478 3069 maris
1521 3014 1738 3086 (Matth.
1782 3016 1961 3084 xvm).

2057 1941 2228 1995 supon
2257 1926 2542 1995 appellant.
2576 1926 2830 1994 Quaedam
2853 1925 3040 1982 Graeca
3071 1929 3284 1983 nomina
3307 1929 3361 1984 in
3382 1930 3641 1987 Latinum

2057 2015 2216 2084 paulo
2242 2014 2608 2080 inﬂectuntur,
2638 2024 2860 2084 propter
2887 2015 3187 2071 Romanum
3229 2018 3523 2088 eloquium.
3555 2021 3643 2076 Si-

2059 2111 2244 2166 tarcize
2294 2121 2581 2169 nautarum
2628 2120 2753 2166 sunt
2801 2113 2869 2167 ab
2915 2125 2981 2166 eo
3025 2113 3170 2182 quod
3211 2124 3452 2169 consutae
3491 2124 3644 2171 sunt.

2059 2199 2396 2255 Involucrum
2431 2201 2655 2265 dictum,
2701 2202 2842 2269 quod
2865 2201 3065 2270 aliquid
3088 2203 3142 2256 in
3171 2218 3232 2257 se
3260 2212 3442 2258 teneat
3483 2205 3638 2258 iuvu-

2061 2288 2254 2344 lutum.
2305 2289 2494 2345 Fiscus
2521 2291 2767 2345 sacculus
2792 2299 2874 2344 est
2907 2291 3174 2358 publicus,
3216 2293 3355 2348 unde
3380 2304 3436 2348 et
3463 2293 3646 2348 ﬁscel-

2061 2381 2201 2435 L'eet
2225 2379 2425 2434 ﬁscina:
2463 2379 2735 2434 dicuntur.
2787 2378 2941 2434 Hunc
2977 2381 3175 2436 habent
3217 2390 3502 2438 exactores
3527 2423 3542 2448 ,
3589 2393 3650 2455 et

2061 2471 2118 2525 in
2145 2485 2212 2526 eo
2241 2470 2460 2524 mittunt
2483 2469 2720 2524 debitum
2743 2469 3040 2540 publicum,
3068 2471 3212 2542 quod
3233 2473 3477 2527 redditur
3497 2475 3644 2544 regi-

2061 2561 2183 2616 bus.
2231 2560 2419 2616 Fiscus
2458 2569 2638 2617 autem
2679 2561 2851 2630 prima
2880 2562 3074 2630 positio
3115 2572 3216 2626 est,
3268 2563 3637 2620 derivativum

2065 2650 2276 2717 ﬁscina,
2305 2651 2681 2706 diminutivum
2706 2652 2927 2707 ﬁscella.
2979 2653 3236 2709 Sacculus
3259 2656 3488 2726 mystice
3515 2657 3644 2711 the-

2065 2740 2356 2796 sam-izatio
2393 2749 2479 2796 est
2501 2742 2766 2796 bonorum
2787 2756 3034 2811 operum.
3095 2743 3246 2800 Unde
3271 2744 3533 2800 Dominus
3562 2746 3644 2800 ait

2065 2827 2122 2883 in
2143 2829 2432 2901 Evangelio
2469 2850 2482 2884 :
2511 2827 2694 2885 Facite
2723 2831 2862 2886 vobis
2907 2832 3144 2888 sacculos
3181 2834 3271 2892 oui
3300 2850 3406 2888 non
3443 2845 3650 2889 retera-

2064 2931 2214 2976 scunt
2243 2920 2393 2994 (Luc.
2432 2920 2554 2992 xu).
2599 2921 2666 2976 Et
2691 2921 2745 2976 in
2771 2921 2930 2976 aliam
2955 2929 3161 2991 partem
3207 2922 3337 2978 illud
3389 2923 3650 2996 intelligi-

2068 3021 2188 3077 tur,
2233 3013 2376 3082 quod
2425 3012 2480 3066 i'n
2511 3011 2799 3067 Salomone
2846 3012 3077 3084 legitur:
3128 3013 3484 3085 Morsupium,
3525 3017 3646 3074 sive

400 3105 537 3162 llinc
583 3107 640 3161 in
683 3105 819 3161 Isaia
867 3105 1127 3160 adversus
1169 3103 1494 3176 Babylonem
1544 3105 1784 3162 dicitur:
1818 3106 1964 3163 Tolle
2007 3174 2038 3179 _
2069 3104 2366 3171 sacculum,
2413 3121 2686 3161 commune
2723 3105 3082 3176 possideamus
3123 3104 3304 3176 (Prov.
3326 3105 3389 3179 ι),
3435 3107 3492 3162 id
3535 3117 3645 3172 est,

398 3197 612 3263 molam,
635 3209 684 3252 et
709 3196 843 3251 mole
870 3196 1100 3266 farinam
1125 3196 1258 3268 (Isa.
1285 3174 1478 3268 xcv“).
1513 3196 1580 3252 Et
1603 3197 1726 3252 alibi
1753 3215 1766 3250 :
1795 3195 1968 3252 Occisi
1994 3174 2040 3236 Ο
2071 3196 2373 3250 avaritiam.
2420 3195 2555 3250 Pera
2575 3174 2731 3266 juxta
2758 3195 3066 3266 allegoriam
3109 3174 3283 3250 victus
3327 3174 3414 3260 est
3441 3196 3651 3254 sollici-

398 3297 551 3343 erunt
601 3285 794 3359 [otiosi
839 3283 1052 3357 eorum]
1115 3285 1362 3355 molentes
1409 3286 1463 3341 in
1511 3287 1712 3341 minuto
1753 3303 1968 3341 numero

401 3375 602 3450 (Eccle.
627 3375 748 3450 xu).
771 3375 924 3432 Mula:
947 3375 1085 3438 dum,
1109 3376 1214 3432 duo
1235 3383 1559 3432 testamenta
1583 3377 1716 3447 legis
1745 3375 1826 3449 (ut
1853 3377 1972 3446 qui-

402 3467 524 3520 dam
548 3465 754 3538 volunt)
779 3464 1113 3536 signiﬁcant;
1150 3465 1293 3520 unde
1316 3465 1512 3535 legitur
1543 3466 1598 3520 in
1637 3465 1969 3536 Evangelio:

405 3556 550 3611 Tunc
573 3557 694 3612 dua:
715 3566 866 3611 erunt
893 3558 949 3612 in
977 3556 1292 3623 molendino,
1323 3574 1430 3612 una
1456 3567 1772 3623 assumatur,
1795 3567 1842 3612 et
1864 3573 1974 3613 una

405 3647 722 3720 relinquetur
766 3647 982 3720 (Matth.
1019 3648 1191 3716 xxiv).
1236 3647 1388 3703 Mole:
1426 3650 1568 3716 dum,
1611 3663 1734 3719 spes
1763 3657 1820 3704 et
1861 3649 1973 3703 for-

405 3737 583 3802 mido,
615 3745 677 3791 ut
719 3737 772 3790 in
808 3735 1264 3793 Deuteronomio:
1305 3738 1430 3793 Non
1468 3741 1696 3810 accipias
1745 3732 1858 3794 loco
1893 3741 1974 3809 pi-

405 3828 584 3897 gnoris
615 3826 916 3896 inferiorem
943 3836 992 3880 et
1015 3829 1332 3897 superiorem
1375 3828 1567 3884 molam
1590 3827 1766 3900 (Deut.
1797 3827 1966 3900 xxiv).

407 3915 832 3984 Cribrum,quod
855 3916 929 3970 ibi
955 3925 1141 3972 currat
1161 3917 1512 3985 frumentum,
1527 3919 1683 3988 quasi
1708 3918 1975 3974 currilru-

406 4021 554 4078 gum.
593 4005 840 4062 Cribrum
876 4006 1030 4077 juxta
1061 4006 1368 4078 allegoriam
1413 4009 1686 4080 separatio
1721 4018 1808 4065 est
1851 4009 1975 4065 ﬁde—

409 4094 540 4148 lium
561 4109 593 4148 a
615 4094 871 4149 societate
907 4091 1226 4149 inﬁdelium.
1261 4096 1335 4149 De
1361 4111 1470 4164 quo
1497 4096 1551 4150 in
1573 4097 1742 4153 Amos
1771 4099 1973 4153 mentio

409 4185 468 4240 ﬁt
515 4184 694 4257 (Amos
724 4184 822 4258 ix),
853 4193 910 4240 et
945 4185 1002 4240 in
1037 4186 1327 4255 Evangelia
1368 4186 1626 4242 Dominus
1657 4191 1724 4244 ad
1754 4189 1974 4244 Petrum

407 4274 483 4327 ait
513 4291 525 4327 :
559 4272 692 4328 Ecce
721 4273 947 4328 Satanas
967 4277 1229 4344 expetivit,
1252 4285 1308 4330 ut
1333 4277 1582 4332 cribraret
1611 4296 1696 4334 vos
1721 4282 1854 4334 sicut
1879 4282 1977 4334 tri-

410 4367 588 4432 ticum,
620 4375 726 4422 etc.
751 4365 901 4438 (Luc.
933 4365 1091 4438 xxu).

988 4457 1214 4514 CAPUT
1257 4459 1387 4516 VIII.

884 4546 964 4600 De
998 4549 1132 4602 vasis
1159 4551 1496 4613 repositoriis.

481 4635 932 4708 Gazophylacium
970 4655 1097 4696 arca
1145 4647 1228 4695 est
1269 4641 1358 4696 ubi
1393 4641 1718 4714 colliguntur
1751 4647 1803 4701 in
1843 4656 1978 4702 tem-

416 4728 502 4800 plo
549 4744 612 4784 ea
665 4745 785 4800 qua:
836 4734 903 4788 ad
933 4733 1277 4804 indigentiam
1303 4749 1595 4803 pauperum
1649 4737 1972 4792 mittuntur:

414 4820 767 4890 compositum
808 4833 892 4878 est
926 4830 1104 4878 autem
1130 4825 1197 4880 de
1235 4824 1413 4895 lingua
1448 4825 1660 4882 Persica
1687 4836 1742 4882 et
1769 4828 1974 4885 Grazca.

415 4914 560 4970 Gaza
583 4914 726 4969 enim
748 4914 926 4987 lingua
953 4915 1242 4973 Persarum
1290 4917 1508 4984 divitiae,
1559 4920 1774 4974 ﬁlaxion
1822 4922 1978 4992 [phu-

413 5005 595 5079 lace],
642 5005 827 5062 Graece
877 5008 1118 5063 custodia
1158 5009 1565 5080 interpretatur.
1620 5009 1841 5080 Mysticc
1883 5028 1976 5065 au-

418 5107 526 5162 tem
570 5097 1004 5168 gazophylacium
1049 5101 1212 5154 corda
1253 5109 1380 5155 sunt
1421 5108 1728 5154 sanctorum
1768 5101 1977 5170 sapien-

418 5185 504 5240 tia:
550 5185 748 5240 divitiis
796 5186 995 5256 plena:
1031 5187 1172 5256 quod
1215 5188 1269 5242 in
1313 5188 1594 5244 Ezechiele
1627 5189 1884 5258 propheta
1926 5199 1982 5245 et

418 5277 472 5331 iu
511 5276 798 5348 Evangelio
841 5277 971 5334 satis
1018 5277 1436 5333 demonstratur.
1472 5279 1612 5334 Area
1651 5280 1791 5334 dicta
1835 5282 1978 5350 quod

415 5372 601 5421 arceat
635 5366 808 5420 visum
851 5375 1010 5436 atque
1051 5365 1334 5436 prohibeat
1377 5382 1392 5420 :
1443 5369 1570 5424 hinc
1611 5377 1667 5424 et
1703 5369 1977 5433 arcivum,

417 5453 543 5508 hinc
591 5463 646 5508 et
688 5469 986 5519 arcanum,
1027 5454 1080 5508 id
1125 5465 1206 5510 est
1251 5465 1553 5522 secretum,
1615 5459 1755 5512 unde
1801 5459 1982 5514 caeteri

418 5549 687 5596 arcentur.
718 5541 872 5596 Area:
895 5551 1074 5598 autem
1101 5545 1328 5617 mystica
1354 5545 1673 5616 signiﬁcatio
1708 5549 1762 5602 in
1799 5549 1992 5605 Exodo

418 5628 724 5702 plenissime
747 5630 1166 5698 demonstratur,
1207 5634 1296 5688 ubi
1321 5636 1383 5690 de
1408 5639 1805 5692 constructione
1842 5655 1992 5695 arcu:

421 5719 723 5774 testamenti
765 5719 974 5776 Domini
1024 5735 1308 5780 narratur:
1355 5728 1482 5796 quia
1509 5735 1604 5782 aut
1659 5730 1988 5787 incarnatio-

2074 3287 2220 3341 tudo.
2267 3285 2420 3342 Unde
2445 3285 2704 3341 Dominus
2731 3285 3008 3355 praecepit,
3049 3285 3271 3340 dicens:
3321 3285 3503 3342 Nolite
3524 3303 3652 3358 por-

2071 3385 2183 3432 tare
2200 3375 2474 3430 sacculum
2509 3392 2671 3448 neque
2693 3395 2873 3448 peram
2893 3379 2948 3432 in
2978 3379 3059 3432 via
3085 3377 3237 3450 (Luc.
3269 3379 3357 3452 ιι).

2681 3488 2909 3544 CAPUT
2947 3489 3038 3543 1X.

2671 3557 2749 3612 De
2791 3559 3046 3614 canistro.

2139 3645 2450 3702 Canistrum
2469 3646 2615 3703 ﬁssis
2630 3647 2820 3704 cannis
2841 3648 3166 3714 contexitur,
3195 3649 3338 3704 unde
3359 3657 3418 3704 et
3437 3665 3650 3706 nuneu-

2074 3744 2280 3806 patum.
2343 3738 2448 3793 Alii
2479 3737 2724 3795 Graecum
2771 3749 3039 3796 asserunt.
3103 3741 3409 3797 Canistrum
3467 3753 3649 3798 autem

2069 3825 2339 3897 signiﬁcat
2362 3828 2599 3899 linguam
2641 3829 2898 3897 doctoris,
2941 3831 2996 3886 in
3035 3846 3142 3901 qua
3188 3831 3496 3886 olferuntur
3517 3833 3652 3904 legis

2069 3925 2340 3988 praecepto
2364 3933 2530 3988 panes
2549 3933 2886 3988 azymorum,
2932 3921 3036 3976 hoc
3062 3929 3168 3986 est,
3213 3922 3440 3975 verbum
3467 3921 3650 3976 Evan-

2073 4007 2195 4078 gelii
2221 4009 2276 4063 in
2303 4009 2628 4072 sacriﬁcium
2662 4009 2897 4075 Domini,
2927 4011 3070 4066 sicut
3094 4010 3291 4082 legitur
3318 4011 3371 4064 in
3397 4012 3652 4066 unctione

2072 4099 2258 4154 Aaron
2286 4108 2340 4155 et
2369 4099 2600 4155 ﬁliorum
2648 4099 2766 4169 ejus
2811 4100 3015 4155 laetum
3061 4116 3201 4156 esse.
3251 4100 3529 4170 Cophinus
3571 4113 3658 4157 est

2072 4205 2175 4248 vas
2204 4207 2272 4246 ex
2298 4191 2546 4263 virgultis
2567 4200 2876 4248 contextum
2890 4203 3071 4262 aptum
3097 4195 3356 4248 mundare
3387 4202 3648 4257 stercora,

2072 4292 2132 4339 ct
2155 4293 2352 4339 terram
2373 4293 2609 4356 portare,
2639 4287 2704 4341 de
2729 4303 2838 4356 quo
2863 4287 2992 4345 dicit
3013 4286 3297 4342 Psalmista
3321 4305 3422 4358 pro
3451 4288 3650 4344 Israel:

2076 4373 2273 4430 Manus
2288 4376 2402 4446 ejus
2429 4377 2485 4430 in
2511 4375 2730 4446 cophino
2769 4379 3050 4432 servierunt
3090 4375 3260 4449 (Psal.
3318 4378 3506 4449 Lxxx).
3565 4379 3656 4432 Di-

2085 4477 2206 4524 ctus
2227 4477 2407 4524 autem
2429 4469 2711 4538 cophinus,
2735 4469 2888 4538 quasi
2917 4485 3080 4524 covus
3102 4469 3184 4523 vel
3206 4470 3360 4540 quasi
3379 4485 3566 4527 cavus.
3593 4472 3656 4526 Et

2084 4560 2186 4614 hoc
2207 4556 2614 4627 quamvisjusta
2637 4559 2912 4614 historiam
2933 4558 3040 4614 dici
3059 4560 3326 4626 videatur,
3366 4563 3582 4631 quando
3599 4564 3654 4616 in

2089 4653 2316 4722 Egypto
2355 4650 2660 4707 Iudaeorum
2705 4651 2932 4720 populus
2973 4652 3200 4706 diversis
3243 4654 3653 4709 necessitatibus

2087 4741 2356 4798 serviebat
2373 4761 2384 4794 :
2409 4741 2566 4796 modo
2582 4753 2640 4796 ut
2661 4741 2856 4796 lateres
2875 4739 3096 4808 laceret,
3122 4751 3179 4797 ut
3201 4752 3396 4798 terram
3411 4746 3658 4813 cophinis

2090 4833 2248 4888 modo
2269 4832 2578 4888 exhiberet:
2604 4841 2780 4888 tamen
2801 4833 2940 4889 istud
2967 4834 3392 4891 Christianorum
3413 4837 3658 4906 patribus

2090 4923 2395 4992 diligentius
2414 4921 2740 4992 applicamus
2759 4961 2777 4990 ,
2805 4937 2836 4976 a
2865 4938 3090 4990 quorum
3113 4925 3272 4984 dorso
3299 4926 3498 4980 avertit
3516 4927 3658 4982 Deus

2091 5027 2254 5066 onera
2281 5021 2620 5081 peccatorum
2648 5053 2663 5079 ,
2694 5015 2908 5082 quando
2931 5029 2990 5068 se
3011 5014 3150 5070 felici
3185 5016 3485 5071 humilitate
3534 5033 3658 5087 pro-

2093 5110 2358 5167 sternunt,
2381 5101 2522 5157 sicut
2547 5103 2659 5172 ipse
2683 5103 2814 5157 dicit
2840 5122 2853 5156 :
2891 5103 3068 5158 Venite
3113 5105 3182 5158 ad
3209 5122 3310 5170 me,
3339 5123 3516 5161 omnes
3565 5090 3656 5177 qui

2093 5190 2341 5246 laboratis
2362 5200 2410 5245 et
2425 5193 2624 5246 onerati
2647 5194 2787 5256 estis,
2804 5203 2852 5246 et
2867 5210 2957 5264 ego
2974 5211 3058 5248 vos
3077 5196 3304 5264 reﬁciam
3324 5195 3538 5268 (Matth.
3551 5200 3652 5268 xl).

2093 5281 2360 5351 Cophinos
2375 5291 2550 5336 autem
2567 5283 2794 5338 dicimus
2814 5299 2910 5353 per
2929 5300 3066 5354 quos
3086 5286 3320 5340 sordium
3333 5302 3653 5356 purgamen-

2098 5377 2150 5423 ta
2179 5370 2509 5439 projicimus,
2537 5381 2594 5425 ut
2629 5371 2728 5426 loci
2753 5373 2960 5442 puritas
2983 5375 3268 5430 elucescat.
3319 5376 3510 5432 Manus
3529 5392 3655 5446 ergo

2097 5474 2224 5514 suas
2267 5461 2322 5514 in
2374 5461 2455 5515 eis
2495 5469 2696 5527 tenent,
2768 5462 2861 5532 qui
2913 5474 3254 5532 peccatorum
3307 5464 3656 5522 immunditiis

2097 5561 2463 5622 occupantur:
2496 5556 2588 5608 sed
2609 5555 2676 5608 de
2699 5555 2802 5609 bac
2829 5558 3088 5612 servitute
3117 5557 3407 5613 liberamur
3433 5576 3462 5613 ει
3479 5560 3655 5616 Domi-

2097 5659 2189 5708 no,
2219 5644 2432 5713 quando
2460 5643 2718 5699 scelerum
2745 5655 3053 5701 nostrorum
3079 5649 3328 5704 sordibus
3355 5652 3651 5720 expiamur.

2099 5737 2226 5791 Item
2288 5736 2565 5792 duodecim
2615 5737 2828 5807 caphini
2878 5741 3101 5810 apostoli
3154 5741 3554 5814 intelliguntur,
3601 5743 3650 5796 iu
