3950 6192
319 382 428 437 695

1310 388 1399 442 DE
1436 387 1778 445 UNIVERSO
1818 387 1993 442 LIBRI
2038 388 2196 442 XXII.
2236 419 2304 427 —
2346 388 2472 442 LIB.
2515 390 2676 445 XXII.

3466 378 3570 444 006

322 497 521 567 quibus
573 495 811 551 collecta:
860 504 984 551 sunt
1049 497 1287 568 reliquiae
1346 497 1767 570 fragmentorum
1829 514 1892 552 ex
1925 503 1971 559 Α
1999 496 2333 565 lampadibus
2357 506 2534 552 autem
2560 498 2612 552 in
2645 498 2928 569 Evangelio
2954 498 3149 568 legitur
3176 498 3390 570 (Matth.
3419 502 3572 574 xxv),

324 585 565 654 quinque
615 586 845 655 panibus
890 576 947 640 et
983 587 1188 642 duobus
1238 588 1476 658 piscibus
1507 589 1720 659 (Matth.
1757 587 1893 659 XIV).

326 676 520 745 Sporta
551 673 636 729 vel
688 691 719 729 a
750 683 932 746 sparto
958 677 1074 731 ﬁeri
1124 678 1301 743 solet,
1352 679 1436 733 vel
1472 679 1614 748 quod
1651 686 1899 748 exportet

324 766 549 838 aliquid.
586 765 644 821 In
673 766 959 837 Evangelio
989 784 1200 837 quoque
1229 768 1442 839 legitur,
1490 770 1631 837 quod
1661 769 1899 823 tulerunt

325 855 558 928 apostoli
578 857 647 910 de
678 855 995 927 fragmentis
1034 867 1236 927 septem
1285 875 1482 929 panum
1514 868 1715 927 septem
1745 872 1899 927 spor-

330 957 412 1003 tas
437 947 626 1016 plenas
652 964 666 998 :
701 948 844 1015 quod
870 947 1139 1018 signiﬁcat
1166 948 1487 1019 apostolicos
1528 949 1779 1003 doctores
1806 964 1892 1009 ea,

330 1056 448 1109 quae
472 1041 624 1112 plebs
665 1054 772 1093 non
804 1039 947 1094 valet
990 1053 1306 1094 consumere
1328 1040 1392 1093 de
1421 1039 1662 1104 mysticis
1702 1039 1900 1093 doctri-

330 1132 413 1187 nis
441 1131 678 1206 Spiritus
706 1133 898 1197 sancti,
931 1134 1033 1186 hoc
1057 1130 1160 1199 ipsi
1187 1127 1242 1183 in
1272 1144 1329 1184 se
1352 1128 1624 1199 colligant.

945 1245 1168 1304 CAPUT
1215 1245 1282 1300 Χ.

766 1315 845 1369 De
879 1318 1014 1369 vasis
1055 1316 1477 1368 luminurt'orum.

395 1405 598 1461 Focum
613 1407 816 1475 antiqui
839 1407 1175 1476 appellarunt
1198 1408 1401 1476 ignem;
1431 1405 1509 1458 fos
1529 1405 1670 1458 enim
1690 1403 1896 1466 Graace,

330 1499 517 1555 Latine
554 1499 693 1568 ignis
731 1507 847 1563 est,
889 1498 1029 1552 unde
1073 1506 1127 1552 et
1158 1496 1312 1566 juxta
1348 1496 1692 1567 philosophos
1736 1509 1899 1563 quos—

328 1590 449 1642 dam
492 1596 687 1642 cuncta
718 1596 1094 1657 procreantur,
1122 1596 1176 1642 et
1200 1603 1383 1642 revera
1415 1587 1532 1641 sine
1560 1585 1737 1640 calore
1765 1582 1898 1636 nihil

328 1678 571 1732 nascitur
603 1696 617 1732 :
663 1678 797 1733 adeo
827 1687 885 1733 ut
923 1679 988 1733 de
1019 1679 1426 1747 septentrionen
1457 1685 1611 1746 poeta
1649 1677 1894 1732 dicatur:

328 1766 506 1822 διαραίιὶ
536 1786 641 1824 non
673 1769 959 1840 quidquam
990 1768 1184 1838 frigore
1210 1770 1445 1838 gignant.
1499 1767 1668 1821 Varro
1716 1776 1895 1820 autem

1997 588 2139 656 quod
2184 588 2420 657 quinque
2478 590 2716 660 virgines
2756 592 3055 658 prudentes
3109 590 3387 659 lampades
3448 609 3576 649 suas

1995 691 2115 729 cum
2151 675 2268 730 oleo
2316 677 2653 732 habuerunt:
2708 680 2831 747 quia
2862 680 3019 734 electi
3051 681 3104 733 in
3153 682 3408 736 cordibus
3456 685 3572 739 suis

1996 765 2169 819 oleum
2194 766 2575 821 misericordia:
2602 778 2656 823 et
2683 770 2964 824 charitatis
2994 780 3199 835 tenent,
3234 774 3378 842 quod
3408 772 3569 828 fatuae

1995 857 2232 927 virgines
2280 872 2384 910 non
2437 859 2656 912 habent.
2708 859 2879 924 Unde,
2930 861 3256 915 intrantibus
3300 862 3573 931 prudenti-

1996 946 2095 1001 bus
2118 948 2184 1001 ad
2210 949 2444 1016 nuptias,
2478 948 2636 1003 fatum
2665 950 3031 1019 repelluntur:
3078 961 3132 1006 et
3169 967 3354 1005 eorum
3384 967 3572 1021 opera,

1996 1052 2115 1105 quae
2139 1037 2283 1090 clara
2312 1039 2616 1092 hominibus
2646 1038 2776 1093 foris
2798 1049 3181 1108 apparuerunt,
3232 1041 3285 1094 in
3333 1043 3565 1097 adventu

1989 1125 2187 1193 judicis
2226 1127 2369 1179 intus
2415 1128 2791 1189 obscurantur,
2846 1137 2903 1181 et
2949 1143 2978 1181 a
3012 1129 3118 1181 Deo
3159 1128 3567 1184 retributionem

1996 1230 2102 1268 non
2147 1215 2485 1279 invenerunt,
2510 1218 2633 1284 quia
2675 1232 2773 1285 pro
2795 1218 2875 1271 eis
2907 1227 3223 1286 receperunt
3256 1221 3323 1272 ab
3351 1219 3580 1274 homini-

1997 1306 2099 1358 bus
2144 1305 2344 1369 laudes,
2394 1321 2528 1374 quas
2560 1316 2894 1361 amaverunt.
2950 1309 3078 1362 Item
3109 1308 3381 1377 lampades
3408 1310 3577 1379 signi-

2000 1392 2157 1447 ﬁcant
2186 1403 2494 1448 sanctorum
2521 1396 2682 1448 corda
2711 1395 3007 1465 splendida,
3059 1406 3114 1451 et
3140 1400 3381 1453 scientia:
3407 1400 3568 1454 Iumi-

1998 1499 2064 1536 ne
2090 1498 2299 1552 semper
2328 1483 2543 1552 fulgida,
2573 1494 2632 1537 ut
2660 1486 2710 1538 in
2742 1485 2977 1540 Canticis
3004 1489 3334 1542 canticorum
3360 1507 3371 1540 :
3419 1488 3575 1542 Lam-

1996 1573 2154 1642 pades
2180 1573 2312 1641 ejus,
2363 1572 2629 1643 lampades
2673 1576 2806 1644 ignis
2837 1588 2990 1647 atque
3016 1580 3351 1647 ﬂammarum
3394 1578 3571 1650 (Cant.

1999 1663 2137 1731 vm).
2184 1662 2318 1716 Item
2365 1663 2492 1716 alibi
2530 1665 2765 1733 legitur:
2825 1665 3050 1736 Lampus
3098 1679 3387 1739 contempta
3432 1671 3574 1740 apud

1998 1754 2335 1822 cogitationes
2405 1754 2625 1807 divitum
2675 1753 2839 1825 (Job.
2894 1756 3055 1828 xu);
3111 1758 3250 1828 quod
3304 1760 3576 1829 signiﬁcat

328 1856 472 1910 focos
520 1856 595 1910 ait
643 1839 837 1920 ἀίδιος,
883 1857 1024 1926 quod
1058 1855 1273 1910 foveam
1325 1859 1493 1926 ignes.
1562 1854 1698 1909 Nam
1751 1855 1889 1925 ignis
1922 1839 1966 1897 B
1994 1842 2241 1897 doctores
2278 1857 2397 1896 esse
2441 1853 2775 1914 contemptus
2802 1846 2854 1898 in
2898 1848 3150 1903 cordibus
3193 1852 3569 1919 superborum.

328 1948 444 2015 ipsa
489 1945 704 2005 ﬂamma
754 1954 858 2000 est.
928 1945 1194 2016 Quidquid
1259 1954 1434 2000 autem
1494 1946 1673 2016 ignem
1730 1945 1890 2009 fovet,

330 2018 480 2092 fucus
526 2049 774 2101 vocatur,
827 2035 944 2093 sive
986 2051 1102 2101 ara,
1158 2038 1270 2091 sive
1299 2037 1462 2098 aliud,
1517 2038 1568 2089 in
1601 2050 1709 2104 quo
1757 2035 1895 2104 ignis

329 2131 558 2188 fovetur.
588 2129 831 2184 Lucerna
857 2144 889 2183 a
913 2129 1107 2201 lychno
1136 2130 1277 2184 dicta
1309 2135 1409 2183 est.
1450 2127 1603 2182 Unde
1632 2134 1687 2181 et
1714 2127 1894 2181 brevis

323 2231 405 2275 est
425 2219 505 2282 lu,
535 2226 595 2273 ut
615 2219 831 2273 Persius
854 2235 867 2271 :

448 2318 706 2377 Disposilae
727 2319 955 2379 pinguem
978 2317 1199 2367 nebulam
1223 2333 1454 2373 vomuere
1479 2323 1709 2377 lucernae.

325 2399 382 2453 Si
408 2398 556 2453 enim
585 2414 616 2451 a
644 2397 761 2452 luce
790 2398 1082 2464 diceretur,
1112 2416 1217 2454 non
1248 2412 1417 2459 staret
1452 2422 1660 2462 versus.
1718 2409 1893 2483 Lych-

326 2503 424 2542 uus
492 2497 673 2542 autem
735 2489 892 2558 quasi
943 2488 1172 2545 lucinius
1224 2510 1238 2546 :
1290 2503 1373 2548 est
1419 2497 1563 2551 enim
1620 2500 1892 2558 cicendela

322 2579 574 2633 lacerum.
648 2576 891 2632 Lucerna
943 2579 1198 2635 Ecclesiae
1253 2581 1383 2639 ﬁdes
1430 2593 1548 2651 est,
1602 2590 1682 2642 vel
1731 2605 1892 2659 opera

316 2667 564 2741 justitize.
605 2667 757 2726 Unde
790 2668 844 2722 in
876 2668 1163 2725 Salomone
1191 2673 1450 2741 scriptum
1481 2684 1565 2730 est
1593 2696 1605 2730 :
1640 2678 1891 2748 Pmpter-

321 2776 382 2813 ea
420 2777 527 2813 non
556 2761 915 2832 extinguetur
941 2765 1154 2815 lucerna
1201 2762 1313 2832 ejus
1345 2780 1437 2832 per
1478 2774 1639 2819 totam
1692 2778 1891 2825 noctem

324 2847 506 2920 (Prov.
552 2848 728 2920 xxxi).
781 2848 911 2904 Item
965 2848 1179 2905 lucerna
1216 2852 1481 2924 signiﬁcat
1523 2857 1893 2926 propheticum

323 2953 631 2993 sermonem
678 2939 763 2993 vel
827 2941 1209 3010 praedicatores
1276 2942 1469 2998 divinae
1515 2944 1665 3016 legis.
1742 2947 1894 3006 Unde

324 3024 592 3097 I’mpheta
614 3029 690 3083 ait
721 3029 773 3082 in
796 3029 1000 3097 psalmo
1030 3048 1043 3083 :
1102 3029 1336 3086 Lucerna
1363 3035 1578 3105 pedibus
1627 3040 1753 3094 meis
1780 3057 1893 3094 ver-

322 3117 443 3171 bum
486 3126 654 3183 tuum,
693 3118 910 3173 Domine
952 3118 1081 3189 (Ps.
1130 3122 1345 3195 cxvut).
1400 3126 1468 3180 Et
1506 3127 1560 3182 in
1607 3128 1894 3202 Evangelio

325 3207 388 3261 de
410 3205 623 3272 Joanne
672 3208 907 3277 Baptista
938 3211 1195 3280 scriptum
1224 3224 1306 3267 est
1330 3232 1342 3267 :
1404 3215 1504 3270 Ille
1532 3230 1644 3272 erat
1673 3220 1887 3277 lucerna

322 3293 511 3347 ardens
538 3297 590 3347 et
639 3292 818 3347 lucens
848 3293 1027 3365 (Joan.
1055 3295 1133 3368 v).
1177 3297 1568 3354 Candelabrum
1598 3319 1628 3357 a
1656 3307 1892 3363 candelis

324 3385 548 3451 dictum,
593 3386 747 3455 quasi
792 3385 1215 3453 candelaferum,
1249 3389 1389 3457 quod
1442 3394 1722 3450 candelam
1764 3396 1888 3452 fert.

322 3475 717 3532 Candelabrum
761 3487 940 3533 autem
983 3480 1207 3551 mystice
1255 3497 1448 3550 corpus
1488 3484 1743 3552 Domini,
1806 3490 1892 3545 vel

323 3577 569 3623 sanctam
600 3569 914 3634 Ecclesium,
942 3580 1036 3625 aut
1058 3571 1291 3625 divinam
1320 3573 1654 3643 Scripturam
1683 3580 1891 3651 signiﬁ-

323 3667 430 3712 cat.
465 3656 618 3713 Unde
646 3657 698 3711 in
722 3659 981 3714 Zacharia
1008 3660 1238 3730 legitur:
1275 3661 1396 3716 Vidi
1431 3682 1463 3717 a
1489 3665 1685 3721 dextris
1705 3669 1893 3725 altaris

323 3746 641 3801 candelabra
683 3748 790 3801 duo
833 3759 1075 3819 argentea
1125 3749 1309 3822 (ΖαεΙι.
1354 3754 1448 3826 ιν).
1498 3755 1638 3825 Nam
1688 3769 1893 3827 septem

325 3836 560 3903 lucernae
582 3838 902 3893 candelabro
925 3842 1274 3910 superposita:
1294 3843 1375 3913 (ut
1395 3846 1448 3898 in
1474 3846 1655 3902 Exodo
1676 3848 1891 3922 legitur)

325 3925 654 3993 septiformis
695 3927 947 3984 Ecclesia:
990 3944 1385 3987 sacramentum
1425 3945 1480 3990 et
1511 3951 1711 4008 septem
1753 3943 1893 3998 dona

327 4015 563 4085 Spiritus
591 4021 763 4082 sancti
805 4021 1129 4092 signiﬁcant.
1161 4023 1360 4081 Cereus
1385 4042 1481 4096 per
1506 4031 1892 4092 derivationem

328 4120 357 4158 a
387 4119 516 4159 cera
548 4122 742 4163 nomen
766 4109 950 4175 habet,
980 4124 1049 4164 ex
1078 4126 1183 4181 qua
1211 4112 1493 4183 formatur,
1537 4120 1602 4174 de
1630 4136 1735 4192 quo
1761 4125 1895 4180 dici-

330 4203 445 4253 tur:

728 4342 997 4410 nocturnos
1020 4345 1255 4410 gestabo
1278 4358 1456 4397 cereus
1484 4351 1625 4410 ignes
1652 4367 1664 4403 :

575 4391 818 4445 Subducta
856 4398 982 4459 luce,
1012 4391 1163 4453 altera
1188 4391 1538 4460 luis—tibiam.

1996 1930 2107 1984 Fax
2135 1932 2300 1995 dicta,
2347 1933 2488 1999 quod
2519 1932 2697 1989 foccos
2732 1933 2934 1989 faciat:
2969 1937 3123 2005 cujus
3164 1940 3565 2004 diminutivum,

1994 2021 2188 2074 facula.
2239 2021 2471 2075 Laterna
2524 2023 2648 2077 inde
2696 2034 2909 2090 vocata,
2958 2029 3100 2094 quod
3133 2028 3303 2082 lucem
3344 2030 3570 2086 interius

1996 2112 2193 2166 habeat
2243 2110 2506 2165 clausam.
2556 2112 2645 2166 Fit
2694 2114 2839 2167 enim
2875 2130 2939 2168 ex
2970 2113 3134 2180 'vitro,
3179 2118 3387 2173 recluso
3427 2120 3572 2174 intus

1993 2203 2235 2269 lumine,
2285 2211 2345 2257 ut
2391 2204 2536 2257 venti
2581 2203 2741 2259 ﬂatus
2788 2207 2938 2260 adire
2986 2222 3090 2260 non
3144 2209 3353 2277 possit,
3395 2218 3445 2263 et
3502 2212 3569 2266 ad

1992 2293 2334 2363 praebendum
2400 2294 2581 2350 lumen
2652 2295 2810 2351 facile
2876 2299 3074 2366 ubique
3129 2299 3564 2370 circumferatur.

1994 2384 2128 2453 Pyra
2177 2392 2279 2449 est,
2326 2399 2447 2453 qua:
2489 2386 2544 2438 in
2594 2386 2810 2440 modum
2856 2402 2966 2440 aue
3007 2404 3074 2441 ex
3119 2388 3276 2459 lignis
3328 2392 3567 2444 construi

1992 2475 2148 2539 solet,
2199 2483 2258 2529 ut
2281 2476 2489 2529 ardeat.
2537 2476 2646 2530 Pur
2692 2476 2836 2531 enim
2866 2478 3006 2548 ignis
3033 2479 3248 2534 dicitur.
3304 2480 3407 2534 Sed
3438 2498 3571 2552 pyra

1992 2573 2076 2619 est
2101 2565 2368 2635 lignorum
2393 2567 2698 2636 congeries,
2744 2582 2868 2622 cum
2899 2568 3135 2623 nondum
3166 2570 3319 2624 ardet
3347 2589 3359 2624 :
3411 2587 3572 2641 rogus

1993 2662 2103 2716 est,
2128 2668 2250 2708 cum
2273 2654 2466 2709 ardere
2489 2656 2718 2725 coeperit
2749 2674 2762 2715 ;
2791 2654 3008 2713 bustum
3029 2673 3156 2714 vero
3179 2657 3292 2728 jam
3323 2672 3568 2715 exustum

1993 2750 2233 2800 vocatur.
2278 2742 2488 2799 Pharus
2541 2754 2625 2799 est
2678 2746 2841 2801 turris
2892 2748 3162 2811 maxima,
3205 2765 3368 2818 quam
3418 2749 3570 2804 Grae-

1992 2833 2043 2888 ci
2067 2847 2132 2889 ac
2155 2832 2330 2888 Latini
2354 2849 2384 2887 a
2408 2836 2677 2890 communi
2712 2836 2879 2904 ipsius
2907 2838 2982 2891 rei
3010 2852 3107 2891 usu
3130 2838 3362 2907 pharum
3386 2838 3570 2909 appel-

1993 2925 2243 2980 laverunt
2264 2940 2330 2980 eo
2374 2926 2516 2994 quod
2560 2925 2901 2981 ﬂammarum
2951 2928 3150 2983 indicio
3174 2928 3331 2998 longe
3359 2944 3391 2982 a
3421 2930 3573 2983 navi-

1994 3015 2242 3085 gantibus
2287 3015 2574 3070 videatur:
2624 3016 2765 3071 sicut
2820 3032 2983 3086 supra
3031 3018 3294 3073 diximus:
3357 3019 3569 3088 qualem

1996 3105 2314 3160 Ptolomaeus
2345 3103 2500 3172 juxta
2542 3105 2921 3160 Alexandriam
2982 3110 3350 3164 construxisse
3393 3111 3570 3164 octin—

1920 3181 1965 3242 (ἶ
1996 3197 2169 3269 gentis
2218 3195 2436 3251 talentis
2487 3198 2741 3252 traditur.
2794 3197 2933 3253 Usus
2975 3201 3092 3270 ejus
3139 3209 3246 3267 est,
3301 3210 3568 3258 nocturno

1992 3286 2209 3342 navium
2265 3287 2447 3340 cursui
2510 3287 2661 3357 ignes
2722 3290 3009 3346 ostendere
3058 3291 3126 3346 ad
3177 3294 3569 3362 pronuntianda

1991 3372 2127 3427 vada
2161 3383 2458 3443 portusque
2488 3374 2770 3441 introitus,
2811 3391 2878 3431 ne
2908 3378 3115 3448 decepti
3159 3382 3397 3436 tenebris
3422 3383 3574 3435 navi-

1991 3470 2180 3532 gantes
2204 3464 2259 3517 in
2284 3464 2533 3533 scopulos
2556 3465 2814 3521 incidant.
2849 3466 2982 3522 Nam
3013 3468 3339 3525 Alexandria
3371 3472 3571 3527 fallaci-

1990 3553 2091 3608 bus
2111 3555 2261 3609 vadis
2283 3555 2571 3611 insidiosos
2597 3571 2845 3613 accessus
2863 3559 3046 3614 habet.
3068 3559 3205 3615 Hinc
3224 3575 3353 3631 ergo
3376 3563 3428 3615 in
3449 3577 3573 3631 por-

1995 3644 2136 3699 tibus
2151 3645 2440 3719 machinas
2471 3645 2540 3699 ad
2590 3647 2911 3715 praelucendi
2940 3649 3299 3704 ministerium
3327 3651 3563 3708 fabrica—

1995 3748 2077 3794 tas
2100 3740 2298 3809 pbaros
2321 3738 2528 3793 dicunt.
2552 3738 2686 3794 Nam
2715 3742 2851 3810 phos
2876 3740 2986 3807 lux,
3010 3757 3139 3798 oros
3164 3744 3301 3798 visio
3329 3745 3527 3800 dicitur
3555 3765 3568 3800 :

1997 3829 2137 3884 unde
2164 3835 2220 3883 et
2245 3827 2437 3883 lucifer
2463 3827 2647 3884 Graece
2676 3831 3014 3900 phosphoros
3032 3832 3354 3902 appellatur.

2629 3939 2853 3995 CAPUT
2888 3940 2975 3995 XI.

2520 4008 2599 4063 De
2627 4009 2775 4062 lectis
2797 4019 2843 4062 et
2873 4009 3041 4065 sellis.

2062 4096 2292 4153 Lectica:
2312 4113 2343 4151 a
2357 4096 2511 4152 lectis
2534 4097 2718 4152 herbis
2738 4107 2959 4153 vocatae.
2987 4099 3204 4155 Stratus
3228 4115 3260 4154 a
3282 4104 3570 4158 sternendo

1993 4188 2189 4255 dictus,
2233 4188 2388 4258 quasi
2419 4188 2695 4243 storiatus.
2743 4188 2800 4243 in
2830 4190 2915 4245 bis
2952 4191 3080 4246 solis
3126 4192 3333 4260 antiqui
3357 4193 3424 4246 ad
3448 4193 3573 4248 dor.

1993 4282 2264 4336 miendum
2286 4283 2653 4348 accubabant,
2680 4284 2916 4339 nondum
2945 4286 3114 4342 laneis
3146 4288 3456 4342 stramentis
3486 4306 3573 4344 reo

1992 4372 2182 4441 pertis.
2212 4372 2411 4435 Storia,
2436 4372 2577 4441 quod
2605 4374 2676 4427 sit
2701 4384 2846 4428 terra
2879 4385 3071 4430 strata.
3102 4376 3264 4432 Cama
3282 4386 3367 4432 est
3391 4379 3571 4435 brevis

1996 4471 2054 4517 et
2095 4462 2244 4516 circa
2289 4471 2529 4517 terram:
2564 4462 2737 4518 Graeci
2769 4466 2911 4519 enim
2948 4469 3120 4521 camai
3156 4468 3317 4524 breve
3363 4471 3569 4528 dicunt.

329 4509 756 4620 εθτευξξιιιθηξι
918 4522 1401 4620 θά-ίιιυῐξιίηαηάῖιε
1443 4533 1693 4591 tenebras
1721 4540 1894 4596 noctis
1920 4511 1973 4570 Β
1996 4550 2072 4605 De
2103 4550 2259 4605 lectis
2284 4558 2339 4604 et
2375 4559 2548 4605 stratu
2584 4550 2853 4620 Propheta
2876 4555 2931 4609 in
2962 4555 3224 4612 Psalterio
3252 4559 3329 4613 ait
3354 4577 3367 4612 :
3401 4513 3569 4615 Lava:

329 4604 658 4698 accenditur,
691 4609 1274 4680 signiﬁcatdoctrinam
1310 4621 1478 4679 ﬁdelis
1501 4629 1888 4698 przedicatoris,

329 4705 448 4762 qua:
473 4694 738 4754 illuminat
765 4703 975 4760 animas
1008 4709 1172 4764 verbo
1218 4710 1313 4766 Dei
1344 4716 1626 4773 credentes
1667 4730 1722 4775 et
1766 4694 1894 4779 obe-

329 4784 558 4842 dientes.
584 4788 713 4845 Item
742 4794 808 4848 de
833 4810 957 4850 cera
988 4799 1043 4852 in
1067 4801 1277 4869 psalmo
1306 4807 1562 4876 scriptum
1593 4820 1677 4866 est
1702 4830 1715 4865 :
1746 4811 1893 4868 Sicut

327 4877 442 4973 fiuit
468 4895 587 4933 cera
614 4898 647 4934 a
674 4882 809 4951 facie
830 4886 985 4957 ignis,
1021 4891 1096 4944 sic
1121 4893 1357 4962 peribunt
1382 4910 1676 4967 peceatores
1698 4920 1731 4955 a
1758 4903 1895 4973 facie

332 4965 446 5032 Dei,
492 4979 542 5022 et
558 4969 693 5039 justi
743 4983 1016 5043 eputentur
1060 4977 1229 5051 (Psal.
1280 4965 1473 5058 vau).
1536 4965 1798 5056 Quoniam
1847 4992 1903 5047 in

325 5060 529 5128 judicio
578 5062 667 5117 Dei
694 5078 724 5118 a
752 5064 891 5123 facie
936 5069 1104 5139 ipsius
1129 5071 1208 5127 sic
1250 5074 1903 5148 dispereuntpeccatores,

332 5152 780 5218 quemadmodum
803 5172 928 5212 cera
950 5162 1196 5228 proximo
1218 5163 1340 5233 igne
1356 5170 1710 5227 consumitur.
1729 5171 1901 5228 Lacu-

333 5242 478 5296 naria
506 5244 789 5314 pendentia
816 5260 941 5304 sunt
968 5252 1169 5308 Iumina
1200 5258 1352 5327 quasi
1379 5259 1671 5328 Iucanaria,
1720 5263 1772 5317 id
1797 5272 1898 5329 est,

333 5333 384 5385 in
412 5350 539 5390 aere
562 5336 816 5394 lucentia.
860 5342 1079 5399 Funalia
1107 5346 1381 5416 dicuntur,
1412 5366 1530 5420 qua:
1559 5354 1699 5408 intra
1720 5370 1900 5411 ceram

331 5436 476 5493 sunt,
506 5427 647 5484 dicta
677 5446 707 5485 a
733 5431 969 5502 funibus,
1015 5453 1152 5508 quos
1179 5448 1307 5495 ante
1352 5457 1505 5496 usum
1535 5447 1722 5517 papyri
1773 5462 1899 5502 cera

328 5520 690 5580 circumdatos
750 5524 986 5583 habuere
1060 5528 1346 5598 majores:
1398 5534 1537 5588 unde
1597 5545 1651 5590 et
1707 5536 1899 5593 funera

334 5612 600 5667 dicuntur.
671 5614 900 5686 Lampus
944 5617 1155 5675 ﬂamma
1200 5632 1286 5678 est
1338 5623 1390 5677 in
1444 5626 1646 5682 vertice
1689 5628 1896 5694 lucens,

329 5700 466 5769 diota
497 5705 639 5772 quod
675 5705 903 5765 labentis
950 5721 1153 5767 motum
1178 5713 1467 5772 ostendam
1502 5718 1767 5776 videatur.
1823 5724 1897 5779 De

1994 4638 2057 4692 bo
2078 4655 2171 4707 per
2191 4639 2426 4709 singulas
2468 4651 2640 4694 noctes
2679 4632 2870 4696 lectum
2917 4660 3109 4709 meum,
3158 4647 3402 4718 lacrymis
3446 4651 3574 4704 meis

1992 4738 2212 4782 stratum
2238 4745 2410 4787 meum
2437 4731 2614 4799 rigabo
2644 4731 2815 4800 (Psal.
2864 4731 2962 4804 γι).
3013 4733 3069 4788 Si
3100 4735 3202 4790 hoc
3238 4737 3305 4790 ad
3332 4736 3568 4793 litteram

1996 4819 2130 4873 velis
2156 4821 2422 4888 accipere,
2468 4821 2664 4875 merito
2700 4823 2915 4890 quidem
2942 4823 3163 4890 lectum,
3206 4841 3365 4894 quem
3390 4829 3567 4882 nocti-

1998 4909 2099 4962 bus
2145 4910 2445 4978 polluerat,
2510 4910 2763 4983 Iacrymis
2825 4914 3127 4969 abluebat:
3175 4917 3271 4971 sed
3329 4918 3569 4971 occurrit

2004 4998 2330 5066 possibilitas
2391 5007 2450 5052 ut
2508 5008 2655 5055 tanta
2708 5002 2898 5058 fuisset
2955 5005 3109 5074 copia
3164 5006 3522 5074 Iacrymarum
3553 5048 3568 5070 ,

2001 5104 2122 5157 quae
2143 5105 2249 5143 non
2275 5090 2446 5144 solum
2472 5090 2684 5156 faciem,
2711 5095 2806 5147 sed
2831 5102 2886 5148 et
2911 5095 3106 5149 lectum
3140 5095 3335 5149 lavisse
3357 5096 3566 5152 dicere-

2007 5185 2111 5231 tur.
2167 5178 2506 5249 Quapropter
2553 5181 2746 5237 meIius
2779 5183 2979 5237 lectum
3006 5185 3417 5239 delectationem
3449 5201 3571 5240 cor-

2001 5269 2152 5337 poris
2196 5268 2575 5339 intelligamus,
2618 5272 2672 5326 in
2705 5288 2832 5340 qua,
2895 5273 3040 5327 velut
3086 5275 3139 5329 in
3174 5276 3337 5333 cubili
3371 5288 3560 5330 nostro

2003 5361 2354 5414 marcescenti
2378 5361 2634 5432 voluptati
2677 5364 2979 5431 renitimur,
3022 5380 3182 5434 quam
3210 5376 3391 5436 potest
3411 5368 3571 5422 homo

2003 5449 2256 5520 lacrytnis
2296 5455 2543 5519 quamvis
2588 5455 2776 5522 paucis
2807 5456 3011 5520 lavare,
3050 5459 3093 5511 si
3118 5474 3243 5513 eum
3290 5460 3569 5531 contingat

2001 5539 2210 5594 caelesti
2257 5540 2610 5610 inspiratione
2670 5543 2888 5600 deﬂere.
2951 5546 3136 5603 Cubile
3194 5557 3279 5603 est
3339 5549 3571 5606 cubandi

2003 5630 2171 5685 locus.
2224 5630 2516 5686 Grabatum
2559 5632 2802 5689 Graecum
2838 5646 2941 5695 est.
2982 5637 3238 5708 Bajunola
3281 5648 3366 5695 est
3402 5639 3572 5697 lectus

2000 5726 2091 5801 qui
2123 5726 2176 5780 in
2221 5726 2413 5783 itinere
2440 5727 2720 5796 bajulatur,
2762 5745 2791 5784 a
2815 5728 3122 5800 bajulando,
3174 5733 3225 5789 id
3252 5744 3337 5790 est
3379 5736 3571 5806 depor-
