3950 6192
355 284 457 341 607

1026 293 1087 347 Β.
1129 293 1380 348 BADANI
1418 294 1636 353 MAURI
1675 292 1987 350 ARCHIEP.
2028 292 2334 351 MOGUNT.
2374 290 2656 350 OPERUH
2693 290 2871 348 PARS
2902 293 2967 348 ll.

3494 294 3600 349 608

355 402 538 457 taiido.
593 400 674 461 De
718 405 882 462 cubili
929 415 1108 460 autem
1158 407 1231 460 ita
1260 407 1313 462 in
1356 407 1616 478 psalterio
1659 408 1923 476 scriptum
1951 407 1999 466 Α
2027 405 2221 474 quibus
2280 406 2517 476 peccatis
2566 406 2761 461 mortui
2806 406 2991 475 jacere
3035 405 3379 463 desiderant:
3455 411 3603 465 unde

353 498 438 543 est
480 508 493 546 :
528 490 593 546 In
632 494 887 549 cubilibus
927 497 1109 551 vestris
1149 499 1559 569 compunaimiui
1605 497 1774 569 (Psal.
1820 497 1916 569 tv).

356 576 612 636 Ferarum
668 582 998 638 domicilium
1034 586 1249 654 proprie
1296 586 1472 642 cubile
1522 587 1720 642 dicitur
1766 603 1797 642 a
1824 602 1923 643 cu-

355 674 550 731 bando.
596 677 875 734 Ferocium
923 695 1051 750 ergo
1095 682 1449 751 cogitationes
1490 691 1613 752 apte
1659 683 1794 737 dixit
1821 698 1919 737 cu-

353 763 480 818 hilia
517 780 532 819 :
580 768 826 835 quamvis
851 768 1119 822 interdum
1155 777 1209 825 et
1256 770 1307 824 in
1350 770 1496 824 bono
1524 771 1745 827 abusive
1778 770 1923 841 lega-

356 863 446 908 tur
491 865 842 927 assumptum,
894 866 954 911 ut
979 867 1065 913 est
1089 858 1154 913 de
1182 860 1427 915 sanctis:
1477 859 1822 915 laetabuntur
1867 864 1925 915 in

355 945 605 1002 cubilibus
627 950 736 1003 suis
757 947 927 1019 (Psal.
958 950 1160 1020 CXLIX).
1193 949 1330 1005 Nam
1353 951 1498 1020 quod
1520 951 1671 1015 dicit,
1700 952 1754 1004 in
1778 950 1922 1004 cubi-

354 1033 489 1090 libus
530 1038 707 1091 uestris
735 1040 1161 1108 compungimiui,
1205 1041 1497 1109 signiﬁcat,
1549 1042 1921 1112 paenitentiam

354 1128 515 1198 agite.
580 1128 714 1186 Nam
764 1134 1177 1201 compunctione
1233 1134 1465 1204 quadam
1513 1136 1813 1189 animarum
1863 1133 1924 1188 ﬁt

353 1229 533 1287 optata
585 1224 902 1277 conversio:
954 1238 1017 1278 ac
1069 1225 1114 1278 si
1144 1226 1387 1280 diceret:
1439 1226 1680 1280 Deserite
1725 1240 1923 1294 pravas

353 1311 706 1378 cogitationes
748 1323 996 1375 vestras,
1047 1325 1332 1384 antequam
1390 1317 1594 1370 scelera
1644 1324 1923 1385 perpetre-

357 1402 446 1454 tis.
489 1400 783 1456 Grabatum
811 1405 953 1459 enim
984 1406 1251 1475 signiﬁcat
1282 1407 1649 1461 sutl'erentiam
1676 1407 1917 1462 charita-

357 1493 425 1547 tis
450 1492 720 1548 fraternas.
751 1494 902 1550 Unde
928 1499 1186 1566 scriptum
1213 1508 1297 1553 est
1324 1499 1376 1553 in
1412 1498 1722 1568 Evangelia,
1770 1499 1920 1567 quod

357 1583 614 1639 Dominus
640 1585 837 1640 dixerit
857 1588 1151 1659 paralytico
1176 1604 1206 1642 a
1233 1604 1289 1644 se
1317 1596 1510 1644 sanato
1534 1606 1547 1643 :
1581 1588 1769 1659 Surge,
1800 1588 1924 1643 tolle

354 1674 627 1743 grabatum
655 1684 823 1739 tuum,
855 1690 903 1729 et
925 1677 1134 1732 antbula
1163 1679 1375 1749 (Matth.
1407 1680 1506 1750 IX),
1550 1680 1602 1734 id
1630 1689 1731 1745 est,
1760 1680 1924 1735 relin-

2024 510 2145 550 cum
2179 494 2433 550 Dominus
2453 493 2619 549 voluit
2638 494 2902 549 suscitare
2929 503 3220 560 mortuum,
3263 495 3430 566 jussit
3449 504 3604 553 stare

2023 581 2279 639 feretrum
2324 603 2336 636 ι
2394 584 2521 653 quia
2568 584 2739 638 vetuit
2801 583 3168 639 adulationum
3232 585 3497 658 decipulis
3545 589 3605 644 in

2021 673 2259 742 peccatis
2296 672 2497 727 diutius
2541 674 2761 729 morari.
2818 672 3051 729 Scamna
3085 684 3244 739 sunt.
3281 691 3403 746 quae
3445 677 3604 735 lectis

2023 764 2304 820 altioribus
2347 774 2705 835 apponuntur,
2760 767 2901 822 dicta
2928 783 2958 821 a
2992 768 3341 824 scandendo:
3370 769 3501 825 hinc
3545 780 3607 826 et

2023 858 2257 913 scabella
2300 857 2453 913 lectis
2495 859 2673 928 parvis
2716 858 2798 914 vel
2842 858 2987 915 sellis
3013 860 3080 914 ad
3114 876 3398 916 ascensum
3435 876 3605 932 appo-

2022 956 2242 1002 nuntur.
2286 945 2589 1003 Scabellum
2630 956 2811 1003 autem
2848 956 2903 1003 et
2940 950 3346 1020 suppedaneum
3376 952 3598 1007 dicitur.

2023 1036 2156 1090 Nam
2195 1034 2367 1093 Graeci
2419 1038 2721 1108 upopodion
2767 1038 2993 1103 dicunt,
3039 1038 3214 1094 Latini
3270 1042 3602 1107 scabellum,

2023 1128 2110 1181 alii
2138 1128 2558 1197 suppedaneum,
2601 1130 2741 1196 quod
2768 1131 2867 1183 sub
2899 1129 3128 1198 pedibus
3156 1130 3249 1185 sit.
3295 1129 3603 1186 Scahcllum

2024 1216 2430 1271 humiliatarum
2489 1216 2882 1285 subjectionem
2942 1219 3249 1289 signiﬁcat,
3298 1229 3358 1274 ut
3405 1230 3490 1275 est
3543 1221 3602 1274 in

2022 1307 2269 1377 psalmo:
2309 1307 2485 1361 Donec
2532 1325 2722 1377 ponam
2752 1308 2988 1363 inimicos
3015 1319 3131 1364 tuos
3174 1310 3462 1365 scabellum
3508 1329 3602 1381 pe-

2022 1397 2147 1450 dum
2175 1407 2383 1451 tuorum
2413 1395 2585 1468 (Psal.
2610 1400 2741 1465 cut).
2769 1396 2939 1453 Sedes
2962 1399 3127 1462 dicta,
3156 1402 3415 1470 quoniam
3456 1401 3607 1470 apud

2024 1495 2241 1541 veteres
2270 1485 2543 1540 Romanos
2567 1501 2673 1540 non
2700 1495 2820 1541 erat
2867 1502 2999 1543 usus
3033 1488 3411 1553 accumbendi,
3457 1489 3607 1544 unde

2023 1585 2078 1631 et
2098 1576 2389 1632 consedere
2422 1575 2735 1631 dicebantur
2758 1594 2771 1630 :
2810 1586 3095 1648 propterea
3115 1575 3208 1649 (ut
3236 1578 3312 1632 ait
3342 1577 3517 1632 Varro
3538 1578 3607 1631 de

2024 1666 2147 1722 Vita
2191 1666 2375 1737 populi
2425 1667 2687 1739 Romani)
2734 1668 2836 1723 viri
2887 1668 3226 1723 discumbere
3296 1680 3604 1740 coeperunt,

355 1780 462 1832 que
500 1774 720 1833 peccata
767 1768 1014 1836 pristina,
1071 1746 1481 1824 necessitatibus
1528 1770 1753 1825 fratrum
1795 1785 1920 1825 suc-

2029 1758 2280 1813 mulieres
2304 1758 2493 1815 sedere
2518 1776 2530 1811 :
2558 1759 2683 1828 quia
2726 1759 2896 1829 turpis
2924 1760 3075 1814 visus
3101 1759 3156 1813 in
3183 1759 3411 1814 muliere
3440 1776 3607 1815 accu-

354 1870 555 1910 curre:
605 1859 742 1912 etin
769 1860 1036 1915 universis
1087 1875 1208 1930 qua:
1258 1861 1391 1931 agis,
1423 1862 1567 1927 vide,
1617 1877 1683 1917 ne
1726 1862 1781 1916 in
1822 1863 1926 1917 hoc

355 1946 554 2001 saeculo
582 1958 817 2005 mentem
866 1948 1021 2021 ligas,
1070 1951 1164 2006 sed
1192 1951 1261 2006 ad
1286 1952 1572 2007 videndam
1603 1952 1799 2007 faciem
1848 1954 1924 2007 tui

360 2036 583 2093 iestines
613 2039 1021 2113 Redemptoris:
1043 2056 1222 2113 surge,
1258 2043 1401 2097 bona
1424 2043 1698 2113 operando
1726 2061 1739 2096 :
1768 2052 1924 2113 porta

360 2128 643 2195 grabatum
690 2141 840 2184 tuum
864 2169 880 2196 ,
921 2131 1188 2201 diligendo
1232 2132 1535 2202 proximum
1560 2150 1573 2186 :
1603 2140 1660 2187 et
1688 2132 1922 2196 ambula,

352 2222 720 2288 exspectando
740 2220 953 2277 beatam
978 2238 1126 2292 spem
1148 2232 1205 2277 et
1231 2224 1516 2279 adventum
1539 2224 1722 2292 gloria:
1744 2225 1924 2296 magni

358 2306 473 2361 Dei.
508 2308 640 2363 Nam
660 2310 816 2379 juxta
839 2313 1148 2383 allegoriam
1171 2315 1341 2371 lectus
1366 2324 1459 2370 aut
1486 2316 1725 2385 requiem
1757 2316 1926 2388 signi-

359 2398 485 2454 ﬁcat
542 2401 596 2455 in
638 2399 893 2467 Christo,
943 2411 1039 2457 aut
1079 2405 1546 2473 eontemplativam
1591 2406 1779 2470 vitam,
1832 2415 1927 2461 aut

356 2490 725 2546 inﬁrmitatem
762 2508 1095 2561 corpoream,
1127 2504 1220 2548 aut
1245 2495 1411 2549 vitam
1460 2496 1790 2565 opulentam,
1830 2504 1928 2551 aut

357 2580 735 2636 haereticorum
781 2583 1147 2653 deceptionem
1173 2625 1189 2651 ,
1235 2595 1329 2641 aut
1356 2588 1755 2643 tribulationem
1799 2588 1926 2644 vita:

357 2667 572 2723 ιυωτω.
618 2668 815 2727 Ιιθειιιε
851 2673 994 2727 enim
1021 2673 1274 2731 Ecclesia:
1327 2676 1541 2746 requies
1565 2684 1652 2732 est
1680 2678 1736 2731 in
1768 2678 1928 2733 Chri-

353 2767 465 2823 sto,
488 2766 547 2813 ut
567 2767 652 2814 est
679 2759 806 2817 illud
837 2762 890 2816 in
919 2761 1142 2819 Cantico
1170 2766 1499 2820 canticorum
1523 2783 1538 2820 :
1574 2765 1711 2820 Ecce
1734 2766 1924 2821 lectum

360 2846 658 2904 Salomonis
718 2851 989 2922 sexaginta
1036 2852 1196 2921 fortes
1238 2853 1473 2910 ambiunt
1524 2851 1724 2927 (Cant.
1795 2871 1856 2910 III
1879 2856 1921 2928 ).

358 2935 490 2991 Item
517 2937 687 2995 lectus
716 2942 930 3010 requies
952 2943 1234 3012 spiritalis,
1263 2944 1367 2999 hoc
1390 2952 1491 3009 est,
1540 2944 1652 2998 vita
1682 2953 1922 3001 contem-

357 3028 557 3097 plativa
608 3031 664 3085 in
714 3031 1039 3088 Salomone:
1089 3032 1158 3089 In
1203 3033 1391 3088 lectulo
1433 3051 1547 3089 meo
1591 3052 1685 3104 per
1723 3044 1923 3089 noctem

355 3120 570 3187 σηιεεὲιᾶ
592 3160 608 3185 ,
656 3138 804 3191 quem
830 3122 1091 3176 desiderat
1126 3125 1304 3178 anima
1350 3140 1466 3177 mea
1507 3124 1717 3195 (Ibid.).
1765 3124 1831 3178 Et
1869 3124 1922 3178 in

359 3207 673 3280 Evangelio:
705 3209 845 3264 Tunc
868 3212 973 3266 duo
1000 3223 1152 3267 erunt
1183 3214 1239 3267 in
1265 3213 1415 3279 lecto,
1444 3231 1580 3269 unus
1605 3224 1922 3280 assumetur,

352 3307 404 3350 et
459 3315 595 3353 unus
644 3299 966 3368 relinquetur
1011 3301 1180 3372 (Luc.
1227 3303 1399 3376 xvu).
1451 3304 1685 3360 Rursum
1730 3305 1922 3373 lectus,

357 3387 592 3442 hominis
627 3403 846 3457 corpus,
896 3390 981 3444 vel
1033 3390 1320 3447 inﬁrmitas
1349 3395 1528 3448 carnis
1576 3394 1631 3448 in
1675 3394 1922 3463 psalmo:

361 3475 613 3531 Dominus
662 3493 809 3548 opem
854 3479 989 3548 [erat
1026 3480 1106 3533 illi
1150 3482 1519 3553 superiectum
1574 3482 1770 3539 doloris
1811 3486 1925 3555 ejus

356 3566 547 3636 (Psal.
589 3566 717 3640 ιι).
763 3569 831 3623 Et
873 3570 1040 3626 alibi:
1092 3571 1297 3628 Lavabo
1341 3591 1434 3644 per
1476 3574 1708 3645 singulas
1753 3585 1925 3631 noctes

357 3657 544 3711 lectum
580 3672 753 3711 meum
786 3658 958 3730 (Psal.
979 3658 1078 3731 vt).
1112 3661 1306 3718 Lectus
1334 3664 1441 3718 vita
1470 3663 1752 3735 opulenta:
1780 3667 1926 3723 sicut

360 3745 413 3799 in
465 3745 632 3801 Amos
657 3760 757 3815 pro
797 3748 1052 3805 divitibus
1094 3751 1254 3821 hujus
1293 3752 1476 3808 muli
1525 3754 1760 3810 dicitur:
1811 3755 1917 3822 Qui

354 3836 592 3891 dormitis
635 3839 691 3891 in
734 3838 879 3894 lectis
922 3841 1160 3897 eburneis
1209 3843 1406 3913 (Amos
1454 3861 1508 3900 vx
1533 3844 1574 3917 ).
1624 3845 1822 3903 Lectus
1868 3849 1921 3904 in

356 3926 595 3981 Ecclesia
633 3928 1008 3984 haereticorum
1044 3931 1309 4001 deceptio,
1343 3934 1409 3989 de
1439 3950 1546 4004 quo
1573 3935 1626 3990 in
1675 3936 1921 3994 Salomo-

356 4032 425 4070 ne
443 4016 701 4086 scriptum
724 4026 810 4074 est
830 4037 844 4073 :
862 4018 1077 4074 Iutexui
1098 4020 1287 4076 lectum
1315 4039 1484 4077 meum
1505 4025 1714 4093 funibus
1737 4026 1918 4097 (Prov.

353 4108 475 4177 vn),
500 4110 604 4164 hoc
622 4117 729 4175 est,
755 4111 984 4167 vinculis
1022 4123 1391 4182 peccatorum.
1445 4114 1646 4173 Lectus
1693 4119 1918 4176 tribula-

353 4202 429 4256 tio
472 4202 596 4257 vitte
638 4201 850 4258 futura.
897 4202 1036 4259 Hinc
1059 4205 1257 4260 dicitur
1285 4206 1339 4261 in
1370 4206 1738 4279 Apocalypsi:
1781 4209 1923 4265 Ecce

352 4291 500 4346 mitto
537 4289 684 4344 illam
709 4291 763 4346 iu
790 4291 981 4346 lectum
1011 4308 1030 4346 :
1058 4303 1106 4346 et
1130 4296 1220 4364 qui
1246 4296 1535 4350 mactantur
1577 4313 1696 4351 cum
1733 4314 1817 4364 ea,
1864 4301 1922 4354 in

2025 1846 2186 1901 bitus.
2212 1846 2380 1902 Sedes
2398 1855 2577 1902 autem
2593 1847 2817 1916 mystice
2830 1847 3096 1917 signiﬁcat
3112 1847 3354 1903 habitum
3377 1863 3610 1917 regnan-

2026 1938 2095 1993 tis
2130 1940 2245 1994 sive
2282 1938 2595 2008 judicantis.
2646 1937 2798 1995 Unde
2844 1937 3043 1995 dicitur
3070 1940 3124 1994 in
3154 1938 3398 2009 psalmo:
3440 1938 3610 1995 Sedes

2023 2036 2115 2080 tua
2155 2028 2209 2082 iu
2233 2026 2487 2082 sa’culum
2526 2027 2706 2083 swculi
2738 2026 2910 2099 (Psal.
2941 2027 3109 2098 χιιι)
3158 2036 3213 2081 et
3240 2028 3434 2082 iterum
3461 2046 3475 2080 :
3510 2026 3608 2083 Se-

2023 2116 2133 2181 des,
2184 2118 2376 2186 inquit,
2423 2134 2580 2188 super
2614 2119 2880 2183 thronum,
2929 2119 3020 2189 qui
3040 2118 3256 2187 judicas
3303 2118 3606 2189 a’quitatem

2024 2204 2192 2277 (Psal.
2249 2208 2346 2278 ιι).
2399 2206 2465 2262 Et
2494 2207 2547 2261 in
2594 2206 2882 2278 Evangelio
2929 2207 3184 2262 Dominus
3213 2206 3470 2277 apostolis
3497 2206 3604 2259 ait:

2022 2296 2260 2349 sedebitis
2282 2312 2436 2366 super
2455 2297 2621 2360 sedes,
2631 2296 2931 2366 judicantes
2952 2296 3225 2349 duodecim
3245 2295 3409 2349 tribus
3433 2293 3608 2349 Israel

2024 2386 2240 2458 (Matth.
2282 2386 2419 2458 xxx).
2450 2386 2732 2442 Cathedra:
2755 2387 2900 2441 enim
2948 2386 3107 2442 sedes
3142 2387 3422 2441 doctorum
3453 2393 3604 2447 sunt,

2023 2487 2079 2533 ct
2104 2479 2407 2550 signiﬁcant
2435 2479 2662 2549 mystice
2708 2478 2933 2535 docendi
2983 2487 3328 2549 potestatem,
3389 2485 3485 2531 aut
3510 2478 3606 2531 do-

2024 2569 2249 2623 ctrinam
2273 2568 2404 2639 legis
2432 2567 2621 2638 Moysi,
2668 2569 2782 2624 sive
2815 2568 2977 2623 etiam
3005 2567 3382 2622 haereticorum
3408 2566 3610 2621 doctri-

2024 2673 2167 2711 nam.
2234 2657 2368 2711 Nam
2417 2657 2672 2711 cathedra
2719 2658 2961 2712 doctrina
3006 2656 3087 2712 vel
3130 2664 3374 2726 potestas
3420 2662 3507 2708 est
3549 2654 3602 2709 in

2023 2750 2278 2819 psalterio
2301 2767 2316 2804 :
2347 2748 2609 2804 Cathedra
2647 2749 2910 2803 seniorum
2934 2748 3109 2803 laudet
3132 2764 3249 2803 eum
3274 2745 3445 2819 (Psal.
3469 2746 3601 2817 ενι).

2024 2839 2290 2896 Cathedra
2325 2840 2572 2895 doctrina
2596 2839 2731 2907 legis
2768 2838 2935 2912 Moysi
2968 2840 3023 2894 in
3048 2839 3340 2910 Evangelio
3368 2858 3382 2893 :
3431 2837 3604 2909 Super

2024 2931 2325 2986 cathedram
2388 2931 2555 3001 Moysi
2581 2932 2826 2986 sederunt
2873 2930 3058 2985 scribae
3103 2940 3150 2985 et
3204 2929 3503 2984 sacerdotes
3554 2938 3601 2980 et

2027 3019 2286 3076 Pharisaei
2314 3021 2528 3093 (Matth.
2555 3020 2733 3093 nui).
2780 3021 3051 3077 Cathcdra
3094 3020 3468 3075 haereticorum
3511 3019 3610 3073 do-

2028 3118 2224 3182 ctrina,
2252 3127 2312 3172 ut
2340 3117 2393 3172 in
2415 3116 2658 3186 psalmo:
2711 3116 2777 3170 Et
2802 3117 2857 3169 in
2891 3115 3139 3169 cathedra
3163 3113 3470 3184 pestilentia:
3497 3129 3601 3166 non

2028 3208 2158 3262 sedit
2187 3205 2361 3282 (Psal.
2393 3206 2456 3278 ι).
2488 3206 2688 3262 Sedere
2719 3207 2864 3260 enim
2887 3205 3084 3260 docere
3113 3213 3214 3259 est.
3269 3201 3497 3264 Solium,
3545 3199 3598 3254 in

2027 3313 2135 3367 quo
2184 3312 2340 3368 reges
2389 3297 2580 3353 sedent
2628 3307 2848 3367 propter
2887 3294 3155 3350 cautelam
3202 3292 3444 3362 corporis
3491 3290 3598 3354 sui,

2027 3388 2322 3442 secundum
2379 3386 2638 3457 quosdam
2696 3401 2728 3440 a
2777 3386 2991 3441 solidite
3057 3384 3257 3439 dictum
3302 3382 3457 3452 quasi
3506 3397 3594 3436 so-

2025 3482 2191 3537 dium.
2239 3480 2544 3536 Secundum
2592 3479 2727 3534 alios
2769 3494 2866 3549 per
2906 3478 3263 3540 antistichon,
3310 3474 3466 3544 quasi
3506 3488 3595 3527 so—

2024 3572 2194 3638 dium,
2246 3586 2278 3627 a
2303 3570 2576 3626 sedendo:
2612 3570 2753 3625 unde
2780 3577 2836 3624 et
2862 3568 3014 3632 sella,
3052 3568 3207 3637 quasi
3234 3566 3394 3630 scda,
3450 3564 3590 3620 dicta

2023 3673 2125 3727 est,
2169 3669 2224 3717 et
2262 3660 2532 3724 subsellia,
2574 3660 2729 3731 quasi
2782 3658 3051 3713 subsedia.
3096 3644 3298 3710 Solibm
3346 3654 3492 3709 enim
3537 3653 3589 3706 in

2026 3752 2318 3822 Scripturis
2345 3751 2516 3807 sacris
2557 3750 2832 3821 regnantis
2861 3749 3101 3803 habitum
3125 3757 3180 3802 et
3208 3746 3403 3801 divina:
3429 3744 3593 3814 maje-

2023 3843 2177 3899 statis
2222 3842 2592 3897 excellentiam
2625 3840 2822 3911 signat.
2873 3838 3026 3894 Unde
3064 3837 3323 3892 Dominus
3354 3835 3408 3889 in
3453 3833 3588 3889 Isaia

2022 3942 2077 3988 et
2122 3934 2176 3987 in
2208 3931 2412 3987 Michea
2441 3931 2634 4001 legitur
2660 3930 2864 3985 sedisse
2908 3944 3069 4000 super
3095 3928 3287 3983 solium
3317 3925 3588 3981 excelsum

2020 4034 2076 4079 et
2119 4025 2386 4079 elevatum
2433 4022 2580 4095 (lsa.
2638 4022 2751 4089 vt).
2798 4021 2966 4075 Filius
3007 4021 3149 4075 enim
3194 4019 3287 4073 Dci
3333 4018 3590 4073 Dominus

2021 4123 2205 4169 noster
2250 4112 2407 4168 Jesus
2451 4111 2697 4166 Christus
2740 4112 2842 4166 hac
2888 4110 3156 4166 sententia
3206 4109 3259 4163 in
3313 4106 3587 4179 regnantis

2020 4203 2208 4258 habitu
2249 4200 2687 4262 demonstratur,
2728 4199 2818 4268 qui
2863 4206 3055 4268 regnat
3098 4197 3151 4250 in
3200 4204 3489 4259 mternum,
3535 4203 3585 4248 et

2019 4294 2169 4349 sedet
2194 4305 2357 4361 super
2392 4289 2572 4346 sedem
2613 4297 2856 4344 sanctam
2900 4302 3073 4341 suam.
3122 4284 3385 4354 Tripodes
3413 4298 3583 4338 scam-

351 4396 541 4450 ntagua
570 4380 899 4436 tribulatione
936 4392 1088 4437 erunt
1118 4381 1301 4455 (Apoc.
1334 4384 1417 4457 ιι).
1471 4385 1723 4442 Pulvinar
1749 4388 1920 4444 lectus
1942 4419 1996 4478 Β
2023 4381 2147 4436 nelli
2174 4388 2321 4445 sunt,
2371 4378 2632 4433 habentes
2671 4387 2780 4431 tres
2812 4375 3014 4478 pedes-z
3048 4373 3152 4478 ‘sed
3182 4383 3237 4428 et
3262 4373 3583 4478 candelabra

353 4468 576 4524 divitum
604 4476 724 4523 est:
754 4468 880 4524 inde
905 4478 961 4524 et
997 4471 1264 4540 pulvilius.
1303 4471 1563 4529 Pulvillus
1591 4476 1737 4530 enim
1760 4477 1919 4547 signi-

350 4556 476 4614 ﬁcat
523 4557 888 4627 deceptionem
929 4561 1308 4629 adulatorum;
1350 4564 1491 4620 unde
1532 4565 1793 4635 scriptum
1834 4576 1919 4622 est

348 4653 406 4708 in
431 4651 692 4721 propheta
719 4668 734 4705 :
767 4650 862 4705 γω
887 4654 1050 4719 vobis,
1094 4656 1186 4724 qui
1209 4658 1484 4711 consuistis
1538 4656 1780 4727 pulvillos
1818 4660 1915 4712 sub

346 4743 490 4801 omni
516 4740 693 4794 cubitu
718 4756 926 4807 manus,
955 4753 1004 4796 et
1034 4745 1308 4800 cervicalia
1343 4746 1413 4801 ad
1441 4748 1645 4802 animus
1669 4747 1916 4817 diripien-

343 4834 442 4895 das
471 4830 689 4904 (Ezech.
712 4829 855 4902 xm).
885 4831 1102 4901 Sponda
1130 4845 1313 4890 autem
1342 4837 1581 4891 exterior
1605 4852 1733 4907 pars
1760 4837 1910 4904 lecti,

344 4924 557 4995 pluteos
607 4926 849 4982 interior.
899 4926 1148 4984 Geniales
1189 4927 1316 4983 lecti
1355 4928 1570 4998 proprie
1605 4935 1763 4994 sunt,
1824 4930 1920 4999 qul

343 5026 661 5079 sternuntur
685 5018 876 5087 puellis
920 5017 1282 5075 nubentibus:
1318 5017 1450 5074 dicti
1487 5026 1668 5073 autem
1689 5033 1722 5072 a
1750 5034 1908 5090 geno-

349 5109 533 5163 raudis
581 5110 784 5167 liberis.
846 5110 1122 5167 Cunabula
1172 5117 1299 5169 sunt
1354 5109 1571 5175 lectuli,
1621 5110 1676 5164 in
1723 5111 1918 5179 quibus

348 5195 576 5253 infantes
613 5197 802 5268 jacere
842 5208 1268 5264 consueverunt,
1328 5199 1504 5263 dicta,
1538 5200 1681 5268 quod
1738 5200 1914 5268 partui

344 5290 721 5357 adhibeantur,
761 5293 914 5362 quasi
939 5293 1223 5365 cynabula.
1260 5289 1392 5345 Nam
1431 5290 1589 5347 cuein
1622 5300 1704 5345 est
1728 5292 1913 5348 Grtece

345 5379 511 5445 eniti:
543 5380 660 5436 hac
705 5397 848 5453 sepe
880 5383 1100 5438 abusive
1137 5397 1235 5452 pro
1280 5379 1547 5436 infantum
1576 5381 1911 5437 nutrimento

348 5475 645 5550 ponuntur;
687 5468 971 5525 Feretrum
990 5470 1188 5525 dicitur
1233 5484 1298 5525 eo
1346 5468 1489 5537 quod
1526 5467 1580 5521 in
1608 5482 1674 5522 eo
1717 5469 1910 5523 mortui

344 5560 678 5627 deferantur.
710 5560 865 5628 Quod
889 5570 945 5616 et
963 5560 1075 5629 jam
1105 5560 1327 5631 mystice
1368 5558 1637 5628 signiﬁcat
1664 5558 1913 5612 adulato-

342 5669 464 5723 rum
491 5654 725 5717 favores.
773 5652 856 5711 vel
882 5651 1052 5711 malas
1080 5650 1494 5711 consuetudines
1534 5649 1831 5715 hominum,
1855 5649 1908 5706 in

2023 4471 2229 4542 tripoda
2253 4478 2395 4535 sunt,
2425 4469 2550 4540 quia
2578 4467 2824 4523 similiter
2849 4475 2960 4521 tres
2980 4464 3183 4520 habent
3206 4464 3392 4536 pedes.

2610 4579 2837 4634 CAPUT
2878 4578 2992 4634 XII.

2612 4649 2686 4703 De
2728 4649 2993 4704 uehiculis.

2086 4738 2312 4795 Carrum
2342 4754 2373 4793 a
2421 4738 2640 4795 cardine
2676 4749 2919 4793 rotarum
2956 4739 3178 4802 dictum,
3223 4739 3443 4793 undcet
3468 4754 3583 4793 cur-

2018 4844 2112 4883 rus
2152 4828 2300 4893 dicti,
2327 4826 2468 4897 quod
2496 4834 2641 4882 rotas
2675 4828 2874 4884 habere
2916 4828 3186 4884 videntur.
3238 4827 3373 4881 Rota
3404 4835 3583 4882 autem

2018 4919 2183 4984 dicta,
2198 4918 2340 4987 quod
2368 4926 2505 4979 ruat,
2530 4927 2585 4971 et
2598 4918 2885 4973 rotundum
2910 4935 2939 4973 a
2963 4927 3079 4973 rota
3101 4924 3372 4973 vocatum.
3395 4916 3578 4972 Rheda

2017 5024 2185 5079 genus
2224 5007 2452 5063 vehiculi
2491 5015 2724 5078 quatuor
2758 5018 2996 5063 rotarum
3024 5028 3037 5061 :
3068 5009 3167 5063 has
3204 5008 3413 5077 antiqui
3439 5014 3583 5060 retas

2016 5099 2283 5164 dicebant,
2325 5106 2542 5168 propter
2565 5099 2706 5167 quod
2749 5098 3007 5152 haberent
3043 5105 3210 5151 mtas.
3250 5095 3576 5165 Carpentum

2014 5190 2372 5262 pompaticum
2395 5190 2621 5245 vehiculi
2649 5205 2841 5259 genus,
2883 5189 3034 5259 quasi
3056 5203 3273 5243 carrum
3321 5184 3580 5257 pompati-

2016 5295 2157 5334 cum.
2185 5278 2486 5333 Plaustrum
2509 5278 2810 5333 vehiculum
2831 5281 3053 5333 duarum
3079 5287 3340 5340 rotarum,
3384 5275 3578 5345 quibus

2016 5386 2182 5427 onera
2205 5369 2517 5425 deferuntur
2555 5388 2568 5421 :
2603 5379 2658 5425 et
2677 5371 2880 5425 dictum
2917 5370 3235 5439 plaustrum,
3265 5368 3391 5438 quia
3420 5365 3580 5422 volvi.

2020 5471 2140 5516 tur:
2178 5458 2329 5527 quasi
2367 5459 2574 5513 diceres
2608 5458 2909 5529 pilastrum.
2958 5459 3093 5514 Buta
3135 5466 3318 5512 autem
3344 5455 3574 5527 mystice

2016 5549 2279 5620 signiﬁcat
2305 5556 2397 5601 aut
2425 5547 2631 5614 orbem,
2660 5554 2753 5600 aut
2780 5548 2944 5601 vitam
2958 5548 3282 5609 .humanam,
3314 5555 3409 5600 aut
3438 5543 3576 5599 volu-

2016 5641 2276 5697 bilitatem
2304 5640 2517 5703 animm,
2540 5646 2632 5693 aut
2658 5638 3061 5694 instabilitatem
3084 5638 3333 5693 humana:
3362 5633 3570 5692 mentis.
