3950 6192
291 375 399 435 669

1252 381 1342 453 DE
1381 376 1725 440 umvanso
1758 381 1936 439 unm
1974 382 2134 440 χχιι.
2177 416 2245 428 -
2281 386 2411 447 LIB.
2453 384 2618 446 xxu.

3440 400 3550 460 6m

293 470 430 527 Nam
478 476 533 528 in
581 475 788 545 psalmo
836 477 1093 545 scriptum
1120 483 1242 530 est:
1301 474 1412 529 Vox
1451 477 1667 529 tonitrui
1695 478 1773 530 tui
1815 477 1872 528 in
1901 486 1949 545 Α
1974 477 2312 533 circumdato
2340 482 2491 537 exire
2519 482 2696 548 liceat,
2718 486 3006 543 observare
3034 500 3346 547 noscuntur.
3373 494 3549 554 Scalas

295 572 409 615 rota
432 562 606 634 (Psal.
632 563 835 637 Lxxvi).
859 564 918 619 In
943 574 1060 618 rota
1084 579 1234 635 ergo,
1265 564 1317 619 id
1339 574 1441 629 est,
1465 565 1517 618 in
1544 565 1745 619 mundo
1769 580 1873 620 vox

295 653 518 708 tonitrui
566 653 685 723 ejus
748 670 965 726 egressa
1023 663 1146 720 est,
1211 654 1429 724 quando
1492 654 1873 723 praedicatores

293 742 492 799 Christi
537 744 802 799 circulum
854 744 1020 799 totius
1068 744 1215 799 orbis
1261 743 1444 799 verbis
1493 743 1871 799 intonantibus

295 832 674 903 impleverunt.
736 835 793 889 In
839 833 1120 889 Ezechiele
1166 843 1347 889 autem
1389 832 1763 903 multipliciter
1805 833 1873 889 de

293 927 430 978 rotis
459 924 795 995 disputatum
827 933 932 989 est,
959 924 1050 979 ubi
1080 924 1271 995 legitur
1302 920 1521 995 (Ezech.
1552 939 1593 989 l,
1617 922 1694 997 ς),
1724 922 1871 994 quod

291 1013 631 1083 apparuisset
668 1013 821 1084 juxta
845 1012 1095 1067 animalia
1144 1022 1260 1066 rota
1299 1026 1404 1065 una
1434 1026 1599 1082 super
1645 1023 1868 1075 terram,

289 1112 493 1174 etpost
540 1105 757 1159 modum
805 1105 872 1161 de
923 1112 1151 1174 quatuor
1200 1104 1333 1159 rotis
1373 1112 1580 1169 narrat,
1641 1119 1869 1174 quarum

288 1201 545 1262 aspectus
572 1202 692 1249 erat
720 1202 771 1248 et
800 1208 985 1264 opera,
1010 1194 1165 1263 quasi
1195 1194 1267 1248 sit
1292 1202 1409 1247 rota
1433 1193 1488 1247 in
1513 1193 1691 1249 medio
1716 1201 1866 1249 rotae.

290 1282 349 1337 Si
381 1282 503 1353 quis
534 1292 706 1337 rotam
735 1298 1058 1353 cursumque
1084 1284 1390 1338 considerat
1417 1293 1676 1354 tempore,
1717 1285 1867 1339 vide—

288 1376 368 1429 liit
416 1376 677 1431 mundum
722 1392 843 1431 esse
870 1377 1195 1448 completum
1242 1389 1496 1433 sermone
1544 1376 1864 1448 apostolico.

291 1465 427 1520 [tota
459 1479 674 1535 quoque
720 1465 773 1519 in
826 1475 945 1520 rota
997 1467 1081 1521 vel
1128 1464 1357 1521 duorum
1398 1464 1654 1533 iunctura
1682 1464 1869 1520 Testa-

288 1563 595 1609 inentorum
623 1565 726 1621 est,
754 1557 896 1625 quod
915 1556 1118 1612 indicat
1145 1557 1287 1611 scala
1314 1553 1645 1628 Jacob(Gen.
1671 1556 1867 1625 xxvm)

287 1654 344 1698 ct
375 1642 591 1714 forceps
637 1644 786 1700 Isaiae
831 1645 966 1717 (lsa.
1005 1646 1113 1717 vn),
1166 1654 1222 1701 et
1273 1646 1479 1716 gladius
1529 1647 1613 1701 bis
1655 1655 1865 1712 acutus,

1974 576 2102 621 sunt
2121 578 2432 626 sanctorum
2454 573 2746 642 profectus,
2778 588 2839 631 ut
2865 578 2916 632 in
2946 577 3138 635 Genesi
3169 582 3364 653 legitur
3401 605 3413 640 :
3456 588 3549 642 Vi;

1971 656 2147 729 ditque
2173 659 2337 715 Jacob
2374 663 2431 717 in
2452 667 2666 720 somniis
2692 668 2890 723 scalam
2911 680 3131 726 stantem
3151 690 3307 744 super
3327 688 3542 751 terram,

1970 755 2019 799 et
2047 762 2292 804 cacumen
2318 751 2462 806 illius
2490 764 2707 825 tangens
2732 758 2919 814 caelum
2946 760 3096 833 (Gen.
3119 767 3335 837 xxviii).
3356 767 3546 842 Scopa

1971 851 2116 891 cura:
2141 848 2269 893 sunt
2300 844 2685 912 superstitiosae
2710 863 2810 919 per
2845 866 3037 908 vanam
3076 856 3323 926 gloriam,
3357 871 3415 916 ut
3460 876 3547 921 est

1971 925 2099 983 illud
2123 931 2530 1001 evangelicum:
2571 934 2639 989 Et
2664 940 2871 994 veniens
2893 925 3318 1003 invenitdomum
3357 969 3551 1009 vocand

1970 1026 2094 1083 tem,
2142 1023 2311 1092 scopis
2365 1025 2671 1080 mandatam
2700 1040 2746 1082 et
2778 1042 3019 1087 ornatam
3055 1035 3206 1105 (Luc.
3256 1040 3355 1114 χι).
3391 1043 3460 1099 Ει
3489 1046 3550 1103 in'

1969 1107 2129 1164 aliam
2154 1120 2385 1206 partem,
2415 1124 2475 1171 ut
2506 1116 2558 1170 in
2584 1116 2759 1175 Isaia:
2800 1120 2871 1174 Et
2906 1126 3127 1193 scopabo
3188 1107 3323 1186 eum.
3362 1150 3546 1206 scopa,

1968 1206 2137 1253 terens
2172 1199 2307 1271 (Isa.
2357 1203 2492 1277 xw),
2535 1206 2589 1261 id
2633 1216 2738 1273 est,
2778 1212 3144 1271 satisfactione
3192 1199 3542 1288 pmnitentim;

2037 1288 2275 1345 Forﬁces
2303 1296 2595 1351 secundum
2620 1302 2996 1375 etymologiam
3024 1308 3068 1361 si
3092 1323 3122 1362 a
3153 1311 3243 1365 ﬁlo
3269 1315 3542 1383 dicuntur,

1967 1377 1997 1447 Ῑ
2010 1381 2247 1448 ponitur,
2274 1391 2334 1436 ut
2360 1382 2594 1450 forﬁces,
2625 1404 2745 1457 quae
2773 1403 2898 1447 sunt
2934 1404 3205 1454 sartorum
3239 1404 3320 1458 :si
3349 1420 3379 1459 a
3410 1377 3541 1477 pilo,

1965 1486 1999 1538 p
2027 1479 2085 1564 ut
2112 1470 2365 1564 forpices,
2390 1492 2507 1545 qua:
2529 1489 2654 1533 sunt
2679 1490 2974 1551 tonsorem,
2997 1489 3043 1541 si
3068 1490 3136 1544 ab
3160 1470 3492 1564 accipiendo,
3515 1470 3544 1554 c

1967 1568 2027 1651 ut
2053 1560 2302 1631 forcipes,
2331 1580 2396 1620 eo
2420 1568 2562 1635 quod
2600 1567 2835 1627 formum
2858 1577 3093 1645 capiunt,
3145 1560 3429 1651 quae‘sunt
3465 1560 3542 1643 fa-

1966 1649 2207 1708 brorum.
2263 1655 2519 1713 Formmn
2548 1662 2692 1715 enim
2736 1663 2985 1723 dixerunt
3014 1649 3219 1742 antiqui
3262 1676 3489 1734 calidum
3525 1698 3545 1733 ε

287 1735 372 1790 vel
415 1736 742 1807 Evangelica
773 1738 872 1791 sibi
919 1738 1270 1802 coluerentia,
1322 1753 1548 1807 quorum
1578 1753 1769 1794 cursus
1813 1748 1870 1794 et
1968 1741 2108 1796 unde
2157 1752 2212 1798 et
2240 1744 2525 1803 formosus.
2567 1750 2834 1810 Novacula
2868 1759 3035 1814 estin
3069 1735 3301 1831 quadam
3334 1769 3552 1825 subtili-~

287 1835 498 1882 statura
528 1828 699 1883 tendit
725 1829 792 1883 ad
820 1828 1015 1884 caelum
1063 1829 1246 1901 (Apoc.
1275 1828 1336 1901 ι).
1394 1829 1471 1883 De
1522 1829 1779 1899 plaustris
1808 1831 1861 1885 in
1892 1831 1938 1890 B
1967 1842 2074 1888 tate
2123 1843 2331 1893 tensum
2381 1839 2543 1897 latius
2567 1842 2791 1907 ferrum
2842 1828 3102 1909 radendis
3142 1858 3266 1926 pilis
3296 1863 3553 1920 acutissir

285 1913 481 1975 Genesi
504 1920 766 1991 scriptum
791 1928 876 1975 est
896 1918 1048 1992 (Gen.
1076 1920 1223 1993 xm),
1257 1922 1401 1991 quod
1427 1921 1867 2018 miseritPharao
1968 1941 2115 1981 mum
2156 1941 2535 1999 praeparatum,
2580 1938 2726 2004 quod
2756 1938 2882 1995 licet
2927 1943 3110 2000 barbae
3142 1913 3540 2018 segetemhine-

287 2023 383 2079 per
410 2009 610 2080 Ioseph
636 2010 936 2080 plaustrum
967 2011 1032 2066 ad
1060 2012 1468 2068 subvehendum
1487 2027 1673 2067 senem
1699 2011 1871 2070 Jacoh
1967 2022 2048 2073 tat
2096 2017 2447 2087 impressum,
2508 2026 2749 2094 corporis
2803 2037 2982 2085 tamen
3035 2009 3395 2095 substantiam
3458 2009 3544 2098 re-

284 2110 342 2157 ct
372 2101 627 2172 parvulos
649 2102 766 2172 ejus
800 2118 814 2155 :
844 2102 898 2157 in
925 2118 1032 2174 quo
1060 2103 1307 2175 signatur
1335 2102 1530 2158 solatia
1558 2111 1864 2194 opportuna
1965 2106 2159 2178 linquit
2188 2109 2428 2168 illtesam.
2460 2114 2518 2168 In
2548 2119 2807 2174 novacula
2843 2136 3056 2194 quoque
3101 2125 3253 2184 fraus
3293 2142 3351 2186 et
3387 2134 3558 2192 dolus:

281 2192 581 2262 pnebuisse
627 2192 875 2291 doctores
902 2192 1134 2292 inﬁrmis
1182 2193 1539 2293 auditoribus,
1596 2208 1704 2293 quo
1733 2191 1868 2293 faci-
1964 2199 2282 2257 Antichristi
2302 2206 2640 2275 exprimitur.
2677 2210 2827 2268 Unde
2851 2191 3131 2285 inpsalmo
3150 2222 3407 2293 scriptum

282 2277 384 2334 lius
442 2279 654 2350 possint
686 2279 791 2335 iter
841 2280 1126 2349 prtesentis
1157 2280 1280 2335 Vita:
1324 2281 1577 2337 tramite.
1604 2280 1764 2382 “item
1810 2280 1865 2335 in
1964 2288 2293 2361 Injustitiam
2315 2296 2555 2365 cogitauit
2576 2299 2753 2369 lingua
2786 2312 2900 2368 tua,
2924 2277 3059 2361 sicut
3086 2277 3538 2382 novaculaacuia,

280 2368 449 2424 Amos
477 2370 739 2440 pmpheta
768 2369 964 2440 legitur
992 2370 1277 2426 Dominum
1322 2371 1561 2427 dixisse:
1594 2370 1731 2426 Ecce
1771 2387 1864 2442 ego

279 2458 507 2512 stridebo
549 2474 708 2529 super
725 2474 835 2525 vos,
882 2459 1018 2512 sicut
1061 2459 1244 2513 stridet
1276 2458 1571 2529 plaustrum
1619 2471 1865 2519 onustum

280 2547 424 2617 (eno,
461 2556 511 2601 et
551 2546 736 2618 peribit
759 2547 886 2618 fuga
914 2565 945 2601 a
973 2546 1163 2615 celoce,
1219 2560 1327 2604 etc.
1383 2550 1583 2619 (Amos,
1637 2556 1720 2621 ιι).
1763 2549 1865 2606 Ubi

1966 2378 2137 2449 fecisti
2159 2381 2337 2436 dolum
2365 2384 2536 2455 (Psal.
2561 2388 2659 2460 ιι).
2687 2389 3085 2452 Convenientcr
3103 2414 3236 2471 ergo
3258 2378 3540 2465 saevissimi

1965 2472 2199 2529 hominis
2220 2475 2400 2532 dolum
2427 2489 2596 2534 acutae
2618 2485 2893 2541 novaculae
2904 2494 3267 2560 comparavit,
3286 2498 3410 2566 quia
3428 2500 3541 2556 sic-

1964 2575 2024 2622 ut
2063 2566 2152 2620 illa
2196 2567 2470 2625 hominem
2523 2588 2631 2628 non
2669 2574 2834 2642 laedit,
2892 2579 2967 2636 ita
3005 2597 3106 2639 nec
3157 2585 3260 2641 iste
3303 2590 3539 2647 animam

277 2639 725 2739 demonstratur,
782 2637 1070 2739 hominum
1134 2640 1391 2739 conqueri
1458 2654 1541 2739 se.
1574 2649 1857 2739 gravatum
1959 2654 2093 2725 justi
2148 2658 2251 2713 sub
2292 2662 2486 2730 quavis
2528 2637 2830 2723 amiclione’
2856 2637 3119 2739 parcen“.

277 2742 399 2783 esse
448 2728 746 2784 sceleribus
772 2726 1100 2839 Juda'eorum,
1149 2744 1247 2799 pro
1275 2729 1472 2800 quibus
1493 2730 1575 2785 eis
1618 2728 1861 2788 velocem
1966 2748 2157 2805 ﬁdem
2225 2726 2452 2818 (nn—"ia,
2514 2769 2635 2824 qua,
2697 2768 2824 2815 sum
2857 2726 3190 2823 "forinsecus
3256 2771 3538 2839 attributa,

280 2819 491 2874 induxit
529 2819 841 2930 νίηάὶειίιηξο
888 2819 1021 2876 hem
1066 2830 1199 2930 Palat
1227 2822 1504 2930 είςοξλὶιυευ
1553 2822 1679 2878 "WB
1718 2839 1861 2895 ΡΓἚ-
1961 2837 2116 2907 quasi
2169 2839 2308 2908 pilos
2350 2858 2363 2894 :
2408 2843 2502 2898 sed
2532 2819 2733 2900 animm
2770 2849 2983 2907 interna
3021 2819 3539 2930 tuticwmagis‘

280 2912 447 2968 εειιιίε
467 2912 625 2968 labor
648 2912 704 2968 in
731 2911 1019 2968 Salomone
1044 2932 1057 2968 ε
1086 2912 1156 2967 Et
1181 2914 1683 3006 εοηίνίηθαιυῗξοφ
1703 2931 1861 3006 ευριπ
1962 2928 2293 2998 pulchriora,
2330 2934 2547 3001 quando
2580 2936 2631 2990 ei
2661 2937 2854 2994 nititur
2890 2942 3107 3000 auferre

279 3002 589 3069 cisternam,
624 3012 673 3058 et
695 3018 903 3057 rursum
923 3019 1083 3074 pones
1115 3019 1201 3058 eos
1239 3012 1294 3057 ut
1320 3014 1486 3057 rotam
1512 3002 1710 3076 (Eccle.
1734 3003 1858 3076 xu).

875 3110 1105 3167 CAPUT
1141 3111 1276 3167 XIII.

573 3197 655 3254 De
680 3198 918 3272 reliquis,
944 3217 1062 3272 qua:
1083 3202 1139 3255 in
1164 3218 1263 3256 usu
1294 3201 1575 3257 habentur.

330 3290 568 3346 Baculus
581 3306 613 3345 a
627 3290 840 3346 Baccho
853 3300 1130 3363 repertore
1147 3293 1274 3348 vitis
1287 3292 1457 3349 fertur
1469 3295 1738 3362 inventus,
1754 3313 1862 3368 quo

278 3382 524 3437 homines
544 3385 683 3437 moti
713 3383 839 3437 vino
865 3383 1197 3439 niterentur:
1227 3384 1365 3440 sicut
1398 3394 1579 3441 autem
1599 3388 1861 3446 aBaccbo

276 3471 525 3536 baculus,
549 3471 624 3525 ita
643 3487 675 3525 a
697 3471 889 3527 bacqu
908 3473 1160 3528 bacillum
1186 3488 1284 3543 per
1308 3474 1739 3533 diminutionem.
1759 3477 1862 3533 Ba-

276 3562 431 3617 culus
452 3570 640 3617 autem
664 3564 1112 3620 sustentationem
1127 3564 1511 3620 imbecillitatis
1525 3567 1772 3625 humana:
1788 3571 1860 3625 si-

272 3652 515 3724 gniﬁcat.
540 3652 693 3708 Unde
705 3654 966 3723 propheta
981 3656 1048 3710 ad
1066 3654 1350 3710 Dominum
1374 3656 1479 3712 ait:
1507 3655 1667 3728 Virga
1680 3668 1797 3723 tua,
1810 3670 1858 3714 et

274 3742 497 3797 baculus
514 3754 667 3810 tuus,
678 3744 769 3797 illa
786 3761 866 3798 me
883 3746 1151 3802 consolata
1164 3756 1304 3801 sunt.
1331 3745 1501 3820 (Psal.
1520 3750 1676 3822 xm).
1696 3751 1859 3822 Virga

272 3837 417 3890 enim
433 3837 681 3906 pertinet
705 3837 771 3891 ad
779 3838 1047 3907 justitiam
1071 3848 1126 3894 et
1138 3837 1506 3895 fortitudinem
1517 3841 1731 3898 Domini
1756 3843 1859 3898 sal-

274 3926 497 3983 vatoris,
523 3924 668 3977 sicut
690 3925 745 3977 in
766 3926 974 3994 psalmo
991 3926 1188 3982 dicitur
1203 3947 1217 3981 :
1240 3927 1400 3997 Virga
1412 3931 1693 4001 (sanitatis,
1708 3932 1757 3985 vi
1764 3948 1856 4002 rga

277 4013 421 4083 regni
436 4015 513 4066 tui
535 4013 837 4085 (Ps.xuv).
856 4015 1090 4072 Baculus
1113 4018 1182 4072 ad
1207 4018 1534 4087 adiutorium
1559 4021 1854 4079 humanum

278 4106 523 4175 respicit,
564 4122 673 4176 quo
706 4117 764 4163 et
783 4122 878 4176 pes
905 4116 1060 4163 caute
1086 4109 1425 4181 deﬁgitur,et
1450 4120 1618 4168 totum
1658 4127 1857 4183 corpus

278 4196 331 4249 in
364 4197 500 4251 sude
523 4197 1109 4266 superincumbean
1142 4200 1458 4257 sustinetur.
1484 4199 1596 4257 Hoc
1616 4202 1701 4259 usi
1730 4210 1857 4258 sunt

278 4288 623 4355 patriarchae,
648 4299 708 4344 ut
728 4290 1033 4347 dicitJaeob
1053 4310 1068 4345 :
1085 4292 1157 4347 In
1176 4292 1359 4348 baculo
1372 4312 1486 4350 meo
1511 4295 1856 4352 transivilor-

276 4376 464 4433 danem
515 4380 672 4432 istum
711 4376 864 4450 (Gen.
906 4384 1113 4452 xxxii).
1141 4383 1271 4439 Item
1306 4384 1360 4438 in
1397 4385 1579 4441 Exodo
1625 4386 1703 4441 ait
1750 4386 1861 4443 Do-

278 4468 467 4526 minus
485 4469 613 4525 ﬁliis
636 4471 842 4526 Israel:
874 4471 1042 4527 Renes
1069 4484 1263 4530 vestros
1286 4476 1585 4546 accingetis,
1611 4487 1660 4531 et
1682 4490 1852 4534 tenen-

274 4560 583 4617 tesbeculos
625 4562 680 4616 in
712 4564 961 4618 mnibus
1003 4566 1287 4621 comedetis.
1318 4566 1618 4637 festinantes
1650 4569 1844 4642 (Exod.

275 4652 397 4725 ιιι).
433 4651 630 4710 Vcetes
671 4654 826 4719 dicti,
875 4656 1019 4724 quod
1074 4657 1323 4712 manibus
1368 4668 1679 4724 vectantur,
1708 4662 1850 4717 unde

271 4743 408 4797 estin
450 4758 694 4814 sanique
720 4744 1042 4800 evelluntur.
1075 4746 1269 4802 Vectes
1299 4748 1443 4803 enim
1472 4750 1759 4820 aliquando
1777 4752 1852 4806 si—

212 4820 233 4841 ⁶
272 4831 536 4901 gniﬁcant
565 4842 783 4890 sanctos
800 4834 1069 4899 doctores,
1101 4836 1296 4905 quibus
1315 4837 1470 4905 juxta
1511 4841 1849 4896 constitutio-

272 4939 395 4979 uem
424 4923 663 4981 divinam
706 4926 1003 4982 vehebatur
1047 4942 1172 4982 arca
1221 4927 1494 4994 Ecclesiae,
1523 4931 1639 4986 sive
1660 4944 1845 4986 mensa

268 5014 509 5079 Domini,
530 5023 591 5069 ut
616 5016 670 5070 in
698 5016 884 5072 Exodo
910 5017 1170 5087 scriptum
1200 5027 1304 5072 est.
1348 5018 1484 5075 Item
1522 5030 1709 5077 vectes
1743 5022 1845 5076 ali-

270 5105 488 5173 quando
515 5106 824 5177 significant
848 5108 1086 5164 claustra
1113 5109 1274 5164 fortia
1302 5108 1522 5176 inferni,
1562 5113 1677 5168 sive
1722 5128 1853 5183 pec-

270 5204 509 5261 eatores,
543 5212 680 5267 quos
703 5198 963 5255 Douiinus
988 5199 1189 5271 legitur
1214 5200 1562 5272 confregisse,
1587 5201 1740 5271 juxta
1780 5202 1846 5257 ιι-

268 5286 361 5343 lud
385 5305 399 5340 :
434 5286 626 5343 Portus
655 5306 827 5344 mas
851 5292 1114 5355 contrivit,
1141 5300 1191 5345 et
1214 5300 1380 5347 vectes
1408 5290 1602 5359 {encas
1638 5292 1844 5361 confre-

265 5382 362 5448 git.
384 5378 560 5450 (Paul.
588 5379 718 5450 ενι).
742 5382 920 5437 Porta:
942 5389 1074 5437 sunt
1088 5396 1270 5447 aeneae,
1307 5382 1584 5437 hominum
1611 5397 1843 5437 consue-

268 5472 489 5526 tudines
512 5470 739 5539 vitiosze,
764 5488 886 5543 qua
906 5488 1015 5531 nos
1030 5475 1106 5528 itu
1127 5475 1181 5529 in
1204 5483 1550 5545 peccatorum
1573 5475 1729 5529 atriis
1756 5490 1843 5530 re-

264 5560 508 5627 cludunt,
557 5570 618 5617 ut
665 5562 896 5623 exeundi
942 5574 1214 5633 nequeant
1260 5564 1503 5634 praebere
1544 5562 1848 5619 licentiam.

264 5647 463 5706 Vectes
483 5660 667 5707 autem
686 5652 894 5708 ferreos
904 5652 1452 5721 spiritusirnmundos
1470 5668 1578 5707 non
1599 5653 1841 5722 improbe

269 5741 515 5798 videmur
560 5744 839 5813 accipere,
871 5744 973 5814 qui
1010 5743 1129 5799 illas
1154 5743 1349 5811 ianuas
1377 5754 1753 5814 peccatorum,
1772 5760 1838 5799 ne

2032 3017 2213 3112 Cl‘avis
2237 3021 2403 3087 dicta,
2429 3026 2573 3094 quod
2608 3028 2823 3089 claudat
2851 3040 2907 3087 et
2932 3035 3157 3102 aperiat.
3190 3038 3545 3112 Catenatum,

1963 3110 2104 3206 quod
2132 3113 2395 3182 capiendo
2421 3125 2620 3177 teneat.
2655 3119 2830 3177 Clavis
2854 3124 2999 3179 enim
3045 3130 3271 3197 mystice
3303 3110 3537 3206 adaperi-

1969 3202 2165 3260 tionem
2193 3206 2453 3276 spiritalis
2477 3223 2668 3267 sensus
2690 3211 2975 3283 signiﬁcat.
3020 3217 3173 3275 Unde
3199 3202 3455 3282 Dominus
3480 3229 3547 3284 its

1963 3294 2252 3366 Evangelio
2277 3300 2344 3354 ad
2369 3299 2710 3373 Iegisperitos
2730 3305 2807 3359 ait
2830 3323 2842 3359 :
2866 3308 3145 3378 Accepistis
3166 3311 3358 3368 clavem
3372 3298 3537 3375 scien-

1960 3386 2068 3451 tiaz,
2093 3398 2139 3441 et
2155 3388 2254 3459 ipsi
2287 3407 2391 3445 non
2426 3393 2700 3460 introistis,
2733 3405 2782 3450 et
2803 3412 2909 3462 eos,
2933 3399 3023 3468 qui
3048 3401 3334 3469 intrabant,
3356 3409 3534 3475 prohi-

1960 3477 2143 3535 buistis
2166 3480 2317 3551 (Luc.
2346 3483 2446 3554 ιι).
2471 3485 2538 3538 Ει
2567 3486 2642 3540 ita
2674 3486 3100 3556 clavisjustitim,
3133 3493 3545 3564 misericordim,

1956 3569 2283 3642 pietatisque
2309 3575 2533 3631 virtutes
2557 3578 2802 3649 designat
2827 3579 2882 3635 in
2909 3580 3222 3652 Evangelio,
3246 3585 3333 3640 ubi
3354 3586 3534 3642 Domi-

1956 3674 2060 3739 nus
2083 3660 2244 3717 Petro
2267 3663 2344 3717 ait
2373 3683 2386 3718 :
2415 3664 2528 3718 Tibi
2552 3667 2688 3720 dabo
2710 3667 2875 3722 claves
2897 3671 3042 3740 regni
3053 3671 3543 3744 calorum(IIatth.-

1959 3754 2091 3825 xvi).
2131 3753 2265 3810 Item
2309 3755 2509 3822 claves,
2549 3765 2722 3813 acutte
2769 3767 3080 3817 sanctorum
3121 3764 3543 3834 [indicationes

1956 3846 2119 3902 corda
2173 3845 2449 3901 hominum
2513 3848 2908 3920 transﬁgentes,
2969 3861 3029 3906 ut
3088 3854 3142 3909 in
3205 3854 3490 3913 Salomone
3514 3877 3531 3912 ε

1969 3929 2132 3986 Verba
2158 3935 2489 4002 sapientium,
2521 3945 2577 3989 ut
2604 3936 2829 4001 stimuli,
2856 3948 2903 3995 et
2933 3942 3082 4009 quasi
3111 3941 3245 3998 clavi
3270 3946 3326 3999 in
3366 3947 3541 4001 altum

1954 4022 2113 4091 deﬁxi
2161 4022 2358 4095 (Eccle.
2389 4030 2509 4097 xu).
2535 4025 2713 4081 Clavis
2740 4027 2907 4093 enim,
2930 4037 2990 4084 ut
3011 4031 3264 4101 diximus,
3298 4036 3530 4105 apertio-

1954 4128 2078 4168 nem
2095 4125 2404 4170 sanctarum
2429 4116 2855 4187 Scripturarum,
2878 4120 2963 4175 vel
2984 4130 3304 4190 potestatem
3330 4125 3537 4195 ligandi

1953 4214 2117 4277 atque
2137 4207 2399 4274 solvendi,
2426 4223 2521 4265 seu
2545 4209 2635 4279 jus
2671 4210 3043 4269 introducendi
3077 4214 3146 4269 ad
3184 4216 3372 4283 vitam,
3417 4218 3540 4273 sive

1953 4295 2234 4364 dejiciendi
2257 4298 2325 4351 ad
2353 4308 2607 4363 mortem,
2636 4298 2779 4354 sicut
2803 4312 2901 4367 per
2933 4298 3127 4357 Isaiam
3153 4303 3220 4359 de
3248 4301 3538 4361 Salvatore‘

1953 4386 2153 4443 dicitur
2188 4403 2202 4440 :
2234 4384 2382 4440 Dabo
2404 4385 2601 4442 clavem
2636 4387 2820 4442 domus
2868 4388 3035 4444 David
3074 4407 3230 4460 super
3279 4393 3533 4447 humeros

1952 4478 2091 4547 ejus,
2115 4486 2164 4531 et
2195 4478 2415 4548 aperiet,
2440 4486 2489 4532 et
2518 4494 2620 4532 non
2644 4486 2720 4533 est
2744 4479 2835 4549 qui
2857 4478 3072 4534 claudat
3103 4480 3236 4552 (Isa.
3262 4484 3423 4555 nu).
3461 4484 3530 4540 Et

1952 4571 2006 4624 in
2017 4569 2338 4640 Apocalypsi
2362 4586 2375 4622 :
2396 4569 2579 4625 Habeo
2595 4569 2769 4626 claues
2782 4573 2963 4626 mortis
2979 4582 3027 4626 et
3045 4573 3238 4642 inferni
3253 4577 3436 4648 (Apoc.
3459 4580 3532 4652 ι),

1950 4657 2258 4728 Horologia,
2281 4658 2422 4727 quod
2435 4658 2509 4713 ibi
2530 4659 2693 4715 horas
2711 4660 2977 4731 legamus,
2998 4663 3051 4718 id
3070 4674 3178 4731 est,
3190 4666 3536 4737 colligamus...

1948 4750 2045 4806 Est
2065 4751 2210 4806 enim
2231 4751 2285 4805 in
2310 4750 2523 4806 solariis
2562 4752 2817 4821 positum,
2854 4753 2945 4809 ubi
2976 4769 3007 4808 a
3032 4754 3187 4811 clavo
3225 4772 3323 4827 per
3356 4758 3539 4813 lineae

1948 4841 2121 4896 currit
2146 4839 2357 4906 umbra,
2380 4848 2443 4895 ut
2469 4856 2845 4914 quamcunque
2883 4845 2996 4902 diei
3020 4848 3209 4903 horam
3250 4852 3525 4906 ostendas.

2516 4953 2743 5012 CAPUT
2776 4956 2914 5014 XIV.

2383 5024 2462 5081 De
2484 5026 2839 5081 instrumentis
2865 5030 3099 5085 rusticis.

2018 5118 2274 5173 Aratsum
2302 5117 2370 5172 ab
2391 5119 2596 5173 arando
2613 5126 2812 5173 terram
2835 5128 3107 5183 vocatum,
3121 5118 3273 5188 quasi
3302 5129 3528 5173 aratep

1952 5210 2110 5265 rium.
2156 5212 2353 5267 Vomer
2378 5209 2572 5273 dictus,
2604 5211 2748 5279 quod
2772 5211 2826 5263 vi
2864 5211 3086 5264 humum
3114 5219 3290 5274 eruat,
3314 5224 3423 5264 seu-
3450 5209 3531 5265 ab

1949 5304 2246 5358 emendo
2274 5309 2495 5356 terram.
2520 5302 2597 5356 De
2625 5314 2736 5369 quo
2760 5299 3083 5354 Lucretius:

2821 5389 2981 5439 Uncus
3005 5393 3163 5440 aratri

2069 5454 2284 5505 Ferreus
2297 5450 2488 5502 occulte
2509 5451 2750 5501 decrescit
2780 5463 2948 5500 vomer
2982 5452 3030 5499 in
3051 5455 3197 5501 arvis.

1949 5555 2231 5622 Sumitque
2262 5562 2362 5617 per
2398 5544 2725 5600 detrimenta
2759 5544 3040 5616 fulgorem.
3085 5544 3335 5614 Ligones,
3373 5544 3523 5615 (προίξ

1949 5658 2149 5703 terram
2172 5644 2369 5704 levent,
2386 5637 2541 5711 quasi
2568 5638 2807 5692 levoncs.
2834 5637 3089 5693 Aratrum
3115 5638 3260 5693 enim
3290 5638 3519 5708 mystice

1948 5739 2214 5810 signiﬁcat
2239 5731 2796 5805 opusprmdicationis
2822 5731 3164 5804 evangelica},
3193 5729 3245 5783 in
3273 5744 3380 5799 quo
3404 5730 3523 5785 culc
