3950 6192
415 375 505 430 σει
716 377 776 434 ιι.
819 373 1070 434 ιιΑιιΑΝι
1109 375 1338 434 usum
1363 367 1644 434 aprinum
1681 374 1865 430 rans
1899 370 1961 428 ιι.
2006 373 2092 426 as
2130 369 2476 430 UNIVERSO
2514 373 2695 430 LIBRI
2734 374 2872 432 xxu
2913 409 2983 417 -
3017 375 3144 434 LIB.
3189 374 3352 437 xx".

3555 377 3665 436 (illi

420 503 512 546 l‘lS
543 497 656 566 agri
681 495 944 550 Dominici
975 502 1276 558 exercetur,
1306 492 1380 547 ita
1401 501 1463 546 ut
1481 505 1699 546 vomere
1727 489 1877 544 verbi
1903 489 1987 544 di-
2018 491 2068 549 Α
2095 485 2226 558 (.ler.
2261 488 2356 557 LI).
2387 488 2603 553 Acervi,
2636 489 2878 545 collectio
2909 489 3140 545 fidelium
3173 492 3239 546 ad
3267 507 3448 546 areum
3480 491 3666 544 Eccle-

416 581 533 640 vini
553 586 915 654 exstirpentur
935 585 1062 640 vitia
1084 584 1264 651 simui,
1287 593 1342 638 et
1361 584 1701 638 eradicentur
1714 583 1872 638 noxia
1900 583 1992 638 de-

424 676 643 740 sideria,
667 675 849 746 sicque
868 686 1197 746 prseparetur
1211 685 1350 730 terra
1369 677 1612 730 cordium
1633 674 1992 730 humanarum

427 769 493 823 ad
524 769 834 841 accipienda
867 769 1067 824 semina
1095 769 1374 823 virtutum.
1407 767 1512 822 Sed
1551 767 1819 822 studiosus
1846 766 1994 836 quis-

421 873 544 928 que,
570 867 808 912 aratrum
840 857 1081 929 spiritale
1108 867 1314 923 tenens,
1339 858 1408 911 ad
1429 857 1694 912 anteriora
1719 857 1992 911 attendere

423 950 601 1014 debet,
627 958 687 1004 ‘lt
711 949 870 1004 faciat
898 949 1102 1004 sulcum
1121 957 1350 1013 rectum,
1375 957 1426 1002 et
1453 963 1557 1001 non
1581 955 1854 1000 avertatur
1876 957 1990 1000 tra-

423 1043 552 1096 mite
573 1042 834 1096 veritatis.
854 1041 1003 1096 Unde
1025 1040 1282 1094 Dominus
1297 1040 1371 1092 ait
1394 1039 1447 1093 in
1467 1038 1753 1108 Evangelia
1782 1056 1796 1090 :
1822 1036 1989 1092 Nemo

419 1137 625 1189 mittens
665 1148 875 1188 manum
899 1150 1050 1186 suam
1081 1135 1134 1185 in
1159 1142 1418 1194 aratrum,
1445 1140 1491 1184 et
1518 1131 1790 1199 respiciens
1831 1137 1988 1194 retro,

419 1235 569 1294 aptus
587 1233 660 1277 est
685 1239 839 1293 regno
862 1222 959 1275 Dei
982 1221 1130 1293 (Luc.
1158 1220 1256 1293 ιιι).
1279 1219 1532 1274 Vomeres
1545 1218 1686 1272 enim
1708 1229 1761 1271 ct
1785 1217 1992 1288 ligones

418 1315 675 1371 exercitia
706 1314 1144 1383 prmdicatianum
1179 1319 1325 1375 sunt,
1349 1310 1490 1364 unde
1521 1310 1776 1378 praphcta
1807 1308 1870 1362 de
1897 1307 1991 1362 do-

417 1405 655 1460 ctoribus
693 1404 768 1457 ait
795 1419 808 1455 :
835 1400 1145 1472 Con/labant
1180 1399 1382 1470 gladios
1417 1416 1539 1453 suos
1569 1400 1623 1452 in
1663 1413 1908 1462 vomeres,
1939 1405 1990 1450 et

417 1494 625 1548 lanceas
653 1510 776 1547 suas
814 1493 868 1545 in
903 1491 1062 1562 falces
1099 1488 1230 1562 (Isa.
1263 1490 1346 1562 u).
1378 1489 1635 1543 Similiter
1660 1497 1716 1543 et
1747 1490 1990 1543 surculus

417 1585 558 1638 idem
575 1582 860 1654 significat,
877 1589 935 1635 ut
955 1596 1114 1650 supra
1133 1581 1184 1633 in
1207 1578 1344 1634 Isaia
1364 1595 1377 1632 :
1398 1578 1610 1644 Omnes,
1635 1580 1826 1648 inquit,
1842 1597 1987 1635 mon-

416 1683 490 1726 tes
517 1673 604 1742 qui
626 1673 685 1724 in
705 1669 910 1724 sarculo
927 1671 1219 1724 sarrientur
1247 1668 1378 1736 (Isa.
1407 1667 1526 1739 vu).
1547 1668 1717 1724 Arare
1739 1671 1904 1735 enim,
1929 1679 1987 1726 ut

415 1762 668 1825 diximus,
687 1761 771 1814 vel
799 1760 998 1823 fodere,
1031 1759 1424 1830 prmdicationis
1445 1769 1525 1814 est
1550 1773 1686 1828 opus
1707 1775 1981 1815 exercere.

2093 577 2205 642 site,
2235 578 2347 632 sive
2375 589 2679 634 sanctorum
2707 583 3012 651 praedicatio
3039 583 3302 652 perfecta;
3329 583 3469 637 sicut
3493 581 3666 636 inJob

2093 670 2160 724 de
2197 671 2464 727 haereticis
2504 673 2700 728 dicitur
2730 692 2743 728 :
2776 673 2922 729 Inter
2957 689 3165 730 acervos
3193 691 3370 730 eorum
3400 674 3668 729 meridiali

2091 773 2212 814 sunt
2244 759 2385 834 (Job.
2420 764 2588 836 xxw).
2624 765 2901 830 Triticum,
2927 767 3094 821 sancti
3118 767 3201 821 vel
3225 766 3376 821 electi
3409 767 3460 820 in
3487 765 3668 820 Evan—

2093 851 2229 922 gelia
2247 869 2260 904 :
2281 851 2348 905 Et
2371 854 2698 923 congregabit
2717 855 2944 908 triticum
2971 857 3021 908 in
3047 857 3288 910 horreum
3313 855 3529 926 (Matth.
3551 853 3663 926 tu).

2091 942 2442 998 Frumentum
2485 959 2681 1014 corpus
2729 945 2950 1012 Christi,
2995 947 3079 1002 vel
3116 948 3454 1018 evangelicus
3483 963 3664 1004 sermo

2094 1035 2146 1088 in
2178 1036 2383 1106 psalmo
2409 1035 2638 1090 :Cibavit
2653 1055 2740 1092 eos
2755 1055 2819 1092 ea:
2837 1040 2987 1108 adipe
3007 1041 3254 1108 frumenti
3269 1039 3439 1112 (Psal.
3467 1039 3660 1108 Lxxx).

2091 1124 2331 1180 Granum
2358 1125 2633 1191 frttmenti,
2669 1126 2916 1182 Christus
2945 1129 2998 1182 in
3030 1129 3315 1200 Evangelia
3345 1147 3359 1182 :
3393 1129 3512 1183 Nisi
3538 1147 3664 1199 graa

2092 1233 2213 1270 num
2231 1217 2478 1285 frumenti
2503 1219 2692 1272 cadens
2713 1219 2766 1272 in
2789 1229 2979 1273 terram
3001 1231 3260 1274 mortuum
3285 1221 3463 1289 fuerit,
3488 1222 3662 1288 ipsum

2090 1305 2258 1359 solum
2283 1316 2456 1360 ntauet
2483 1305 2664 1378 (Joan.
2706 1308 2824 1379 xu).
2855 1303 3225 1375 Frumentum,
3263 1309 3664 1379 praedicationis

2090 1409 2268 1450 sermo
2293 1397 2346 1450 in
2376 1397 2690 1454 Salomone:
2721 1398 2824 1464 Qui
2851 1401 3169 1454 abscondunt
3193 1401 3474 1470 frumenta,
3499 1399 3674 1454 male-‘

2089 1483 2327 1537 dicentur
2344 1484 2396 1538 in
2417 1485 2620 1555 populis
2641 1486 2821 1557 (Prov.
2856 1487 2952 1559 ιι).
2983 1487 3242 1542 Horreum
3260 1503 3482 1558 regnum
3497 1487 3662 1542 ccelo-

2089 1589 2208 1628 rum
2240 1576 2292 1628 in
2333 1577 2622 1648 Evangelia
2652 1596 2664 1632 :
2699 1575 3040 1648 Congregabit
3079 1578 3308 1632 triticum
3335 1579 3390 1631 in
3415 1580 3660 1631 horreant

2087 1679 2239 1717 suum
2279 1663 2492 1735 (Matth.
2544 1666 2648 1738 ιιι).
2691 1666 2927 1734 Prelum,
2963 1667 3139 1722 trabes
3176 1683 3284 1738 quo
3313 1681 3415 1722 uva
3451 1667 3656 1723 calcata

2089 1755 2381 1822 premitur,
2413 1771 2442 1809 a
2471 1757 2766 1825 premenda
2795 1767 3041 1813 vocatum
3063 1798 3077 1822 ,
3115 1759 3266 1828 quasi
3303 1758 3656 1828 pressorium.

415 1847 570 1906 Unde
589 1848 878 1920 agricultor
903 1849 1032 1903 dicit
1067 1849 1120 1902 in
1150 1846 1438 1918 Evangelia
1470 1863 1484 1901 :
1520 1846 1759 1912 Domine,
1785 1847 1984 1902 dimitte
2014 1832 2057 1890 Β
2086 1843 2316 1906 Prelum,
2350 1857 2457 1914 quo
2485 1847 2748 1915 premitur
2780 1847 2977 1902 oleum.
3025 1847 3218 1913 Lacus,
3255 1862 3362 1917 quo
3395 1847 3656 1917 liquatum

414 1938 559 1993 illam
582 1948 629 1992 et
651 1939 748 1991 hoc
761 1954 921 2003 anno,
936 1953 1096 2008 usque
1113 1935 1238 1990 dum
1253 1935 1453 2006 fodiam
1467 1935 1606 1990 circa
1623 1935 1790 2000 illam,
1804 1946 1851 1990 et
1869 1937 1986 1990 mit—

415 2041 522 2084 tam
542 2039 768 2082 stercora
792 2028 940 2100 (Luc.
963 2027 1102 2100 xm).
1129 2027 1196 2081 Et
1215 2027 1268 2081 in
1294 2027 1708 2082 Deuteronomio
1726 2027 1984 2098 scriptum

412 2128 496 2174 est
531 2135 546 2172 :
574 2117 695 2173 Non
737 2119 913 2173 arabis
939 2119 992 2172 in
1023 2117 1146 2171 bove
1171 2116 1328 2171 simul
1357 2126 1404 2170 et
1436 2116 1584 2170 asino
1613 2114 1790 2187 (Deut.
1821 2114 1977 2188 xxu).

412 2211 549 2267 Huic
569 2212 688 2268 loco
709 2211 974 2266 sententia
1001 2210 1092 2266 illa
1121 2210 1186 2266 de
1212 2209 1351 2264 libro
1377 2208 1478 2264 Job
1499 2209 1747 2280 congruit
1775 2227 1788 2262 :
1819 2208 1982 2262 Boves

409 2303 656 2367 orabant,
681 2313 730 2356 et
756 2303 918 2356 asinae
955 2299 1298 2371 pascebantur
1337 2297 1478 2369 (Job.
1507 2298 1569 2370 ι).
1613 2297 1822 2352 Nomen
1855 2311 1984 2368 ergo

409 2391 666 2445 stercoris
697 2390 879 2462 plures
906 2389 1322 2456 signiﬁcationes
1359 2387 1540 2442 habet.
1587 2385 1725 2440 Nam
1775 2395 1986 2440 stercus

410 2490 535 2534 sunt
582 2479 847 2535 sacriﬁcia
899 2477 1228 2534 Iudaeorum.
1281 2478 1431 2534 Uade
1473 2479 1528 2532 in
1554 2478 1691 2533 Isaia
1720 2478 1981 2548 scriptum

410 2579 494 2624 est
519 2589 532 2624 :
574 2568 742 2624 Facta
779 2578 896 2624 sunt
917 2570 1191 2623 morticina
1212 2585 1390 2622 eorum
1413 2569 1547 2623 sicut
1571 2577 1771 2622 stercus
1799 2569 1854 2620 in
1878 2583 1983 2621 me-

409 2660 498 2713 dio
520 2658 812 2729 platearum
857 2658 992 2728 (Isa.
1019 2657 1096 2729 v).
1122 2657 1256 2714 Item
1291 2667 1499 2714 stercus
1527 2659 1828 2714 recordatio
1851 2672 1982 2728 pec-

410 2757 674 2812 catorum,
709 2747 1141 2816 delinquentibus
1169 2747 1236 2802 ad
1261 2748 1496 2802 radicem
1511 2748 1691 2802 cordis
1715 2747 1976 2818 apposita.

408 2835 548 2894 Hinc
579 2837 778 2892 dicitur
806 2838 858 2891 in
899 2837 1185 2908 Evangelia
1211 2855 1224 2890 :
1264 2835 1439 2908 Usque
1457 2837 1583 2891 dum
1611 2838 1808 2908 fodiam
1840 2839 1980 2892 circa

406 2931 639 2997 illam,et
661 2932 862 2985 mittam
882 2940 1110 2994 stercora
1135 2929 1288 3002 (Luc.
1325 2927 1466 3000 xui).
1499 2928 1742 2995 Stercus,
1771 2929 1982 2999 peccati

407 3024 640 3088 luxuria,
669 3022 734 3076 de
758 3035 866 3090 quo
891 3020 1083 3089 legitur
1129 3034 1144 3073 :
1185 3019 1622 3090 Computruerunt
1639 3019 1878 3088 jumenta
1922 3019 1978 3072 in

405 3123 631 3166 stercore
648 3129 743 3166 suo
773 3111 932 3182 (Joel.
965 3111 1026 3183 ι).
1055 3109 1278 3166 Stercus
1308 3111 1563 3176 hominis,
1592 3111 1727 3166 odor
1746 3111 1974 3166 deterri-

407 3217 527 3256 mus
565 3209 908 3270 peccatorum
943 3218 956 3253 :
987 3199 1250 3269 siquidem
1287 3213 1447 3254 omne
1491 3207 1768 3268 peccatum
1803 3199 1975 3254 fetens

403 3300 516 3356 est;
551 3291 676 3345 hinc
699 3299 781 3345 est
809 3291 875 3345 ad
905 3289 1242 3345 Ezechielem
1275 3307 1288 3342 :
1330 3289 1396 3342 Et
1423 3300 1641 3354 stercus,
1668 3289 1807 3359 quod
1828 3305 1975 3359 egre-

404 3384 574 3435 dietur
595 3383 658 3434 de
679 3382 900 3446 homine,
930 3383 1128 3452 operies
1153 3382 1209 3434 in
1234 3381 1400 3434 oculis
1421 3397 1600 3434 eorum
1628 3379 1844 3452 (Ezech.
1875 3382 1971 3452 tv).

405 3471 614 3528 Cultelli
637 3487 668 3525 a
694 3471 902 3526 cultura
939 3471 1067 3526 dicti
1101 3486 1166 3526 eo
1193 3471 1336 3540 quod
1378 3485 1445 3525 ex
1483 3470 1614 3540 ipsis
1641 3470 1974 3539 putationem

407 3572 613 3617 veteres
636 3563 690 3616 in
719 3563 942 3616 arbores
971 3571 1028 3616 et
1057 3561 1194 3617 vites
1227 3561 1516 3626 faciebant,
1536 3561 1848 3631 priusquam
1877 3561 1974 3615 fal-

405 3669 496 3709 ces
519 3663 703 3710 essent
733 3662 978 3722 repertae.
1956 3717 1960 3722 η

475 3743 604 3796 Falx
642 3751 746 3808 est,
769 3759 874 3812 qua
908 3743 1127 3798 arbores
1149 3751 1406 3812 putantur
1425 3751 1481 3798 et
1502 3743 1660 3798 vites.
1694 3742 1856 3798 Dicta:
1877 3758 1974 3798 au-

406 3844 514 3888 tem
534 3833 701 3888 falces
717 3873 734 3898 ,
760 3833 900 3902 quod
939 3833 1023 3888 his
1057 3834 1287 3904 primum
1310 3833 1507 3888 milites
1534 3833 1755 3888 herbam
1780 3833 1970 3902 ﬁlicem

405 3924 650 3979 solebant
669 3924 1008 3990 abscindere,
1037 3925 1178 3979 unde
1199 3933 1283 3979 est
1307 3925 1437 3980 illud
1470 3943 1482 3978 :

527 4036 628 4086 Pax
655 4048 736 4086 me
757 4043 890 4086 certa
912 4035 1052 4086 ducis
1070 4033 1282 4096 placidos
1303 4037 1520 4086 curvavit
1543 4037 1591 4086 iu
1614 4049 1745 4088 usus.

587 4097 826 4159 Agricolae
847 4111 973 4146 nunc
991 4111 1117 4159 sunt,
1139 4097 1302 4146 militis
1321 4105 1434 4147 aute
1456 4097 1539 4173 fui.

401 4198 738 4254 Falcastrum
765 4216 796 4254 a
823 4199 1170 4254 similitudine
1195 4197 1348 4254 falcis
1369 4207 1639 4266 vocatum,
1670 4208 1754 4255 est
1789 4207 1969 4256 autem

402 4288 788 4344 ferramentum
818 4303 1040 4344 curvum
1073 4303 1196 4344 cum
1229 4289 1512 4345 manubrio
1539 4290 1716 4360 longo,
1751 4290 1818 4345 ad
1839 4287 1964 4346 lien-

403 4381 618 4437 sitatem
637 4384 878 4453 veprium
909 4383 1306 4438 succidendam.
1346 4383 1411 4438 lli
1431 4393 1488 4440 et
1523 4401 1790 4441 runcones
1813 4386 1966 4453 dicti,

401 4471 594 4540 quibus
646 4487 836 4540 vepres
881 4481 1150 4538 secantur,
1195 4489 1225 4527 a
1261 4474 1542 4529 runcando
1583 4475 1731 4531 dicti.
1778 4475 1968 4532 Falces

2085 1932 2344 2002 proﬂuat,
2371 1942 2427 1989 et
2455 1950 2560 2003 quo
2590 1937 2659 1991 ab
2687 1935 2807 1991 uvis
2842 1937 2928 1990 vel
2954 1935 3109 1991 olivis
3140 1936 3438 2006 torquendo
3475 1937 3656 1992 oleum

2085 2024 2376 2094 vinumque
2405 2026 2656 2096 exigitur.

2679 2115 2906 2172 CAPUT
2939 2116 3055 2174 XV.

2479 2206 2555 2262 De
2577 2209 2934 2262 instrumentis
2958 2209 3245 2263 hortorum.

2153 2297 2308 2361 Rata,
2336 2299 2479 2369 quod
2515 2300 2669 2369 quasi
2698 2309 2820 2354 ruat
2850 2317 2863 2353 :
2895 2307 2978 2356 est
3005 2299 3150 2355 enim
3182 2297 3433 2356 machina
3457 2301 3524 2356 de
3548 2309 3652 2369 qua

2083 2401 2114 2442 e
2133 2385 2351 2442 ﬂumine
2371 2405 2507 2460 aqua
2537 2390 2856 2445 extrahitur.
2879 2389 3162 2446 Lucretius
3184 2409 3198 2445 :

2209 2489 2264 2540 lu
2287 2491 2462 2541 ﬂuvios
2478 2503 2676 2542 versare
2700 2497 2832 2543 rotas
2853 2499 3000 2557 atque
3020 2493 3212 2544 hsustrs
3235 2493 3472 2545 ridemus.

2082 2575 2312 2630 Haustra
2333 2584 2528 2639 autem,
2555 2577 2607 2632 id
2625 2585 2709 2632 est
2731 2584 2869 2643 rota,
2889 2577 3274 2634 ab‘hauriendo
3295 2593 3464 2649 aquas
3483 2580 3650 2634 dicta.

2080 2661 2350 2736 Girgillus,
2377 2663 2593 2736 quodin
2613 2681 2802 2737 gyrum
2824 2675 3068 2722 vertatur
3106 2685 3120 2720 :
3152 2677 3233 2723 est
3259 2669 3404 2723 enim
3446 2667 3648 2739 lignum

2080 2754 2134 2808 in
2162 2764 2464 2810 transversa
2493 2757 2694 2826 pertica
2722 2757 2940 2822 mobile,
2967 2771 3034 2812 ex
3055 2772 3162 2827 quo
3183 2757 3326 2813 funis
3347 2773 3468 2813 cum
3491 2759 3648 2814 situla

2078 2841 2163 2897 vel
2188 2853 2305 2898 utre
2326 2844 2378 2898 in
2403 2853 2622 2914 puteum
2643 2845 2942 2901 demittitur
2954 2846 3264 2903 haurienda:
3287 2863 3442 2919 aqum
3463 2865 3645 2904 causa.

2078 2933 2218 2988 Bota
2255 2934 2400 2989 enim
2441 2949 2658 2990 cursum
2690 2936 2814 2991 vitae
2841 2936 3126 3008 signiﬁcat.
3157 2936 3310 2993 Unde
3333 2947 3419 2993 est
3444 2938 3570 2992 illud
3595 2940 3645 2992 in

2077 3023 2403 3080 Ecclesiaste
2439 3042 2452 3077 ;
2487 3025 2776 3096 Antequam
2829 3038 3106 3098 rumpatur
3145 3027 3412 3095 funiculus
3459 3045 3644 3100 argen-

2079 3123 2214 3180 teus,
2245 3123 2292 3167 et
2325 3125 2558 3168 recurrat
2598 3117 2723 3170 vitta
2745 3133 2926 3182 aurea,
2955 3127 3004 3172 et
3031 3128 3328 3172 conteratur
3353 3135 3512 3188 super
3533 3120 3645 3189 fon-

2077 3211 2180 3256 tem
2194 3203 2400 3274 hydria,
2418 3213 2465 3258 et
2490 3205 2854 3276 confringatur
2871 3218 2987 3262 rota
3007 3224 3163 3278 super
3185 3207 3376 3271 lacum,
3405 3219 3452 3262 et
3476 3226 3642 3262 rever—

2077 3300 2223 3344 tatur
2242 3291 2410 3362 pulvis
2432 3308 2589 3362 super
2613 3303 2804 3348 terram
2830 3311 2979 3349 suam
3007 3295 3204 3366 (Eccle.
3229 3297 3350 3367 xu).
3381 3297 3639 3363 Quoniam

2075 3378 2220 3434 enim
2237 3380 2447 3451 hydria,
2461 3397 2578 3451 qua:
2597 3383 2912 3447 conteritur,
2942 3395 3120 3440 cessat
3141 3385 3362 3441 haurire
3386 3405 3399 3440 :
3426 3397 3483 3441 et
3507 3396 3638 3452 rata,

2073 3486 2172 3541 per
2197 3488 2359 3542 quam
2394 3474 2461 3530 de
2489 3474 2606 3530 lacu
2638 3485 2691 3530 et
2732 3479 2892 3546 puteo
2917 3493 3070 3548 aquze
3094 3477 3358 3545 levantur,
3395 3481 3444 3534 si
3482 3479 3640 3534 fuerit

2075 3567 2371 3632 confracta,
2409 3583 2562 3638 aqua;
2596 3584 2724 3624 usus
2761 3569 3138 3640 intercipitur:
3173 3571 3244 3625 ita
3269 3579 3471 3626 etcum
3498 3571 3634 3626 limio

2073 3655 2226 3712 culus
2259 3659 2466 3728 argenti
2504 3657 2666 3714 fuerit
2689 3660 3041 3730 interruptus,
3070 3669 3125 3715 et
3151 3660 3344 3715 animae
3382 3661 3530 3716 rivus
3560 3675 3630 3715 re

2073 3747 2307 3801 currerit
2335 3747 2401 3802 ad
2430 3747 2629 3815 fontes,
2655 3750 2896 3804 interibit
2930 3752 3110 3805 homo.

2649 3859 2874 3916 CAPUT
2927 3859 3062 3914 XVI.

2475 3924 2557 3981 De
2576 3929 2935 3985 instrumentis
2959 3945 3224 4001 equorum.

2142 4013 2385 4070 Phalerei
2411 4025 2724 4072 ornamenta
2753 4032 3010 4088 equorum
3054 4029 3199 4085 sunt,
3235 4029 3291 4076 et
3313 4032 3398 4077 est
3421 4021 3635 4084 Griecus

2071 4119 2268 4160 sermo.
2300 4104 2476 4160 Frena
2501 4106 2661 4170 dicta,
2697 4109 2838 4176 quod
2861 4123 3031 4176 equos
3057 4107 3288 4164 fremere
3315 4121 3531 4181 cogant,
3555 4113 3633 4167 vel

2071 4197 2212 4265 quod
2245 4195 2360 4250 haec
2396 4195 2522 4266 equi
2553 4195 2819 4262 frendant,
2843 4197 2898 4252 id
2924 4207 3026 4263 est,
3058 4198 3367 4269 imprimunt
3391 4200 3636 4256 dentibus

2069 4293 2125 4339 et
2143 4283 2513 4340 obmordeant.
2531 4283 2683 4339 Unde
2695 4293 2751 4338 et
2773 4284 3057 4341 nefrendes
3073 4287 3223 4352 dicti,
3247 4288 3426 4344 adhuc
3449 4288 3636 4344 lactem

2072 4385 2153 4430 tes
2163 4375 2390 4445 perculi,
2405 4376 2549 4446 quod
2562 4373 2796 4430 nondum
2811 4375 3012 4446 aliquid
3025 4375 3294 4443 frendant,
3309 4379 3362 4433 id
3376 4389 3482 4446 est,
3497 4395 3636 4437 cam-

2077 4466 2316 4520 minuant
2341 4466 2608 4521 dentibus.
2625 4465 2761 4522 Hinc
2777 4475 2833 4520 et
2853 4465 2972 4520 faba
2987 4465 3150 4534 fresa,
3175 4482 3296 4536 quae
3322 4469 3505 4524 molita
3529 4476 3631 4524 est.

401 4535 542 4616 enim
569 4535 976 4630 praedicationes
1017 4535 1143 4618 sunt
1171 4573 1477 4619 sanctorum
1508 4565 1774 4636 superﬂua
1819 4566 1968 4621 aufe—
1993 4535 2045 4594 D
2074 4555 2278 4626 [lupata
2300 4567 2425 4612 sum
2449 4557 2586 4612 freni
2616 4558 2916 4628 asperrimi.
2937 4557 3078 4613 υἱοιὶ
3100 4535 3276 4614 autem
3299 4559 3482 4630 lupam
3507 4576 3538 4616 δ
3557 4560 3637 4616 ll!-

403 4660 603 4716 rentes,
641 4660 716 4716 et,
759 4665 878 4720 quas
917 4654 1224 4707 necessaria
1252 4664 1399 4716 sunt,
1422 4654 1803 4723 relinquentes.
1835 4654 1967 4710 Item

401 4741 566 4796 falces
598 4741 828 4796 succisio
869 4751 952 4796 est
980 4743 1160 4797 carnis
1193 4758 1292 4812 per
1327 4751 1576 4806 mortem,
1609 4745 1692 4798 vel
1731 4745 1845 4815 ipsa
1873 4745 1968 4798 Di-

403 4830 597 4884 viuitas
620 4829 1067 4900 circumplectens
1085 4831 1285 4896 omnia,
1302 4832 1800 4903 atquedijudicans;
1828 4835 1970 4890 unde

396 4921 654 4990 scriptum
670 4929 753 4973 est
779 4919 832 4974 in
856 4917 973 4973 Joel
1005 4937 1016 4972 :
1046 4918 1195 4973 Mitte
1219 4919 1451 4989 falces,et
1477 4922 1731 4976 vindemia
1768 4924 1968 4978 vineam

395 5025 548 5067 terra:
579 5010 738 5082 (Joel.
768 5010 874 5082 ιιι).
920 5007 986 5064 Et
1033 5009 1086 5064 lu
1135 5010 1506 5082 Apocalypsi:
1541 5011 1608 5065 Et
1653 5013 1870 5067 habebat
1915 5017 1970 5069 in

397 5117 556 5156 manu
600 5117 702 5155 sua
741 5099 927 5170 falcem
954 5110 1160 5153 acutam
1195 5097 1377 5170 (Apoc.
1428 5098 1560 5172 11v).
1601 5100 1970 5156 Ventilabrum

397 5192 540 5246 enim
567 5191 836 5262 significat
853 5205 1076 5245 examen
1095 5187 1350 5258 justitize:
1376 5189 1580 5244 undein
1600 5189 1887 5260 Evangelia
1905 5191 1974 5246 de

395 5299 462 5338 eo
483 5283 676 5354 legitur
699 5300 714 5335 :
741 5283 905 5352 Cujus
919 5280 1259 5336 ventilabrum
1279 5281 1334 5333 in
1353 5297 1512 5334 manu
1535 5297 1654 5344 sua,
1669 5291 1715 5334 et
1729 5297 1974 5351 permun-

396 5377 732 5432 dabitaream
755 5391 928 5442 suam,
954 5385 1002 5430 et
1025 5373 1349 5446 congregabit
1371 5375 1600 5427 triticum
1627 5375 1680 5426 in
1704 5373 1968 5439 horreum,

398 5467 575 5537 paleas
595 5471 766 5520 autem
782 5467 1038 5520 comburet
1069 5466 1175 5536 igni
1199 5464 1605 5535 inexstinguibili
1617 5463 1829 5537 (Matth.
1855 5467 1963 5540 ιιι),

392 5554 528 5608 Area
553 5555 792 5621 Ecclesia
829 5557 882 5610 in
913 5556 1203 5626 Evangelia
1236 5573 1248 5609 :
1290 5555 1359 5608 Et
1402 5555 1764 5625 permundabit
1787 5574 1964 5612 aream

391 5658 542 5695 suam
565 5643 775 5714 (Ibid.).
800 5643 928 5696 Item
959 5661 1080 5698 arca
1107 5655 1421 5714 przesentem
1453 5645 1730 5711 mundum,
1764 5649 1829 5701 de
1856 5661 1964 5717 qua

394 5734 586 5802 legitur
609 5737 660 5790 in
685 5739 939 5806 propheta
969 5755 982 5791 :
1014 5737 1149 5794 Filia
1169 5740 1450 5810 Babylonis
1473 5758 1594 5795 area
1617 5742 1818 5796 tritum
1833 5759 1958 5800 metu

2069 4647 2210 4716 pinis
2224 4646 2494 4712 dentibus,
2514 4649 2605 4717 qui
2631 4648 2918 4718 inaequales
2941 4658 3085 4713 sunt,
3109 4651 3249 4706 unde
3265 4651 3429 4706 etiam
3451 4667 3634 4708 eorum

2069 4751 2282 4791 morsus
2305 4738 2652 4792 vehementer
2673 4739 2824 4793 obest
2847 4740 2988 4793 cani.
3014 4741 3255 4810 Capistra
3293 4757 3325 4795 a
3353 4743 3529 4810 capite
3550 4743 3635 4812 ju-

2068 4838 2372 4884 mentorum
2388 4829 2550 4884 dicta.
2568 4829 2708 4885 Sella
2721 4848 2750 4884 a
2766 4831 3019 4898 sedendo,
3034 4833 3189 4902 quasi
3201 4833 3386 4888 sedda.
3402 4833 3630 4895 Antella,

2067 4921 2222 4992 quasi
2245 4929 2370 4976 ante
2391 4921 2578 4976 sellam
2609 4941 2622 4976 :
2653 4922 2792 4976 sicut
2814 4931 2868 4976 et
2886 4923 3112 4992 postella
3136 4933 3257 4993 Post
3280 4923 3488 4978 sellam.
3515 4923 3638 4978 Cin-

2072 5011 2252 5084 gulum
2277 5011 2552 5066 hominum
2584 5013 2798 5084 generis
2823 5013 2996 5066 neutri
3027 5031 3040 5066 :
3069 5027 3192 5067 nam
3218 5013 3529 5067 animalium
3549 5029 3637 5084 ge-

2074 5106 2220 5161 neris
2239 5105 2601 5159 feminiui'est.
2619 5101 2854 5159 Dicimus
2871 5105 3012 5158 enim
3029 5105 3128 5158 has
3139 5105 3398 5173 cingulas.
3417 5105 3634 5177 Sagma,

2072 5211 2193 5266 quae
2219 5206 2468 5264 corrupte
2489 5195 2646 5266 vulgo
2667 5195 2862 5250 dicitur
2881 5209 3066 5250 sauma
3087 5195 3168 5249 vel
3187 5195 3376 5259 salma,
3402 5212 3433 5248 a
3461 5203 3636 5250 strata

2075 5301 2323 5357 sagarum
2366 5295 2573 5339 vocata.
2610 5285 2758 5340 Unde
2795 5294 2851 5340 et
2881 5284 3122 5340 caballus
3146 5286 3465 5354 sagmarius,
3491 5287 3634 5341 mula

2073 5378 2340 5449 sagmaria
2381 5375 2594 5430 dicitur.
2625 5374 2882 5444 Capulum
2913 5374 3052 5430 funis
3083 5391 3116 5430 a
3153 5376 3414 5444 capienda
3449 5390 3465 5429 :
3495 5377 3634 5446 quod

2071 5491 2136 5531 eo
2162 5471 2418 5528 indomita
2438 5469 2680 5538 jumenta
2711 5468 3253 5538 comprehendantur.
3286 5468 3528 5523 Calcaria
3555 5468 3634 5523 di-

2069 5575 2176 5628 cta,
2204 5562 2329 5632 quin
2349 5561 2402 5616 in
2429 5561 2577 5616 calce
2607 5558 2839 5614 hominis
2867 5557 3119 5629 ligantur,
3145 5559 3198 5612 id
3233 5567 3337 5624 est,
3367 5559 3422 5613 in
3443 5559 3633 5628 pedum

2067 5653 2351 5724 posteriori
2381 5661 2533 5722 parte
2563 5651 2630 5705 ad
2660 5649 3008 5704 stimulandos
3033 5664 3200 5718 equas
3225 5647 3280 5703 in
3324 5650 3518 5720 quibus
3544 5657 3636 5703 aut

2066 5744 2407 5814 pugnandmn
2432 5750 2514 5796 est
2535 5751 2624 5795 aut
2640 5741 2986 5805 currendum,
3002 5749 3222 5810 propter
3233 5742 3506 5811 pigritiam
3523 5739 3636 5795 aui-
