3950 6192
246 355 360 410 m5
404 424 409 427 _
466 357 525 410 Β.
569 358 724 413 ΜΒ.
763 360 978 418 suum
1018 363 1304 424 orsnuu
1346 367 1525 425 psus
1563 330 1655 425 ηιξ
1685 370 2073 431 EXCERPTIO
2110 376 2197 431 nn
2234 378 2419 435 ΑΜΕ
2457 381 2914 443 GRAMMATICA
2952 386 3313 450 pmscum.
3423 393 3531 453 διε

248 469 476 521 malium
504 478 597 522 aut
636 470 903 526 timorem.
933 474 1068 529 Nam
1096 487 1152 532 et
1174 493 1239 533 ex
1279 480 1475 536 timore
1516 483 1598 537 vel
1631 499 1662 537 a
1699 485 1839 555 Stigo
1870 507 1916 565 Α
1945 505 2045 545 nec
2069 492 2187 558 iste,
2214 494 2410 562 quibus
2446 499 2703 555 oneribus
2728 502 3064 572 ingravetur,
3095 507 3366 578 intelligit.
3395 511 3535 565 Pro-7

243 557 456 612 stimuli
497 571 899 631 nuncupantur.
944 564 1191 636 Strigiles
1217 585 1247 622 a
1276 573 1555 641 tergendo,
1585 589 1652 627 eo
1692 577 1835 644 quod

241 648 335 705 his
359 649 482 719 equi
510 659 814 734 terguntyr.
845 654 1141 713 Character
1170 669 1253 715 est
1278 660 1480 717 ferrum
1521 665 1756 721 candens
1781 675 1833 721 et

239 738 498 811 ignitum,
526 755 635 810 quo
662 753 806 799 notae
846 747 1133 814 pecoribus
1180 750 1486 806 inuruntur.
1538 755 1839 810 Character

238 839 424 885 autem
456 831 668 897 Gmcc,
690 832 881 889 Latine
910 834 1084 891 forma
1104 837 1322 894 dicitur.
1347 840 1660 898 Cauterium
1676 846 1837 915 quasi

235 921 554 976 cantur-ium
580 941 593 976 :
623 924 750 992 quia
770 935 915 991 urat,
938 938 993 980 et
1011 931 1235 999 provida
1261 932 1332 987 sit
1363 933 1414 987 in
1440 950 1505 989 eo
1534 950 1835 1008 severaque

233 1013 446 1077 cautio,
480 1021 539 1067 ut
579 1013 705 1068 dum
744 1015 985 1083 videtur;
1004 1018 1157 1088 cujus
1188 1022 1280 1087 sit,
1320 1024 1545 1079 avaritia
1584 1027 1837 1083 refrene--

234 1109 363 1155 tur:
389 1102 535 1170 quod
563 1102 834 1158 interdum
860 1120 958 1174 pro
975 1107 1148 1179 signo,
1170 1110 1437 1168 interdum
1458 1130 1556 1184 pro
1576 1131 1705 1171 cura
1734 1120 1831 1173 ad-

235 1189 473 1254 hibetur,
492 1200 553 1245 ut
576 1191 662 1246 vis
688 1194 863 1248 morbi
894 1195 1036 1265 ignis
1061 1200 1256 1256 ardore
1285 1203 1535 1258 siccetur.
1578 1205 1833 1263 Habcnas

231 1281 302 1335 ab
334 1281 589 1335 habendo
614 1282 805 1349 dictas,
852 1287 996 1353 quod
1028 1287 1115 1343 his
1150 1303 1318 1359 equos
1362 1293 1679 1361 habeamus,
1725 1299 1828 1353 hoc

228 1381 335 1436 est,
363 1381 648 1428 teneamus
673 1392 686 1427 :
714 1375 854 1431 unde
880 1385 938 1432 et
955 1379 1081 1449 equi
1108 1380 1319 1437 habiles
1342 1384 1470 1439 dicti
1494 1403 1506 1438 :
1534 1386 1647 1442 hat'c
1669 1399 1723 1443 et
1741 1405 1831 1445 re-

230 1464 468 1518 tinacula
499 1481 529 1519 a
562 1467 861 1524 retinendo.
894 1470 1127 1527 Lora....
1165 1474 1221 1528 in
1255 1476 1340 1530 his
1374 1493 1505 1551 ergo
1540 1482 1824 1549 speciebus

229 1558 516 1631 disciplina
544 1562 861 1635 designatur
884 1567 1226 1624 insolentium
1255 1583 1309 1626 et
1338 1573 1616 1630 brutorum
1641 1578 1820 1632 homi-

226 1667 354 1705 num
382 1671 395 1704 :
429 1653 575 1707 unde
601 1653 884 1711 Psalmista
913 1659 989 1713 ait
1022 1678 1035 1713 :
1071 1661 1247 1716 Nolite
1269 1664 1388 1732 ﬁeri
1413 1667 1549 1721 sicut
1587 1685 1749 1740 equus
1770 1680 1819 1723 et

224 1741 422 1807 mulus,
437 1744 629 1813 quibus
653 1762 754 1811 non
771 1757 845 1800 est
868 1748 1191 1804 intellectus:
1209 1754 1263 1807 in
1290 1770 1437 1808 como
1460 1766 1508 1809 et
1530 1757 1681 1826 freno
1700 1777 1822 1813 ma-

1941 581 2089 637 hibet
2109 598 2240 654 ergo
2263 587 2632 657 hujuscemodi
2657 592 2905 650 homines
2934 596 3212 652 diabolicis
3242 599 3523 656 fraudibus

1938 671 2181 741 insideri,
2210 685 2266 731 et
2292 679 2547 735 vitiorum
2587 684 2844 739 oneribus
2884 689 3231 757 praegravari,
3282 705 3350 744 ne
3385 691 3530 747 male

1936 766 2237 824 obediendo
2264 771 2530 840 superbiae
2565 774 2738 844 magis
2761 777 3005 845 partibus
3035 777 3372 833 addicuntur.
3418 782 3527 835 νει-π

1935 874 2055 913 rum
2090 860 2208 916 istis
2234 863 2431 919 talibus
2458 866 2585 934 quid
2612 867 2811 922 dicitur
2837 884 2957 925 esse
2996 870 3341 927 faciendum?
3371 875 3523 929 scili—

1933 960 2021 1006 cet
2042 954 2186 1021 quod
2214 955 2539 1011 animalibus
2570 958 3018 1028 imprudentibus.
3062 961 3156 1017 His
3190 964 3334 1018 enim
3365 979 3520 1019 com-

1931 1044 2304 1111 parationibus
2333 1046 2527 1101 stultos
2553 1048 2806 1104 homines
2828 1051 3046 1106 veritati
3086 1053 3266 1108 subdit
3297 1055 3524 1111 invitos.

1930 1132 2066 1187 Nam
2098 1136 2239 1203 quod
2266 1135 2361 1201 ait,
2393 1137 2445 1190 in
2480 1137 2646 1205 freno,
2679 1139 2745 1194 ad
2786 1156 2983 1210 equum
3008 1143 3258 1210 pertinet.
3280 1144 3517 1200 Frenum

1929 1221 2073 1276 enim
2100 1239 2128 1276 a
2158 1222 2277 1278 fero
2292 1225 2575 1281 retinendo
2601 1228 2803 1283 dictum
2833 1239 2915 1284 est
2944 1249 2956 1283 :
2992 1230 3166 1286 ferum
3197 1235 3396 1303 quippe
3421 1251 3524 1289 att--

1929 1310 2063 1380 tiqui
2099 1311 2365 1367 caballum
2403 1316 2655 1370 dixerunt
2685 1335 2698 1370 :
2729 1318 2784 1370 in
2811 1335 2978 1382 camo,
3012 1321 3079 1374 ad
3111 1322 3311 1376 mulum
3340 1325 3513 1393 respi-

1926 1403 2020 1457 cit.
2047 1403 2187 1474 Ergo
2216 1405 2329 1461 haec
2352 1409 2606 1464 animal'a
2648 1413 2960 1481 supradicta
2983 1415 3236 1469 cohibent
3262 1418 3363 1471 ista
3386 1420 3515 1474 reti-

1926 1494 2137 1559 nacula,
2170 1505 2227 1548 ut
2254 1498 2319 1551 ad
2343 1500 2626 1554 arbitrium
2644 1500 2882 1567 iubentis
2902 1504 3177 1571 incedant,
3198 1523 3265 1561 ne
3285 1509 3398 1563 suis
3419 1525 3513 1565 vo—

1923 1585 2222 1643 luntatibus
2250 1588 2562 1645 efferantur.
2593 1592 2817 1649 Maxilla:
2849 1612 2978 1651 vero
3027 1598 3351 1654 adminicula
3383 1611 3514 1656 sunt

1923 1676 2261 1743 animalium,
2302 1680 2497 1748 quibus
2534 1698 2657 1737 esca
2696 1688 2987 1753 manditur,
3016 1697 3074 1741 nt
3116 1690 3357 1758 corporis
3386 1691 3509 1746 vita:

1920 1778 2265 1836 procuretur.
2296 1771 2444 1840 lpsas
2479 1786 2608 1842 ergo
2645 1776 2893 1831 maxillas
2929 1793 3028 1848 per
3051 1778 3277 1849 ﬁguram
3304 1780 3504 1851 allego-

221 1833 379 1888 :rillas
418 1852 603 1889 eorum
643 1840 965 1911 constringe,
999 1844 1088 1913 qui
1125 1860 1227 1898 non
1267 1849 1633 1917 approximant
1668 1852 1743 1905 ad
1767 1862 1817 1906 te
1849 1873 1891 1932 Β
1921 1833 2089 1912 ricam
2122 1859 2253 1915 dicit
2283 1833 2719 1919 inobedientibus
2739 1833 2949 1921 debere‘
2962 1833 3281 1937 constringi,
3311 1870 3365 1924 id
3399 1881 3509 1935 est,

177 1946 185 1953 υ
221 1926 241 1997 (
258 1926 405 1982 Psal.
436 1946 569 1984 xxx:
589 1931 628 2000 ).
657 1930 797 1986 Hinc
815 1931 926 2001 jam
954 1938 1277 2005 generaliter
1304 1954 1472 2009 genus
1514 1941 1806 1999 humanum

224 2030 535 2076 commonet
571 2038 640 2077 ne
668 2025 820 2094 vagis
856 2028 1115 2082 subdatur
1152 2031 1447 2087 erroribus.
1490 2032 1809 2090 Scrutemur

217 2125 385 2179 quare
414 2112 534 2166 ista:
556 2117 987 2183 comparationes
1008 2119 1113 2173 sint
1136 2122 1341 2189 positae.
1359 2123 1543 2193 Equus
1564 2126 1680 2181 sine
1698 2126 1808 2182 dis-

215 2201 457 2257 cretione
478 2205 713 2259 sessoris
730 2204 903 2260 fertur
918 2209 1164 2275 arbitrio,
1182 2221 1236 2266 et
1255 2228 1283 2265 a
1298 2228 1620 2284 quocunque
1640 2215 1803 2272 fuerit

215 2307 494 2359 ascensus,
515 2298 780 2352 excurrit.
800 2298 972 2355 Mutus
985 2311 1164 2356 autem
1179 2306 1450 2372 patienter
1468 2308 1663 2377 accipit
1689 2324 1801 2364 sar-

214 2383 385 2447 cinas,
420 2387 626 2455 quibus
656 2387 819 2443 fuerit
847 2403 1104 2448 oneratus
1132 2411 1145 2446 :
1177 2405 1232 2448 et
1257 2397 1324 2449 ad
1360 2398 1463 2451 hoc
1484 2399 1700 2468 utrique
1723 2401 1804 2454 in-

213 2474 489 2531 tellectum
517 2493 626 2533 non
650 2480 854 2536 habent
869 2485 1026 2552 :quia
1048 2500 1147 2539 nec
1169 2485 1439 2559 illeeligit,
1456 2489 1799 2546 cuiobediat:

217 2661 2394 2703 "——'-——--—.-————-————-—————_—___

1918 1951 2101 2018 copias
2123 1952 2383 2007 victuales
2409 1954 2626 2021 parcius
2657 1956 2795 2020 dari,
2833 1964 2892 2009 ut
2917 1956 3244 2027 jejuniorum
3274 1961 3510 2016 necessi-

1917 2050 2026 2095 tate
2045 2041 2309 2106 conclusi,
2336 2043 2610 2100 Creatoris
2637 2047 2938 2102 subdantur
2959 2048 3203 2118 imperio.
3233 2049 3509 2120 Allegoria

1915 2141 1997 2187 est
2025 2133 2189 2195 enim,
2232 2136 2369 2187 sicut
2395 2150 2535 2204 stupe
2573 2137 2773 2191 dictum
2813 2146 2915 2202 est,
2953 2141 3169 2208 quando
3196 2140 3340 2195 aliud
3367 2143 3503 2196 dici-

1912 2230 2020 2286 tur,
2051 2232 2105 2277 et
2126 2222 2269 2276 aliud
2290 2223 2644 2295 signiﬁcatur.
2677 2226 2747 2279 Et
2764 2227 3018 2295 quoniam
3040 2228 3299 2294 diximus,
3320 2230 3373 2282 in
3397 2231 3504 2285 hac

1902 2322 2063 2383 parte
2092 2314 2374 2367 Dominum
2409 2313 2681 2368 Christum
2717 2315 2863 2385 loqui
2897 2335 2911 2370 :
2952 2318 3249 2388 constringe
3287 2318 3501 2373 scilicet

1911 2404 2108 2458 dicitur
2146 2404 2332 2459 Patri:
2363 2414 2565 2459 sanctae
2594 2415 2772 2461 tamen
2813 2407 3098 2465 Trinitatis
3124 2424 3294 2464 unum
3333 2408 3500 2476 velle,

1909 2509 2014 2548 una
2040 2505 2301 2564 potestas,
2326 2510 2435 2550 una
2458 2498 2770 2566 cooperatio
2790 2507 2892 2554 est.

2424 2687 3495 2714 ε------------.-----ι----ι---η“ι

802 2825 1381 2941 ΒΕΔΤῙ
1458 2832 2210 2948 ΒΔΒΔΝῙ
2281 2835 2899 2953 MIHI!
2938 2945 2940 2947 ,

940 3039 1329 3099 FULDENSIS
1364 3042 1656 3100 ABBATIS
1689 3045 1780 3100 ET
1814 3044 2201 3103 MOGUNTIM
2236 3045 2755 3109 ARCHlEPlSCOPl

438 3216 1125 3334 OPEBUM
1226 3219 1895 3336 OMNIUM
2006 3222 2417 3338 PARS
2521 3229 3233 3376 TERTIA,

1770 3440 1908 3483 SIVE

470 3564 729 3643 Scripta
768 3564 916 3626 dum
965 3566 1480 3647 archiepiscopus
1524 3578 1731 3648 ageret
1779 3576 1836 3629 et
1870 3568 2003 3631 alia
2037 3571 2170 3632 sine
2205 3573 2505 3652 temporis
2536 3582 2691 3636 nota
2714 3577 2788 3639 ab
2827 3578 2966 3657 ipso
2999 3579 3188 3642 edita.

577 3858 1136 3989 EXCERPTlo
1221 3858 1353 3990 DE
1423 3862 1702 3991 ARTE
1770 3860 2453 3994 GRAMMATICA
2503 3866 3061 3995 PRISGIANI.

1587 4101 1951 4117 ——_—

870 4200 951 4255 De
976 4219 1117 4258 voce.

259 4292 582 4348 Auctoritas
620 4292 1065 4362 philosophorum
1117 4295 1355 4350 ostendit
1399 4296 1789 4366 proprietatem

190 4387 340 4440 vocis
388 4384 445 4438 in
489 4385 633 4438 aeris
672 4386 1022 4454 percussione
1056 4401 1210 4453 esse,
1267 4402 1590 4459 quocunque
1627 4389 1786 4445 modo

191 4477 333 4531 ictus
385 4475 502 4529 ﬁat.
565 4475 735 4540 Quam
780 4476 952 4528 etiam,
985 4477 1285 4531 diviserunt
1320 4478 1374 4532 in
1399 4486 1633 4548 quatuor
1665 4493 1787 4547 spe-

189 4572 321 4633 cies,
382 4566 751 4631 articulatam,
802 4567 1223 4631 inartieulatam,
1272 4567 1571 4623 litteratam
1612 4577 1675 4624 et
1714 4567 1783 4622 il-

187 4657 514 4712 litteratum.
588 4654 695 4711 Sed
739 4656 808 4711 de
857 4657 941 4711 his
987 4657 1106 4711 duae
1146 4655 1470 4726 conjunctae,
1531 4658 1787 4714 videlicet

187 4747 485 4804 articulate
537 4755 593 4800 et
633 4746 894 4812 litterata,
942 4748 1268 4817 prazcipuatn
1311 4747 1782 4817 commodamque,

187 4818 307 4895 ano
365 4839 755 4905 peccssariam,
838 4853 1025 4893 vocem
1073 4837 1287 4893 efficere
1371 4839 1513 4894 haud
1562 4838 1784 4894 dubium

185 4941 293 4994 est,
366 4929 500 4999 quia
560 4928 676 4999 ipsa
717 4927 1054 4985 solummodo
1114 4928 1418 4983 litterarum
1466 4939 1521 4984 et
1571 4929 1784 4984 intelle-

184 5034 313 5079 ctus
365 5036 547 5090 capax
602 5036 723 5076 esse
796 5022 1163 5093 dignoscitur;
1213 5030 1423 5076 caetera
1475 5021 1531 5074 in
1577 5029 1785 5076 tantum

180 5116 354 5170 utiles
378 5127 490 5167 non
514 5119 674 5175 sunt;
706 5112 830 5182 quia
857 5111 1025 5168 simul
1046 5120 1241 5167 natura
1275 5119 1340 5167 et
1365 5110 1638 5167 intellectu
1663 5109 1785 5182 capi

186 5222 296 5261 non
327 5211 594 5275 possunt:
625 5218 814 5258 verum
853 5204 1087 5259 invicem
1116 5218 1213 5273 per
1237 5202 1491 5272 singulas.
1506 5209 1783 5267 coeunws,

190 5299 245 5352 si
261 5297 397 5369 quis
425 5296 701 5365 inquirere
718 5296 970 5363 voluerit,
996 5297 1114 5352 sine
1139 5294 1569 5351 dubio‘inveniet
1599 5309 1783 5351 vocem

182 5403 281 5443 eas
314 5387 547 5441 reddere
593 5387 709 5441 sine
740 5386 1127 5451 intellectione;
1156 5386 1203 5442 si
1228 5393 1415 5440 tamen
1438 5400 1502 5440 ea
1538 5393 1781 5452 utuntur,

184 5476 391 5532 litteris
433 5483 663 5542 carent;
715 5476 855 5546 quid
904 5492 1064 5545 supra
1112 5475 1271 5532 dictis
1313 5490 1420 5530 non
1453 5475 1736 5547 cotitingit.

846 5567 921 5621 De
949 5566 1139 5622 littera.

258 5656 474 5714 Littera
508 5665 601 5713 est
620 5657 993 5728 pars-minima
1017 5657 1169 5713 vocis
1187 5656 1508 5722 articulatm,
1546 5657 1650 5715 hoc
1669 5666 1774 5724 est,

186 5764 311 5820 qu'e
353 5757 574 5805 constat
613 5750 1000 5822 compositione
1032 5749 1333 5821 litterarum
1363 5768 1377 5803 :
1402 5750 1639 5804 minima
1674 5767 1771 5804 au-

1814 4207 1859 4268 c
1894 4211 2023 4268 tem,
2065 4209 2327 4271 quantum
2355 4202 2423 4256 ad
2444 4211 2613 4259 totam
2649 4206 3185 4275 comprehensionem
3221 4212 3368 4268 vocis
3390 4213 3470 4271 lit-

1887 4300 2106 4347 teratte:
2149 4291 2287 4347 Nam
2328 4308 2429 4349 vox
2462 4303 2547 4349 est
2595 4295 2857 4365 quidquid
2897 4297 3187 4369 loquimur,
3224 4311 3284 4357 ut
3318 4313 3481 4374 puta,

1884 4384 1930 4440 si
1968 4384 2117 4439 dicas
2152 4402 2165 4438 :
2206 4384 2401 4439 Orator
2438 4386 2573 4438 venit
2598 4394 2645 4439 et
2668 4387 2890 4453 docuit;
2928 4404 3052 4444 nam
3084 4400 3261 4461 potest
3296 4394 3426 4451 solvi
3457 4410 3483 4451 ε

1886 4473 2083 4529 Orator
2116 4476 2272 4539 venit,
2322 4484 2374 4531 et
2412 4475 2591 4530 docuit
2634 4491 2733 4546 per-
2758 4478 2967 4548 singula
3004 4483 3199 4547 verba;
3232 4484 3345 4552 ipsa
3372 4502 3481 4539 au-

1887 4574 1995 4621 tem
2039 4568 2206 4621 verba
2250 4567 2303 4621 in
2347 4568 2607 4639 syllabas,
2652 4581 2766 4629 oet
2783 4588 2864 4637 ra,
2910 4581 3031 4637 tor;
3074 4573 3202 4642 ipsa;
3255 4574 3486 4645 syllabae

1884 4657 1938 4713 in
1961 4657 2203 4722 litteras;
2238 4656 2418 4712 littora
2444 4674 2661 4731 quoque
2687 4662 2802 4733 ipsa
2832 4661 3055 4716 minime
3082 4672 3260 4732 potest
3282 4664 3485 4729 dividi,

1882 4747 2025 4803 unde
2076 4747 2191 4801 haec
2212 4761 2249 4800 a'
2271 4746 2606 4818 philosophis
2640 4760 2842 4805 atomos
2870 4751 3091 4816 dicitur,
3143 4752 3195 4805 id
3230 4761 3334 4816 est,
3386 4754 3479 4807 ἱιια

1884 4836 2186 4892 divisibilis.
2261 4836 2502 4895 Scaurus
2556 4840 2637 4896 sic
2667 4856 2787 4897 eam
2838 4841 3350 4897 definivitzLittera
3396 4850 3485 4897 est

1882 4929 2045 4993 uocis,
2074 4944 2191 4999 qua
2216 4930 2374 4985 scribi
2400 4941 2599 5001 potest,
2617 4937 2811 5003 forma.
2844 4933 3177 4988 Elementum
3213 4940 3301 4986 est
3327 4933 3485 4987 enim

1885 5019 2108 5075 minima
2144 5023 2261 5088 vis,.
2300 5032 2385 5077 est
2413 5024 2757 5080 indivisibilis
2801 5026 3029 5080 materia
3070 5025 3220 5078 vocis
3264 5025 3479 5077 articu-

1883 5111 2006 5167 latae
2030 5121 2135 5180 ;.et
2166 5114 2592 5185 uniuscujusque
2623 5116 2703 5171 rei
2744 5116 2977 5181 initium,
3032 5130 3062 5168 a
3092 5129 3199 5183 quo
3238 5112 3486 5168 sumitur.r

1885 5200 2305 5270 incrementum,
2355 5214 2419 5261 et
2464 5207 2518 5260 in
2548 5208 2691 5276 quod
2741 5207 3045 5270 resolvitur,
3093 5205 3254 5275 hujus
3297 5205 3481 5274 ﬁgurm

1883 5293 2066 5349 littera
2104 5303 2352 5351 vocatur.
2402 5295 2628 5354 Veteres
2654 5299 2817 5353 etiam
2845 5297 3054 5351 litteras
3093 5295 3355 5350 elementa
3388 5294 3483 5350 dir

1883 5392 2102 5450 xerunt,
2150 5386 2217 5440 ad
2260 5386 2667 5443 similitudinem
2707 5387 2893 5442 mundi
2941 5386 3373 5462 elementorum;
3401 5402 3482 5442 eo

1884 5476 2027 5544 quod
2060 5476 2200 5531 sicut
2223 5477 2314 5531 illa
2345 5479 2784 5533 coeuntiaomnc
2806 5477 3089 5548 perﬁciunt
3130 5491 3346 5547 corpus,
3388 5478 3474 5532 εἰσ

1806 5558 1860 5619 D
1885 5565 2046 5620 etiam
2072 5566 2174 5620 ista
2201 5567 2489 5638 conjuncta
2516 5568 2813 5623 orationem
2845 5576 3164 5623 conservant
3182 5576 3239 5622 et
3266 5565 3473 5635 disjun—A

1885 5669 1975 5714 cta
2022 5658 2340 5716 dissolvunt.
2392 5657 2507 5715 Hoc
2557 5674 2688 5730 ergo
2726 5659 2952 5715 interest
3018 5659 3157 5713 inter
3200 5658 3474 5713 elementa:

1880 5759 1933 5805 et
1960 5751 2184 5816 litteras,
2212 5749 2355 5822 quod
2383 5749 2646 5807 elementa
2680 5750 2891 5822 proprie
2916 5750 3165 5805 dicuntur
3194 5750 3320 5818 ipsa:
3343 5762 3479 5819 prae
