3950 6192
453 306 552 360 (iiii

1115 303 1176 358 Β.
1216 300 1474 358 ΒΑΒΑΝΙ
1513 300 1733 361 ΜΑυκι
1774 299 2023 357 ARClHE

2138 288 2448 356 HOGUNT.
2489 294 2776 357 OPERUM
2816 298 2995 355 PARS
3034 299 3123 354 lll.

3620 296 3719 352 (illi

447 418 836 482 nuntiationes,
879 416 933 472 id
978 424 1077 480 est,
1132 416 1217 472 vis
1262 416 1403 482 soni,
1446 430 1567 485 qua:
1594 415 1812 471 auditur
1850 429 1916 469 ac
1947 414 2027 468 in-
2058 420 2106 476 Α
2133 413 2319 474 uirtus,
2365 412 2493 477 vita,
2536 412 2642 466 vix.
2717 410 2761 465 U
2798 419 3003 471 autem,
3060 406 3308 478 quamvis
3364 415 3721 472 contractum,

450 512 747 583 telligitur;
782 509 966 580 ﬁgura:
1014 523 1145 565 vero
1190 524 1375 563 earum
1410 509 1624 571 litteras,
1665 525 1699 562 α
1728 522 1859 562 vero
1892 515 1947 562 et
1980 506 2029 569 ὁ,

446 613 505 659 ει
551 622 599 670 ο,
642 612 697 660 ει
736 603 841 656 alia
885 601 1159 672 quaelibet,
1208 616 1401 656 nomen
1429 609 1514 656 est
1540 608 1597 656 et
1637 597 2033 668 pronuntiatio-

448 697 553 760 nis,
591 703 644 749 et
681 694 903 765 θεωρεῖ
930 693 1129 764 legitur
1173 692 1522 757 elementum,
1580 691 1899 761 intelligitur
1949 689 2038 744 lit-

448 795 586 849 tera,
639 785 898 840 scribitur
925 790 981 838 et
1021 783 1348 838 nominatur.

520 880 724 935 Littera
750 877 897 932 dicta
933 877 1086 946 quasi
1126 852 1345 946 Tegitera
1373 916 1389 939 ,
1416 874 1542 944 quia
1569 874 1764 945 legitur
1798 881 1854 928 et
1890 872 2036 944 quod

451 968 757 1040 legentibus
791 966 897 1021 iter
947 964 1210 1028 ostendit,
1248 972 1304 1018 et
1343 978 1373 1016 a
1416 962 1575 1016 litum
1605 976 1767 1030 quam
1806 961 2031 1031 patitur,

444 1063 667 1133 etquod
694 1062 921 1132 legendo
955 1060 1197 1115 iteratur.
1231 1058 1430 1113 Omnes
1454 1070 1586 1126 ergo
1613 1055 1807 1110 litteras
1837 1055 2034 1125 quibus

447 1153 624 1207 Latini
653 1160 896 1216 utuntur,
947 1149 1137 1220 viginti
1174 1156 1230 1201 et
1261 1156 1372 1201 tres
1405 1155 1570 1201 sunt:
1610 1160 1843 1215 quarum
1883 1143 2036 1200 dill'e-

449 1244 636 1299 rcntice
676 1251 787 1299 tres
815 1250 959 1296 sunt.
1009 1241 1187 1295 Prima
1216 1239 1517 1294 differentia
1548 1238 1836 1306 qualitates
1873 1237 2035 1293 habet

448 1334 605 1399 duas,
658 1347 779 1401 qum
820 1341 914 1385 aut
958 1330 1163 1384 Latina:
1222 1336 1366 1392 sunt,
1416 1334 1511 1381 aut
1558 1326 2033 1381 GraectezLatinaa

448 1432 574 1478 sunt
641 1438 747 1476 una
795 1430 851 1476 et
887 1421 1104 1491 viginti;
1152 1418 1377 1481 Graaeae,
1424 1417 1562 1481 dum,
1591 1432 1625 1485 ν
1652 1414 1873 1477 vocalis.
1915 1424 1969 1469 et
2002 1431 2033 1467 ι

447 1512 808 1576 semivocalis,
859 1526 978 1580 quae
1025 1510 1077 1563 in
1121 1524 1279 1563 usum
1333 1520 1524 1561 eorum
1578 1513 1799 1573 propter
1840 1503 2029 1558 Grasca

448 1606 665 1660 nomina
702 1611 988 1659 venerunt.
1018 1601 1159 1656 Sunt
1188 1607 1244 1652 et
1284 1598 1403 1652 alia:
1442 1597 1699 1666 quinque,
1731 1610 1868 1666 quas
1910 1603 2034 1666 post

445 1696 844 1768 perceptionem
885 1693 1178 1749 Dominica:
1207 1689 1350 1753 ﬁdei,
1392 1694 1447 1743 et
1473 1687 1519 1742 si
1545 1702 1650 1742 non
1682 1687 1736 1741 in
1761 1684 2030 1755 alphabcti

2138 502 2389 556 eumdem
2418 509 2620 566 tamen,
2647 500 2751 555 hoc
2773 508 2857 555 est
2881 517 2937 570 ει,
2966 512 3158 553 sonum
3189 497 3371 559 habet,
3412 497 3551 551 inter
3569 514 3621 568 ιι,
3670 508 3726 553 ει

2137 609 2187 656 ε,
2215 599 2270 647 et
2297 593 2335 657 i,
2368 601 2424 647 et
2452 608 2521 657 ar,
2549 591 2916 660 diphthongon
2943 588 3184 658 positum
3214 596 3389 656 atque,
3418 587 3553 656 quis,
3578 604 3726 657 quae;

2138 696 2352 739 necnon
2384 683 2528 737 inter
2554 698 2587 752 g
2621 688 2677 736 et
2701 680 2920 735 easdem
2959 676 3193 741 vocales,
3252 690 3376 731 cum
3408 675 3461 729 in
3488 690 3591 730 una
3616 676 3727 748 syl-

2137 770 2258 827 laba
2298 772 2378 827 sic
2420 771 2787 835 inveniuntur,
2839 777 2900 823 ut
2929 786 2943 821 :
2976 768 3214 837 pingues,
3258 766 3466 836 anguis,
3511 764 3727 836 linguw.

2138 860 2168 915 Ι
2190 870 2371 916 autem
2393 877 2493 932 pro
2515 860 2714 930 duplici
2744 868 3076 915 consonante
3110 857 3323 911 videtur
3342 871 3483 919 esse,
3513 856 3731 926 quando

2136 950 2278 1006 inter
2306 952 2440 1006 duas
2468 951 2683 1006 vocales
2711 960 2795 1006 est
2817 950 3012 1021 posita,
3057 949 3285 1018 ideoque
3334 962 3550 1018 semper
3586 949 3732 1019 prio-

2137 1057 2250 1097 rem
2280 1042 2545 1113 syllabam
2578 1040 2711 1097 facit
2756 1041 3006 1112 longam;
3029 1046 3088 1095 ut
3115 1054 3129 1092 :
3164 1039 3358 1103 maius,
3387 1040 3559 1109 peius,
3585 1041 3721 1103 eius,

2134 1134 2260 1204 quia
2310 1149 2417 1191 non
2466 1134 2626 1189 aliter
2669 1132 3009 1204 pronuntiari
3056 1140 3258 1201 potest,
3304 1146 3468 1200 quam
3511 1132 3557 1184 si
3606 1146 3732 1185 cum

2133 1223 2303 1292 priori
2322 1222 2522 1294 syllaba
2549 1223 2754 1293 priori,
2785 1230 2987 1277 etcum
3011 1220 3261 1291 sequenti
3288 1219 3457 1275 altera
3488 1220 3731 1289 profera-

2133 1323 2253 1378 tur;
2276 1322 2332 1368 ct
2356 1314 2477 1371 ideo
2493 1314 2701 1384 antiqui
2726 1315 2780 1369 in
2804 1313 2888 1369 bis
2910 1313 3093 1369 verbis
3108 1314 3214 1368 duo
3235 1313 3272 1365 ii
3296 1327 3513 1383 semper
3533 1312 3732 1368 sexibe-

2133 1404 2282 1460 bant.
2308 1403 2492 1460 Vvero
2514 1404 2631 1460 loco
2651 1402 2997 1460 consonantis
3017 1404 3211 1474 posita.
3238 1404 3480 1458 eamdem
3507 1418 3732 1472 prorsus

2133 1494 2189 1549 in
2207 1496 2459 1550 omnibus
2478 1496 2583 1550 vim
2609 1494 2770 1550 habet
2791 1496 2933 1564 apud
2952 1494 3175 1548 Latinos
3194 1509 3357 1564 quam
3374 1493 3516 1563 apud
3541 1492 3730 1549 ,ΑΕοιοε

2134 1584 2426 1655 digamma,
2461 1593 2517 1638 et
2541 1584 2710 1653 ipsius
2747 1582 3016 1653 digamma
3044 1596 3179 1636 voce
3212 1598 3313 1635 van
3345 1579 3589 1650 profecta
3621 1588 3728 1645 est,

2132 1688 2231 1743 pro
2259 1689 2367 1745 qua
2386 1673 2571 1730 Caesar
2607 1673 2746 1728 hanc
2770 1671 3019 1745 ﬁguram,
3054 1672 3109 1727 id
3129 1681 3213 1727 est
3244 1668 3316 1737 F,
3343 1671 3508 1727 scribi
3536 1670 3727 1726 voluit.

444 1762 635 1843 ordine
662 1786 946 1856 recipiunt,
981 1784 1177 1840 divinis
1208 1792 1389 1836 tamen
1424 1779 1636 1851 paginis
1665 1778 1864 1834 inditas
1897 1793 2030 1833 eon-
2060 1769 2107 1829 B
2136 1767 2424 1856 Digatnma
2464 1766 2609 1856 enim
2649 1762 2937 1836 aliquando
2979 1764 3384 1856 pro_si_mplici,
3435 1763 3730 1856 aliquando

446 1881 640 1944 tinent,
676 1879 734 1944 h,
763 1892 954 1949 praper
991 1891 1179 1932 nomen
1218 1874 1413 1940 lhesu;
1450 1883 1490 1929 Α
1523 1882 1580 1928 et
1599 1882 1664 1936 Ω,
1689 1880 1911 1942 propter
1940 1886 2034 1926 au-

444 1971 753 2041 ctoritatem
777 1967 944 2023 divini
981 1965 1270 2029 sermonis,
1301 1964 1413 2035 Ego
1437 1979 1556 2018 sum
1583 1961 1716 2036 ἄλφα
1746 1971 1801 2018 ει
1839 1963 2033 2035 ὡμέγα,

447 2071 502 2117 et
523 2069 743 2131 propter
771 2072 965 2113 nomen
998 2067 1117 2112 xm.
1148 2054 1396 2110 Secunda
1427 2052 1729 2108 dill'erentia
1759 2052 1813 2105 in
1838 2051 2034 2106 litteris

444 2151 735 2222 qualitates
773 2162 926 2219 atquc
954 2148 1089 2203 duas
1136 2145 1320 2208 habet,
1357 2159 1480 2214 qua:
1526 2152 1623 2199 aut
1648 2142 1865 2199 vocales
1908 2152 2034 2199 sunt

448 2253 538 2298 aut
562 2247 942 2297 consonantes.
968 2237 1100 2292 item
1124 2236 1284 2291 tertia
1306 2234 1608 2290 diﬂ'erentia
1629 2242 1715 2289 est
1742 2234 1886 2289 inter
1902 2248 2050 2317 con--

445 2340 722 2397 sonantes,
759 2329 904 2401 quod
948 2328 1191 2399 quaedam
1216 2336 1346 2382 sunt
1383 2325 1757 2390 semivocales,
1783 2326 2032 2396 quasdam

445 2433 625 2487 mutae,
658 2425 904 2494 quaedam
953 2421 1190 2491 liquidae,
1226 2429 1283 2476 et
1308 2420 1557 2489 quaedam
1585 2418 1849 2490 duplices.
1892 2416 2035 2473 Sunt

446 2523 626 2569 tamen
658 2513 874 2569 vocales
898 2513 1158 2583 quinque,
1189 2510 1417 2575 scilicet,
1444 2527 1499 2577 a,
1531 2527 1579 2575 e,
1611 2511 1650 2574 i,
1677 2527 1728 2575 ο,
1757 2526 1834 2574 u;
1866 2507 2032 2563 semi-

445 2603 660 2661 vocales
685 2608 912 2675 septem,
946 2600 986 2667 Ι,
1017 2612 1089 2667 m,
1119 2616 1174 2667 η,
1204 2616 1249 2663 r,
1277 2616 1322 2664 s,
1345 2616 1403 2664 az,
1427 2616 1474 2653 z.
1526 2598 1685 2653 Muta:
1726 2613 1942 2664 novem,
1978 2598 2030 2664 ὑ,

446 2709 496 2758 c,
526 2694 583 2758 ά,
618 2694 661 2763 f,
696 2710 748 2763 g,
774 2692 824 2758 k,
854 2709 911 2758 ρ,
934 2708 966 2762 q
1016 2698 1073 2746 et
1109 2700 1148 2744 ι.
1196 2688 1424 2744 Vocales
1484 2688 1642 2743 dictm
1691 2696 1817 2743 sunt
1876 2688 2032 2758 quasi

445 2792 711 2847 sonantes,
764 2782 890 2850 quia
919 2788 974 2835 et
999 2794 1184 2835 vocem
1208 2794 1305 2850 per
1328 2793 1388 2833 se
1433 2776 1653 2842 faciunt,
1709 2784 1764 2833 et
1786 2775 1905 2831 aliis
1932 2790 2026 2831 vo-

445 2888 562 2928 cem
592 2880 881 2943 prmstant;
913 2879 1271 2926 consonantes
1293 2870 1531 2941 quidem,
1563 2870 1706 2941 quod
1732 2875 2034 2925 consonant

441 2962 719 3018 vocalibus
748 2979 761 3015 :
786 2970 842 3017 et
873 2961 1011 3016 bene
1042 2960 1298 3017 dicuntur
1323 2972 1692 3028 consonantes,
1734 2961 1880 3032 quod
1922 2962 2029 3018 duo

442 3052 560 3107 soni
615 3051 773 3107 simul
840 3061 1055 3107 sonant.
1122 3049 1487 3106 Semivocales
1527 3051 1828 3121 appellatae,
1884 3052 2028 3121 quod

439 3145 653 3215 plenam
680 3158 868 3199 vocem
920 3158 1027 3199 non
1056 3143 1280 3208 habent,
1325 3151 1386 3197 ut
1419 3142 1660 3196 semiviri
1708 3150 1765 3197 et
1813 3142 2025 3198 semidii
2052 3129 2098 3191 C

438 3236 710 3300 dicuntur,
760 3248 867 3289 non
894 3232 1038 3305 quod
1066 3232 1295 3297 dimidii,
1343 3233 1606 3302 sedquod
1654 3232 1801 3303 pleni
1830 3233 1903 3288 dii
1968 3243 2024 3289 et

435 3327 581 3398 pleni
612 3328 713 3382 viri
741 3342 847 3383 non
872 3327 981 3381 sint
1010 3342 1024 3392 ;
1055 3325 1140 3380 his
1161 3325 1205 3380 si
1227 3324 1483 3380 detrahas
1515 3326 1782 3391 vocalem,
1823 3328 2025 3383 habent

437 3427 619 3472 tamen
664 3427 721 3472 et
749 3425 968 3472 tenuem
994 3430 1189 3471 sonum
1240 3423 1297 3470 et
1335 3415 1555 3471 sibilum
1604 3417 1932 3485 quemdam;
1965 3426 2024 3471 nt

434 3508 482 3562 si
518 3507 688 3571 dicas,
736 3518 764 3548 ι
796 3505 923 3561 tolle
965 3506 1091 3562 inde
1126 3505 1365 3560 vocalem
1411 3521 1456 3569 ε,
1510 3517 1670 3561 sonat
1698 3515 1877 3563 tamen
1904 3509 2025 3578 qui-

431 3599 560 3653 dam
603 3597 794 3653 sibilus
839 3612 906 3652 ac
956 3595 1131 3651 tenuis
1177 3612 1364 3652 sonus.
1420 3595 1581 3650 Muta:
1620 3605 1801 3651 autem
1839 3599 2021 3666 dictae,

432 3705 542 3743 non
585 3687 728 3757 quod
750 3687 973 3741 omnino
993 3700 1124 3742 voce
1157 3695 1401 3753 careant,
1459 3687 1553 3742 sed
1582 3688 1727 3758 quod
1764 3688 1830 3743 ad
1874 3704 2022 3743 com-

432 3782 770 3852 parationem
823 3778 961 3834 bene
1005 3779 1348 3846 sena-thin,
1412 3780 1665 3851 exiguam
1730 3781 2021 3849 quamdam

428 3881 640 3943 partem
684 3870 832 3926 vocis
857 3870 1133 3936 habeant;
1183 3869 1328 3925 velut
1372 3871 1614 3940 infomais
1656 3871 1856 3927 dicitur
1900 3886 2019 3926 mu-

431 3961 554 4025 lier,
598 3977 704 4017 non
734 3976 856 4031 qua:
902 3969 1054 4015 caret
1081 3959 1274 4026 forma,
1323 3962 1417 4015 sed
1447 3976 1568 4031 qum
1602 3961 1741 4016 male
1784 3970 1867 4016 est
1914 3961 2019 4016 for-

428 4064 609 4120 mata;
633 4062 687 4108 et
715 4051 968 4123 frigidum
1005 4051 1233 4106 dicimus
1259 4065 1382 4105 eum
1413 4052 1502 4120 qui
1525 4068 1630 4108 non
1659 4053 1873 4121 penitus
1919 4067 2016 4108 ex-

429 4158 559 4213 pers
578 4153 661 4200 est
699 4143 920 4208 caloris,
968 4142 1063 4198 sed
1091 4141 1183 4211 qui
1214 4141 1439 4196 minimo
1465 4142 1569 4197 hoc
1595 4143 1786 4196 utitur.
1840 4142 2016 4197 Latini

427 4251 620 4293 omnes
652 4235 863 4291 vocales
901 4234 1191 4289 dichronas
1219 4233 1439 4299 habent,
1480 4233 1534 4289 id
1575 4242 1680 4299 est,
1732 4249 1853 4304 quae
1897 4249 2018 4289 cor-

431 4328 529 4399 ripi
556 4340 783 4398 possunt
805 4336 861 4382 et
880 4326 1124 4398 produci,
1176 4326 1628 4396 quemadmodum
1660 4324 1835 4382 Graeci
1882 4335 2013 4391 tres,

2136 1870 2237 1926 pro
2283 1854 2481 1925 duplici
2519 1863 2852 1910 consonante
2877 1854 3018 1926 apud
3057 1852 3248 1909 Eolos
3274 1853 3552 1908 invenitur
3595 1852 3732 1910 scri-
3774 1918 3779 1925 ,

2134 1954 2247 2016 pta,
2294 1946 2480 2016 sicque
2513 1954 2758 2001 nostrum
2795 1963 2824 1999 υ
2874 1944 3048 2001 locum
3077 1943 3338 2016 simplicis
3384 1944 3605 2000 videtur
3634 1945 3727 2001 has

2133 2037 2265 2093 bere
2287 2038 2661 2103 consonantis,
2695 2044 2756 2092 ut
2782 2053 2798 2092 :

2202 2150 2261 2201 At
2282 2148 2453 2202 Venus
2473 2150 2601 2200 haud
2625 2151 2787 2200 animo
2809 2149 3137 2213 nequidquam
3159 2151 3403 2200 exterrita
3427 2156 3624 2214 nutet;

2133 2252 2362 2324 duplicis
2391 2267 2608 2323 quoque
2654 2267 2776 2308 cum
2807 2252 2861 2306 in
2899 2252 3174 2322 praterito
3199 2250 3443 2323 perfecto
3489 2263 3549 2309 et
3579 2251 3726 2323 pluss-

2133 2360 2295 2415 quam
2346 2346 2589 2416 perfecto
2634 2345 2810 2401 tertia:
2856 2355 2914 2401 et
2944 2356 3153 2417 quartae
3194 2346 3622 2417 coniugationis,
3674 2347 3727 2401 in

2134 2438 2332 2507 quibus
2361 2438 2379 2490 i
2410 2446 2536 2493 ante
2561 2455 2589 2492 v
2617 2445 3007 2493 consonantem
3028 2438 3204 2507 posita
3222 2476 3240 2503 ,
3280 2437 3608 2507 producitur
3637 2452 3726 2494 ea»

2133 2529 2363 2598 demque
2388 2528 2666 2584 subtracta
2681 2528 2995 2596 corripitur,
3022 2535 3081 2580 ut
3103 2527 3293 2598 cupivi,
3327 2527 3494 2597 cupii,
3520 2528 3724 2598 cupive-

2133 2632 2271 2683 ram,
2320 2618 2620 2687 cupieram;
2678 2617 2880 2682 audivi,
2917 2616 3086 2680 audii,
3150 2615 3480 2679 audiveram,
3543 2616 3725 2671 audie-

2132 2723 2268 2766 ram.
2308 2708 2613 2780 Aliquando
2639 2725 2768 2765 vero
2801 2709 3014 2765 metrici
3061 2709 3163 2764 bac
3207 2709 3506 2779 digamma,
3558 2727 3588 2764 υ
3620 2710 3722 2766 eti

2130 2796 2253 2854 loco
2268 2798 2621 2857 consonantis
2641 2798 2839 2870 posita,
2867 2814 2968 2870 pro
2993 2808 3241 2870 correpta
3268 2798 3443 2855 vocali
3468 2808 3719 2864 utuntur,

2130 2901 2193 2946 ut
2232 2890 2508 2959 Horatius,
2558 2891 2702 2947 silete
2744 2891 3114 2963 trissyllabum
3170 2891 3396 2962 protulit
3450 2891 3511 2946 in
3550 2894 3720 2964 epodo

2134 2982 2239 3039 hoc
2284 2997 2492 3040 versu:

2376 3071 2625 3135 Nivesque
2644 3072 2896 3123 deducunt
2920 3071 3093 3124 Jovem

2375 3134 2517 3187 Nunc
2538 3134 2692 3191 mare,
2719 3148 2845 3185 nunc
2863 3134 3020 3185 silvae.

2124 3216 2224 3273 Est
2264 3218 2409 3273 enim
2455 3219 2742 3276 dimetrum
2791 3219 3080 3274 iambicum
3106 3217 3455 3288 coniunctum
3489 3222 3713 3292 penthc~

2124 3310 2352 3364 mimere
2394 3309 2633 3366 heroico.
2692 3309 2760 3364 Et
2797 3309 3051 3365 Aurelius
3111 3309 3438 3365 Prudentius
3492 3312 3548 3366 in
3592 3311 3720 3384 Psy-

2123 3401 2445 3457 cbomacbia
2489 3415 2504 3456 :
3697 3398 3707 3409 '

2276 3511 2494 3577 Egregia
2514 3513 2741 3563 comitata
2763 3514 2865 3563 viro
2889 3527 2900 3561 :
2928 3526 3039 3563 nam
3065 3513 3313 3577 proximus
3332 3513 3437 3565 Iob.

2123 3611 2520 3684 Sciendumque
2560 3614 2706 3685 quod
2732 3613 2877 3669 Δὲοιί
2907 3615 3178 3686 digamma
3224 3632 3388 3672 causa
3421 3619 3713 3689 aspiratur

2121 3704 2227 3767 nis,
2289 3712 2351 3758 ut
2383 3703 2684 3775 effugerent
2727 3705 2955 3777 spiritus
3001 3706 3396 3771 austeritatem,
3442 3717 3504 3763 et
3550 3723 3714 3766 causa

2118 3793 2300 3848 hiatu
2322 3793 2615 3861 devitandi,
2652 3794 3023 3851 assumebant.
3094 3795 3203 3852 Nos
3231 3804 3413 3853 autem
3444 3798 3504 3853 in
3530 3800 3716 3855 multis

2118 3883 2356 3955 quidem,
2389 3898 2497 3940 non
2526 3895 2706 3941 tamen
2756 3887 2814 3941 in
2834 3887 3088 3943 minus
3122 3886 3248 3945 illos
3294 3891 3606 3960 mquimur,
3656 3902 3714 3945 ut

2118 3988 2242 4029 cum
2276 3974 2581 4031 devitantes
2606 3976 2996 4047 aspirationem
3042 3977 3294 4044 dicimus,
3321 3994 3562 4048 vespera,
3612 3982 3710 4045 eis,

2118 4065 2301 4128 vestis;
2345 4064 2577 4130 hiatum,
2627 4074 2725 4120 ut:
2755 4065 2961 4132 clauus,
3010 4067 3248 4137 argiuus,
3293 4084 3461 4137 pauo,
3531 4086 3709 4134 onum.

2119 4153 2249 4218 ovis,
2282 4153 2451 4208 bouis.
2501 4153 2581 4209 Ex
2632 4156 3054 4212 consonantibus
3101 4171 3230 4226 ergo
3275 4166 3403 4213 sunt
3446 4158 3467 4212 ι
3505 4160 3709 4216 eti-lio

2117 4243 2313 4315 quidm,
2353 4244 2549 4314 quibus
2572 4245 2793 4315 quidam
2836 4246 3041 4302 addunt
3084 4262 3136 4299 ns
3159 4255 3215 4302 et
3240 4262 3308 4313 n;
3341 4247 3427 4303 ha:
3483 4258 3709 4321 postpo.

2118 4335 2236 4391 sitae
2271 4335 2317 4406 f,
2344 4336 2655 4393 semivocali
2692 4347 2748 4393 et
2780 4351 2879 4393 sex
2924 4338 3107 4404 mutis,
3153 4338 3205 4393 id
3228 4347 3331 4404 est,
3380 4340 3433 4405 ὁ,
3466 4357 3518 4408 e,
3563 4342 3623 4406 ά,
3654 4359 3710 4412 g,

428 4442 483 4531 ἐξ
517 4443 534 4476 ι
556 4428 702 4531 et‘u;
738 4441 758 4474 ε
786 4433 916 4474 vero
949 4429 1005 4531 et
1048 4440 1074 4475 ο
1106 4434 1322 4531 semper
1345 4417 1520 4474 Graeci
1572 4420 2013 4531 breves‘habent,
2040 4471 2092 4531 Β
2116 4448 2172 4502 ρ,
2226 4441 2267 4497 ι,
2320 4445 2421 4502 pro
2449 4432 2676 4487 arbitrio
2700 4441 2896 4502 poetae,
2947 4433 3267 4503 plerumque
3290 4435 3344 4490 in
3382 4444 3563 4492 metro
3597 4439 3708 4492 vim

427 4513 485 4562 et
523 4530 553 4565 η
574 4517 635 4563 et
666 4530 710 4562 es
746 4522 961 4578 semper
988 4507 1195 4579 longas.
1251 4507 1450 4563 Breves
1496 4515 1622 4562 sunt
1644 4506 1878 4571 vocales,
1904 4514 2006 4560 ut:

430 4614 599 4663 untur,
630 4599 746 4663 erit,
778 4600 899 4664 iter,
932 4601 1125 4669 operis,
1158 4600 1377 4669 utique;
1406 4600 1579 4670 longa:
1616 4617 1630 4653 :
1657 4616 1787 4664 cera,
1814 4609 2006 4665 erecta,

423 4693 544 4761 ivit,
600 4707 773 4757 omen,
820 4691 964 4744 utile.
1036 4691 1115 4745 Ex
1170 4690 1255 4746 his
1289 4692 1454 4762 igitur
1512 4691 1789 4746 vocalibus
1832 4692 1940 4747 iet
1972 4708 2010 4745 ιι

425 4792 713 4845 transeunt
773 4786 827 4840 in
867 4785 1275 4840 consonantium
1325 4793 1682 4854 potestatem;
1740 4801 1863 4841 cum
1917 4796 2013 4842 aut

426 4878 557 4953 ipsa:
597 4880 739 4935 inter
770 4893 828 4934 se
879 4877 1241 4948 geminantur,
1275 4884 1335 4931 ut
1365 4889 1381 4930 :
1413 4875 1577 4941 Juno,
1619 4878 1761 4943 vita;
1790 4886 1885 4935 aut
1911 4892 2007 4933 vo-

424 4971 633 5027 calibus
660 4968 1016 5040 applicantur,
1046 4974 1106 5020 ut
1132 4983 1145 5019 :
1174 4974 1334 5029 vates,
1382 4964 1555 5030 velox,
1583 4981 1701 5031 voc,
1747 4967 1767 5020 i
1814 4975 1875 5021 ut
1930 4969 2008 5023 ie-

424 5073 538 5125 cur,
575 5061 742 5124 iocus,
798 5059 883 5113 hae
928 5057 1091 5113 etiam
1116 5056 1310 5111 mediae
1340 5056 1614 5122 dicuntur,
1668 5057 1922 5126 quoniam
1948 5059 2004 5113 in

425 5150 744 5219 quibusdam
774 5148 1098 5204 dictionibus
1157 5147 1391 5203 medium
1430 5160 1621 5203 summ
1646 5147 1868 5214 habent,
1904 5163 2005 5205 nec

427 5241 745 5307 naturalem,
790 5255 893 5296 nec
919 5240 1217 5311 proprium,
1266 5241 1361 5296 sed
1384 5239 1621 5295 alternos
1652 5241 1793 5295 inter
1818 5254 1879 5295 se
1910 5255 2001 5296 sn-

425 5347 527 5391 nos
550 5334 906 5401 confundunt,
934 5342 1023 5388 ut:
1047 5334 1126 5388 vir
1143 5334 1387 5404 Optimus.
1416 5328 1520 5387 ΕΗ
1545 5333 1759 5401 quidem
1785 5333 2002 5403 quando

421 5434 545 5498 post
577 5442 609 5480 η
644 5433 1027 5482 consonantem
1054 5424 1174 5482 loco
1207 5424 1475 5497 digamma
1524 5420 1763 5480 fmietam
1809 5418 2004 5480 Aiolici

423 5517 661 5587 ponitur,
694 5515 874 5571 brevis
900 5526 1020 5583 est;
1048 5527 1306 5587 sequente
1335 5516 1389 5584 ά,
1423 5524 1479 5572 et
1499 5532 1572 5576 θη.
1600 5524 1656 5571 et
1682 5532 1730 5582 r,
1775 5525 1831 5570 et
1869 5525 1910 5581 ι,
1950 5526 2005 5571 ct

430 5622 483 5670 τ,
513 5621 702 5661 sonum
730 5623 761 5677 y
789 5606 974 5663 Graece
1018 5607 1232 5664 videtur
1253 5608 1478 5672 habere,
1520 5614 1580 5661 ut
1608 5620 1627 5662 :
1658 5607 1826 5673 video,
1867 5607 1997 5673 vim,

512 5726 532 5748 "
568 5718 724 5774 Deest
744 5718 963 5787 aliquid.

2115 4521 2462 4576 consonantis
2490 4521 2764 4585 amittunt,
2789 4532 2846 4576 et
2881 4522 3101 4577 brevem
3123 4522 3384 4594 syllabam
3423 4526 3707 4591 reddunt;

2116 4623 2182 4664 se
2228 4609 2350 4665 ideo
2388 4609 2699 4666 Priscianus
2743 4611 2947 4674 docuit,
2990 4611 3020 4681 f
3060 4613 3233 4683 magis
3275 4624 3485 4670 mutam
3535 4630 3707 4681 esse,

2117 4699 2146 4741 δ
2167 4700 2259 4769 qui
2286 4700 2334 4755 si
2354 4708 2440 4755 est
2464 4708 2614 4754 muta
2638 4700 2897 4771 qua-libet
2924 4702 3143 4771 liquidis
3168 4705 3506 4773 pratponitur
3536 4715 3598 4762 et
3626 4706 3709 4763 lo-

2115 4804 2237 4845 cum
2267 4790 2459 4846 littem
2479 4814 2513 4866 φ
2537 4790 2741 4847 Graue
2782 4801 2945 4847 mutae
2980 4794 3118 4864 ψιιά
3149 4809 3251 4850 nos
3282 4796 3521 4862 obtinet,
3566 4811 3709 4868 pra

2115 4888 2200 4936 ter
2221 4880 2367 4951 quod
2401 4879 2526 4937 ﬁxis
2553 4880 2737 4947 labris,
2773 4883 3046 4953 quomodo
3070 4905 3127 4956 φ,
3157 4885 3557 4954 pronuntianda
3588 4902 3706 4944 non

2107 4978 2230 5037 est;
2268 4970 2300 5025 Β
2319 4971 2465 5027 enim
2490 4980 2550 5027 et
2572 4988 2624 5044 q,
2655 4974 2905 5043 quamvis
2944 4973 3119 5043 ﬁgura
3148 4982 3204 5029 et
3229 4975 3450 5031 nomine
3474 4977 3705 5034 videan-

2106 5071 2197 5118 tur
2258 5064 2494 5134 aliquam
2534 5064 2736 5120 habere
2788 5063 3151 5122 differentiam
3208 5081 3335 5125 cum
3383 5082 3434 5131 c,
3504 5045 3703 5123 tamen

2105 5155 2349 5209 eamdem
2396 5155 2587 5211 tamin
2614 5170 2749 5210 sono
2786 5170 2978 5212 vocum
3017 5170 3177 5227 quam
3232 5157 3489 5214 inmetro
3537 5168 3703 5230 pote-

2103 5254 2298 5301 statem
2323 5247 2636 5312 continent;
2665 5256 2723 5303 et
2769 5246 2799 5298 k
2836 5247 3057 5317 quidem
3094 5248 3312 5317 penitus
3355 5263 3698 5319 supervacua

2106 5344 2210 5398 est,
2261 5335 2403 5390 nulla
2434 5337 2582 5391 enim
2632 5336 2845 5392 videtur
2881 5338 3023 5393 ratio
3050 5351 3150 5393 cur
3195 5355 3231 5392 α
3280 5347 3541 5407 sequente
3571 5339 3699 5395 hac

2107 5425 2273 5482 scribi
2310 5426 2543 5482 debeat:
2564 5426 2838 5498 Carthago
2870 5428 3017 5483 enim
3054 5436 3111 5483 et
3152 5438 3315 5498 caput
3347 5428 3463 5484 sive
3485 5443 3586 5500 per
3634 5428 3697 5499 κ,

2106 5518 2222 5573 sive
2258 5528 2357 5588 per
2385 5535 2413 5574 c
2450 5519 2780 5584 scribantur,
2834 5518 3035 5575 nullam
3080 5517 3288 5575 faciunt
3333 5535 3438 5576 nec
3459 5523 3515 5575 in
3548 5534 3699 5576 sono

2106 5623 2206 5664 nec
2247 5609 2301 5663 in
2324 5618 2591 5680 potestate
2620 5610 2864 5681 ejusdem
2892 5610 3239 5668 consonantis
3273 5607 3640 5667 dinei-entiam
3674 5624 3694 5678 ;

2177 5720 2204 5762 δ
2229 5720 2403 5778 Locus
2431 5723 2768 5794 depravatus.
