3950 6192
275 352 379 410 Gl‘l

1090 352 1478 415 EXCL‘RPTiO
1512 357 1600 415 DE
1634 357 1820 412 ARTE
1854 355 2308 413 GRAMMATICA
2347 358 2705 415 PRiSClANl.

3430 372 3534 434 618

269 487 310 540 ιι
356 487 485 525 vero
523 478 749 541 propter
790 470 922 526 mhil
962 471 1108 527 aliud
1146 474 1429 530 scribenda
1470 474 1686 530 videtur
1711 488 1852 537 esse,
1884 477 1930 535 Α
1958 473 2144 542 ptione
2178 473 2513 540 litterarum;
2547 471 2909 549 συλλαμϐάνειν
2944 484 3090 537 enim
3134 481 3332 540 dicitur
3355 490 3539 546 conci.

271 563 381 617 nisi
426 570 485 615 ut
509 562 759 616 ostendat
789 572 1104 632 sequentem
1142 582 1171 619 υ
1209 574 1335 621 ante
1363 565 1589 620 alteram
1619 564 1859 619 vocalem

271 651 328 706 in
364 651 556 706 eadem
603 651 809 723 syllaba
858 652 1087 722 positam
1129 656 1363 722 perdere
1415 655 1525 710 vim
1570 654 1762 710 Iittene
1805 655 1859 710 in

271 753 469 797 metro.
527 740 579 795 11
613 751 791 796 autem
819 741 1160 811 aspirationis
1180 752 1265 799 est
1296 754 1444 812 nota,
1474 752 1529 800 et
1555 744 1686 799 nihil
1716 744 1859 799 aliud

269 831 434 888 habet
463 832 661 887 littera:
695 833 797 887 nisi
826 831 1071 903 ﬁguram,
1136 843 1195 888 ut
1225 833 1533 890 Priscianus
1552 834 1700 889 dicit.
1752 834 1861 888 Ali-

264 926 360 996 qui
407 936 588 981 tamen
638 925 974 996 grammatici
1029 926 1259 981 litteram
1305 942 1423 982 eam
1480 940 1601 981 esse
1648 927 1853 986 dicunt.

263 1017 393 1089 quia
421 1032 574 1072 more
606 1017 951 1071 consonantis
978 1017 1173 1071 littera:
1199 1017 1251 1071 in
1276 1028 1448 1072 metro
1473 1032 1614 1087 smpe
1635 1018 1855 1072 brevem

260 1111 528 1183 syllabam
563 1111 777 1182 longam
817 1110 1009 1164 reddit.
1057 1110 1201 1174 Haec,
1246 1110 1290 1165 si
1319 1128 1349 1165 ε
1372 1120 1535 1165 muta:
1571 1108 1854 1177 subjnncta

258 1201 448 1265 fuerit,
492 1223 537 1274 χ
582 1209 734 1254 notat
772 1198 1045 1266 Grtccam;
1087 1201 1131 1255 si
1171 1219 1204 1271 p
1235 1201 1524 1271 praeposita
1570 1198 1759 1264 fuerit,
1815 1222 1851 1269 φ

257 1291 553 1361 significat.
597 1292 729 1346 Item
762 1290 804 1345 si
835 1291 992 1346 inerit
1028 1302 1046 1345 ι
1078 1291 1362 1361 prteposita
1401 1290 1716 1360 aspirationi
1752 1302 1853 1359 pro

253 1386 286 1435 ο
312 1383 555 1452 ponitur.
614 1381 675 1437 Si
708 1400 766 1449 ps
799 1381 955 1437 simul
1000 1384 1204 1452 positte,
1236 1382 1274 1453 ψ
1311 1380 1555 1437 Graecam
1603 1388 1851 1434 asserunt

254 1471 517 1538 litteram,
561 1482 616 1528 et
662 1472 776 1527 haec
823 1472 875 1527 in
910 1472 1209 1544 peregrinis
1252 1470 1593 1533 dictionibus,
1637 1478 1694 1524 ut
1729 1469 1853 1524 Chi.

255 1579 444 1626 narra,
480 1560 842 1633 philosophus,
879 1561 1147 1632 tltelesfor,
1189 1561 1627 1632 psalmigrapltus.
1678 1559 1850 1615 Caete-

258 1668 374 1704 rum
413 1653 447 1705 Ιι
474 1652 750 1708 vocalibus
783 1669 1057 1723 nunquam
1087 1651 1405 1723 supponitur
1443 1650 1547 1706 nisi
1588 1651 1642 1705 in
1683 1650 1850 1705 inter-

248 1742 507 1815 jeetione,
556 1753 647 1811 an,
674 1746 761 1809 oh,
796 1744 1291 1816 quaz'obturbantis
1333 1744 1639 1799 ctdolentis
1668 1743 1831 1814 signi-

1960 576 2127 631 pere:
2153 563 2294 617 unde
2338 578 2464 618 vere
2511 573 2596 619 est
2641 564 2729 618 illa
2770 565 2990 636 syllaba,
3020 584 3141 638 qua:
3177 588 3244 627 ex
3293 574 3539 645 pluribus

1961 654 2433 710 nascitnrlitteris.
2467 656 2509 709 Α
2546 656 2771 727 singulis
2818 667 2997 714 tamen
3025 661 3287 733 incipiens
3305 669 3537 741 syllaba,

1959 756 2064 797 non
2092 742 2217 813 plus
2239 758 2403 814 quam
2448 746 2517 800 ad
2567 761 2661 803 sex
2704 746 2917 803 litteras
2953 750 3009 805 in
3050 751 3246 810 Latino
3281 772 3534 821 sermone

1955 830 2249 923 procedere
2272 842 2470 904 potest,
2500 843 2561 889 ut
2588 852 2647 901 ιι,
2692 836 2780 901 ob,
2821 848 2920 902 est,
2960 857 3122 907 num,
3151 854 3319 911 stans,
3353 851 3531 923 stirps.

1955 920 2022 975 Et
2041 923 2317 978 sciendum
2344 933 2429 980 est
2454 928 2599 996 quod
2628 927 2772 982 nulla
2810 929 3017 1000 syllaba
3044 940 3160 989 tres
3192 938 3408 996 vocales
3436 920 3534 999 ha-

1952 1013 2077 1105 bent
2096 1033 2119 1105 ⁸ε
2146 1019 2288 1071 unde
2315 1034 2348 1070 ιι
2369 1019 2464 1072 eti
2493 1035 2600 1074 non
2644 1020 2803 1074 aliter
2824 1023 3125 1094 junguntur
3156 1028 3531 1105 diphthongis,

1951 1101 2055 1156 nisi
2096 1102 2212 1159 loco
2243 1106 2435 1175 posita:
2464 1110 2903 1178 consonantium,
2933 1124 2991 1167 ut
3031 1115 3215 1183 siluro,
3252 1101 3457 1191 Troia";

1955 1199 2162 1248 tantum
2186 1196 2340 1269 jungi
2388 1206 2568 1267 potest
2605 1201 2960 1274 diphthongo,
3006 1222 3130 1262 eum
3175 1213 3375 1270 amittit
3416 1218 3527 1274 vim

1951 1282 2162 1374 litterae,
2197 1295 2274 1353 ut,
2304 1304 2440 1359 qum,
2467 1290 2693 1360 (iugum;
2722 1301 2778 1347 et
2800 1309 2943 1365 aqua
2968 1313 3075 1352 una
3101 1302 3305 1358 vocalis
3331 1308 3530 1374 produ-

1950 1379 2038 1425 cta
2078 1372 2471 1465 invenitnrpro
2498 1378 2835 1452 diphthongo
2862 1386 3058 1452 posita,
3092 1397 3150 1442 ut
3192 1372 3401 1461 inquiro
3428 1412 3528 1465 pro

1948 1476 2153 1529 qua'ro,
2190 1462 2422 1529 include,
2460 1480 2561 1534 pro
2589 1466 2800 1535 clauda,
2832 1474 3010 1529 occido
3046 1492 3146 1547 pro
3170 1482 3339 1547 ca’do,
3376 1462 3526 1542 illitlo

1949 1562 2050 1616 pro
2072 1548 2228 1642 lado,
2259 1551 2418 1607 Nilus
2454 1568 2556 1624 pro
2602 1554 2810 1625 Ncilus,
2850 1578 3006 1619 musa
3029 1582 3129 1637 pro
3173 1586 3385 1642 moysa;
3410 1585 3469 1631 et
3491 1592 3528 1633 e

1948 1640 2222 1696 contrario
2247 1656 2345 1711 pno
2376 1642 2534 1715 longa
2577 1648 2746 1703 vocali
2795 1650 2889 1706 ﬂet
2934 1640 3318 1729 diphthongus,
3347 1674 3407 1720 ut
3441 1666 3525 1722 lu-

1946 1744 2060 1793 var,
2087 1728 2303 1794 lautus;
2331 1733 2502 1802 laneo,
2529 1736 2744 1806 lautus;
2770 1743 2897 1809 atris,
2937 1762 3145 1817 auceps.
3319 1766 3375 1809 et
3416 1757 3526 1815 hoc

254 1836 420 1888 licam
461 1833 735 1890 allectum.
780 1834 821 1890 8
853 1851 1067 1905 quoque
1098 1834 1385 1905 singularis
1410 1842 1494 1889 est
1535 1835 1838 1905 potestatis,
1871 1821 1916 1880 Β
1945 1821 2238 1877 "Nautium
2273 1832 2358 1878 εει
2389 1828 2535 1895 quod
2578 1829 2625 1884 si
2657 1834 2980 1891 antecedant
3010 1846 3122 1894 tres
3163 1857 3522 1907 consonantes

247 1944 369 1998 qua:
421 1929 478 1981 in
498 1936 675 1982 tnctro
696 1926 803 1981 vim
833 1942 985 1982 suam
1011 1927 1318 1996 frequenter
1341 1927 1559 1982 amittit.
1603 1924 1728 1982 limo
1747 1925 1843 1981 ali-

242 2018 487 2090 quando,
550 2016 613 2073 in‘
648 2020 824 2090 capite
873 2020 1022 2075 verbi
1074 2019 1360 2090 praeposita
1403 2018 1587 2074 altera:
1643 2033 1838 2074 conso-

242 2110 425 2177 nanti,
478 2110 835 2182 praecedentis
872 2111 1022 2165 verbi
1079 2110 1429 2166 novissimam
1470 2108 1731 2181 syllabam
1782 2109 1836 2163 in

241 2198 468 2255 brevem
522 2200 766 2257 vocalem
815 2198 1147 2256 desinentem
1205 2200 1479 2271 producit,
1547 2198 1838 2269 aliquando

238 2298 553 2359 wrrcptam
610 2290 885 2360 relinquit.
952 2288 1106 2345 Hane
1145 2301 1199 2345 et
1241 2288 1529 2360 aliquando
1558 2288 1612 2343 in
1655 2288 1837 2343 medio

239 2382 412 2436 verbo
438 2382 595 2436 alteri
618 2381 935 2437 consonanti
962 2381 1308 2452 praepositam
1332 2380 1653 2451 liquentium
1683 2394 1834 2434 more

237 2471 511 2544 disperire
558 2472 776 2543 quidam
809 2471 1014 2536 dicunt,
1067 2482 1127 2527 ut
1158 2474 1214 2527 in
1248 2472 1339 2527 illo
1377 2470 1588 2543 Virgilii
1620 2488 1637 2526 :

288 2640 291 2641 ν
362 2568 606 2620 llortator
632 2570 904 2631 llnesteus,
931 2569 1085 2629 Nune,
1109 2582 1236 2620 nunc
1254 2569 1496 2631 insurgite
1519 2569 1690 2619 remls.

232 2645 285 2701 Χ
312 2647 515 2718 duplex
551 2650 711 2704 modo
748 2664 847 2720 pro
874 2665 949 2715 cs,
996 2650 1156 2704 modo
1183 2664 1281 2721 pro
1305 2666 1364 2721 gs
1406 2648 1688 2720 accipitur,
1728 2656 1825 2705 ut:

229 2756 390 2811 apex,
413 2740 603 2811 apicis,
626 2756 772 2811 grex,
797 2741 999 2812 gregis;
1030 2739 1225 2795 transit
1253 2748 1433 2795 tamen
1458 2740 1743 2809 aliquando
1770 2739 1829 2794 in

226 2846 260 2885 ν
284 2837 706 2894 consonantem,
754 2839 855 2884 ut:
898 2832 1012 2896 nix,
1052 2830 1206 2897 nivis,
1243 2844 1343 2887 nec
1389 2845 1496 2886 non
1535 2831 1590 2886 in
1630 2848 1690 2898 c,
1720 2839 1822 2886 ut:

226 2936 362 2984 nox,
405 2919 611 2986 noctis;
646 2918 789 2975 subit
819 2921 982 2976 etiam
1014 2919 1134 2975 loco
1167 2921 1534 2993 aspirationis,
1582 2932 1643 2977 ut
1674 2922 1820 2984 vello.

224 3009 366 3074 nexi,
404 3011 580 3076 traho,
615 3011 786 3078 traxi;
818 3013 911 3068 sed
932 3013 1048 3068 hate
1086 3020 1272 3069 contra
1303 3013 1539 3085 regulam
1566 3013 1822 3070 declinari

1944 1913 2209 1981 vocalem,
2250 1931 2354 1970 non
2394 1932 2620 1989 possunt
2653 1924 2756 1978 nisi
2798 1926 2903 1981 duo
2940 1934 3221 2003 consequi,
3265 1947 3325 1993 ut
3372 1958 3521 1997 mou-

1942 2008 2358 2100 straus,_scrobs.
2388 2009 2497 2065 Nec
2531 2013 2803 2097 iterum‘si
2839 2033 3260 2095 consequantur,
3290 2045 3522 2100 possunt

1939 2096 2262 2152 antecedere
2307 2099 2411 2154 nisi
2453 2101 2593 2167 dum,
2624 2114 2685 2158 ut
2723 2107 2900 2176 stirps.
2946 2109 3080 2167 Tres
3109 2096 3517 2179 autem—conso-

1940 2194 2138 2281 nantes
2158 2203 2265 2275 non
2295 2202 2523 2260 possunt
2555 2193 2716 2248 aliter
2735 2194 2888 2267 jungi
2912 2199 2966 2253 in
2993 2202 3262 2275 principio
3297 2211 3516 2281 syllaba:

1938 2279 1993 2334 ni
2023 2280 2095 2334 sit
2119 2282 2293 2351 prima
2315 2298 2341 2337 s
2364 2287 2681 2341 etsecunda
2712 2297 2837 2359 post
2859 2306 2887 2345 s
2909 2292 2992 2346 vel
3011 2310 3062 2359 ο,
3088 2296 3173 2351 vel
3196 2315 3253 2368 p,
3286 2279 3366 2356 vel
3389 2313 3430 2366 ι,
3461 2316 3517 2361 et

1936 2372 2096 2426 tertia
2124 2372 2248 2427 lvel
2274 2390 2301 2427 r
2326 2389 2345 2428 :
2363 2384 2423 2429 ut
2441 2376 2697 2448 sculptile,
2722 2379 3015 2450 splendens,
3039 2387 3232 2455 scriba,
3262 2401 3510 2462 stratum,

1932 2464 2144 2558 sprevit.
2172 2464 2233 2558 in
2261 2466 2372 2558 line
2406 2483 2539 2525 vero
2564 2470 2821 2529 dictionis
2837 2484 3028 2531 contra
3079 2479 3379 2540 invenimus
3405 2491 3517 2558 pri-

1932 2567 2079 2611 matu
2103 2553 2364 2626 liquidam
2391 2571 2703 2631 sequentem
2736 2573 2965 2633 mutam,
2996 2579 3327 2639 postremam
3362 2553 3510 2646 εξιιε,

1929 2647 2074 2714 urbs,
2106 2650 2297 2721 stirps:
2323 2648 2553 2709 duarum
2596 2656 2759 2727 igitur
2800 2665 3210 2722 consonantium
3252 2668 3412 2724 simul
3451 2674 3503 2728 ἰι

1927 2738 2136 2810 syllaba
2169 2743 2471 2813 positarum
2518 2747 2622 2802 ista
2666 2750 2805 2806 ratio
2837 2762 2944 2809 est.
2984 2754 3350 2819 Semivocales
3385 2764 3507 2823 aliis

1928 2832 2341 2928 semivocalibus
2371 2846 2760 2928 prmponuntur
2808 2843 2863 2897 in
2917 2847 3105 2903 eadem
3152 2851 3378 2922 syllaba,
3424 2871 3506 2928 ut,

1928 2918 2217 2989 Mnesteris,
2247 2926 2437 2994 amnis,
2489 2926 2738 2999 Smyrna,
2777 2937 3122 3006 smaragdos;
3155 2918 3279 2996 nam
3308 2918 3500 3003 vitium

1926 3009 2135 3105 faciunt
2164 3016 2256 3105 qui
2277 3031 2377 3105 am
2420 3017 2695 3087 scribunt;
2725 3036 2999 3094 nunquam
3034 3030 3179 3084 enim
3225 3032 3419 3105 duplex
3446 3034 3500 3094 ιιι

227 3101 503 3157 videntur.
533 3099 575 3153 Ζ
606 3102 660 3156 in
690 3103 882 3174 gra-cis
911 3103 1282 3161 tantummodo
1325 3105 1542 3174 ponitur
1570 3104 1821 3160 dictioni-
1850 3169 1893 3187 η
1925 3098 2102 3169 capite
2143 3101 2360 3173 syllaba:
2401 3114 2581 3175 potest
2621 3123 2745 3164 cum
2790 3112 2893 3168 alia
2920 3113 3073 3187 jungi
3121 3098 3459 3184 consonante

224 3198 360 3262 bus;
394 3213 499 3271 pro
535 3197 636 3253 hac
682 3206 924 3252 veterum
969 3197 1189 3270 quidam
1220 3198 1237 3250 i
1269 3195 1508 3252 vocalem
1546 3197 1818 3264 dixerunt,

1926 3189 2067 3258 ‘1“0d
2093 3169 2344 3250 Luvcattus
2370 3169 2603 3253 οὲιεοάίι
2639 3200 2693 3255 in
2725 3169 2970 3260 decimo":
3020 3169 3072 3187 ιν
3128 3169 3458 3184 ’ν’-η·--ι---ν
3482 3171 3499 3196 .

221 3288 447 3361 quidam
475 3288 613 3343 duas
654 3304 707 3343 ss
746 3288 984 3343 scribere
1033 3287 1315 3343 solebant:
1343 3287 1487 3342 unde
1508 3286 1699 3359 jugum
1737 3287 1820 3343 di-

218 3387 373 3433 ctum
412 3385 503 3433 est
540 3377 690 3433 velut
731 3394 924 3449 zugon,
971 3384 1026 3433 et
1066 3375 1275 3449 Jupiter
1315 3377 1463 3434 velut
1511 3389 1816 3450 scuspater;

219 3456 353 3526 item
380 3466 721 3534 Hcssentius,
748 3476 802 3523 et
835 3469 1103 3539 petissare,
1136 3477 1192 3523 et
1217 3467 1510 3536 tablissare,
1536 3477 1591 3524 et
1623 3477 1815 3525 caetera

218 3555 539 3629 hujnsmodi
586 3569 747 3612 usum
794 3564 1034 3612 veterem
1078 3556 1446 3612 declarabant.
1502 3545 1639 3613 Illud
1675 3574 1817 3630 prte-

218 3657 374 3703 terea
413 3646 578 3702 nobis
627 3646 986 3703 intimandum
1034 3656 1121 3702 est
1164 3647 1306 3718 quod
1346 3648 1585 3703 omnium
1623 3665 1814 3706 conso-

214 3742 471 3797 nantium
510 3738 817 3796 litterarum
852 3740 957 3795 ista
994 3747 1185 3796 natura
1233 3741 1325 3805 sit,
1361 3748 1421 3794 ut
1462 3739 1812 3797 semivocales

211 3847 409 3887 omnes
433 3830 510 3886 ab
531 3847 561 3885 e
585 3828 863 3904 incipiant,
905 3841 959 3887 et
997 3833 1051 3886 in
1099 3849 1158 3888 se
1186 3832 1457 3899 desinant,
1492 3842 1715 3906 excepta
1750 3850 1810 3900 x,

213 3940 337 3996 quae
363 3923 437 3978 ab
467 3923 489 3976 i
524 3922 749 3996 incipit;
778 3932 835 3979 et
878 3932 1040 3979 mutae
1065 3940 1252 3981 omnes
1282 3941 1309 3978 a
1342 3939 1401 3980 se
1442 3925 1724 3997 incipiant,
1756 3934 1812 3981 et

210 4014 267 4074 in
294 4032 326 4071 e
362 4014 645 4079 desinant,
690 4014 931 4087 exceptis
953 4015 984 4068 lt
1012 4024 1068 4070 et
1090 4018 1124 4086 g
1153 4024 1209 4071 et
1244 4017 1299 4071 Ιι.
1350 4013 1631 4073 Postremo
1679 4017 1811 4074 illud

209 4104 524 4161 notandum
552 4114 636 4159 est
668 4107 810 4176 quod
844 4105 1131 4176 unicuique
1159 4105 1355 4161 litterae
1390 4108 1647 4165 accidunt
1674 4119 1804 4175 tres,

207 4197 397 4277 idest,
426 4212 648 4263 nomen,
687 4213 795 4272 quo
834 4199 1143 4254 nominatur
1188 4206 1243 4253 et
1270 4200 1692 4268 prenuntiatur;
1738 4202 1805 4256 li-

206 4270 515 4365 gura,‘qua
546 4270 746 4361 scripta
772 4288 1035 4361 aspicitur
1059 4300 1111 4345 et
1131 4298 1380 4355 notatur;
1411 4301 1673 4360 potestas,
1697 4306 1803 4363 qua

204 4381 695 4457 adproprietatem
726 4396 878 4435 suam
915 4398 944 4433 a
990 4380 1210 4450 reliquis
1241 4381 1292 4434 in
1325 4382 1548 4435 metrica
1596 4382 1804 4437 ratione

2047 3291 2211 3381 Terga
2240 3295 2451 3347 sedente
2472 3297 2648 3349 crebro
2667 3303 2868 3351 maculae
2889 3306 3111 3359 distincta
3131 3315 3413 3381 smaragdo;

1920 3392 2047 3433 nam
2079 3377 2184 3433 nisi
2212 3390 2358 3435 esset
2383 3397 2409 3434 s
2430 3390 2556 3437 ante
2588 3400 2663 3450 m,
2705 3386 2953 3444 subtrahi
2978 3390 3035 3446 in
3075 3403 3250 3452 metro
3279 3377 3507 3459 minime

1918 3469 2215 3538 potuisset;
2243 3471 2429 3527 senim
2484 3471 2539 3527 in
2589 3482 2773 3531 metro
2808 3493 2949 3550 saepe
3003 3483 3110 3539 vim
3152 3494 3501 3550 consonantis

1918 3558 2139 3651 amittit,
2168 3567 2294 3616 ante
2336 3558 2496 3616 aliam
2527 3577 2920 3624 consonantem
2966 3571 3022 3627 in
3063 3577 3251 3632 eadem
3292 3581 3497 3651 syllaba

1916 3647 2113 3737 posita,
2149 3664 2181 3702 κ
2209 3656 2389 3705 autem
2419 3667 2527 3708 non
2578 3653 2682 3710 nisi
2722 3669 2984 3728 sequatur
3007 3647 3497 3737 correptam-voca—

1915 3734 2139 3832 lem,_et
2177 3737 2349 3795 altera
2391 3756 2518 3832 mox
2564 3743 2666 3801 sibi
2716 3758 2997 3819 sequatur.
3032 3751 3091 3807 In
3122 3734 3230 3811 line
3275 3774 3496 3832 quoque

1914 3825 2133 3921 syllaba:
2166 3843 2354 3885 omnes
2391 3829 2607 3921 liquida:
2633 3833 2811 3891 solent
2849 3847 2976 3894 ante
3001 3856 3027 3895 s
3051 3843 3198 3914 poni,
3232 3825 3311 3913 ut,
3348 3825 3492 3921 pals,

1913 3930 2020 3980 ars,
2067 3917 2263 3987 Ityems,
2290 3934 2441 3989 pons.
2492 3920 2753 3979 Similiter
2795 3936 2982 3982 antea:
3018 3940 3263 4002 excepta,
3293 3917 3366 4001 ιιι,
3413 3917 3488 4002 υι,

1911 4004 2045 4074 falx,
2093 4007 2241 4075 lanx,
2277 4025 2394 4064 arx.
2437 4008 2497 4066 In
2528 4013 2714 4069 multis
2753 4026 2935 4071 autem
2965 4033 3350 4091 prmponuntur
3382 4029 3494 4083 b-et

1908 4112 1961 4165 g,
1994 4106 2251 4187 sequente
2274 4097 2329 4166 ά,
2353 4108 2434 4165 ιιι,
2474 4099 2733 4181 bdelgrps,
2760 4103 3028 4174 bdellium,
3060 4125 3229 4181 genus
3269 4111 3488 4187 lapidis,

1906 4186 2282 4258 mygdonides;
2305 4205 2332 4243 c
2357 4202 2486 4247 vero
2506 4199 2561 4246 et
2585 4209 2619 4263 p
2647 4205 3037 4265 praeponuntur
3058 4210 3315 4271 sequente
3334 4186 3382 4273 ι,
3405 4215 3488 4275 ιιι,

1907 4276 2090 4347 lectus,
2120 4290 2293 4351 aptus.
2328 4280 2677 4340 Semivocalis
2698 4285 2843 4341 nulla
2872 4291 3203 4360 praeponitur
3224 4297 3389 4354 mutis
3428 4298 3486 4355 in

1906 4369 2083 4438 capite
2110 4368 2381 4438 dictionis,
2406 4372 2558 4428 nisis
2586 4384 2847 4445 sequente
2882 4377 2933 4446 ὁ,
2963 4388 3093 4448 etc,
3123 4393 3178 4438 et
3200 4401 3254 4456 q,
3274 4395 3330 4441 et
3352 4406 3406 4460 ρ,
3430 4400 3488 4446 et

202 4468 537 4543 segregant
556 4477 611 4525 et
638 4469 974 4540 intelligitur,
1005 4479 1186 4524 utrmn
1215 4471 1286 4525 sit
1314 4470 1534 4535 vocalis,
1570 4486 1639 4525 an
1667 4488 1798 4527 con-
1826 4511 1843 4573 1

1926 4480 1947 4525 η,
1970 4469 2054 4525 ιιι,
2080 4461 2330 4526 ashestus,
2362 4473 2589 4530 scutum,
2619 4466 2887 4537 aqualem,
2937 4481 3137 4543 sperat,
3171 4485 3337 4531 stans.
3372 4478 3487 4535 Mu-

200 4578 440 4628 sonans,
466 4577 536 4615 an
567 4561 787 4635 duplex,
829 4579 896 4614 an
937 4562 1295 4626 semivocalis,
1326 4578 1392 4615 an
1438 4571 1603 4627 muta,
1634 4580 1700 4617 an
1732 4563 1799 4618 li-

1906 4559 1973 4605 ta:
1995 4566 2209 4622 quoque
2245 4567 2433 4609 omnes
2460 4568 2598 4624 pene
2623 4558 2876 4613 omnibus
2914 4574 3300 4632 praeponuntur
3329 4567 3489 4639 liqui-

199 4655 396 4724 quida.
428 4652 645 4711 Accidit
669 4654 833 4707 etiam
860 4656 1155 4708 secundum
1189 4654 1397 4724 aliquos
1426 4663 1678 4711 auctores
1713 4656 1801 4711 lit-

1926 4642 2004 4707 lis,
2036 4652 2115 4708 ut,
2171 4642 2416 4711 blandus,
2431 4644 2615 4713 claret,
2638 4647 2856 4704 abodlas
2881 4652 3010 4722 (hoc
3027 4662 3113 4709 est
3140 4670 3336 4711 nomen
3359 4660 3487 4714 bar?-

199 4748 341 4802 teris
365 4744 528 4809 ordo,
560 4759 667 4815 quo
708 4746 813 4820 alia
858 4748 1135 4817 prmeedit,
1166 4747 1269 4802 alia
1317 4750 1686 4819 subsequitur,
1720 4752 1796 4807 ita

1926 4733 2142 4803 verum),
2169 4731 2383 4803 glacies,
2413 4734 2623 4803 tlsntus,
2648 4738 2859 4809 planus,
2886 4742 3076 4812 ﬂavus,
3118 4746 3312 4813 abnuo,
3359 4748 3486 4805 Cai-

196 4846 256 4891 nt
282 4855 318 4891 a
348 4835 508 4907 prior
531 4836 622 4900 sit.
667 4835 1003 4905 subsequens
1024 4836 1077 4902 ὁ,
1106 4838 1265 4894 tertia
1303 4854 1353 4903 ι,
1383 4854 1448 4896 ac
1472 4840 1667 4897 deinde
1690 4856 1797 4895 ca:-

1926 4828 2044 4894 lum,
2075 4829 2326 4897 Ariadne,
2349 4828 2543 4897 Gneus,
2580 4831 2822 4901 .Etnam,
2853 4839 3193 4908 contmpnit,‘
3216 4837 3482 4908 Butam,

194 4937 336 4984 teras
368 4926 427 4980 in
452 4925 700 4981 ordinem
728 4925 942 4983 litterae.
974 4927 1021 4983 Α
1042 4936 1222 4983 autem
1254 4929 1308 4984 in
1346 4930 1597 4986 omnibus
1624 4932 1796 5000 genti-

1928 4920 2093 4982 reber,
2126 4919 2377 4989 Drances,
2402 4934 2605 4991 gratus,
2630 4924 2815 4995 frater,
2845 4939 3073 4997 pratum,
3098 4938 3315 4983 tractus.
3341 4931 3482 4987 Amo

194 5022 296 5094 bus
332 5020 465 5075 ideo
495 5020 643 5091 prior
664 5028 749 5076 est
772 5020 1094 5087 litterarum,
1121 5038 1221 5093 pro
1247 5039 1312 5079 eo
1334 5024 1480 5092 quod
1506 5024 1620 5093 ipsa
1641 5024 1792 5096 prior

193 5111 563 5169 nascentibus
599 5127 783 5168 vocem
818 5114 1012 5185 aperit.

827 5206 903 5261 De
938 5206 1166 5279 syllaba.

267 5297 500 5370 Syllaba
527 5307 609 5352 est
634 5299 848 5368 proprie
887 5299 1234 5370 congregatio
1260 5310 1352 5353 aut
1379 5300 1789 5369 comprehensio

194 5385 533 5449 litterarum,
561 5387 662 5441 sub
690 5402 797 5441 uno
823 5398 1044 5444 accentu
1078 5399 1134 5443 et
1163 5405 1272 5445 uno
1311 5391 1499 5459 spiritu
1535 5389 1738 5459 prolata
1765 5408 1782 5456 ;

195 5478 432 5532 abusive
476 5484 657 5531 tamen
698 5478 861 5533 etiam
908 5480 1261 5551 singularinm
1306 5480 1575 5536 vocalium
1623 5494 1786 5535 sonos

195 5570 438 5641 syllabas
474 5569 815 5626 nominamus
848 5570 1083 5640 :syllaba
1120 5571 1328 5634 Gnece,
1361 5571 1553 5628 Latine
1605 5588 1788 5626 coace-

194 5659 327 5723 ptio,
371 5658 491 5713 sive
527 5658 814 5729 complexio
843 5659 1056 5715 dicitur.
1102 5661 1237 5716 Nam
1267 5663 1466 5733 syllaba
1507 5662 1651 5717 dicta
1701 5670 1785 5721 est

195 5753 300 5807 ἀπὸ
324 5757 412 5808 toﬁ
451 5750 818 5812 au).).atu"évtra
847 5755 910 5807 τὰ
933 5757 1232 5825 γράμματα,
1281 5753 1332 5809 iJ
1362 5763 1465 5821 est,
1511 5770 1540 5809 α
1584 5770 1781 5814 concc-

645 5844 912 5905 Ρηιιςι..
950 5846 1104 5907 CXI.

1899 5030 1950 5067 οη
1972 5022 2152 5069 autem
2191 5015 2539 5073 inveniuntur
2563 5026 2769 5073 tantum
2798 5036 2844 5084 c,
2869 5020 2929 5085 ά,
2961 5036 3013 5090 g,
3043 5030 3082 5085 ι,
3108 5028 3167 5074 ιιι
3193 5020 3476 5087 Alcmna',

1900 5105 2170 5172 Admetus,
2203 5108 2447 5178 dragma,
2492 5109 2777 5178 rhythmos.
2812 5109 2909 5164 Sin
2958 5119 3139 5164 autem
3181 5109 3386 5180 syllaba
3424 5113 3476 5166 in

1897 5200 2035 5254 duas
2063 5200 2261 5255 desinit
2289 5210 2674 5266 consonantes,
2701 5216 2921 5256 necesse
2945 5211 3029 5257 est
3051 5203 3286 5273 priorem
3313 5203 3476 5273 liqui-

1897 5292 2022 5346 dam
2043 5305 2167 5346 esse
2186 5300 2241 5345 ct
2260 5299 2596 5359 sequentem,
2623 5310 2647 5345 s
2672 5301 2730 5346 et
2754 5314 2820 5364 χ,
2848 5302 2909 5346 ιιι
2930 5309 3092 5363 supra
3115 5295 3474 5364 ostendimus,

1896 5390 2024 5445 etc,
2051 5390 2156 5436 ett
2204 5383 2557 5439 antecedente
2598 5400 2654 5450 ιι,
2704 5392 2785 5449 ιιι,
2830 5385 2970 5451 hinc,
3016 5385 3219 5453 dicunt,
3269 5401 3474 5456 amant,

1894 5475 2072 5539 hanc;
2098 5487 2198 5529 nec
2234 5490 2341 5530 non
2364 5483 2421 5530 et
2443 5490 2470 5529 s
2513 5477 2785 5531 antecedit
2825 5487 2868 5542 ι,
2910 5486 2973 5531 ιιι
3012 5478 3068 5533 in
3095 5482 3477 5550 prmpositione

1894 5577 2028 5636 post,
2060 5566 2188 5622 etin
2213 5568 2590 5638 conjunctione
2610 5579 2714 5635 ast,
2734 5577 2791 5625 et
2812 5569 2865 5624 in
2888 5572 3053 5627 verbo
3075 5572 3307 5627 anomali
3336 5572 3471 5645 [ΑΛ.

1895 5659 2073 5714 verbis
2103 5658 2410 5731 anomalis],
2461 5667 2540 5723 ut,
2575 5676 2709 5727 sum,
2751 5678 2824 5727 es,
2875 5674 2969 5717 est.
2999 5655 3134 5719 Nam
3177 5673 3231 5718 et
3280 5664 3399 5721 loco
3432 5667 3471 5738 ψ

1894 5755 2095 5812 ΰιιυαη
2148 5750 2283 5807 bsct
2330 5768 2389 5821 ps
2424 5751 2708 5817 scribitur,
2754 5769 2849 5825 pro
2896 5754 3105 5809 ratione
3133 5754 3373 5827 genitivi,
3411 5768 3468 5813 ut

2939 5849 3017 5911 ἳο
