3950 6192
439 315 542 366 619

1044 303 1105 359 Β.
1152 301 1400 358 RABANI
1441 301 1656 358 MAURI
1692 301 2006 358 ARCHIEP.

2110 301 2357 358 DGUNT.
2382 300 2665 357 Ορειιωι
2709 298 2886 354 PARS
2917 297 3002 354 lll.

3588 299 3689 354 69.0

437 427 642 489 Arabs,
697 422 914 484 Arabis;
981 417 1203 489 Pelops,
1243 417 1479 488 pelopis;
1526 415 1728 481 cwlebs,
1785 415 1977 470 ctclibis
1997 432 2016 480 ;
2048 421 2097 479 Α
2124 417 2339 485 quando
2361 425 2481 486 post
2502 415 2742 470 vocalem
2785 423 2978 468 natura
3011 411 3223 483 longam
3247 410 3366 466 duze
3393 426 3693 468 cuitsonan-

435 520 696 590 princeps,
727 512 994 584 principis.
1023 509 1358 577 Quibusdam
1391 517 1592 572 tamen,
1631 515 1692 561 ut
1731 521 1890 576 supra
1920 506 2017 561 do-

437 607 670 671 cuimus,
729 619 834 658 non
883 601 1039 655 aliter
1085 599 1297 654 videtur
1341 599 1380 668 ψ
1419 597 1603 654 Greca
1653 597 1756 652 nisi
1785 614 1844 668 ps
1881 596 2017 651 scri-

439 699 650 762 benda;
679 707 982 766 quanquam
1011 691 1153 746 enim
1197 690 1336 744 ratio
1364 689 1583 760 genitivi
1611 703 1774 758 supra
1814 687 2015 742 dictam

438 789 618 859 exigat
659 785 1000 853 scripturam,
1031 790 1209 834 tamen
1255 779 1629 850 cognationem
1659 776 1776 831 soni
1807 777 1874 831 ad
1912 775 2015 830 hoc

437 876 814 948 procliviorem
843 889 867 925 s
892 871 1070 935 aiunt;
1103 869 1206 923 hoc
1233 875 1410 922 tamen
1442 866 1720 921 sciendum
1755 873 1839 920 est
1871 865 2015 932 quod

439 967 758 1040 principium
789 961 1004 1035 syllabae
1049 959 1196 1015 omni
1240 957 1398 1012 modo
1434 972 1533 1026 pro
1559 977 1602 1026 χ
1633 972 1690 1024 ps
1720 955 1877 1010 debet
1919 954 2016 1008 ha-

436 1062 587 1124 bere,
629 1067 708 1121 ut,
755 1057 1032 1126 psittacus,
1075 1049 1380 1122 pseudulus,
1420 1049 1546 1118 ipse.
1604 1046 1759 1100 Nubo
1796 1060 2011 1116 quoque

438 1149 610 1219 animi,
646 1146 836 1209 scribo,
865 1143 1047 1212 scripsi
1091 1140 1316 1204 faciunt,
1346 1137 1592 1208 quamvis
1632 1137 1877 1207 analogia
1915 1151 2012 1206 per

438 1242 466 1292 ὺ
491 1238 634 1308 cogit
673 1235 931 1297 scribere,
975 1231 1070 1287 sed
1095 1229 1366 1300 euphonia
1405 1235 1653 1297 superat,
1701 1241 1820 1296 quae
1846 1226 2011 1280 etiam

435 1340 668 1399 nuptam,
698 1342 803 1380 non
835 1325 1072 1390 nubtam,
1100 1330 1154 1376 et
1173 1322 1422 1391 scriptum
1461 1335 1568 1375 non
1595 1319 1845 1374 scribtuat
1865 1331 2013 1373 com-

432 1421 586 1492 pellit
611 1434 706 1489 per
734 1435 788 1488 p,
834 1431 942 1472 non
989 1430 1086 1485 per
1112 1415 1165 1479 ὁ,
1198 1414 1380 1469 dicere
1419 1422 1474 1467 et
1519 1411 1780 1467 scribere.
1809 1409 2011 1466 Omnes

433 1511 664 1579 denique
689 1508 909 1579 syllabae
927 1515 1020 1560 aut
1047 1506 1218 1576 longae
1240 1511 1385 1568 sunt,
1411 1512 1503 1556 aut
1522 1504 1731 1566 breves,
1756 1509 1849 1555 aut
1863 1515 2011 1555 com-

433 1613 645 1654 munes.
691 1597 889 1666 Longa:
938 1595 1189 1650 dicuntur
1231 1607 1350 1662 quae
1392 1605 1604 1660 semper
1643 1590 1813 1660 longa:
1851 1599 2006 1655 sunt;

431 1690 651 1753 breves,
674 1702 794 1756 quae
834 1701 1049 1755 semper
1091 1685 1286 1738 breves
1321 1691 1475 1748 sunt;
1526 1696 1862 1747 communes,
1890 1697 2010 1751 qua:

2121 517 2204 564 tes
2240 517 2561 579 sequuntur,
2590 515 2645 562 et
2694 522 2796 560 una
2841 505 3060 574 duplex,
3102 514 3163 558 ut
3203 521 3370 567 mons,
3416 521 3540 575 res;
3567 521 3696 576 qna-

2118 609 2242 654 tuor
2283 609 2524 669 tempora
2563 606 2706 661 sunt,
2737 604 2799 651 ut
2838 605 2964 666 puta
3011 595 3056 650 si
3079 595 3203 664 quis
3231 595 3390 650 simul
3431 606 3594 665 ponat
3641 597 3695 652 in

2115 706 2276 746 versu
2305 691 2388 744 lex
2416 689 2585 761 prima
2614 698 2669 742 et
2689 686 2782 740 tua:
2811 685 2980 751 clara,
3009 669 3068 740 et
3086 701 3192 755 pax
3226 683 3402 754 plena,
3427 694 3482 739 et
3510 685 3594 739 his
3619 687 3694 740 si-

2116 781 2284 836 milia.
2320 779 2530 834 Vocalis
2555 777 2702 832 enim
2722 784 2916 831 natura
2940 775 3099 846 longa
3125 784 3209 830 est
3238 775 3291 828 in
3321 775 3368 828 lc
3393 784 3447 829 et
3475 775 3529 828 lu
3557 789 3614 830 et
3642 777 3694 832 in

2114 890 2203 944 pa,
2227 880 2283 928 et
2315 873 2422 927 duo
2460 881 2703 941 tempora
2755 869 2940 934 habet,
2971 868 3087 922 base
3124 867 3393 936 excipitur
3430 867 3499 922 ab
3533 884 3569 921 ει
3598 869 3698 921 du-

2114 960 2260 1032 plici,
2309 976 2428 1032 quae
2471 976 2638 1015 unum
2684 969 2896 1029 tempus
2950 959 3134 1023 habet,
3179 972 3344 1028 quam
3396 968 3700 1028 sequuntur

2113 1060 2263 1106 muta
2287 1060 2344 1108 et
2375 1052 2600 1120 liquida,
2629 1066 2749 1120 qua:
2777 1051 2906 1104 item
2937 1065 3036 1119 per
3074 1063 3132 1103 se
3159 1065 3325 1103 unum
3364 1058 3574 1118 tempus
3603 1049 3702 1103 ha-

2111 1143 2242 1198 bent
2264 1151 2321 1197 et
2344 1142 2632 1212 complent.
2671 1141 2765 1196 Hae
2787 1155 2917 1210 ergo
2946 1155 3137 1196 omnes
3161 1123 3320 1194 simul
3342 1139 3538 1209 junctae
3563 1155 3700 1210 qna-

2115 1242 2238 1290 tuor
2266 1243 2506 1305 tempora
2553 1232 2780 1299 faciunt,
2825 1243 3007 1288 tamen
3054 1232 3109 1286 in
3159 1241 3335 1287 metro
3362 1246 3586 1287 necesse
3615 1245 3701 1287 est

2112 1338 2549 1394 unamquamque
2591 1323 2849 1394 syllabam
2884 1331 2940 1378 et
2973 1321 3134 1376 unius
3162 1328 3218 1375 et
3246 1321 3472 1375 duomm
3520 1321 3698 1390 accipi

2112 1420 2434 1483 temporum.
2476 1412 2683 1468 Caetera
2725 1427 2941 1483 quoque
2987 1420 3228 1482 tempora
3261 1426 3382 1481 qua!
3421 1411 3699 1476 accidunt,

2112 1503 2379 1574 superﬂua
2410 1520 2442 1558 a
2465 1504 2704 1560 metricis
2725 1505 3059 1576 judicantur.
3085 1503 3352 1559 Numerus
3385 1503 3698 1560 litterarum

2112 1594 2309 1649 accidit
2333 1594 2570 1665 syllabze,
2597 1595 2746 1665 quia,
2776 1604 2837 1649 ut
2871 1609 3032 1664 supra
3077 1594 3333 1660 diximus,
3367 1610 3469 1649 non
3515 1595 3702 1651 minus

2112 1697 2275 1750 quam
2296 1683 2476 1748 unius,
2496 1698 2595 1738 nee
2619 1682 2739 1753 plus
2759 1698 2920 1752 quam
2943 1698 3036 1738 sex
3060 1683 3360 1738 litterarum
3390 1684 3530 1754 apud
3546 1683 3701 1739 Lati-

432 1781 592 1835 modo
625 1779 820 1834 breves
853 1784 1000 1843 sunt,
1033 1777 1194 1830 modo
1240 1775 1430 1844 longae,
1463 1781 1623 1843 prout
1654 1773 2007 1828 versiﬁcatori
2037 1777 2084 1835 B
2113 1786 2211 1826 nos
2241 1780 2418 1840 potest
2445 1772 2679 1826 inveniri
2703 1773 2928 1843 syllaba,
2957 1772 3193 1842 illudque
3227 1773 3587 1829 intimandum
3618 1785 3702 1830 est

433 1869 716 1938 placuerit.
747 1866 854 1922 Sed
890 1865 1059 1937 longa:
1095 1865 1304 1919 duobus
1338 1863 1511 1918 modis
1545 1862 1698 1926 ﬁunt,
1733 1871 1924 1918 natura
1956 1872 2011 1918 et

435 1961 699 2031 positione
729 1978 743 2014 :
771 1968 962 2014 natura
998 1957 1212 2027 quidem
1254 1955 1480 2021 bifariae,
1533 1963 1620 2010 aut
1659 1955 2009 2025 productione

433 2054 684 2110 videlicet
723 2053 1076 2125 Singularium
1101 2051 1391 2116 vocalium,
1417 2059 1499 2115 ut,
1543 2050 1713 2113 navis,
1744 2049 1912 2114 sedes,
1943 2049 2010 2118 ﬁ-

441 2147 543 2205 nis,
573 2160 741 2206 omen,
795 2158 971 2207 unus;
1023 2149 1116 2194 aut
1160 2141 1386 2195 duarum
1431 2137 1827 2206 conjunctione,
1866 2137 2008 2208 quod

426 2233 795 2304 diphthongon
853 2240 1081 2297 vocant;
1135 2231 1451 2301 diphthongi
1509 2237 1687 2284 autem
1757 2230 2009 2284 dicuntur

428 2323 572 2391 quod
613 2322 769 2378 binos
806 2323 1128 2391 phthungos,
1180 2323 1283 2375 hoc
1310 2330 1412 2387 est,
1463 2335 1624 2376 voces
1659 2321 2009 2390 comprehen-

431 2412 560 2466 dant
586 2430 601 2466 :
632 2426 754 2465 nam
789 2411 1011 2482 singula:
1051 2411 1261 2466 vocales
1299 2427 1425 2466 suas
1471 2427 1632 2466 voces
1675 2411 1894 2478 habent,
1927 2420 2008 2477 ut,

426 2517 614 2564 terum,
641 2517 814 2570 poena,
843 2512 1117 2570 augustas,
1155 2519 1330 2563 eurus,
1383 2503 1634 2579 ei,lquod
1662 2512 1745 2558 est
1789 2504 2009 2573 interje-

427 2589 537 2644 otio
565 2588 798 2644 dolentis
817 2597 872 2642 et
901 2589 1156 2651 timentis,
1192 2599 1251 2644 ut
1277 2591 1463 2661 Virgil.
1494 2608 1532 2644 ιι
1563 2590 1805 2646 ,Ειιεὶᾱέε

559 2677 615 2726 Ei
650 2677 790 2749 mihi,
819 2677 977 2739 qualis
999 2687 1129 2741 erat,
1153 2687 1628 2741 quantummutatus
1650 2683 1713 2732 ab
1735 2682 1850 2746 illo;

424 2772 480 2816 ot
507 2777 568 2814 ae
597 2763 810 2831 quando
837 2762 889 2816 in
919 2761 1154 2833 genitivo
1189 2777 1313 2819 casu
1358 2780 1389 2817 a
1429 2765 1601 2834 poetis
1628 2780 1726 2835 per
1755 2765 2004 2821 diteresin

425 2852 720 2923 profertur,
752 2854 1044 2907 secundum
1070 2852 1287 2909 Grzecos
1310 2870 1406 2926 per
1428 2874 1458 2908 ιι
1487 2863 1540 2910 et
1564 2857 1581 2909 i
1609 2855 1865 2911 scribitur
1889 2856 2005 2912 sive

424 2946 476 2998 in
501 2945 738 3015 propriis
762 2945 1087 3012 nominibus,
1126 2947 1344 3013 Αῐηεαί,
1376 2948 1642 3014 Anc/tisai,
1678 2948 1791 3004 sive
1830 2949 1885 3002 in
1909 2964 2005 3018 ap-

423 3035 716 3102 pellativis,
766 3045 827 3090 ut
869 3037 1050 3107 pictai,
1102 3037 1283 3102 aulai;
1343 3048 1563 3110 utraque
1601 3039 1746 3094 enim
1804 3040 1998 3109 longa:

424 3124 683 3196 Virgilius
705 3125 759 3180 in
784 3141 843 3180 ιιι
867 3145 880 3180 :

612 3215 754 3265 Aulai
790 3217 954 3266 medio
977 3215 1188 3266 libabant.
1212 3216 1382 3280 pocula
1404 3219 1598 3282 Bacchi,

423 3308 523 3363 pro
550 3293 720 3361 uultu;
752 3306 806 3351 et
828 3296 1019 3352 Cicero
1043 3315 1055 3348 τ

607 3382 769 3448 Atque
791 3385 960 3435 oculos
984 3396 1132 3450 urget
1157 3388 1362 3451 pedibus
1389 3399 1658 3453 pectusque
1680 3394 1842 3456 nopai,

422 3479 522 3534 pro
553 3481 722 3535 nopaz,
751 3467 804 3522 id
828 3477 934 3533 est,
964 3471 1182 3539 scorpii.
1212 3470 1482 3527 Positione
1511 3489 1641 3528 vero
1667 3473 1838 3546 longa:
1869 3475 2003 3530 ﬁunt

424 3555 640 3627 syllabae
683 3558 854 3614 tribus
895 3560 1070 3615 modis
1101 3576 1114 3614 :
1153 3578 1275 3616 cum
1305 3573 1550 3633 correpta
1581 3567 1780 3621 vocalis
1809 3577 1902 3622 aut
1949 3569 2002 3623 in

423 3645 559 3703 duas
581 3648 781 3703 desinit
805 3662 1189 3718 consonantes,
1221 3661 1280 3708 ut
1306 3663 1410 3720 ast,
1439 3663 1528 3709 aut
1557 3656 1608 3709 in
1636 3673 1798 3711 unam
1830 3658 2005 3728 dupli-

423 3752 563 3803 cem,
593 3748 674 3805 ut,
707 3740 834 3804 dux,
865 3751 958 3796 aut
1004 3743 1057 3797 in
1087 3759 1248 3798 unam
1278 3745 1474 3800 desinit
1502 3757 1907 3815 consonantem,
1947 3759 2004 3806 et

423 3828 791 3898 excipiturab
831 3828 1022 3898 altera,
1055 3841 1133 3898 ut,
1156 3849 1305 3901 arca,
1330 3843 1424 3888 aut
1451 3835 1718 3906 excipitur
1749 3837 1818 3892 ab
1838 3856 1873 3892 π
1901 3838 2001 3894 du-

424 3918 549 3989 plici
595 3931 947 3987 consonante,
992 3933 1070 3990 ut,
1111 3925 1249 3990 axis,
1299 3934 1393 3980 aut
1433 3927 1698 3998 excipitur
1739 3930 1808 3984 ab
1837 3931 1856 3982 i
1881 3931 1999 3987 loco

423 4013 773 4074 consonantis
797 4013 1010 4082 posita,
1045 4022 1104 4068 ut
1148 4013 1331 4085 .Troja.
1363 4014 1492 4082 Quae
1533 4019 1727 4087 positio
1759 4037 2003 4076 nonnun-

424 4115 587 4170 quam
646 4101 698 4155 in
737 4102 925 4158 metris
963 4103 1019 4156 in
1064 4112 1174 4158 tres
1222 4103 1478 4160 dividitur
1508 4105 1766 4177 syllabas,
1815 4119 1873 4164 ut
1918 4120 2002 4168 est

428 4189 557 4246 illud
581 4209 598 4246 :

555 4305 697 4354 Arma
723 4309 875 4355 virum
897 4307 1247 4376 tabulaeque-et
1269 4309 1412 4362 Troia
1437 4325 1550 4375 gaza
1564 4328 1663 4377 per
1688 4316 1874 4377 undas;

436 4415 520 4460 ιιιι
551 4406 748 4462 desinit
793 4409 844 4462 in
893 4420 1299 4477 consonantem,
1325 4424 1417 4468 aut
1443 4417 1710 4486 excipitur
1742 4419 1810 4473 ab
1838 4436 1871 4472 u
1897 4428 1952 4474 et
1982 4437 2045 4474 ι-

2112 1864 2254 1933 quod
2285 1864 2464 1918 omnis
2489 1864 2692 1935 syllaba
2729 1865 2916 1935 incipit
2943 1866 3144 1921 habere
3171 1867 3435 1922 rationem
3462 1883 3492 1920 a
3522 1868 3701 1922 vocali

2110 1963 2290 2010 utrum
2320 1955 2475 2027 longa
2503 1957 2594 2021 sit,
2619 1973 2688 2011 an
2730 1958 2928 2012 brevis.
2961 1957 3164 2013 Deinde
3189 1968 3244 2012 et
3269 1959 3608 2013 considerari
3636 1959 3703 2014 de

2110 2048 2552 2113 consonantibus,
2582 2049 2953 2118 sequentibus,
2992 2064 3100 2103 non
3144 2048 3210 2102 de
3243 2049 3700 2118 prmcedentibus.

2108 2136 2483 2194 Prmcedentes
2505 2139 2649 2194 enim
2677 2149 3034 2195 consonantes
3064 2155 3169 2194 non
3202 2140 3304 2208 ipsi
3330 2149 3559 2211 prosunt
3581 2158 3702 2214 qua:

2109 2229 2376 2300 sequitur,
2423 2230 2518 2285 sed
2557 2229 2816 2285 anteriori
2862 2230 3058 2295 vocali,
3108 2231 3257 2284 verbi
3303 2231 3500 2302 gratia,
3552 2243 3620 2286 ut
3656 2233 3700 2286 si

2109 2320 2229 2388 quis
2258 2320 2418 2374 simul
2449 2320 2614 2386 dicat,
2643 2338 2787 2391 gens,
2827 2322 3006 2391 stirps,
3036 2339 3069 2376 π
3092 2321 3237 2376 enim
3270 2330 3326 2376 et
3349 2321 3456 2376 duo
3484 2339 3535 2375 ss
3577 2338 3699 2376 cunt

2107 2420 2126 2464 t
2156 2412 2323 2481 priori
2353 2411 2546 2476 vocali,
2594 2412 2646 2465 id
2677 2422 2761 2467 est
2801 2429 2846 2476 e,
2880 2427 3035 2466 suum
3080 2420 3293 2481 tempus
3319 2398 3608 2477 tribuunt;
3651 2422 3704 2466 et

2108 2500 2239 2556 item
2275 2518 2319 2568 r,
2344 2519 2396 2572 p,
2423 2519 2469 2566 s,
2509 2503 2830 2571 plvecedenti
2865 2516 2924 2556 se
2957 2502 2973 2554 i
3003 2503 3337 2557 consociant.
3368 2501 3703 2558 Communes

2109 2599 2286 2645 autem
2328 2591 2544 2662 syllabm
2573 2592 2744 2645 modis
2775 2591 2909 2645 ﬁunt
2939 2607 3150 2656 novem,
3183 2591 3381 2660 quibus
3407 2601 3502 2646 aut
3540 2601 3701 2647 natu-

2108 2682 2296 2737 raliter
2323 2682 2495 2754 longa‘.
2519 2682 2715 2752 poetali
2746 2682 2964 2737 licentia
2987 2682 3039 2736 in
3071 2682 3282 2746 breves,
3309 2692 3404 2736 aut
3434 2684 3701 2738 naturali-

2109 2781 2192 2826 ter
2233 2773 2424 2827 breves
2477 2771 2876 2827 transferuntur
2931 2773 2985 2826 in
3031 2771 3236 2842 longas.
3272 2771 3489 2827 Primus
3533 2773 3704 2844 igitur

2107 2863 2298 2917 modus
2324 2871 2407 2916 est
2445 2878 2566 2916 cum
2617 2871 2865 2932 correpta
2904 2861 3106 2916 vocalis
3149 2863 3200 2916 in
3241 2863 3431 2917 eodem
3465 2863 3638 2918 verbo
3671 2880 3699 2916 a

2105 2953 2314 3008 duobus
2353 2953 2625 3022 excipitur
2665 2954 3105 3018 consonantibus,
3155 2969 3385 3023 quarum
3425 2954 3702 3023 posterior

2104 3042 2175 3095 sit
2202 3026 2444 3111 liquida;
2477 3050 2562 3096 est
2588 3043 2733 3095 enim
2761 3050 2952 3095 natura
2992 3041 3170 3097 brevis
3207 3043 3260 3096 in
3291 3043 3414 3107 hoc,
3450 3060 3601 3098 nicas
3627 3055 3700 3098 te-

2030 3145 2075 3208 ρ
2108 3136 2279 3191 nebris
2311 3136 2532 3190 obscura
2561 3138 2670 3191 suis
2688 3155 2706 3202 ;
2738 3146 2822 3194 est
2847 3139 3111 3208 positione
3140 3139 3297 3211 longa
3322 3141 3373 3193 in
3407 3140 3531 3206 hoc,
3560 3159 3697 3197 mor-

2105 3229 2270 3298 tisque
2304 3229 2548 3282 tenebris.
2574 3227 2640 3283 Et
2681 3229 2962 3284 sciendum
2991 3231 3134 3299 quod
3166 3246 3272 3284 non
3309 3231 3486 3286 solum
3524 3234 3701 3288 ante!

2109 3318 2186 3373 vel
2220 3335 2264 3384 r,
2303 3319 2397 3374 sed
2426 3320 2589 3374 etiam
2637 3331 2764 3376 ante
2806 3339 2853 3374 m
2882 3322 2966 3377 vel
3017 3339 3051 3375 η
3097 3323 3284 3394 posita'
3325 3332 3513 3390 mutas,
3555 3327 3697 3396 apud

2102 3408 2312 3477 priscos
2350 3418 2537 3478 poetas
2570 3409 2774 3465 faciunt
2799 3425 3114 3467 communes
3160 3411 3412 3482 syllabas,
3472 3424 3532 3469 ut
3576 3413 3698 3470 Ovi-

2103 3497 2224 3552 dius
2247 3513 2262 3552 :

2172 3589 2519 3653 Piscosatnque
2546 3590 2728 3641 Cnidon
2753 3594 3099 3656 gravidamque
3125 3594 3419 3648 Amathunta
3456 3599 3688 3647 metallis.

2105 3668 2382 3726 Secundus
2414 3674 2604 3726 modus
2625 3682 2711 3728 est
2739 3689 2861 3728 cum
2891 3684 3139 3746 correpta
3171 3676 3376 3730 vocalis
3406 3677 3464 3732 in
3491 3693 3690 3741 conso-

2103 3768 2321 3815 nantem
2351 3762 2568 3829 desinit,
2613 3771 2669 3818 et
2695 3764 2965 3836 excipitur
3004 3765 3073 3821 ab
3096 3767 3128 3819 It
3167 3766 3386 3835 littera;
3435 3778 3523 3824 est
3547 3771 3692 3825 enim

2104 3859 2299 3906 natura
2331 3852 2512 3908 brevis
2542 3854 2594 3908 in
2621 3854 2723 3910 hoc
2757 3872 2770 3909 :

2201 3942 2458 3995 Porcinam
2480 3955 2688 3996 tenuere
2706 3959 2934 4011 gregem,
2954 3950 3116 4014 niger,
3135 3950 3370 4014 hispidus,
3388 3952 3603 4006 horrens
3615 3969 3632 4018 ;

2102 4025 2260 4100 longa
2289 4027 2342 4082 in
2372 4029 2474 4084 hoc
2495 4049 2508 4082 :

2196 4137 2281 4188 Vir
2305 4139 2498 4190 humilis
2521 4149 2693 4192 maesto
2716 4144 2942 4206 deiectus
2963 4143 3149 4196 lumine
3169 4152 3368 4197 terram.

2103 4219 2320 4275 Tertius
2348 4221 2539 4276 modus
2575 4233 2658 4279 est
2699 4225 2918 4296 syllaba:
2946 4229 3270 4294 communis,
3305 4245 3429 4284 cum
3463 4233 3694 4287 verbum

2103 4310 2320 4381 aliquod
2345 4312 2398 4366 in
2424 4313 2664 4369 vocalem
2706 4317 2956 4372 desinens
3002 4328 3322 4388 correptam,
3363 4322 3643 4392 excipitur
3667 4339 3698 4379 ε

2102 4401 2312 4458 duabus
2343 4406 2782 4472 consonantibus,
2813 4423 3043 4476 quarum
3067 4410 3216 4480 prior
3249 4411 3365 4465 sits
3387 4425 3405 4463 :
3433 4422 3520 4469 est
3547 4414 3694 4469 enim

426 4496 613 4565 positis
651 4498 701 4551 in
735 4499 869 4552 .loeo
914 4503 1346 4568 consonantium,
1388 4513 1446 4558 ut
1491 4507 1717 4568 aduena,
1764 4508 2003 4562 adiutor.
2027 4505 2079 4565 D
2104 4502 2296 4548 natura
2325 4495 2501 4550 brevis
2526 4495 2579 4550 ὶη
2607 4497 2708 4552 hoc
2731 4498 3053 4554 FOI‘lunali:

429 4587 629 4642 Breves
658 4603 788 4643 vero
814 4598 961 4644 .sunt
997 4590 1212 4660 syllaba:
1235 4608 1354 4661 quin
1380 4595 1571 4648 horum
1621 4596 1751 4650 nihil
1798 4597 2000 4651 habue-

427 4679 555 4733 rint.
582 4677 791 4733 Accidit
823 4681 1106 4750 unicuique
1135 4682 1350 4754 syllabae
1381 4692 1555 4751 tenor,
1589 4687 1834 4755 spiritus,
1867 4695 2000 4740 tem-

426 4785 545 4839 pus,
572 4783 830 4824 numerus
850 4770 1175 4825 litterarum.
1205 4771 1384 4827 .Tenor
1403 4783 1615 4838 acutus,
1635 4785 1688 4830 et
1714 4777 1914 4846 gravis,
1945 4785 2002 4832 et

424 4861 822 4930 circumﬂexus,
855 4863 946 4935 qui
987 4865 1043 4917 in
1071 4881 1392 4934 unaquaque
1432 4867 1666 4922 dictione
1694 4880 1842 4922 certa
1877 4885 1999 4924 cer-

425 4966 511 5011 tus
553 4970 676 5010 esse
725 4954 904 5010 debet.
953 4953 1214 5010 Similiter
1262 4957 1483 5026 spiritus
1531 4974 1692 5028 asper
1739 4969 1795 5014 et
1842 4960 1995 5015 lenis.

425 5046 661 5116 Tempus
695 5061 861 5100 unum
887 5055 943 5100 et
968 5045 1103 5112 duo;
1133 5055 1226 5100 aut
1250 5046 1412 5101 etiam
1438 5046 1518 5116 (ut
1539 5047 1862 5116 quibusdam
1887 5049 1999 5118 pla-

424 5139 530 5208 cet)
563 5153 730 5191 unutn
779 5137 945 5192 semis
969 5144 1026 5191 et
1067 5137 1174 5192 duo
1215 5137 1401 5202 semis,
1434 5146 1490 5192 et
1530 5137 1630 5192 tria
1663 5148 1716 5192 et
1747 5147 1994 5207 quatuor.

429 5224 626 5292 Unum,
657 5227 703 5282 si
723 5227 924 5283 vocalis
951 5227 1130 5284 brevis
1151 5243 1354 5298 pereo,
1381 5239 1434 5284 et
1457 5231 1502 5284 si
1533 5246 1654 5285 eam
1680 5248 1785 5286 una
1811 5246 1999 5287 conso-

425 5332 559 5371 nans
588 5316 815 5386 simplex
842 5327 1223 5387 consequatur,
1252 5326 1312 5371 ut
1335 5328 1514 5388 caput.
1548 5319 1723 5374 Unum
1749 5321 1914 5376 semis
1944 5321 1994 5377 in

425 5407 801 5464 communibus
822 5408 1057 5480 syllabis,
1080 5409 1146 5464 de
1183 5409 1378 5479 quibus
1409 5421 1596 5479 postea
1625 5413 1884 5480 dicemus,
1918 5422 1998 5479 ut,

425 5494 690 5567 lacrymte.
721 5497 779 5552 In
803 5498 975 5570 longis
1000 5509 1192 5554 natura
1225 5509 1280 5554 et
1301 5501 1566 5570 positione
1591 5503 1696 5558 duo
1716 5513 1840 5559 sunt
1871 5514 2004 5560 tem-

427 5597 578 5652 pora,
611 5595 671 5640 ut
691 5588 781 5652 da,
807 5597 885 5640 ast
910 5605 927 5652 ;
954 5589 1058 5644 duo
1088 5589 1273 5652 semis,
1304 5591 1595 5659 utquando
1616 5600 1736 5660 post
1762 5594 2000 5666 vocalem

431 5683 624 5730 natura
649 5675 858 5744 longam
886 5679 1128 5746 sequitur
1152 5695 1255 5732 una
1292 5696 1620 5748 consonans,
1645 5694 1704 5740 ut
1730 5686 1839 5752 sol;
1871 5687 1996 5758 tria,

2290 4607 2554 4657 Ordinibus
2580 4611 2722 4658 variis
2743 4611 2852 4660 alba
2873 4613 3156 4674 smaragdus
3177 4615 3325 4665 inest.

2106 4709 2200 4767 Est
2224 4711 2489 4782 positione
2513 4712 2669 4784 longa
2702 4715 2753 4768 in
2778 4715 2879 4770 hoc
2909 4715 3147 4772 Sedulii:

2292 4822 2531 4872 Adveniat
2556 4837 2764 4886 regnum
2786 4826 2882 4887 jam
2905 4827 3100 4890 iamque
3120 4829 3308 4878 scilicet
3332 4829 3470 4879 illud.

2111 4923 2236 4980 “me
2275 4940 2490 4995 quoque
2518 4944 2542 4980 s
2570 4927 2782 4991 littera,
2823 4928 2942 4983 aliis
2983 4929 3188 4985 duabus
3238 4935 3694 4995 consonantibus.

2107 5016 2160 5070 id
2184 5025 2267 5071 est
2294 5028 2454 5071 muta:
2475 5027 2528 5072 et
2565 5018 2798 5088 quuidm,
2832 5019 2884 5073 in
2911 5021 3176 5090 principio
3205 5022 3426 5092 syllabae
3454 5040 3692 5094 sequen-

2109 5108 2177 5162 tis
2199 5110 2520 5179 apraeposita,
2567 5111 2913 5166 inveniuntur
2943 5129 3281 5168 communem
3314 5116 3585 5185 syllabam
3620 5118 3702 5171 fa-

2105 5215 2250 5265 cere,
2282 5209 2341 5254 ut
2367 5200 2644 5266 Horatius,
2675 5201 2920 5256 Sermon.
2958 5204 3051 5258 lib.
3084 5221 3099 5259 ι
3125 5225 3137 5260 :

2264 5309 2548 5372 Linquimus
2570 5313 2726 5361 insani
2753 5312 2976 5362 ridentes
2999 5321 3189 5376 praetr-ia
3214 5317 3410 5367 scribe.

2109 5413 2420 5475 Est,autem
2459 5415 2648 5470 modus
2688 5423 2916 5484 quartus
2959 5417 3176 5488 syllaba:
3207 5421 3531 5483 communis,
3569 5436 3697 5474 cum

2105 5515 2229 5574 post
2246 5507 2437 5575 pedem
2468 5507 2757 5576 quemlibet
2782 5524 2886 5562 una
2919 5510 3118 5581 syllaba
3149 5510 3327 5565 brevis
3361 5515 3699 5567 remanserit

2103 5597 2170 5652 de
2201 5600 2388 5663 verbo,
2414 5615 2532 5670 quae
2570 5600 2649 5654 vel
2696 5601 2748 5654 in
2779 5602 3017 5656 vocalem
3059 5604 3306 5658 desinens
3349 5605 3629 5675 excipitur
3666 5621 3696 5659 a

2101 5701 2434 5748 consonante
2463 5695 2608 5749 verbi
2648 5696 2941 5764 sequentis,
2974 5697 3054 5752 vel
3087 5698 3137 5751 in
3167 5708 3558 5753 consonantem
3591 5701 3692 5755 de-
