3950 6192
317 373 411 427 Gil
1128 380 1519 444 EXCEBPTIO
1555 388 1643 445 DE
1680 390 1869 448 ARTE
1907 394 2363 453 GRAMMATICA
2398 398 2755 457 PRISCIANL

3473 418 3580 476 62‘2

308 486 491 545 sinens
517 483 785 554 excipitur
807 483 976 541 altera
1019 491 1187 546 vocali
1216 505 1340 549 :est
1368 497 1511 552 enim
1546 510 1738 556 natura
1779 505 1896 559 bre-
1921 509 1969 566 Α
1999 504 2199 562 Omnes
2236 510 2434 580 quippe
2485 525 2848 572 consonantes
2892 519 3132 590 syllabae,
3170 536 3229 580 ut
3267 530 3343 584 ait
3382 533 3578 603 Varro,

310 574 386 603 ινξι-
415 573 466 603 ζ..
498 574 602 603 In“.
629 593 642 603 .
2030 595 2061 603 ..

310 574 390 627 vis
415 573 466 627 in
498 574 602 628 hoc
628 593 642 628 :

425 662 575 725 Cujus
594 676 722 716 onus
743 665 860 718 leve
881 676 975 732 est,
996 673 1135 734 cujus
1145 673 1264 736 juga
1290 674 1424 727 ferre
1447 690 1597 728 suave
1623 689 1715 733 est.

302 745 400 802 Est
427 746 587 820 longa
613 750 666 804 in
691 752 831 807 hoc:

437 837 663 889 Frondea
686 840 801 892 licus
827 852 951 904 erat,
971 849 1110 909 cuius
1127 850 1176 900 in
1195 851 1372 905 robore
1396 855 1596 906 nullum.

297 917 433 972 Item
463 919 656 976 modus
685 924 926 993 quintus,
959 944 1081 983 cum
1130 946 1256 1000 pars
1303 936 1570 992 orationis
1603 939 1801 994 desinit
1835 941 1888 995 in

296 1009 709 1082 diphthongon,
752 1026 1012 1085 sequente
1065 1022 1246 1076 statim
1315 1025 1490 1080 altera
1537 1029 1752 1095 vocali;
1805 1040 1889 1085 est

294 1099 444 1151 enim
469 1098 630 1168 longa
660 1102 714 1156 in
738 1104 861 1170 hoc,
888 1114 967 1172 ut,
996 1125 1161 1165 musa:
1183 1111 1446 1178 Aonides;
1469 1116 1650 1174 brevis
1671 1119 1724 1172 in
1749 1121 1885 1175 hoc:

293 1186 500 1243 Iusqu
522 1190 676 1245 Ionio
711 1195 765 1248 in
792 1212 1001 1267 magno.
1029 1199 1286 1273 Virgilius
1316 1205 1371 1259 in
1401 1222 1475 1261 vu
1502 1226 1515 1262 :

432 1279 697 1342 Stipltibus
719 1285 854 1335 duris
879 1291 1042 1348 agitur
1064 1291 1327 1344 sudibusve
1352 1299 1590 1355 praeustis.

291 1357 407 1414 Hoc
440 1374 572 1432 ergo
603 1365 780 1430 modo,
820 1367 960 1422 sicut
991 1377 1048 1424 et
1089 1373 1294 1440 priore,
1341 1379 1675 1435 recentiores
1707 1392 1881 1451 poetae

289 1453 574 1509 rarissime
609 1466 854 1526 utuntur,
893 1461 988 1516 sed
1017 1463 1190 1535 magis
1214 1467 1586 1538 synalmpham
1624 1471 1679 1526 in
1709 1487 1772 1528 eo
1799 1473 1882 1527 fa-

292 1543 468 1607 ciunt,
500 1554 560 1598 ut
589 1539 822 1618 Prosper
847 1567 861 1604 :

381 1631 491 1717 Non
516 1643 696 1712 nostra
718 1639 811 1717 hoc
821 1642 1064 1717 iopis’est,
1086 1644 1174 1692 sed
1186 1647 1258 1717 .ab
1280 1646 1365 1717 illo
1383 1651 1590 1702 sumitur
1613 1652 1694 1703 hic
1717 1665 1816 1717 ros,

443 1695 539 1755 Qui
561 1701 738 1748 siccam
759 1695 930 1762 rupem
951 1695 1161 1754 [undere
1180 1695 1328 1768 jussit
1343 1695 1515 1772 adii;

284 1776 597 1851 Sextusque
618 1783 810 1840 modus
839 1794 922 1858 est
954 1802 1078 1842 eum
1107 1793 1421 1859 productam
1451 1797 1690 1853 vocalem
1716 1815 1877 1857 voca-

281 1868 346 1925 lis
381 1870 556 1927 altera
594 1877 978 1946 consequitur;
1008 1887 1093 1934 est
1115 1880 1260 1936 enim
1288 1883 1444 1955 longa
1471 1886 1527 1941 in
1553 1888 1692 1945 hoc:

473 1960 515 2012 0
539 1965 723 2013 utinam
745 1967 795 2014 in
815 1965 1048 2020 thalamos
1071 1971 1212 2020 invisi
1234 1971 1435 2024 Cesaris
1465 1977 1640 2037 issem;

276 2041 466 2099 brevis
489 2045 544 2100 in
579 2046 682 2102 hoc
710 2063 725 2100 :

431 2134 510 2188 Te
537 2139 783 2201 Corydon,
805 2153 837 2191 ο
857 2141 1024 2205 Alexi,
1053 2146 1199 2196 trahit
1221 2159 1308 2198 sua
1345 2163 1594 2215 quemque
1617 2152 1866 2218 voluptas;

270 2227 327 2272 et
357 2217 491 2274 item
516 2221 774 2293 Virgilius
809 2224 863 2278 in
891 2240 922 2277 v
947 2241 963 2278 :

431 2313 679 2387 infindunt
699 2318 882 2378 pariter
899 2317 1082 2383 sulcos,
1104 2327 1360 2387 totumque
1375 2323 1588 2376 dehiscit

425 2374 744 2429 Convulsum.

264 2453 443 2521 Quem
492 2457 712 2512 modum
758 2461 1002 2518 moderni
1029 2465 1427 2523 versiﬁcatores
1454 2468 1510 2524 in
1536 2471 1723 2526 eadem
1762 2487 1862 2542 po-

265 2547 375 2602 tius
404 2557 565 2616 parte
587 2551 852 2608 orationis
887 2552 1071 2612 facere
1103 2566 1454 2625 consuerum,
1479 2569 1574 2614 ut:

456 2637 547 2689 Eoi
573 2652 762 2691 venere
781 2645 993 2706 magi..-.

259 2728 353 2773 Cl:

455 2809 758 2872 Splendidus
783 2817 993 2866 auctoris
1006 2816 1075 2867 de
1099 2822 1286 2870 vertice
1309 2820 1467 2884 fulget
1492 2823 1638 2874 Eous.

1995 595 2112 650 alia:
2152 606 2279 651 sunt
2317 614 2541 670 asperae,
2573 611 2634 656 ut
2667 614 2810 671 trux,
2843 623 3012 673 crux;
3049 612 3166 667 aliae
3198 615 3344 674 leves
3373 619 3578 692 [Fom,

1993 687 2185 760 lenes],
2215 699 2276 744 ut
2321 691 2471 759 luna,
2511 693 2678 761 lana;
2707 697 2826 754 alia:
2873 715 3148 770 proceres,
3175 722 3296 776 qua:
3335 716 3575 773 vocalem

1992 776 2204 848 longam
2232 790 2532 837 extremam
2557 786 2759 842 habent
2788 801 2881 844 aut
2906 794 3277 863 penultimam,
3309 811 3389 868 ut,
3427 824 3578 862 man-

1988 867 2230 933 suetudo,
2253 869 2514 938 facilitas;
2538 873 2655 929 aliae
2683 879 2982 946 retorridaz,
3005 899 3125 953 quae
3148 897 3349 944 mutam
3374 867 3579 951 habent

1989 964 2328 1024 extremam;
2377 970 2439 1016 ut
2480 963 2584 1027 hic,
2617 965 2756 1031 lioc;
2802 969 2922 1025 aliae
2975 973 3241 1043 barbam,
3291 989 3349 1035 ut
3415 1000 3570 1054 gaza,

1989 1063 2285 1112 mammon;
2325 1052 2444 1106 alite
2492 1058 2755 1124 gracula),
2790 1069 2850 1115 ut
2915 1064 3168 1134 hymnos,
3217 1088 3422 1134 zenon:
3452 1078 3573 1134 alia:

1987 1135 2155 1202 durae,
2184 1148 2243 1193 ut
2264 1141 2493 1210 ignotus,
2518 1149 2795 1216 cognitus;
2831 1153 2949 1208 alia:
2975 1157 3186 1224 molles,
3211 1170 3272 1216 ut
3295 1166 3449 1228 mdes,
3487 1169 3570 1224 lu-

1988 1227 2110 1298 dus,-
2135 1240 2187 1284 et
2213 1232 2335 1288 ideo
2369 1235 2471 1290 hoc
2503 1231 2732 1296 omnino
2759 1257 2978 1300 servare
3006 1247 3226 1318 debent,
3251 1255 3341 1322 qui
3385 1227 3572 1316 volunt

1985 1315 2224 1375 lubricos
2253 1329 2309 1376 et
2338 1335 2621 1381 currentes
2663 1345 2854 1386 versus
2883 1334 3082 1403 facere,
3113 1349 3173 1393 ut
3212 1346 3572 1420 quodcunque

1985 1404 2040 1458 in
2087 1410 2238 1464 sonis
2281 1427 2444 1468 aures
2491 1425 2698 1484 gravet,
2731 1419 2813 1474 vel
2855 1404 3246 1495 obstupescere
3277 1432 3456 1504 faciat,
3482 1404 3574 1498 lvi-

1985 1503 2101 1552 tare
2128 1502 2471 1570 contendant,
2509 1515 2566 1560 et
2616 1509 2900 1579 euphonia:
2938 1514 2994 1570 in
3047 1521 3385 1582 carminibus
3425 1502 3572 1587 sum-

1982 1599 2128 1640 mam
2159 1589 2417 1649 tribuant.

2477 1711 2558 1767 De
2586 1715 2769 1785 primis
2800 1720 3037 1792 syllabis.

2048 1811 2706 1911 [Trimarumsyllabarum
2749 1832 2803 1887 in
2831 1838 3082 1896 omnibus
3102 1846 3348 1911 partibus
3371 1851 3562 1911 didici-

1978 1900 2044 1956 lis
2071 1903 2414 1980 investigatio
2443 1923 2547 1980 est,
2577 1931 2738 1986 quam
2777 1925 3031 1984 videlicet
3068 1900 3184 2002 ipse
3207 1900 3443 1998 maxime
3471 1900 3558 2002 di-

1973 2008 2233 2062 gnoscere
2275 2003 2496 2070 poterit,
2519 2009 2610 2077 qui
2653 2013 2849 2080 pedum
2895 2021 3161 2079 rationem
3202 2037 3260 2084 et
3302 2047 3556 2093 versuum

1969 2087 2310 2145 scansionem
2354 2094 2410 2148 in
2463 2099 2655 2155 metris
2700 2105 2918 2162 sedulus
2955 2111 3163 2171 discere
3203 2132 3378 2188 curat,
3422 2129 3550 2197 quia

1971 2189 2094 2230 cum
2137 2178 2246 2234 sint
2281 2183 2466 2240 multae
2497 2187 2760 2248 dictiones
2803 2209 2925 2265 quae
2966 2207 3263 2264 secundum
3291 2178 3554 2288 analelgiae

1971 2266 2273 2288 -.--.,.-._,,
2323 2287 2328 2288 ,
2394 2274 2408 2288 .
2537 2287 2542 2288 ,
2676 2283 2687 2288 -
2792 2285 2802 2288 ,

1967 2266 2282 2335 qualitatem
2306 2274 2499 2330 eadem
2530 2283 2912 2344 terminatione
2930 2290 3210 2361 liniuntur,
3234 2266 3548 2364 ωωεῖἶπῗόῖέ

1969 2357 2151 2414 multa:
2175 2371 2302 2416 sunt
2331 2379 2450 2434 quae
2471 2367 2525 2422 in
2554 2369 2724 2428 initiis
2753 2380 3122 2452 concordent;
3155 2357 3250 2444 sed
3282 2357 3414 2450 cum.

1964 2460 2193 2516 operosa
2224 2454 2564 2523 expositione
2612 2459 2911 2534 indigeant,
2957 2484 3022 2526 ea
3072 2475 3409 2539 solummodo
3448 2454 3548 2544 nos

1963 2554 2085 2610 qua:
2109 2559 2140 2599 a
2167 2543 2446 2605 ﬁdissimis
2463 2552 2662 2608 artium
2703 2557 3062 2628 scriptoribus
3094 2571 3362 2641 exquisita
3392 2590 3548 2648 repe-

1962 2633 2154 2701 rimus,
2184 2637 2425 2695 breviter
2445 2657 2874 2704 commemorare
2902 2654 3034 2710 satis
3058 2659 3149 2714 sit.
3181 2633 3316 2719 liam
3341 2633 3546 2740 syllaba

1961 2733 2056 2779 aut
2071 2724 2453 2831 diphthongon
2502 2734 2664 2806 longa
2713 2754 2836 2796 esse
2869 2750 3218 2816 cognoscitur
3244 2724 3549 2831 (qui'quiu;

1958 2817 2204 2887 quelarie
2229 2822 2510 2892 scribitur,
2539 2827 2592 2883 id
2619 2837 2726 2897 est,
2763 2849 2844 2900 ae,
2871 2852 2952 2903 oe,
2993 2856 3083 2907 au,
3114 2859 3200 2910 eu,
3339 2817 3544 2909 hi‘ubi-

203 2925 206 2928 -
257 2891 545 2960 Septimus
567 2894 760 2950 modus
783 2907 885 2963 est,
915 2915 1038 2954 cum
1067 2916 1366 2970 pronomen
1397 2922 1425 2959 ο
1452 2905 1630 2962 littera
1671 2910 1858 2964 termi-
1957 2921 2170 2978 cunque
2197 2913 2556 2981 reperiuntur,
2584 2933 2801 2992 semper
2823 2924 3083 2995 syllabam
3111 2930 3324 3005 longam
3347 2949 3543 2998 natura

255 2995 447 3040 natum
499 2989 704 3045 vocalis
748 2993 929 3048 statim
957 2997 1244 3066 sequitur;
1294 3007 1380 3054 est
1419 3001 1562 3056 enim
1593 3002 1749 3073 longa
1797 3005 1852 3060 in
1953 3001 2404 3076 θεεθοειθιιάυῐη)
2431 3013 2526 3061 aut
2543 3011 2794 3081 exempli?
2818 3032 2831 3067 ε
2859 3018 3121 3084 (ιιιωιίιυν
3141 2989 3285 3078 enim
3309 3026 3363 3082 in
3383 3043 3542 3086 scan-

249 3076 360 3132 hoc
399 3077 610 3134 Sedulii
635 3095 652 3134 :

380 3168 492 3252 ἕο
511 3173 633 3252 quia
653 3175 743 3252 qui
758 3187 979 3252 summus
999 3178 1148 3252 Pater
1173 3191 1273 3252 est,
1290 3189 1342 3233 et
1362 3182 1516 3252 Filius
1540 3185 1621 3252 hic
1637 3196 1746 3252 est;

381 3233 483 3280 Sed
510 3225 626 3296 q'uia
650 3225 783 3298 quod
801 3225 1019 3288 sumus
1038 3225 1380 3294 Phiér'és't'bi
1403 3225 1795 3301 F‘iii'ui'iiJEELt.
1877 3225 1924 3287 Β

245 3312 447 3370 Brevis
477 3315 537 3370 in
564 3317 668 3373 hoc
685 3335 702 3373 :

375 3404 473 3456 Hic
497 3407 597 3468 vir,
615 3407 696 3458 hic
715 3414 813 3474 est,
839 3412 929 3462 tibi
953 3426 1102 3478 quem
1129 3417 1342 3478 promitti
1366 3423 1546 3483 saepius
1567 3424 1720 3473 audis.

243 3487 354 3540 Sed
382 3497 445 3541 et
487 3489 804 3547 adverbium
831 3510 999 3550 unum
1030 3514 1058 3550 ε
1085 3497 1264 3554 littera
1303 3503 1650 3559 terminatum
1701 3522 1849 3562 com—

240 3595 470 3635 munem
499 3580 765 3652 syllabam
795 3584 958 3656 facit;
996 3597 1080 3645 est
1111 3591 1255 3646 enim
1277 3592 1433 3666 longa
1475 3596 1529 3651 in
1571 3596 1677 3654 hoc
1700 3597 1842 3654 Pau-

238 3673 335 3728 lini
366 3689 382 3729 :

370 3765 551 3816 Donec
572 3771 816 3829 aspirante
841 3771 949 3823 Deo
973 3777 1228 3826 conatibus
1249 3780 1396 3840 agris
1418 3792 1435 3842 ;

233 3849 431 3905 brevis
466 3850 522 3904 in
546 3851 649 3906 hoc
673 3853 944 3926 Prospcri,
975 3867 1033 3912 ut
1056 3876 1069 3912 :

365 3957 544 4026 Morbo
564 3961 774 4026 obsessis
798 3968 1066 4025 prtestanda
1089 3976 1162 4019 est
1188 3985 1303 4020 cura
1325 3972 1590 4026 medendi:

432 4019 604 4070 Donec
627 4024 675 4071 in
698 4019 888 4086 aegroto
908 4041 1114 4093 corpore
1141 4019 1236 4081 vita
1257 4019 1441 4085 manet:

224 4099 481 4156 Octavus
520 4103 713 4161 modus
751 4117 855 4173 est,
888 4126 1013 4166 cum
1037 4126 1346 4184 correptam
1388 4119 1630 4176 vocalem
1665 4121 1722 4176 in
1748 4137 1838 4179 ea-

1955 3086 2110 3142 sione
2137 3091 2322 3157 metri,
2348 3100 2406 3148 et
2437 3093 2492 3148 in
2532 3099 2842 3170 cognitione
2868 3106 3092 3174 pedum,
3121 3119 3304 3168 utrum
3333 3117 3540 3188 syllaba

1954 3177 2112 3250 longa
2141 3180 2215 3236 sit
2239 3197 2310 3236 an
2337 3183 2540 3251 brevis,
2585 3190 2739 3247 verbi
2786 3195 2981 3265 gratia,
3027 3199 3086 3254 Il
3091 3219 3186 3258 usa
3213 3177 3413 3264 nomen
3447 3226 3540 3284 ap-

1954 3268 2286 3337 pellativum,
2311 3272 2357 3328 si
2387 3277 2600 3334 nescias
2620 3287 2802 3338 utrum
2829 3300 2920 3340 mu
2944 3291 3205 3359 producta
3231 3296 3304 3353 sit
3320 3313 3390 3355 an
3414 3268 3540 3358 cor-

1951 3367 2125 3429 repta,
2156 3372 2412 3419 occurrat
2432 3367 2536 3422 tibi
2555 3368 2694 3426 illud
2717 3373 2928 3446 Virgilii
2953 3397 2969 3434 :

2073 3452 2230 3514 lusa,
2258 3458 2378 3508 mibi
2401 3473 2572 3513 ausas
2588 3477 2829 3529 memora,
2849 3485 2947 3536 quo
2969 3480 3168 3533 numie
3186 3483 3317 3553 laeso,

1945 3543 2003 3591 et
2029 3535 2272 3595 invenies
2298 3557 2388 3596 mu
2416 3546 2762 3617 productam,
2787 3535 2915 3623 quia
2940 3562 3118 3617 omnis
3143 3535 3334 3626 versus
3357 3572 3538 3633 heroi-

1945 3640 2043 3682 cus
2084 3643 2310 3686 necesse
2349 3642 2438 3689 est
2477 3636 2708 3706 primam
2747 3643 3008 3714 syllabam
3051 3651 3249 3711 habeat
3292 3659 3529 3734 longam,

1942 3730 2068 3772 cum
2093 3722 2380 3789 spondaeus
2406 3725 2491 3781 vel
2536 3727 2786 3802 dactylus
2831 3734 2887 3790 in
2932 3741 3108 3809 capite
3135 3759 3325 3805 versus
3369 3722 3530 3823 hujus

1941 3808 2100 3862 metri
2137 3823 2352 3882 semper
2387 3825 2614 3874 constet.
2663 3821 2796 3879 Item
2827 3825 2882 3881 in
2914 3808 3155 3901 elegiaco
3195 3808 3532 3904 carmine'au

1940 3896 2273 3970 indagandas
2322 3905 2557 3976 syllabas
2601 3915 2847 3985 exempla
2895 3896 3146 3992 prompta
3201 3939 3364 3987 sunt:
3397 3896 3522 3991 naui

1935 3988 2086 4058 prior
2141 4006 2335 4049 versus
2379 3995 2698 4057 hexameter
2744 4005 3018 4078 dactylum
3052 3988 3257 4084 quinta
3305 3988 3528 4095 regione

1936 4094 2072 4150 pene
2101 4093 2507 4185 semper‘tenet,
2541 4093 2636 4162 qui
2659 4095 2892 4163 primam
2920 4101 3181 4172 syllabam
3216 4093 3432 4185 longam
3470 4128 3526 4174 et

223 4193 354 4248 dein
397 4202 558 4263 parte
582 4197 849 4254 orationis
879 4174 1230 4274 consequitur
1259 4223 1290 4260 z
1315 4223 1621 4268 consonans
1645 4211 1832 4269 Graeca
1933 4174 2856 4295 Ξῗξῗῗῗέἓῗὶἒῖῗῗδψθι
2873 4193 3172 4295 3.3mm“:
3200 4208 3265 4255 ’θ’
3289 4217 3525 4274 sequens

221 4284 456 4355 duplex.
489 4285 585 4341 Est
614 4288 757 4342 enim
783 4290 941 4364 longa
967 4294 1023 4348 in
1053 4295 1157 4351 hoc
1175 4295 1399 4356 Iuvenci
1424 4319 1436 4355 :

425 4395 642 4449 Didicile
673 4408 750 4452 est
773 4405 920 4454 terris
940 4406 1112 4459 allixos
1127 4410 1278 4461 divite
1303 4425 1452 4475 gaza;

215 4498 418 4555 brevis
449 4499 505 4554 in
530 4500 632 4558 hoc
661 4504 901 4575 ejusdem
930 4524 946 4564 :

417 4591 480 4641 Et
507 4607 622 4655 ειη
644 4595 859 4650 distabat
879 4614 1045 4652 rerum
1071 4609 1318 4667 possessio
1344 4608 1554 4673 fulgens.

211 4671 416 4728 Nonus
451 4675 646 4732 modus
675 4688 760 4733 est
785 4696 891 4751 quo
921 4686 1100 4740 omnis
1123 4689 1328 4759 syllaba
1373 4671 1666 4749 novissima
1695 4711 1792 4751 ver

211 4781 332 4830 sus,
367 4765 422 4819 in
451 4781 778 4841 quocunque
813 4785 1006 4838 metro,
1036 4779 1384 4851 adiaphoros,
1413 4785 1468 4840 id
1494 4795 1578 4842 est
1608 4785 1823 4845 indiil'e-

207 4870 347 4911 rcus
397 4866 504 4921 est,
543 4869 599 4913 et
641 4863 710 4915 ad
749 4864 1078 4924 voluntatem
1121 4881 1427 4942 poetarum,
1471 4886 1527 4933 et
1568 4891 1819 4952 correpta

202 4947 545 5015 producitur
578 4959 632 5004 et
659 4955 916 5022 producta
949 4961 1274 5032 corripitur;
1307 4966 1458 5036 cujus
1486 4947 1814 5042 exemplain

199 5038 476 5095 oninibus
500 5046 686 5100 metris
713 5058 838 5103 sunt
864 5051 1113 5119 plurima.
1145 5057 1437 5116 Sciendum
1462 5038 1813 5138 autem—quod

201 5130 356 5186 falso
394 5149 431 5185 π
471 5133 705 5193 litteram
731 5141 915 5198 dicunt
939 5162 1284 5208 communem
1324 5155 1585 5226 syllabam
1631 5159 1811 5220 facere

195 5315 470 5386 sequitur
491 5318 748 5386 vocalem,
780 5326 894 5380 sive
923 5339 1112 5385 natura
1152 5332 1308 5405 longa
1337 5337 1429 5402 sit,
1456 5339 1570 5394 sive
1611 5352 1806 5400 natura

193 5405 420 5469 brevis,
451 5421 668 5478 semper
694 5428 812 5468 eam
847 5417 1010 5474 habet
1037 5420 1272 5490 longam,
1298 5434 1358 5479 ut
1387 5444 1514 5497 pax,
1537 5428 1653 5498 lux,
1682 5449 1802 5500 vos),

196 5515 320 5564 rex,
358 5498 483 5563 lex;
512 5512 568 5556 et
599 5503 726 5560 item
755 5507 868 5574 fax,
899 5527 1018 5577 nem,
1065 5515 1176 5581 nix,
1209 5535 1334 5583 nox,
1364 5537 1496 5575 nux.
1521 5520 1654 5578 Cum
1673 5541 1802 5583 vero

186 5590 247 5645 in
291 5592 610 5662 primordio
639 5595 798 5653 fuerit
833 5604 1007 5669 verbi,
1055 5622 1161 5662 non
1201 5620 1382 5680 potest
1411 5615 1711 5684 producere
1738 5617 1802 5673 ﬁ-

195 5683 388 5736 nalem
418 5684 662 5740 vocalem
692 5691 888 5758 prioris
911 5696 1079 5762 verbi,
1105 5711 1163 5754 ut
1186 5719 1200 5754 :

402 5793 637 5843 l‘omibus
663 5800 708 5846 in
735 5803 901 5852 stratis
923 5808 1158 5861 conduxit
1180 5810 1337 5863 littora
1365 5817 1576 5872 Xerxes.

1929 4353 2043 4420 fon,
2082 4356 2292 4415 duobus
2321 4361 2558 4453 rdactylis
2605 4376 2660 4423 et
2705 4387 2810 4427 una
2859 4353 3251 4453 supersyllaba,
3298 4353 3517 4452 versum

1929 4460 2144 4517 semper
2167 4449 2402 4520 .claudit,
2430 4464 2491 4510 ut
2539 4457 2793 4530 Virgilius
2835 4465 2889 4522 in
2933 4449 3205 4545 epitaphio
3237 4449 3384 4552 quod
3413 4449 3516 4545 sibi

1849 4570 1904 4629 Β
1929 4547 2055 4593 ante
2080 4548 2312 4598 mortem
2338 4547 2647 4607 condidisse
2674 4553 2847 4611 fertur
2873 4576 2886 4612 :

2056 4650 2587 4740 [lautissima-genuit,
2603 4662 2799 4740 glabri
2831 4680 3064 4739 rapuere,
3102 4687 3243 4734 tenet
3266 4699 3394 4740 nunc

2150 4714 2466 4783 Partheno'pe
2493 4735 2508 4772 :
2535 4714 2693 4776 cecini
2720 4714 3065 4798 pasco—iriiri

1923 4810 2078 4879 Quod
2102 4814 2182 4871 sic
2201 4820 2496 4888 scanditur,
2526 4824 2750 4883 Mantua
2774 4833 3039 4906 dactylus,
3068 4857 3151 4896 me
3173 4863 3308 4916 genu
3341 4852 3507 4913 dact.,

1919 4903 1960 4954 it
1991 4901 2123 4958 Cala
2148 4905 2312 4972 dact.,
2355 4909 2434 4963 bri
2471 4928 2602 4984 rapu
2628 4917 2794 4984 dact.,
2833 4901 2919 4977 ere
2948 4935 2998 4980 te
3029 4901 3204 4998 Idactf,
3253 4901 3510 4995 net—nuuc

1919 4993 2225 5059 spondazus.
2262 4995 2530 5056 Part/leno
2565 5005 2732 5074 dact.,
2766 5027 2829 5079 pe
2854 5029 2874 5066 :
2903 5016 3010 5068 ceci
3046 4993 3216 5085 dact.,,
3267 5026 3322 5078 ni
3357 4993 3502 5084 colo;

1918 5079 2032 5148 fon,
2057 5101 2256 5154 pascua
2280 5088 2445 5155 dact.,
2477 5109 2605 5148 rura
2643 5096 2716 5150 du
2748 5099 2913 5166 dact.,
2953 5121 3038 5159 σεε
3076 5109 3309 5167 colol‘on.
3343 5115 3502 5186 Ecce,

1916 5180 1977 5226 ut
1999 5173 2236 5232 diximus
2267 5180 2320 5235 in
2363 5185 2546 5251 priore
2578 5195 2758 5257 versu,
2788 5194 2976 5261 quinta
3012 5201 3233 5272 regione
3257 5173 3504 5284 dactylus

1914 5279 1943 5317 ε
1971 5263 2185 5337 longam
2215 5279 2271 5324 et
2299 5287 2372 5336 re,
2397 5283 2452 5328 et
2477 5286 2548 5342 te,
2593 5279 2788 5336 breves
2815 5263 3101 5356 ostendit;
3113 5301 3277 5365 atque
3320 5263 3498 5360 indse-

1913 5359 2100 5426 quenti
2125 5374 2286 5414 versu
2311 5380 2379 5432 pa
2408 5365 2563 5438 longa
2589 5377 2644 5424 et
2672 5387 2764 5425 scu
2786 5382 2840 5429 ct
2866 5393 2898 5430 a
2924 5377 3140 5450 breves,
3173 5359 3230 5443 et
3273 5391 3399 5449 item
3435 5415 3497 5452 ru

1914 5447 2096 5520 longa,
2125 5468 2185 5505 ra
2222 5461 2277 5507 et
2310 5454 2382 5508 du
2423 5455 2616 5515 breves
2659 5463 2910 5522 similiter
2939 5469 3080 5527 idem
3109 5447 3205 5545 pes
3235 5447 3494 5545 ostendit:

1911 5540 2065 5597 Licet
2092 5545 2238 5599 enim
2265 5545 2378 5602 loca
2407 5549 2512 5604 alia
2557 5552 2612 5606 in
2641 5570 2802 5612 versu
2838 5561 3075 5622 vicissim
3115 5577 3402 5642 spondieus
3437 5595 3494 5640 et

1912 5636 2158 5708 dactylus
2183 5647 2420 5706 teneant,
2451 5642 2505 5697 in
2537 5643 2653 5701 istis
2673 5655 2850 5706 tamen
2875 5655 3098 5717 minime
3123 5636 3367 5739 exempla
3395 5674 3492 5731 ra]-

1912 5724 2044 5780 lunt.
2098 5728 2422 5787 Fortunatus
2466 5732 2521 5787 in
2561 5734 2741 5794 libello
2782 5757 2940 5814 quem
2987 5749 3053 5805 de
3098 5724 3489 5824 bcatie'lllar—iae

1902 5814 2062 5874 laude
2085 5820 2298 5890 cecinit,
2329 5822 2400 5878 ita
2431 5827 2622 5896 ponit:
