3950 6192
424 363 533 419 625

550 477 792 527 [iurarunt
811 472 921 525 ctrii
956 472 1131 532 nubes,
1151 472 1434 534 iustumque
1459 470 1688 534 pluerunt
1713 483 1728 518 :

609 536 765 598 Quem
783 536 1089 585 Salutarem
1113 532 1340 594 germine
1359 532 1512 594 Virgo
1531 533 1686 582 dedit.
1741 576 1753 613 .

428 632 581 702 Quod
611 630 692 685 sic
735 627 1051 683 scanditur:
1076 623 1221 678 Rara
1261 622 1477 693 spond.,
1516 632 1641 676 runt
1669 638 1747 676 cer
1784 622 1999 693 spond.,

427 726 465 779 li
495 739 564 777 nu
589 718 805 792 spond.,
832 718 916 772 bes
938 717 1002 788 ju
1024 714 1243 786 spond.,
1272 723 1512 784 stumque
1543 711 1633 783 plu
1659 710 1830 778 dact.,
1850 721 2002 766 erant

427 809 619 883 spend.
646 808 814 876 Quem
846 804 940 861 Sal
978 803 1282 875 spondaius,
1318 809 1433 855 vate
1474 799 1691 871 spond.,
1721 816 1831 855 rem
1858 800 2006 856 colos

425 902 537 968 fon,
579 899 810 971 genuine
847 896 1019 961 dact.,
1068 892 1229 965 Virga
1258 892 1324 947 de
1362 890 1629 962 dactylus,
1666 890 1745 945 dit
1768 889 2000 946 eolol'on.

435 995 597 1065 Ergo,
633 991 773 1046 sicut
809 989 863 1042 in
890 988 1071 1058 priore
1091 983 1340 1056 exemplo
1366 983 1618 1039 omnibus
1655 981 1790 1038 locis
1816 983 2004 1053 dacty-

432 1088 562 1149 lum,
588 1090 787 1155 prseter
810 1090 975 1135 unum
1002 1077 1335 1149 spondatum,
1374 1074 1536 1130 ambo
1572 1086 1765 1128 versus
1808 1072 2009 1127 habue-

429 1185 583 1243 runt;
621 1176 695 1231 ita
721 1187 864 1228 nunc
886 1172 941 1225 in
969 1166 1221 1239 sequenti
1249 1166 1501 1222 omnibus
1526 1164 1659 1220 locis
1691 1164 2004 1233 spendieum

427 1277 623 1340 praeter
649 1264 955 1338 supradicta
986 1263 1091 1317 tria
1134 1261 1252 1316 loca
1286 1258 1503 1314 habent.
1549 1258 1682 1313 Item
1714 1255 2006 1326 aliquando

426 1360 601 1429 prima
630 1356 838 1428 syllaba
860 1368 926 1409 ex
965 1350 1356 1423 compositione
1392 1348 1577 1421 ﬁgura:
1601 1346 1776 1418 qualis
1814 1346 1888 1401 sit
1912 1344 2006 1400 de-

427 1448 800 1522 prehenditur,
826 1453 887 1500 ut
905 1445 951 1500 si
975 1442 1187 1499 nescias
1211 1440 1389 1513 qualis
1419 1440 1510 1505 sit,
1534 1438 1651 1509 pius
1676 1436 1762 1492 vel
1788 1434 2001 1506 probus,

425 1561 491 1600 ex
535 1540 949 1613 composition,
977 1552 1097 1607 qua:
1137 1545 1242 1601 est,
1284 1534 1477 1605 impius
1502 1531 1588 1587 vel
1633 1528 1881 1600 reprobus
1909 1541 2004 1582 eo-

425 1635 724 1705 gnoscitur,
752 1632 879 1686 licet
903 1631 958 1685 in
986 1627 1205 1700 syllabis
1226 1624 1516 1695 aliquantis
1538 1623 1641 1677 hoc
1670 1619 1853 1683 fallat;
1881 1633 2005 1673 nam

426 1743 548 1782 cum
578 1726 811 1782 dicimus
834 1721 1047 1786 nubere,
1075 1735 1146 1774 nu
1173 1718 1334 1789 longa
1369 1725 1473 1773 est.
1496 1713 1820 1786 Calpurnius
1843 1712 1899 1767 in
1926 1726 1961 1764 ι
1987 1728 2001 1764 :

615 1837 819 1889 Nubere
842 1836 913 1885 vis
935 1833 1123 1894 Prisco,
1137 1843 1235 1883 nos
1257 1829 1428 1890 miror,
1448 1825 1616 1890 Paula,
1642 1825 1832 1890 sapisti.

427 1953 557 2005 Item
579 1961 704 2004 cum
742 1946 971 2002 dicimus
995 1939 1256 2014 pronuba,
1291 1945 1387 1993 aut
1424 1936 1638 1998 innuba,
1678 1941 1773 1989 aut
1796 1948 2000 1987 connu-

426 2042 585 2105 bium,
608 2054 680 2093 nu
703 2037 885 2092 brevis
908 2035 963 2088 in
981 2030 1392 2102 catapositione.
1418 2025 1570 2095 Virg.
1594 2025 1648 2080 in
1674 2040 1724 2080 vi
1746 2022 1999 2079 ,Επιθίἁά

546 2130 608 2180 Et
636 2126 843 2179 Benene
866 2128 1035 2174 met
1051 2128 1104 2172 te
1126 2119 1349 2185 pronuba
1370 2128 1465 2167 nec
1485 2114 1594 2166 hoe
1608 2119 1819 2166 tantum.

426 2211 804 2268 Hemintv:

543 2299 1006 2360 Con-ditem
1026 2289 1208 2353 ιωιιιι.
1227 2290 1575 2353 propriamque
1586 2286 1780 2336 dicabo.

426 2384 560 2440 Item
584 2382 640 2439 in
664 2375 1097 2447 lur,lucis,loega
1133 2380 1219 2430 est
1237 2371 1318 2437 lu,
1347 2370 1569 2426 lucerna
1589 2368 1644 2423 in
1673 2364 2007 2423 derivatione

426 2472 628 2537 brevis,
658 2468 735 2523 lu.
784 2469 917 2523 Item
946 2466 1100 2520 homo
1146 2462 1329 2519 brevis
1373 2468 1459 2517 est
1500 2460 1714 2529 ubique,
1746 2459 2007 2512 humanus

427 2574 643 2629 semper
671 2557 850 2627 longe.
880 2555 1003 2609 Itur
1040 2554 1097 2607 in
1124 2552 1394 2623 antiquom
1420 2549 1628 2616 silvam,
1650 2548 1669 2602 i
1695 2549 1850 2618 longa
1873 2564 1888 2613 ;
1920 2564 2010 2601 su-

425 2665 705 2723 perumque
733 2648 802 2703 ad
831 2647 1009 2702 lumen
1035 2646 1225 2710 ituras,
1268 2644 1287 2697 i
1331 2641 1553 2700 brevis:
1598 2641 1695 2698 sed
1723 2641 1825 2696 hoc
1860 2641 2011 2696 inve-

427 2744 545 2798 nire
567 2755 696 2797 raro
722 2738 1003 2809 contingit.
1032 2735 1231 2793 Verum
1253 2734 1299 2792 si
1325 2733 1579 2805 quaelibet
1600 2748 1729 2804 pars
1750 2733 2011 2790 orationis

426 2830 889 2903 praepositionibus
907 2835 1319 2900 componantur,
1346 2827 1550 2895 primas
1574 2825 1809 2898 syllabas
1829 2842 1897 2882 ex
1924 2826 2010 2883 his

424 2921 822 2994 mgnoscimus,
851 2934 978 2975 nam
1027 2918 1149 2975 talis
1182 2918 1422 2977 manebit
1468 2916 1585 2974 fere
1629 2918 1810 2975 omnis
1863 2934 2011 2974 com-

428 3014 603 3084 posita
631 3011 833 3085 syllaba
885 3009 1144 3081 qualiset
1193 3010 1312 3080 ipsa
1337 3010 1648 3080 praepositio
1692 3008 1879 3075 fuerit,
1926 3018 2006 3076 ut,

424 3108 688 3177 deceptus,
723 3104 965 3168 eductus,
998 3102 1296 3167 abundans,
1340 3100 1621 3167 reluctans,
1652 3102 1717 3156 de
1759 3101 2010 3158 videlicet

1038 357 1100 413 Β.
1141 356 1395 412 R‘ABANI
1426 355 1651 413 MAURI
1686 355 2005 414 ARCHIEP.
2036 356 2345 415 MOGUNT.
2386 356 2668 417 OPERUM
2707 356 2887 416 PARS
2921 356 3006 412 III.

3572 356 3678 414 6‘25

2021 475 2074 538 Α
2099 488 2217 525 cum
2254 472 2451 541 fovero'.
2489 469 2675 539 Voveo,
2702 472 2832 538 vavi,
2860 485 3121 535 voveram,
3160 467 3428 536 vavissem,
3455 482 3576 522 cum
3596 483 3689 521 vo-

2105 560 2286 626 verim,
2314 576 2514 615 vovere.
2575 556 2772 625 Paveo,
2811 558 2953 629 pavi,
2997 573 3259 629 paverent,
3288 556 3566 626 pavissem,
3592 572 3693 626 pa-

2104 653 2285 718 verint,
2320 667 2440 705 cum
2466 668 2676 722 pavere.
2721 648 2908 714 Cavea,
2951 648 3085 712 cavi,
3130 663 3391 713 cavet-am,
3417 648 3693 712 cavissent,

2103 757 2220 794 cum
2248 741 2493 806 caverim,
2531 757 2737 795 cavero.
2775 736 2957 801 Video,
2981 736 3106 802 vidi,
3128 736 3382 799 videram,
3423 735 3692 802 vidissem,

2103 846 2220 883 cum
2241 830 2481 899 viderim,
2525 832 2721 887 videro.
2756 828 2892 895 Neo,
2935 828 3068 893 nevi,
3121 843 3383 893 neaeram,
3411 826 3695 890 nevissem,

2103 938 2218 976 cunt
2247 923 2490 989 neverim,
2518 937 2718 977 nevere.
2754 916 2905 986 Fleo,
2933 920 3074 990 ﬂevi,
3118 919 3384 990 fleveram,
3411 918 3695 989 ﬂevissem,

2103 1028 2221 1065 cum
2253 1013 2503 1082 fleverim,
2528 1013 2736 1082 ﬂevere.
2777 1007 2920 1074 Cive,
2952 1010 3070 1075 civi,
3109 1008 3192 1064 vel
3217 1009 3305 1074 cii,
3344 1009 3590 1073 civerant,
3619 1008 3697 1061 ci-

2102 1100 2307 1154 vissent.
2354 1118 2471 1154 cum
2526 1100 2757 1165 civerim,
2787 1099 2974 1153 civero.
3032 1097 3230 1152 Tertia:
3258 1112 3387 1151 vero
3433 1096 3693 1168 conjuga-

2104 1190 2267 1245 tionis
2293 1190 2480 1256 verba,
2518 1204 2638 1261 qua:
2666 1187 2910 1244 eamdem
2949 1188 3188 1259 regulam
3220 1195 3538 1257 sequuntur,
3571 1196 3704 1242 sunt

2103 1281 2257 1335 haec:
2285 1280 2451 1351 fugio,
2481 1278 2615 1350 fugi,
2666 1278 2922 1349 fugerem,
2973 1279 3246 1350 fugissent,
3291 1296 3407 1333 cunt
3446 1278 3699 1349 fugerim,

2104 1370 2307 1442 fugere.
2360 1369 2533 1436 Cude,
2591 1369 2735 1436 cudi,
2784 1369 3057 1435 cuderam,
3106 1370 3388 1436 cudisscm,
3436 1386 3554 1424 cum
3603 1386 3705 1423 cu-

2103 1459 2289 1524 derim,
2327 1459 2541 1514 cudere.
2587 1456 2773 1531 Copia,
2813 1459 2948 1529 cepi,
2992 1476 3249 1530 ceperam,
3275 1462 3543 1530 cepissem,
3576 1478 3704 1515 cum

2105 1549 2350 1619 ceperint,
2384 1565 2584 1619 cepero.
2636 1548 2796 1619 Lego,
2840 1548 2962 1620 legi,
3000 1550 3248 1621 legerant,
3278 1550 3532 1621 legissem,
3574 1568 3702 1606 cum

2104 1638 2340 1710 legerim,
2385 1638 2576 1711 legero.
2616 1638 2800 1706 Facio,
2843 1640 2964 1711 feci,
2992 1641 3241 1711 feceram,
3279 1642 3537 1712 fecissent,
3577 1658 3705 1697 cunt

2105 1731 2338 1802 fecerim,
2373 1733 2565 1803 fecero.
2605 1733 2781 1799 Jacio,
2820 1733 2951 1804 jeci,
2983 1736 3239 1805 jeceraut,
3269 1735 3538 1805 jecissent,
3577 1751 3704 1789 cum

2029 1821 2077 1880 B
2093 1823 2333 1893 jecerim,
2350 1822 2550 1893 jacere.
2579 1821 2733 1889 Lisso,
2763 1821 2885 1890 levi,
2922 1823 3171 1890 leveram,
3202 1822 3454 1889 levissem,
3477 1838 3595 1878 cum
3618 1825 3705 1879 le-

2102 1915 2285 1981 verim,
2330 1914 2517 1969 levero.
2565 1913 2699 1968 Eme
2724 1955 2739 1980 ,
2788 1915 2910 1981 emi,
2970 1931 3219 1982 emeram,
3274 1917 3532 1980 emissem,
3575 1932 3705 1970 cum

2102 2008 2336 2072 emerim,
2384 2021 2577 2060 emero.
2625 2004 2779 2073 Sera,
2816 2007 2940 2071 sevi,
2984 2022 3234 2072 severam,
3275 2006 3537 2071 sevissem,
3579 2024 3706 2061 cunt

2103 2100 2344 2164 severim,
2390 2114 2585 2152 severo.
2634 2096 2715 2152 Ex
2762 2097 2959 2168 quibus
2990 2107 3117 2153 sunt
3151 2098 3244 2152 illa
3295 2113 3415 2168 quae
3461 2098 3516 2152 in
3561 2113 3709 2168 prte-

2105 2188 2246 2245 senti
2275 2197 2518 2260 tempore
2544 2196 2600 2244 et
2636 2188 2692 2243 in
2724 2187 2844 2244 aliis
2886 2188 3209 2258 quibusdam
3244 2187 3578 2257 temporibus
3606 2203 3705 2242 sua

2105 2278 2373 2349 positione
2431 2279 2661 2350 primam
2722 2277 2984 2350 syllabam
3036 2280 3323 2335 ostendunt
3383 2294 3442 2333 se
3496 2277 3709 2333 habere

2107 2368 2342 2441 longam,
2367 2370 2460 2425 sed
2481 2381 2600 2440 quae
2628 2377 2820 2424 natura
2857 2378 3163 2439 correptam
3192 2369 3433 2425 vocalem
3466 2369 3698 2434 habent,

2108 2458 2237 2515 huic
2285 2458 2484 2532 regulae
2516 2459 2913 2531 mancipantur.
2963 2458 3190 2530 Rumpe,
3245 2461 3384 2531 rupi,
3429 2476 3705 2531 ruperant,

2110 2548 2386 2618 rupissent,
2418 2568 2536 2606 cum
2575 2551 2827 2622 ruperim,
2870 2567 3078 2621 rupere.
3133 2548 3323 2612 Cerno,
3385 2552 3540 2617 crevi,
3591 2570 3709 2606 crc-

2111 2655 2307 2706 veram,
2354 2642 2645 2707 crevissem,
2695 2626 2813 2695 cum
2857 2644 3127 2708 creverim,
3184 2659 3410 2696 crevere.
3472 2640 3704 2714 Sperne,

2110 2731 2299 2802 sprevi,
2343 2747 2657 2801 spreverant,
2703 2734 3029 2802 sprevissem,
3067 2749 3183 2786 cum
3213 2735 3515 2803 spreverim,
3559 2753 3708 2807 spre-

2112 2837 2252 2875 vere.
2276 2820 2492 2889 Funde,
2521 2822 2659 2892 fudi,
2682 2822 2944 2893 fuderam,
2973 2823 3249 2894 fudissem,
3282 2842 3402 2880 cum
3440 2827 3703 2896 fuderint,

2113 2911 2319 2981 fudere.
2361 2910 2539 2977 I'iuco,
2583 2913 2699 2978 vici,
2737 2914 2979 2979 vicerarn,
3019 2914 3275 2979 vicissem,
3317 2933 3437 2970 cum
3463 2918 3701 2983 vicerim,

2113 3002 2300 3057 vicero.
2341 3002 2492 3068 'I'ere,
2522 3003 2663 3071 trivi,
2690 3005 2951 3073 triverunt,
2977 3005 3253 3073 trivissem,
3278 3024 3397 3062 cum
3439 3009 3700 3075 triverim,

2114 3095 2325 3149 trivere.
2360 3094 2597 3167 Frange,
2626 3095 2779 3167 fregi,
2814 3093 3093 3169 fregerant,
3117 3099 3407 3170 fregissent,
3434 3116 3558 3155 cum
3594 3103 3708 3173 [reo

427 3208 484 3253 et
513 3213 542 3252 e
572 3196 753 3267 longa,
787 3198 852 3249 ab
886 3200 945 3249 et
970 3209 1026 3249 re
1048 3192 1250 3249 brevis.
1278 3191 1409 3248 Item
1435 3206 1502 3249 es
1528 3192 1661 3262 ipsis
1686 3195 2007 3263 propositio-
2032 3179 2077 3242 C
2106 3191 2293 3260 gerint,
2318 3190 2543 3262 fregero.
2578 3188 2772 3257 Fadio,
2810 3191 2946 3261 fodi,
2972 3192 3232 3261 foderant,
3260 3192 3533 3263 fodissens,
3576 3213 3698 3250 cum

425 3287 582 3345 nibus
605 3287 673 3341 ad
700 3293 759 3342 et
779 3283 842 3339 ob
869 3292 926 3339 et
951 3284 1009 3338 iis
1028 3290 1083 3338 et
1106 3281 1203 3337 sub
1238 3282 1450 3338 diverse
1497 3281 1552 3336 in
1581 3282 1763 3338 verbis
1800 3297 2008 3353 ponun-

424 3390 531 3436 tur.
564 3378 699 3434 Nam
750 3376 1118 3447 corripiuntur
1158 3389 1284 3431 eum
1320 3373 1614 3430 crescendo
1658 3374 2007 3446 dissyllabam

425 3471 674 3541 reddunt,
708 3480 790 3536 ut,
815 3469 954 3535 odit,
983 3468 1113 3534 obit,
1140 3467 1257 3532 init,
1280 3465 1438 3520 subit.
1463 3463 1835 3522 Indiﬂerentes
1858 3475 2006 3533 sunt,

423 3576 550 3618 cum
587 3559 949 3630 trissyllabsm
995 3556 1225 3622 faciunt,
1246 3564 1336 3622 ut,
1369 3554 1555 3621 adicit,
1602 3555 1781 3622 obicit,
1836 3559 2006 3623 inicit,

428 3652 637 3707 subicit.
690 3648 1068 3706 Producuntur
1104 3654 1287 3702 tamen
1326 3661 1455 3702 eum
1489 3645 1891 3718 tetrsssyliabas
1937 3662 2008 3702 ex

422 3755 483 3796 se
516 3739 772 3802 reddunt,
811 3743 874 3791 ut
909 3736 1104 3799 adicio,
1144 3734 1336 3801 obicio,
1387 3734 1567 3800 issicio,
1611 3735 1829 3789 subicio.
1874 3734 2007 3791 Item

421 3828 791 3901 producuntur
815 3841 936 3897 qum
962 3838 1061 3898 per
1083 3840 1192 3896 pra:
1218 3833 1278 3880 et
1300 3839 1397 3895 per
1439 3840 1558 3896 quc
1598 3825 1652 3879 in
1680 3824 1871 3894 primis
1893 3824 2007 3896 syl-

421 3920 558 3976 labis
602 3918 934 3983 scribuntur,
963 3924 1045 3982 ut,
1071 3916 1368 3987 precarium,
1416 3917 1696 3986 prcscivit,
1744 3932 2004 3988 quarens,

418 4012 676 4083 quwsivit.
716 4009 1039 4066 Breviantur
1085 4021 1219 4066 vero
1255 4007 1503 4077 pretium,
1551 4023 1754 4079 precor,
1803 4024 2002 4079 prensa,

418 4103 701 4174 prehende,
729 4109 789 4159 et
830 4115 1043 4172 queror,
1089 4099 1194 4155 hoc
1229 4105 1336 4163 est,
1380 4097 1656 4169 querelam
1692 4098 1923 4169 depono,
1951 4106 2011 4154 et

421 4209 542 4265 quae
576 4209 648 4253 ex
696 4193 782 4249 his
830 4205 928 4261 per
982 4188 1377 4249 derivationem
1431 4186 1516 4243 vel
1562 4188 2005 4258 compositionem

424 4284 539 4341 lleri
564 4291 815 4354 possunt,
842 4289 919 4348 ut,
959 4280 1232 4352 adprecar,
1259 4295 1455 4349 preces,
1486 4279 1793 4349 comprime,
1822 4295 2006 4352 appre-

418 4373 632 4439 hensus,
660 4388 972 4443 conqueror,
997 4368 1232 4443 querela,
1271 4378 1326 4425 et
1368 4386 1468 4442 que
1492 4369 1821 4441 conjunctio.
1868 4370 2005 4426 item

421 4464 732 4518 breviantur
771 4479 837 4517 ex
881 4460 1071 4517 iisdem
1124 4459 1593 4531 prmpositionibus
1636 4460 1693 4515 iu
1737 4461 2004 4532 composi-

2106 3283 2349 3353 foderim,
2401 3282 2605 3354 fodere.
2647 3282 2807 3351 Odia,
2848 3284 2956 3350 odi,
2998 3286 3233 3352 oderam,
3280 3285 3531 3351 odissent,
3578 3303 3698 3340 cum

2105 3375 2325 3440 oderim,
2352 3375 2528 3429 adero.
2560 3374 2777 3442 Quarta:
2804 3372 3217 3445 coniugationis,
3247 3385 3305 3431 ut
3328 3393 3341 3429 :
3363 3377 3535 3441 venio,
3559 3378 3698 3443 veni,

2104 3481 2360 3528 veneram,
2393 3466 2665 3532 venissem,
2696 3481 2815 3519 cunt
2844 3467 3089 3532 venerim,
3131 3481 3333 3521 venere.
3365 3464 3467 3532 Eo,
3495 3467 3592 3532 ivi,
3623 3466 3700 3522 vel

2104 3556 2165 3621 ii,
2191 3555 2379 3621 ieram,
2419 3554 2613 3621 iissent,
2662 3570 2780 3608 cum
2819 3556 2993 3621 ierim,
3032 3555 3159 3611 iere.
3192 3553 3361 3622 Quee,
3385 3556 3548 3628 quivi,
3572 3559 3699 3630 qni-

2104 3664 2304 3714 veram,
2332 3646 2627 3719 quivissem,
2666 3663 2783 3701 cum
2809 3648 3087 3717 quiverim,
3123 3648 3356 3718 quivere.
3402 3648 3535 3703 Item
3563 3664 3698 3703 cen-

2095 3745 2190 3797 tra
2215 3737 2558 3792 inveniuntur
2592 3751 2713 3806 qua:
2750 3736 2802 3790 in
2841 3736 3094 3806 praesenti
3137 3746 3377 3806 tempore
3426 3737 3695 3806 producta

2106 3836 2233 3881 sunt
2264 3834 2319 3881 et
2353 3826 2406 3881 in
2442 3825 2719 3898 prteterito
2766 3825 3104 3891 breviantur,
3141 3833 3200 3880 ut
3235 3835 3361 3881 sunt
3394 3826 3549 3883 lucc:
3601 3846 3697 3899 po-

2105 3935 2193 3985 no,
2216 3920 2367 3991 posui
2387 3937 2407 3986 ;
2446 3935 2594 3990 cogo,
2619 3919 2798 3989 coegi;
2827 3919 2916 3985 do,
2944 3918 3102 3982 dedi;
3124 3928 3223 3983 sta,
3254 3920 3413 3973 steti:
3438 3926 3493 3973 et
3530 3935 3601 3975 cx
3630 3935 3695 3976 eo

2104 4010 2442 4080 composita:
2494 4018 2704 4080 pra-ste,
2734 4019 2869 4075 asto,
2916 4018 3107 4081 persto,
3138 4019 3294 4065 resto.
3324 4008 3458 4066 Item
3504 4013 3693 4068 omnia

2109 4104 2277 4157 verba
2329 4117 2449 4173 qua:
2498 4102 2552 4156 in
2608 4101 2900 4173 prmtcritis
2937 4112 3061 4157 ante
3092 4090 3362 4168 crescunt,
3406 4103 3461 4159 in
3496 4104 3696 4176 primis

2106 4192 2325 4265 syllabis
2362 4193 2695 4260 breviantur,
2726 4202 2784 4248 ut
2833 4203 2959 4249 sunt
2986 4195 3139 4250 lucc:
3170 4193 3391 4265 pendeo,
3417 4196 3691 4265 pependi;

2104 4287 2334 4351 mordeo,
2365 4286 2621 4340 memordi
2642 4302 2662 4355 ;
2711 4286 2959 4358 spondeo,
3004 4286 3301 4358 spepondi;
3346 4287 3561 4353 tondeo,
3611 4299 3696 4343 te-

2104 4376 2271 4443 tendi,
2300 4375 2547 4431 secunda:
2584 4374 2997 4447 conjugatiouis.
3035 4375 3205 4431 Tertii
3241 4392 3455 4448 quoque
3477 4379 3694 4434 ordinis

2106 4465 2222 4520 hate
2269 4474 2430 4520 sunt:
2472 4482 2652 4536 posce,
2694 4466 2943 4536 poposci;
2989 4482 3167 4532 curro,
3213 4467 3463 4533 cucurri;
3514 4469 3690 4535 disce,

425 4552 587 4615 tione,
618 4558 696 4615 ut,
718 4550 924 4615 dehinc,
953 4547 1239 4620 profectus,
1267 4548 1535 4620 profusus,
1564 4548 1850 4619 professus,
1877 4565 2000 4622 pro-
2027 4523 2077 4582 υ
2100 4555 2263 4609 didici
2284 4573 2305 4622 ;
2341 4523 2492 4621 cano',
2540 4523 2706 4611 cecini
2725 4574 2743 4623 ;
2762 4523 2964 4629 'tango,
2997 4558 3142 4629 tetigi
3167 4576 3186 4624 ;
3224 4560 3399 4625 tendo,
3438 4523 3640 4616 ietettdi

415 4642 582 4712 fatus,
610 4655 859 4710 proavus,
886 4656 1159 4710 pronepos,
1208 4648 1312 4696 etc.
1366 4640 1505 4694 Sunt
1550 4640 1682 4695 item
1725 4639 1997 4710 aliquanta

426 4727 581 4784 verba
626 4743 745 4798 quae
782 4728 984 4798 primas
1028 4729 1261 4800 syllabas
1288 4737 1589 4797 temporum
1643 4729 1851 4783 ratione
1877 4743 2001 4799 per—

421 4830 647 4889 mutant,
688 4837 809 4894 qute
844 4821 1030 4878 subter
1063 4821 1287 4878 collecta
1314 4821 1370 4876 in
1396 4822 1546 4876 omni
1580 4823 1858 4891 praeterito
1879 4836 2002 4891 per-

417 4913 558 4967 fecto
578 4911 660 4966 vel
679 4911 735 4967 in
770 4909 917 4964 omni
938 4910 1207 4979 praeterito
1245 4909 1809 4980 plusquamperfecto,
1833 4912 1917 4966 vel
1942 4911 2000 4966 in

417 5020 524 5059 uno
576 5003 759 5059 futuro
798 5009 1002 5056 tantum
1039 5001 1181 5056 tuadi
1233 4998 1559 5069 coniunctivi
1604 5001 1992 5071 producuntur.

416 5094 471 5147 In
502 5093 712 5149 caneris
765 5101 945 5149 autem
989 5094 1162 5150 modis
1197 5101 1255 5148 ct
1289 5093 1622 5162 temporibus
1658 5093 1993 5161 breviantur,

415 5192 473 5238 ut
514 5192 639 5238 sunt
693 5184 808 5239 haec
842 5184 1031 5256 primm
1058 5183 1469 5255 conjugationis,
1520 5183 1662 5249 lavo,
1692 5184 1819 5251 lavi,
1856 5185 1998 5241 lave-

415 5290 547 5341 ram,
589 5273 848 5349 lavissem,
878 5273 1111 5343 laverim,
1156 5294 1274 5335 cum
1316 5276 1510 5334 lavere.
1544 5277 1702 5345 Julia,
1731 5279 1871 5349 juvi,
1898 5282 1997 5351 ju-

414 5379 605 5430 verunt,
629 5363 904 5433 juvissem,
936 5365 1182 5435 juverim,
1227 5384 1345 5421 cum
1374 5368 1584 5437 juvero.
1637 5369 1704 5423 Et
1744 5372 1993 5426 secunth

416 5453 564 5507 haec:
599 5450 785 5519 Sedee,
815 5454 944 5518 sedi,
987 5456 1243 5523 sederem,
1286 5458 1551 5524 sedissem,
1603 5459 1848 5523 sederim,
1874 5478 1992 5515 cum

411 5539 610 5595 sedere.
638 5539 837 5608 Faveo,
860 5543 989 5611 favi,
1014 5544 1263 5615 faverant,
1306 5549 1568 5618 favissent,
1609 5566 1726 5605 cum
1751 5551 1991 5620 fater-im,

410 5632 611 5699 favere.
643 5631 845 5701 Moveo,
890 5639 1043 5705 movi,
1084 5656 1365 5708 moverant,
1403 5644 1692 5708 movissent,
1723 5647 1990 5713 moverint,

413 5734 530 5772 cum
552 5738 773 5777 movero.
810 5722 1004 5793 Faveo,
1025 5729 1152 5797 fovi,
1183 5731 1436 5798 f'everatn,
1463 5734 1723 5802 fovissent,
1753 5735 1988 5804 faverim,

2099 4646 2289 4718 pendo,
2316 4647 2533 4718 pependi
2559 4665 2579 4712 ;
2606 4646 2764 4718 pello,
2787 4647 2960 4719 pepuli
2982 4665 3002 4715 ;
3025 4650 3209 4714 tundo,
3240 4650 3457 4715 tutudi;
3485 4667 3688 4723 punge,

2098 4739 2295 4809 pupugi
2341 4737 2424 4792 vel
2469 4739 2676 4807 puna'i;
2720 4755 2899 4809 parco,
2954 4740 3202 4810 peperci;
3251 4740 3403 4810 pede,
3452 4742 3690 4811 pepedi;

2099 4829 2253 4899 falle,
2286 4830 2451 4900 fefelli
2475 4849 2493 4896 ;
2521 4831 2674 4895 cado,
2712 4832 2876 4886 cecidi
2903 4847 2923 4897 ;
2965 4832 3115 4897 tollo,
3155 4833 3346 4898 tetuli;
3388 4835 3560 4904 pario,
3591 4853 3686 4906 pe-

2098 4921 2259 4991 peri;
2294 4936 2485 4990 pange,
2546 4922 2739 4992 pepigi,
2790 4933 2897 4976 etc.
2950 4921 3080 4977 Item
3140 4924 3195 4977 in
3244 4924 3421 4978 verbis
3457 4940 3579 4993 qua:
3631 4926 3684 4979 in

2096 5009 2299 5064 eisdem
2341 5009 2537 5065 litteris
2583 5012 2894 5067 scribuntur
2941 5014 3235 5069 notandum
3273 5015 3416 5085 quod
3475 5015 3609 5069 liber
3638 5016 3685 5071 si

2098 5099 2294 5157 librum
2331 5100 2601 5170 significat
2624 5111 2717 5157 aut
2737 5105 3017 5170 corticem,
3067 5105 3285 5160 brevem
3336 5106 3499 5161 habet
3520 5106 3560 5159 li
3594 5107 3682 5171 ;si

2094 5191 2342 5256 liberum,
2374 5191 2605 5261 longam.
2657 5191 2779 5247 Pila
2820 5194 2864 5249 si
2896 5210 2991 5250 vas
3027 5195 3315 5266 signiﬁcat,
3346 5195 3560 5267 longam
3584 5198 3680 5250 ha-

2095 5282 2185 5335 bet
2202 5281 2255 5351 pi
2285 5297 2304 5347 ;
2331 5282 2376 5336 si
2415 5282 2700 5351 sphtemm,
2750 5284 2987 5340 brevem.
3043 5285 3294 5353 Securus,
3332 5285 3545 5357 Iungunt
3571 5307 3629 5342 se
3658 5306 3679 5353 ,°

2093 5372 2309 5436 securis,
2344 5372 2604 5439 brevem;
2636 5374 2842 5440 domus,
2884 5375 3098 5430 brevem
3147 5377 3216 5430 de
3242 5393 3261 5441 ;
3291 5378 3468 5439 denm,
3514 5378 3678 5432 idest

2094 5471 2316 5529 tectum,
2347 5463 2582 5535 longam.
2613 5463 2782 5536 Plaga
2812 5482 2933 5521 eum
2973 5468 3129 5523 clima
3177 5470 3463 5540 signiﬁcat,
3494 5470 3677 5525 brevis

2094 5563 2175 5608 cst
2201 5553 2331 5625 pla;
2357 5570 2479 5610 cum
2509 5556 2824 5625 vindictam,
2853 5559 3031 5630 longa.
3068 5558 3255 5628 Palus,
3294 5564 3522 5633 paludis,
3553 5564 3676 5618 III‘C-

2094 5645 2177 5700 vis
2198 5662 2302 5716 pa;
2323 5645 2497 5717 palus,
2525 5648 2653 5719 pali,
2679 5648 2856 5721 longa.
2888 5648 3119 5721 Populus
3145 5668 3267 5707 cum
3298 5655 3487 5726 vulgus
3508 5657 3675 5725 signi-

2093 5738 2239 5808 licet,
2264 5740 2442 5797 brevis
2466 5750 2545 5797 est
2584 5760 2650 5813 po
2671 5761 2691 5808 ;
2727 5759 2848 5799 cum
2899 5745 3169 5812 arborem,
3213 5745 3386 5817 longa.
3430 5747 3609 5800 Mans
3641 5764 3672 5799 a
