3950 6192
327 325 432 381 6:25
507 359 510 364 -

1140 320 1533 380 EXCERPTIO
1569 321 1659 378 DE
1694 323 1881 379 ARTE
1917 314 2371 381 GR-AMMATICA
2407 314 2768 381 PRISCl-ANI.

3480 335 3582 389 (iiii

325 440 502 494 nitore
551 437 733 492 brevis
770 443 858 492 est
887 439 983 502 ni;
1037 454 1067 492 a
1119 435 1259 499 nisu,
1311 435 1488 506 longa.
1540 433 1672 490 item
1713 435 1902 503 educo,
1933 438 1983 499 Α
2010 445 2124 491 tum
2175 436 2261 492 bis
2306 437 2564 506 temporis
2608 445 2836 506 occupat
2870 447 3127 508 quantum
3171 441 3336 496 semel
3380 443 3577 501 brevis.

323 530 523 592 educis,
545 529 703 599 longa
730 528 801 582 du
825 545 842 593 ,'
865 528 1049 594 educo,
1075 528 1290 593 educas,
1314 527 1367 582 id
1387 536 1468 582 est
1489 527 1902 593 nutrio,brevis.

321 621 576 686 Concido,
607 619 812 685 decido,
853 620 1045 682 incido,
1095 621 1293 684 occido,
1325 620 1368 674 si
1397 621 1464 674 ad
1511 635 1696 675 casum
1741 622 1907 691 perti-

320 722 470 778 nent,
502 720 804 782 correptam
846 711 1045 766 habent
1071 714 1119 765 ei
1144 729 1164 777 ;
1191 711 1236 767 si
1267 712 1332 765 ad
1370 713 1752 778 concisionem,
1781 727 1906 783 pro-

319 804 557 860 ductam.
592 801 742 866 Calo,
766 800 913 865 colis,
935 799 1115 856 brevis
1144 818 1246 867 co;
1277 801 1413 866 colo,
1434 801 1596 868 colas,
1619 803 1899 872 producta.

318 889 536 958 Placeo,
560 891 758 962 places,
780 901 1026 962 correpta
1053 891 1176 961 pla;
1203 893 1372 964 placo,
1397 893 1595 964 placas,
1618 897 1899 964 producta.

316 983 517 1050 Pareo,
557 1002 730 1056 pares,
778 986 831 1040 id
868 994 950 1041 est
988 988 1369 1055 appare0,sive
1409 988 1743 1058 obtempero,
1771 1006 1899 1059 pro-

314 1075 474 1130 ducta
501 1091 572 1145 pa
595 1091 613 1139 ;
644 1091 795 1144 paro,
821 1092 997 1145 paras,
1027 1074 1080 1129 id
1103 1083 1185 1130 est
1203 1091 1467 1146 purpura,
1492 1085 1545 1132 et
1565 1078 1898 1147 paric,paris,

313 1175 586 1234 correpta.
630 1160 903 1229 Parentes,
942 1179 1062 1219 cum
1102 1174 1420 1235 apparentes
1460 1167 1746 1236 signiﬁcat,
1776 1185 1902 1238 pro-

309 1257 473 1311 ducta
500 1274 570 1327 pa
595 1274 614 1321 ;
641 1271 759 1311 cum
789 1258 1080 1328 genitures,
1110 1269 1377 1330 correpta,
1432 1261 1571 1316 sicut
1597 1275 1651 1318 et
1688 1264 1898 1334 parien—

309 1359 404 1404 tes.
448 1349 672 1420 Incipio,
703 1351 878 1422 incipi,
911 1352 1215 1422 inciperam,
1257 1355 1572 1424 incipissem,
1613 1373 1729 1410 cum
1767 1358 1899 1410 inci-

302 1443 492 1510 ρει-ἕνη,
525 1443 772 1512 incipere.
823 1443 1041 1514 Salago,
1089 1447 1272 1517 sategi,
1326 1457 1638 1518 sategeram,
1688 1453 1898 1522 selegis-

306 1546 436 1596 sem,
461 1547 582 1584 cum
623 1533 918 1602 sategerim,
961 1543 1213 1604 sategero,
1267 1545 1320 1591 et
1350 1539 1501 1608 cujus
1550 1539 1796 1610 simplex,
1838 1542 1898 1596 ut

306 1633 426 1686 ago,
459 1621 565 1690 egi,
588 1637 814 1690 egeram,
838 1623 1078 1692 egissem,
1120 1639 1236 1679 cum
1287 1629 1500 1697 egerim,
1524 1647 1692 1700 egero.
1742 1631 1894 1700 Sino,

304 1707 420 1772 sivi,
439 1709 686 1778 siceram,
708 1712 958 1779 sivissem,
980 1731 1095 1768 cum
1115 1717 1540 1783 s'iverim,sivero.
1568 1723 1719 1791 Dico,
1743 1726 1892 1790 dicis,

2007 525 2208 581 Medias
2237 534 2417 581 tamen
2445 527 2678 598 syllabas
2713 529 2786 582 ita
2834 530 3285 598 pronuntiationis
3327 544 3599 592 accentus

2005 617 2394 682 demonstrant,
2418 625 2479 671 ut
2504 615 2556 672 in
2585 618 2907 688 trissyllabis
2933 618 3177 687 partibus
3200 621 3246 674 si
3281 623 3598 689 penultima-

2005 715 2251 777 cOrrepta
2279 715 2382 772 est,
2419 717 2476 763 ει
2503 723 2603 762 nec
2637 718 2828 763 natura
2859 724 2959 764 nec
2998 711 3264 780 positione
3292 711 3469 784 longa,
3513 718 3578 770 ad

2002 797 2474 866 antepenultimam
2505 810 2759 855 accentus
2789 801 3164 866 transferatur,
3208 811 3263 858 et
3285 807 3577 875 penultima

2002 889 2238 944 velocius
2269 891 2667 959 pronuntiet—ur,
2717 903 2776 946 ut
2816 895 3028 957 mantia,
3071 894 3297 949 vincula.
3350 896 3407 950 Si
3449 913 3599 951 vern-

2000 980 2291 1049 penultima
2324 982 2439 1036 sive
2472 990 2659 1036 natura
2687 983 2800 1038 sive
2835 985 3099 1053 positione
3134 985 3290 1056 longa
3323 996 3424 1046 est.
3462 989 3573 1058 ipsa

2001 1082 2279 1128 accentum
2309 1075 2533 1138 tenebit,
2564 1075 2649 1130 vel
2687 1074 3108 1141 circumﬂexum,
3138 1078 3223 1131 vel
3253 1087 3490 1143 acutum,
3520 1089 3579 1132 ut

2001 1172 2211 1229 natura,
2237 1173 2482 1234 potestas.
2510 1163 2798 1220 Sciendum
2831 1175 2912 1220 est
2936 1175 3135 1231 tamen,
3167 1183 3287 1237 quae
3316 1169 3367 1222 in
3392 1171 3575 1224 verbis

1998 1252 2018 1304 i
2043 1261 2287 1322 correpta
2313 1253 2679 1322 proferuntur,
2721 1271 2842 1309 cum
2883 1256 2935 1309 in
2964 1256 3198 1310 medium
3224 1260 3490 1322 venerint,
3524 1268 3578 1313 et

1998 1342 2114 1410 ipsa
2145 1358 2171 1395 r
2197 1343 2250 1397 in
2277 1360 2306 1396 e
2341 1345 2683 1406 mutaverint,
2716 1353 2776 1398 ut
2815 1344 2960 1415 legis,
2991 1345 3120 1416 lege,
3161 1347 3348 1417 legere,
3378 1349 3576 1418 ubique

1998 1433 2332 1500 breviantur,
2355 1441 2578 1502 excepto
2618 1451 2738 1489 cum
2783 1451 2812 1488 a
2841 1436 3012 1490 tribus
3038 1438 3456 1493 consonantibus
3483 1455 3576 1493 cx-

1997 1525 2289 1594 cipiuntur,
2312 1525 2365 1591 b,
2385 1534 2442 1580 et
2464 1542 2535 1591 m,
2555 1533 2668 1592 ett,
2692 1532 2750 1580 ut
2775 1544 2788 1579 :
2815 1525 3063 1597 legebam,
3089 1526 3332 1598 legemus,
3357 1528 3570 1600 legetur.

1996 1615 2261 1672 Caeterum
2285 1631 2381 1672 eas
2403 1615 2686 1684 dictiones,
2716 1632 2834 1686 quae
2857 1616 3198 1688 polysyllabze
3219 1627 3366 1684 sunt,
3395 1615 3587 1674 neces-

1998 1723 2058 1764 se
2081 1717 2165 1764 est
2187 1716 2248 1762 ut
2279 1709 2538 1778 exemplis
2572 1717 2630 1764 et
2674 1710 2939 1780 positione
2988 1725 3054 1765 ac
3097 1709 3302 1781 ﬁguris,
3351 1711 3492 1766 sicut
3517 1720 3576 1766 et

307 1795 462 1869 longa
491 1800 550 1854 di
571 1816 591 1854 :
616 1775 698 1856 sic
739 1810 794 1858 et
830 1817 895 1858 ex
1033 1775 1342 1877 composita.
1367 1775 1892 1879 producunvm};
1927 1775 1971 1834 Β
1998 1799 2329 1865 accentibus,
2356 1775 2757 1869 investigemus,
2790 1806 2851 1854 ut
2890 1798 2936 1854 si
2958 1775 3285 1867 quaeramus,
3309 1800 3575 1854 truculen-

305 1891 542 1955 condico,
567 1893 816 1961 praedico,
840 1896 1158 1963 contradico,
1184 1897 1457 1954 interdico.
1494 1901 1656 1958 Dicas
1684 1920 1714 1959 a
1737 1906 1883 1973 dico,

305 1981 482 2036 brevis
503 1982 578 2042 di,
608 1982 860 2039 similiter
886 1993 940 2041 et
968 2002 1034 2042 ex
1060 2002 1125 2043 eo
1163 1993 1460 2061 composita
1499 1996 1886 2068 corripiuntur,

304 2081 362 2126 ut
385 2074 640 2142 prmdico,
666 2077 806 2132 unde
826 2078 1187 2149 prmdicator;
1234 2082 1437 2151 dedico,
1480 2087 1684 2144 abdico.
1715 2090 1884 2160 Idem,

302 2163 344 2218 si
384 2164 566 2219 neutri
603 2167 816 2237 generis
844 2178 944 2235 est,
977 2171 1302 2241 corripitur;
1340 2176 1388 2230 si
1423 2179 1725 2244 masculini,
1762 2196 1886 2251 pro-

299 2251 521 2307 ducitur
539 2253 593 2308 iu
617 2263 847 2326 utroque
874 2273 1121 2314 numero.
1147 2260 1375 2330 Levitas,
1399 2266 1442 2320 si
1478 2266 1882 2326 instabilitatem

300 2345 499 2400 niuatis
540 2345 804 2418 designat,
851 2357 944 2402 aut
991 2351 1342 2419 pusillitatem
1394 2357 1668 2426 ponderis,
1705 2361 1884 2418 brevis

298 2435 491 2502 estle;
544 2438 592 2493 si
637 2438 913 2496 lenitatem
961 2450 1156 2512 tactus,
1200 2447 1344 2503 unde
1390 2447 1536 2521 ligna
1567 2450 1623 2506 in
1653 2452 1883 2510 aediﬁcio

298 2525 540 2599 levigata
593 2529 864 2598 dicuntur,
899 2531 1056 2605 longa
1107 2544 1209 2591 est.
1245 2536 1403 2610 Lego,
1448 2541 1596 2613 legis,
1635 2554 1879 2615 correpta

297 2617 383 2684 le;
413 2620 552 2691 lego,
584 2619 746 2690 legas,
791 2625 1073 2693 producta.
1113 2625 1289 2684 Citum
1335 2646 1366 2686 a
1409 2632 1515 2700 cio,
1547 2633 1644 2701 cis,
1672 2645 1880 2705 quartae

297 2708 715 2782 coniugationis,
752 2717 1011 2784 producta
1034 2719 1368 2789 penultima;
1399 2737 1429 2778 a
1457 2725 1594 2788 cieo,
1631 2727 1756 2796 civi,
1789 2743 1877 2785 sc-

294 2801 489 2856 enda:
534 2802 947 2875 conjugationis,
995 2819 1239 2881 correpta
1275 2813 1590 2882 penultima.
1646 2817 1738 2872 leo
1785 2833 1879 2889 pe.-

295 2889 580 2946 nultimam
609 2893 772 2950 breve
793 2896 956 2952 habet
977 2898 1032 2952 in
1059 2902 1331 2970 praesenti,
1358 2905 1448 2958 sed
1472 2907 1722 2974 producit
1750 2923 1872 2964 eam

297 2977 351 3032 in
377 2981 657 3049 prater-ito
691 2983 950 3053 perfecto,
982 2996 1042 3042 ut
1077 2988 1164 3054 ici,
1209 2991 1350 3044 unde
1394 2993 1551 3048 ictus.
1584 2993 1668 3051 Ne
1692 3006 1872 3052 autem

293 3068 613 3126 adverbium
671 3075 992 3144 prohibendi
1043 3079 1127 3133 vel
1184 3082 1432 3151 negandi,
1485 3084 1697 3155 longum
1744 3095 1868 3154 est;

294 3163 514 3231 quando
549 3173 730 3222 autem
773 3182 872 3238 pro
920 3170 1338 3243 interrogatione
1388 3175 1470 3231 vel
1509 3177 1874 3249 increpatione

292 3256 536 3325 ponitur,
574 3257 869 3316 breviatur.
920 3263 1110 3332 Labor,
1159 3281 1281 3320 cum
1318 3284 1512 3324 nomen
1551 3279 1652 3336 est,
1705 3273 1874 3327 corri-

293 3348 475 3418 pitur;
510 3365 632 3405 cum
656 3353 879 3408 verbum
911 3354 1204 3426 deponens,
1235 3359 1567 3428 producitur,
1600 3370 1694 3417 ut:

485 3437 686 3492 Labitur
711 3443 934 3495 invalidae
955 3446 1190 3498 deformis
1215 3449 1366 3510 gloria
1392 3449 1582 3501 forvum.

295 3518 514 3587 Liquor,
531 3524 579 3578 si
601 3540 822 3593 nomen,
839 3528 1164 3599 corripitur;
1199 3531 1242 3585 si
1265 3533 1508 3598 verbum,
1534 3535 1866 3605 producitur,

291 3617 352 3662 ut
375 3609 523 3682 Virg.
547 3611 604 3667 in
629 3613 847 3686 Georg.:

478 3723 724 3789 Liquitur,
752 3733 805 3778 et
834 3726 1054 3793 Zephyro
1077 3734 1230 3794 putris
1252 3746 1309 3784 se
1326 3733 1472 3797 gleba
1493 3737 1714 3788 resolvit.

805 3845 881 3902 De
904 3849 1086 3903 mediis
1115 3850 1348 3919 syllabis.

363 3949 569 4008 Medias
594 3953 828 4024 syllabas
871 3957 1043 4013 tribus
1092 3962 1264 4016 modis
1311 3965 1673 4034 agnoscimus,
1725 3968 1872 4038 posi-

293 4044 461 4109 tione,
509 4054 564 4099 et
592 4046 959 4118 diphthongis,
986 4058 1040 4103 et
1089 4061 1311 4106 accentu
1342 4071 1358 4120 ;
1389 4056 1482 4110 sed
1510 4059 1576 4112 de
1604 4059 1870 4128 positione

289 4143 348 4189 et
383 4134 732 4204 diphthongis
776 4138 929 4201 satis,
987 4147 1045 4192 ut
1093 4153 1236 4206 reor,
1285 4157 1446 4213 supra
1499 4149 1865 4216 tractavimus,

291 4239 438 4278 nunc
457 4225 524 4278 de
552 4226 861 4280 accentibus
889 4235 1198 4284 tractemus.
1234 4231 1504 4290 Accentus
1526 4251 1652 4291 vero
1683 4247 1787 4304 est,
1808 4248 1868 4295 ut

290 4315 510 4382 quidam
535 4323 679 4369 recte
705 4324 1041 4384 putaverunt,
1074 4319 1226 4389 vigor
1243 4337 1306 4378 ac
1325 4323 1504 4379 anima
1532 4327 1700 4382 vocis.
1731 4327 1866 4382 Nam

291 4407 432 4460 sicut
466 4407 610 4460 nulla
632 4423 734 4461 vos
761 4407 876 4463 sine
900 4410 1068 4464 vocali
1100 4421 1204 4478 εει,
1229 4413 1302 4468 ita
1338 4415 1455 4470 sine
1491 4427 1715 4472 accentu
1743 4421 1863 4474 nul-

291 4495 466 4551 laest.
496 4495 566 4550 Et
611 4505 863 4552 accentus
901 4500 1076 4555 dictus
1113 4510 1197 4556 est
1235 4503 1389 4573 quasi
1417 4505 1695 4574 adcentus,
1723 4512 1864 4579 quod

284 4585 439 4656 juxta
467 4596 682 4640 cantum
706 4587 816 4653 sit;
842 4589 980 4644 sicut
1001 4591 1311 4647 adverbium
1333 4593 1531 4650 dictum
1559 4599 1702 4666 quod
1711 4597 1864 4668 juxta

288 4676 515 4732 verbum
535 4685 639 4733 est.
665 4677 766 4734 Hic
789 4688 967 4735 autem
997 4680 1182 4738 Graece
1205 4683 1453 4754 prosodia
1482 4673 1695 4755 dicitur,
1724 4691 1866 4746 unde

287 4761 470 4819 Latini
493 4765 544 4820 ei
577 4781 772 4822 nomen
809 4779 1140 4838 posuerunt;
1189 4786 1314 4826 nam
1357 4771 1542 4829 Graace
1588 4777 1738 4850 πρὸς,
1762 4777 1863 4832 La-

287 4856 402 4912 tine
425 4856 543 4922 ad;
582 4858 686 4920 ὠδή
733 4858 938 4927 Graece,
979 4859 1168 4916 Latine
1201 4871 1384 4917 cantus
1421 4870 1523 4918 est.
1562 4863 1663 4930 Qui
1714 4866 1863 4923 vocis

288 4956 547 5004 accentus
568 4949 673 5005 duo
706 4960 850 5018 sunt,
879 4952 946 5006 ad
974 4967 1036 5006 ea
1067 4967 1186 5024 qua:
1213 4960 1506 5010 tractamus
1532 4959 1820 5012 necessarii
1847 4976 1858 5012 :

287 5047 570 5107 correptus
589 5048 643 5093 et
663 5040 991 5109 productus;
1020 5042 1143 5110 quia
1168 5042 1406 5098 metricis
1427 5046 1680 5114 temporis
1699 5063 1871 5117 quan-

289 5127 502 5182 titatem
531 5144 693 5198 quam
734 5129 790 5182 in
838 5145 1157 5201 unaquaque
1181 5130 1382 5201 syllaba
1411 5133 1610 5189 habere
1637 5136 1864 5193 debeant

286 5218 594 5274 ostendunt.
625 5218 818 5276 Caneri
843 5236 1056 5290 quoque
1079 5221 1252 5293 magis
1287 5225 1728 5293 pronuntiationi,
1751 5228 1862 5285 sive

287 5306 592 5376 scripturae,
625 5308 707 5363 vel
739 5310 1019 5379 scriptioni
1066 5313 1393 5368 deserviunt.
1434 5313 1724 5386 Correptus
1769 5333 1859 5374 ac-

287 5403 477 5450 centus
512 5405 597 5451 est
621 5397 675 5451 in
703 5398 787 5453 his
814 5399 1032 5469 syllabis
1056 5415 1190 5470 quas
1229 5401 1346 5457 sine
1387 5402 1496 5456 ulla
1522 5420 1671 5459 mora
1709 5408 1858 5464 vocis

287 5486 650 5554 enuntiamus,
690 5497 770 5555 ut,
823 5489 1053 5559 macula,
1100 5491 1298 5547 tabula.
1352 5491 1648 5550 Productus
1681 5499 1853 5554 estin

289 5573 371 5629 liis
395 5592 530 5646 quas
551 5594 673 5633 cum
703 5579 882 5650 aliqua
907 5597 1058 5638 mora
1081 5583 1230 5639 vocis
1248 5583 1618 5653 exprimimus,
1647 5595 1726 5653 ut,
1746 5606 1854 5644 ma-

289 5669 466 5737 iestas,
492 5668 724 5740 libertas,
766 5673 891 5744 quia
925 5689 1258 5747 unaquazquc
1302 5674 1460 5748 longa
1491 5677 1691 5748 syllaba
1735 5689 1851 5736 tan-

1991 1890 2313 1944 tissimorum
2342 1890 2539 1958 quibus
2585 1890 2804 1961 syllabis
2849 1899 3079 1955 constet,
3125 1891 3416 1948 ediscimus
3461 1892 3574 1961 pri-

1991 1997 2134 2036 mam
2159 1989 2216 2038 et
2242 1983 2532 2038 secundam
2557 1983 2805 2054 exemplo
2825 1985 3018 2040 breves
3045 2000 3186 2051 esse,
3215 1994 3274 2040 ut
3298 2003 3334 2040 τί

2169 2071 2368 2123 Domini
2400 2073 2701 2124 truculentos
2720 2085 2988 2137 persequor
3007 2074 3210 2137 hostes;

1987 2156 2201 2213 tertiam
2229 2165 2283 2212 et
2321 2165 2571 2227 quartam
2622 2158 2889 2226 positione
2924 2158 3148 2230 longas,
3175 2160 3418 2229 quintam
3443 2159 3566 2216 bre-

1986 2263 2106 2304 vem
2137 2258 2362 2304 accentu
2400 2248 2726 2317 didicimus;
2776 2249 2902 2320 quia
2941 2265 3064 2305 cum
3091 2249 3338 2316 dicimus,
3387 2259 3565 2304 trucu—

1983 2337 2319 2406 lentissimus,
2376 2340 2725 2409 penultimam
2778 2341 2998 2396 brevem
3053 2354 3173 2397 esse
3224 2342 3558 2410 probamus:

1982 2435 2189 2482 sextam
2209 2443 2330 2483 cum
2355 2428 2702 2485 circumﬂexo
2723 2439 2946 2486 accentu
2970 2432 3399 2500 pronuntiamus,
3447 2432 3560 2487 lon-

1981 2531 2106 2588 gam
2183 2531 2305 2572 eam
2366 2506 2816 2574 demonstramus.
2874 2518 3006 2574 Item
3055 2521 3462 2590 cornigerorum,
3513 2521 3560 2576 si

1981 2622 2288 2677 quaaramus
2321 2610 2518 2679 quibus
2571 2609 2793 2680 syllabis
2839 2617 3068 2676 constet,
3109 2610 3414 2665 invenimus
3450 2611 3560 2680 pri—

1978 2712 2120 2752 mam
2148 2699 2414 2768 positione
2437 2699 2685 2770 longam,
2719 2700 3008 2756 secundam
3050 2708 3275 2755 accentu
3316 2699 3557 2764 brevem,

1977 2797 2039 2843 ut
2067 2791 2304 2861 corniger
2339 2791 2634 2861 penultima
2676 2798 2922 2861 correpta
2949 2806 2964 2856 ;
3013 2790 3230 2844 tertiam
3255 2805 3320 2844 ex
3344 2803 3557 2858 compo-

1975 2877 2171 2933 sitione
2200 2878 2384 2948 ﬁgura:
2410 2879 2859 2950 deprehendimus
2889 2893 3007 2934 esse
3055 2887 3382 2948 correptam,
3429 2878 3558 2948 quia

1976 2967 2231 3038 corniger,
2269 2983 2462 3023 nomen
2493 2968 2868 3038 appellativum
2897 2968 3081 3038 ﬁgurae
3107 2976 3212 3033 est,
3242 2967 3553 3037 composita:

1977 3072 2045 3112 ex
2074 3073 2238 3111 cornu
2258 3058 2475 3114 nomine
2502 3067 2556 3113 et
2581 3074 2702 3128 gero
2725 3057 2913 3114 verbo.
2940 3055 2997 3110 lu
3019 3073 3140 3127 gero
3177 3070 3388 3126 quoque
3416 3057 3551 3127 geris

1901 3124 1946 3186 (ἶ
1975 3148 2158 3204 brevis
2176 3156 2258 3205 est
2282 3166 2363 3220 ge,
2387 3124 2636 3204 similiter
2657 3155 2712 3202 et
2737 3147 2792 3203 in
2815 3124 3212 3219 compositione—
3240 3124 3549 3214 corripitur.

1974 3236 2229 3303 Quartam
2277 3245 2504 3293 accentu
2547 3237 2757 3309 longam
2786 3251 2905 3292 esse
2930 3235 3299 3302 ostendimus;
3345 3233 3548 3289 ultima:

1971 3341 2103 3382 vero
2130 3328 2440 3397 qualitatem
2469 3343 2568 3398 per
2608 3327 2848 3399 singulas
2883 3335 3067 3399 partes
3092 3325 3354 3383 orationis
3387 3339 3551 3379 mou-

1971 3417 2265 3474 strabimus
2291 3419 2343 3473 in
2378 3419 2586 3474 ratione
2605 3417 2864 3487 subjecta.

2040 3509 2244 3567 Medias
2271 3511 2507 3583 syllabas
2531 3525 2625 3567 sex
2657 3509 2830 3565 modis
2859 3505 3220 3580 agnoscimus,
3263 3503 3552 3575 diphthon-

1969 3603 2072 3672 gis,
2102 3603 2368 3673 positione
2397 3603 2830 3667 consonantium,
2876 3598 3268 3672 compositione
3292 3595 3547 3667 partium,

1968 3691 2176 3762 regula,
2223 3701 2505 3748 auctorum
2549 3691 2829 3763 exemplis,
2863 3699 2918 3748 et
2944 3697 3191 3746 accentu.
3241 3686 3349 3745 Sed
3376 3687 3442 3742 de
3469 3687 3551 3742 di-

1967 3781 2254 3854 phthongis
2276 3792 2331 3839 et
2356 3784 2622 3854 positione
2658 3783 2960 3839 litterarum
2984 3797 3144 3852 supra
3173 3779 3547 3845 disseruimus,

1968 3888 2090 3926 cum
2117 3873 2185 3928 de
2234 3873 2436 3944 syllaba
2473 3873 2876 3938 tractabamus;
2929 3886 3073 3927 nunc
3100 3871 3168 3926 de
3213 3869 3424 3924 caeteris
3466 3867 3548 3923 di-

1969 3979 2172 4020 cemus.
2203 3964 2600 4034 Compositione
2645 3978 2775 4035 ergo
2815 3962 3051 4032 partium
3097 3960 3287 4016 mediae
3327 3958 3547 4030 syllaba:

1968 4057 2373 4127 dignoscantur,
2427 4058 2554 4128 quia
2601 4056 2716 4112 fere
2765 4064 2949 4128 partes
2992 4069 3181 4109 omnes
3231 4051 3548 4122 compositas

1968 4145 2206 4216 ejusdem
2237 4148 2524 4218 potestatis
2550 4147 2751 4202 habent
2791 4145 3020 4217 syllabas
3048 4145 3103 4198 in
3133 4142 3542 4212 compositione,

1967 4237 2122 4307 cujus
2142 4240 2380 4295 habuere
2405 4240 2695 4310 simplices,
2749 4246 2976 4309 excepto
3004 4253 3126 4294 cum
3169 4236 3255 4292 vel
3281 4243 3544 4303 correptae

1968 4343 1999 4382 a
2029 4329 2208 4399 priore
2245 4337 2390 4384 statu
2420 4329 2640 4396 fuerint,
2665 4337 2722 4384 et
2761 4329 2990 4398 demptis
3021 4327 3296 4384 vocalibus
3323 4325 3541 4395 conglu-

1971 4421 2156 4474 tinatio
2183 4421 2592 4475 consonantium
2620 4419 2698 4483 ﬁt,
2723 4427 2782 4474 ut
2816 4418 3104 4490 parricida,
3133 4432 3166 4472 a
3203 4426 3416 4488 parente
3437 4430 3538 4469 no—

1967 4509 2112 4563 mine
2139 4518 2195 4564 et
2217 4509 2381 4564 verbo
2408 4509 2626 4574 ccedere,
2653 4517 2707 4564 et
2744 4509 3015 4580 quadrigw
3052 4522 3150 4579 pro
3189 4506 3539 4579 quadrijugtc,

1966 4597 2072 4652 bini
2099 4614 2198 4668 pro
2219 4599 2296 4652 bis
2326 4600 2437 4663 uni,
2465 4599 2610 4665 deni,
2649 4614 2747 4668 pro
2775 4600 2942 4654 decies
2977 4599 3067 4653 uni
3089 4615 3109 4665 ;
3138 4597 3226 4653 vel
3261 4613 3382 4652 cum
3410 4613 3540 4653 con-

1964 4697 2190 4744 currunt
2226 4687 2369 4746 inter
2412 4704 2469 4744 se
2497 4691 2614 4745 duae
2643 4699 3002 4746 consonantes
3031 4689 3084 4744 in
3129 4689 3535 4758 compositione,

1962 4776 2017 4832 id
2041 4785 2143 4843 est,
2159 4777 2332 4833 ﬁnalis
2352 4778 2548 4848 prioris
2568 4778 2817 4835 dictionis
2837 4787 2892 4836 et
2911 4778 3210 4834 inchoativa
3239 4779 3536 4848 sequentis,-

1961 4879 2016 4925 et
2039 4871 2092 4925 in
2116 4871 2218 4927 hoc
2243 4872 2463 4928 brevem
2499 4873 2760 4943 syllabam
2797 4873 2992 4944 prioris
3017 4871 3241 4928 membri
3269 4871 3537 4940 positione

1963 4964 2283 5033 producunt,
2328 4973 2390 5020 ut
2431 4966 2831 5036 paterfamilias,
2889 4966 3188 5036 ejusmodi,
3218 4963 3531 5031 satisfactio,

1964 5061 2192 5124 uterque,
2223 5055 2363 5124 quod
2390 5056 2585 5125 saepius
2626 5056 2824 5110 accidit
2849 5053 3313 5125 praepositionibus
3339 5069 3456 5122 qua:
3479 5052 3536 5105 in

1963 5154 2348 5200 consonantem
2389 5146 2677 5200 terminant
2717 5155 2772 5200 et
2813 5147 3006 5200 breves
3058 5152 3181 5199 sunt
3230 5151 3442 5208 natura,
3474 5150 3534 5196 ut

1962 5235 2115 5301 inter,
2143 5236 2338 5300 subter,
2365 5253 2538 5306 super,
2563 5238 2931 5307 producuntur
2959 5246 3134 5289 autem
3164 5234 3445 5304 positione,
3473 5243 3533 5288 ut

1961 5325 2281 5394 interfector,
2316 5335 2595 5395 superstes,
2642 5327 2969 5396 subterfugit.
3009 5324 3181 5379 Aliter
3224 5324 3366 5378 enim
3393 5340 3530 5394 pene

1963 5429 2173 5483 semper
2200 5429 2358 5487 supra
2384 5414 2583 5470 dictum
2601 5416 2690 5486 jus
2718 5423 2958 5481 servant,
2984 5423 3042 5468 ut
3063 5413 3350 5480 benevolus,
3375 5414 3532 5469 male-

1960 5503 2128 5567 volus,
2177 5519 2296 5573 qua:
2332 5505 2455 5574 quia
2506 5505 2764 5576 simplicia
2798 5505 3014 5560 fuerunt
3039 5506 3286 5560 erunibus
3313 5505 3530 5577 syllabis

1958 5593 2162 5658 brevia,
2193 5602 2387 5648 suntet
2416 5594 2468 5648 in
2501 5595 2888 5666 compositione
2928 5595 3193 5650 similiter.
3222 5595 3354 5650 Nam
3381 5612 3524 5667 quae

1958 5698 2167 5752 cunque
2193 5698 2220 5734 a
2247 5699 2366 5752 gero
2410 5683 2573 5738 verbo
2628 5692 2751 5738 sunt
2806 5686 3119 5756 composita,
3168 5685 3248 5742 vel
3284 5686 3416 5757 fero,
3445 5689 3529 5743 vel
