3950 6192
331 280 437 339 627

971 276 1032 332 Β.
1073 277 1329 333 RABANI
1367 279 1585 336 MAURI
1622 277 1938 340 ARCHIEP.
1983 275 2292 336 MOGU‘NT.
2330 273 2617 332 OPERUM
2652 272 2833 330 PARS
2869 271 2956 330 ΙΙΙ.

3495 273 3622 334 628'

327 407 498 458 teneo,
537 393 623 447 vel
649 404 886 462 possunt,
912 390 997 446 vel
1025 391 1186 461 facio,
1209 392 1295 448 vel
1319 394 1496 464 gigno,
1525 394 1705 449 omnia
1729 392 1924 448 mediis
1949 395 2000 455 Α
2026 400 2236 457 cantus,
2289 389 2594 456 cantilena;
2639 389 2742 455 lar,
2788 390 2971 459 farina
2994 407 3015 456 ;
3049 391 3142 445 lux
3189 389 3347 457 lucis,
3392 391 3614 459 lucina;

326 486 549 559 syllabis
580 484 912 549 breviantur,
944 483 1071 553 quia
1101 485 1217 556 ipsa
1241 487 1405 541 verba
1445 501 1608 555 supra
1631 486 1772 541 dicta
1795 486 1924 540 sim-

328 578 449 647 plici
479 579 645 648 ﬁgura
697 576 928 645 primam
977 585 1184 646 partem
1241 577 1562 648 corripiunt,
1605 586 1665 632 ut
1686 577 1926 647 corniger

326 669 604 738 cornigeri,
647 667 813 737 aliger
840 665 1047 738 aligeri,
1100 668 1329 738 armiger
1373 669 1644 740 armigeri,
1691 668 1926 738 lauriger

328 758 617 826 laurigeri,
673 774 894 826 congero
923 797 938 823 ,
995 758 1221 829 degero,
1285 776 1614 830 congeram,
1669 760 1925 830 degerans

329 850 533 921 [Forte,
565 866 861 919 congerens,
908 850 1196 923 degerens].
1251 851 1381 907 Item
1428 852 1640 923 astrifer
1667 852 1923 921 astriferi,

327 943 546 1012 stellifer
573 942 836 1011 stclliferi,
875 944 1128 1013 somnifer
1172 946 1464 1016 somniferi,
1504 946 1748 1016 vocifero,
1782 946 1921 1000 voci-

329 1037 529 1104 ferans,
570 1034 814 1104 auferens
855 1034 922 1089 ab
964 1034 1171 1100 aufero,
1219 1035 1431 1104 confero
1469 1037 1759 1106 conferens.
1789 1035 1922 1088 Item

329 1126 673 1195 omnipotens,
711 1125 1049 1195 armipotens,
1073 1125 1402 1196 almipotens,
1424 1127 1769 1190 omnitenens,
1793 1126 1926 1179 arci-

328 1228 529 1280 tenens,
557 1226 614 1272 et
640 1219 881 1271 contineo
927 1219 1222 1284 continens,
1250 1219 1457 1273 detineo
1484 1219 1741 1273 detinens.
1783 1219 1920 1273 Item

326 1309 604 1378 paciﬁcus,
642 1310 884 1380 paciﬁce,
909 1311 1235 1380 paciﬁcans;
1261 1311 1590 1381 magniﬁcus,
1616 1310 1918 1380 magniﬁco,

331 1401 711 1470 magnificans;
747 1401 990 1469 mirifico,
1033 1401 1271 1465 miriﬁce,
1306 1401 1632 1468 miriﬁcam;
1663 1399 1921 1470 gloriﬁce,

326 1491 582 1561 gloriﬁce,
626 1492 949 1563 gloriﬁcans,
995 1503 1052 1548 et
1087 1492 1281 1547 similia
1306 1493 1407 1548 bis.
1438 1492 1593 1558 Item,
1625 1492 1918 1562 verbigena,

327 1585 613 1655 terrigena,
672 1587 953 1657 nubigena,
1011 1586 1308 1656 trojugena,
1361 1585 1675 1656 unigenitus,
1730 1586 1920 1654 primm

327 1678 552 1745 genitus.
579 1678 646 1732 Et
674 1679 952 1733 sciendum
978 1679 1122 1747 quod
1156 1679 1338 1734 omnia
1365 1679 1480 1734 hate
1508 1694 1628 1748 quae
1656 1679 1710 1733 in
1738 1679 1918 1748 priore

2027 480 2199 545 lueeo,
2249 480 2506 547 lucerna;
2545 480 2706 545 lateo,
2746 479 2972 535 laterna.
3018 478 3233 536 Fiscina
3270 483 3494 554 corripit
3525 498 3620 555 pe-

2027 571 2330 636 nultimam,
2357 571 2624 641 quomodo
2647 569 2874 638 fuscina,
2911 570 3136 636 mulina,
3162 572 3394 642 pagina;
3425 582 3479 630 et
3509 573 3618 629 hoc

2027 663 2148 718 ideo
2191 663 2316 734 quia
2361 677 2468 717 non
2520 661 2816 716 derivativo
2845 672 2993 728 sunt,
3035 662 3129 717 sed
3170 663 3442 733 primitiva
3488 667 3619 722 :sic

2025 765 2080 810 et
2103 771 2305 826 sagana
2327 772 2346 821 ;
2372 770 2573 826 sagana
2594 756 2739 810 enim
2766 762 2822 809 et
2845 770 2970 825 saga
2999 755 3142 810 idem
3182 755 3505 826 signiﬁcant.
3533 757 3618 812 Ra

2025 855 2206 901 autem
2263 846 2609 900 terminantia
2662 846 2845 901 omnia
2881 847 3185 916 participiis
3228 847 3502 904 femininis
3529 849 3619 904 l'u-

2024 938 2132 992 turi
2153 939 2411 1009 temporis
2453 937 2686 992 similem
2732 938 2932 993 habent
2960 938 3209 1005 formam,
3259 944 3397 996 unde
3427 943 3620 1014 penul—

2025 1029 2155 1083 tima
2179 1044 2394 1098 quoque
2421 1046 2456 1082 u
2491 1029 2610 1084 sine
2631 1028 2796 1083 dubio
2819 1031 3153 1098 producitur,
3186 1034 3471 1102 scriptura,
3496 1052 3619 1090 ceno

2022 1137 2170 1185 sura,
2199 1121 2426 1191 pictura,
2471 1129 2710 1186 tonsura,
2739 1136 2925 1186 usura,
2963 1120 3148 1188 litura,
3186 1132 3396 1187 natura,
3435 1142 3621 1180 arma-

2023 1221 2162 1265 tura.
2195 1210 2262 1264 Et
2305 1211 2602 1265 notandum
2631 1211 2775 1281 quod
2824 1213 3146 1282 supradicta:
3182 1229 3370 1271 omnes
3400 1215 3618 1284 formze,

2023 1301 2074 1355 id
2101 1312 2184 1356 est
2211 1301 2265 1356 in
2286 1319 2318 1355 a
2339 1301 2669 1366 desinentes,
2698 1301 2917 1371 proprie
2943 1311 3070 1356 sunt
3112 1300 3350 1358 feminini
3378 1307 3620 1376 generis.

2021 1390 2371 1444 inveniuntur
2400 1398 2578 1445 tamen
2601 1405 2776 1460 pauca
2797 1390 3038 1446 verbalia
3068 1394 3348 1449 masculini
3379 1397 3620 1466 generis,

2020 1485 2135 1539 sive
2171 1485 2498 1548 communia,
2540 1492 2601 1537 ut
2646 1483 2730 1537 hic
2775 1483 2948 1539 scriba
2997 1501 3029 1540 a
3079 1487 3326 1552 scribo,i
3362 1487 3520 1558 longa
3549 1505 3623 1552 ;a

2019 1568 2157 1647 lego,
2184 1574 2252 1641 le,
2279 1573 2517 1644 collega;
2575 1563 2744 1644 fugio.
2798 1575 2882 1628 hic
2935 1584 2990 1630 et
3031 1575 3140 1631 lttec
3189 1579 3624 1648 perfuga;asse-

2018 1682 2176 1738 quor,
2207 1663 2484 1729 assecula;
2523 1663 3014 1730 advenio,advena;
3058 1667 3342 1733 convenio,
3368 1686 3621 1731 convena,

331 1769 579 1822 iuetnhro
620 1768 865 1822 ultimam
893 1770 912 1822 i
939 1768 1158 1834 habent,
1196 1766 1442 1822 eamdem
1469 1767 1787 1838 corripiunt.
1817 1767 1922 1823 Re-

2031 1757 2320 1829 penultima
2350 1756 2405 1810 in
2435 1756 2520 1811 bis
2541 1764 2832 1826 correpta;
2867 1756 2924 1810 in
2969 1758 3206 1824 conviva,
3256 1757 3432 1830 longa.
3481 1757 3624 1815 Nam

329 1861 453 1929 gula
486 1876 704 1932 quoque
731 1871 1014 1917 auctorum
1044 1873 1154 1917 tam
1197 1863 1416 1933 copiosa
1447 1870 1535 1918 est
1556 1861 1750 1927 relatu,
1785 1869 1922 1916 tam-

330 1969 436 2023 que
461 1954 847 2026 multiplicibus
897 1957 1151 2011 distincta
1181 1955 1550 2020 varietatibus,
1594 1963 1650 2011 et
1677 1964 1784 2010 tam
1807 1955 1924 2010 ido-

331 2045 448 2100 neis
477 2046 695 2101 suffulta
725 2049 1068 2114 testimoniis,
1091 2057 1151 2104 ut
1175 2048 1266 2104 vix
1292 2064 1412 2104 eam
1433 2048 1628 2119 aliquis
1648 2049 1922 2102 memoriae

332 2145 500 2192 totam
539 2143 920 2196 commendare
943 2141 1136 2210 possit,
1178 2151 1272 2198 aut
1311 2143 1500 2198 stricto
1545 2155 1795 2198 sermone
1823 2155 1921 2195 ex-

333 2245 549 2301 ponere.
601 2232 711 2287 Sed
738 2233 863 2302 quia
914 2235 1131 2303 penitus
1169 2250 1199 2289 a
1238 2234 1394 2290 nobis
1445 2233 1589 2288 hanc
1637 2232 1782 2288 sileri
1815 2248 1922 2289 non

330 2330 565 2392 oportet,
598 2323 718 2379 licet
748 2332 912 2379 totam
941 2325 1182 2380 edissere
1210 2325 1360 2381 brevi
1400 2325 1505 2379 hoc
1528 2323 1788 2394 opusculo
1826 2338 1925 2378 no-

330 2422 443 2466 stro
473 2428 577 2466 non
606 2415 897 2484 possimus,
928 2416 981 2470 in
1010 2416 1395 2488 insignioribns
1421 2425 1601 2469 tamen
1632 2415 1764 2469 locis
1785 2413 1924 2485 stylo

331 2504 641 2573 contingere
671 2521 942 2561 curemus.
969 2505 1214 2561 Nominis
1241 2522 1369 2576 ergo
1399 2507 1660 2562 rationem
1699 2504 1926 2560 Priscia-

331 2609 432 2647 nus
457 2595 700 2650 scribens
728 2596 814 2651 ubi
844 2597 910 2651 de
939 2599 1352 2653 denominativis
1388 2598 1700 2667 disputavit,
1740 2597 1926 2651 unius-

331 2685 594 2754 cujusque
625 2686 1018 2741 terminationis
1043 2687 1365 2757 penultimas
1394 2687 1628 2758 syllabas
1667 2686 1751 2742 vel
1779 2695 1929 2742 ante-

333 2773 664 2847 penultimas
685 2776 1032 2847 sagacissime
1061 2778 1424 2843 investigavit.
1477 2775 1642 2845 Cujus
1690 2777 1928 2831 auctori-

335 2872 502 2918 tatem
553 2879 653 2918 nos
695 2879 909 2935 quoque
955 2867 1010 2920 in
1056 2866 1159 2921 hoc
1189 2867 1307 2921 loco
1353 2866 1523 2921 secuti
1572 2881 1795 2931 sumus;
1850 2865 1924 2920 ita

334 2961 516 3007 tamen
541 2962 600 3008 ut
627 2965 683 3008 et
711 2969 831 3023 quae
861 2955 950 3010 ille
971 2955 1038 3010 de
1060 2955 1180 3010 aliis
1205 2957 1485 3026 speciebus
1512 2971 1752 3011 seorsum
1784 2970 1928 3010 com.

333 3043 532 3114 posuit,
564 3059 662 3100 nos
691 3046 904 3100 mixtim
927 3061 1029 3115 pro
1056 3046 1321 3102 brevitate
1345 3049 1524 3116 operis
1545 3056 1600 3101 et
1619 3045 1774 3116 juxta
1799 3060 1928 3099 con-

2024 1852 2308 1924 propheta,
2356 1858 2538 1921 poeta,
2593 1858 2811 1920 proreta
2860 1849 3158 1918 primitiva,
3196 1867 3224 1905 c
3262 1852 3621 1921 penultimam

2023 1945 2347 2014 producunt.
2373 1943 2430 1998 In
2461 1961 2523 1998 ne
2563 1951 2744 1998 autem
2794 1943 3092 1998 desinentia
3135 1945 3514 2015 patronymica
3548 1945 3625 2000 le-

2024 2039 2214 2094 minini
2243 2039 2478 2111 generis,
2509 2054 2629 2108 quae
2667 2044 2796 2093 sunt
2840 2037 2976 2092 iadis
2999 2037 3256 2108 [inguini
3291 2038 3504 2109 longam
3535 2038 3628 2093 har

2022 2132 2153 2186 bent
2180 2131 2554 2200 penultimam,
2597 2129 2645 2184 si
2689 2127 2988 2200 principale
3033 2144 3141 2183 non
3186 2129 3442 2184 habuerit
3478 2145 3628 2186 eam-

2023 2225 2148 2280 dem
2173 2225 2191 2278 i
2213 2223 2471 2287 vocalem,
2508 2229 2567 2276 ut
2601 2221 2890 2285 Adrestos,
2927 2219 3230 2287 adrestine;
3274 2219 3510 2288 Nereus,
3539 2238 3628 2276 ne-

2024 2319 2169 2372 rine:
2215 2318 2300 2372 sin
2350 2325 2530 2371 autem
2582 2313 2880 2384 principale
2930 2313 3186 2368 habuerit
3206 2315 3244 2378 i,
3283 2331 3314 2368 o
3351 2315 3622 2384 producta

2025 2418 2153 2464 ante
2186 2425 2249 2462 ne
2304 2407 2596 2470 invenitur,
2647 2414 2709 2459 ut
2743 2404 2988 2470 acrisios,
3029 2405 3309 2458 acrisione.
3350 2405 3408 2458 ln
3433 2405 3626 2460 edesi-

2025 2498 2209 2553 nentia
2248 2497 2546 2552 derivativo
2581 2505 2776 2550 neutra
2822 2502 2969 2558 sunt,
3003 2501 3062 2548 ut
3099 2493 3280 2558 sedile,
3318 2494 3492 2558 civile,
3520 2511 3626 2549 mo-

2027 2591 2154 2657 nile,
2179 2589 2373 2656 cubile,
2401 2605 2521 2659 qua:
2542 2588 2894 2659 penultimam
2917 2587 3129 2656 longam
3151 2587 3352 2641 habent
3377 2601 3392 2650 ;
3421 2596 3478 2640 et
3499 2587 3624 2655 quia

2025 2683 2282 2756 pleraque
2330 2697 2362 2735 a
2403 2680 2781 2736 communibus
2836 2687 3131 2734 nascuntur
3167 2679 3349 2734 neutri
3385 2680 3624 2749 generis,

2026 2797 2147 2852 qua,
2181 2779 2236 2834 in
2278 2776 2576 2832 masculino
2610 2784 2667 2830 et
2698 2773 2957 2829 feminino
2997 2775 3049 2828 in
3101 2773 3186 2828 ilis
3236 2773 3626 2838 terminantur,

2027 2888 2093 2927 ex
2125 2885 2312 2925 eorum
2365 2866 2566 2939 regulis
2617 2866 2812 2920 horum
2863 2865 3174 2936 penultima:
3215 2873 3538 2919 noscuntur.
3567 2864 3625 2918 ln

2029 2979 2058 3015 o
2095 2959 2398 3015 masculina
2451 2957 2669 3027 quidem
2724 2957 2838 3010 sive
2889 2956 3197 3011 communia
3248 2971 3424 3024 pauca
3482 2955 3633 3010 inve—

2031 3054 2276 3116 niuntur,
2317 3061 2430 3105 uta
2462 3050 2640 3104 cicere
2687 3046 2890 3105 Cicero.
2918 3063 2947 3101 a
2979 3048 3156 3117 capite
3197 3047 3402 3116 Capito,
3429 3065 3462 3102 a
3486 3047 3624 3112 labe,

332 3137 660 3190 venientium
691 3137 1084 3193 terminationis
1129 3139 1444 3194 inseramus.
1476 3137 1619 3209 Ergo
1649 3138 1704 3191 in
1733 3153 1765 3189 a
1791 3136 1932 3190 desi—
1957 3115 2002 3176 (ἶ
2034 3143 2202 3209 (abeo,
2235 3159 2264 3196 ε
2292 3140 2508 3196 latendo
2527 3140 2705 3204 latro;
2733 3155 2764 3192 a
2803 3139 3052 3192 leniendo
3089 3153 3220 3194 vero
3247 3147 3446 3194 natura
3469 3139 3626 3210 longa

334 3227 518 3282 nentia
545 3227 970 3295 denominativa,
1003 3229 1049 3284 si
1079 3231 1098 3283 i
1127 3230 1330 3284 habent
1363 3237 1490 3284 ante
1529 3247 1582 3294 a,
1614 3229 1756 3284 hanc
1787 3243 1931 3283 sem-

335 3335 433 3390 per
468 3321 733 3384 ltreviant,
775 3331 832 3375 ut
884 3321 1161 3391 sapientia,
1215 3322 1529 3387 acrimonia,
1577 3335 1678 3375 nec
1726 3335 1834 3374 non
1875 3329 1930 3374 et

336 3413 590 3467 secundae
613 3413 996 3469 declinationis
1024 3414 1243 3468 nomina
1287 3429 1407 3483 qua:
1434 3414 1489 3468 in
1536 3430 1628 3468 cus
1655 3413 1928 3479 desinunt,

337 3503 442 3559 nisi
487 3503 597 3559 sint
642 3505 921 3575 regionum
973 3505 1191 3560 nomina
1219 3520 1338 3573 quae
1367 3519 1434 3559 ex
1464 3504 1550 3560 his
1595 3504 1928 3570 derivantur,

337 3594 817 3664 antepenultimam
850 3595 1030 3650 isicut
1067 3603 1122 3650 et
1161 3594 1508 3666 penultimam
1525 3596 1843 3666 corripiunt,
1873 3606 1933 3649 ut

339 3685 408 3740 ab
432 3687 662 3752 amicus,
686 3686 867 3752 amici,
897 3686 1152 3752 amicitia,
1181 3685 1452 3750 inimicus,
1496 3685 1789 3752 inimicitia,
1838 3703 1934 3758 pu-

338 3765 514 3842 dicus,
545 3777 841 3848 pudicitia;
887 3777 964 3832 sic
993 3783 1047 3832 et
1075 3776 1180 3831 alia
1210 3777 1454 3846 quaedam
1483 3773 1722 3845 ejusdem
1765 3777 1932 3832 decli-

340 3868 575 3923 nationis
626 3869 847 3924 nomina
895 3867 1212 3940 dissyllaba,
1244 3877 1304 3924 ut
1352 3867 1506 3923 laetus
1536 3868 1666 3935 lmti,
1706 3869 1887 3923 ltetitia
1912 3886 1933 3935 ;

342 3963 510 4016 durus
536 3961 682 4026 duri,
713 3961 949 4027 duritia;
997 3969 1224 4018 moestus
1265 3962 1466 4028 mwsti,
1495 3961 1772 4026 maestitia;
1803 3961 1934 4015 stul-

343 4061 432 4107 tus
461 4051 632 4117 stulti,
663 4051 906 4106 stultitia.
936 4051 1198 4108 Similiter
1219 4060 1275 4108 et
1312 4052 1400 4107 illa
1428 4068 1547 4122 qua:
1568 4052 1622 4106 in
1648 4053 1806 4105 tertia
1837 4053 1934 4106 de-

343 4145 635 4200 clinatione
687 4145 919 4200 similem
975 4145 1174 4202 habent
1219 4145 1552 4200 nominativo
1599 4145 1932 4216 genitivum;

344 4254 468 4291 nam
498 4239 726 4295 istorum
753 4237 1151 4293 denominativa
1179 4254 1209 4293 a
1235 4239 1414 4294 dativo
1443 4237 1776 4305 derivantur,
1800 4239 1940 4294 sicut

345 4330 586 4400 priorum
617 4344 646 4382 a
679 4328 934 4399 genitivo,
967 4336 1028 4382 ut
1057 4329 1238 4399 segnis
1278 4328 1448 4398 segni,
1474 4328 1694 4399 segnitia
1718 4345 1738 4394 ;
1769 4327 1939 4383 tristis

347 4421 505 4484 tristi,
533 4421 766 4474 tristitia.
795 4420 1140 4476 Consonante
1165 4436 1294 4476 vero
1322 4422 1675 4476 antecedente
1708 4422 1763 4475 in
1786 4439 1818 4475 a
1845 4422 1938 4476 de-

350 4503 630 4575 sinentia;
677 4513 1073 4567 denominativa
1102 4528 1196 4568 seu
1229 4513 1464 4568 verbalia
1491 4511 1695 4567 formas
1735 4513 1936 4567 habent

348 4612 460 4655 tres
486 4620 498 4653 :
529 4601 604 4667 la,
635 4618 723 4667 na,
755 4617 854 4667 ra;
885 4603 935 4657 la
965 4611 1048 4658 est
1074 4604 1231 4673 longa
1262 4604 1611 4659 antecedente
1633 4619 1692 4667 e;
1723 4613 1935 4669 cautus,

349 4689 514 4758 cauti,
545 4690 794 4757 cautela;
831 4701 994 4756 tutus,
1049 4694 1171 4759 tuti,
1221 4692 1424 4759 tutela;
1473 4702 1671 4758 custos,
1706 4693 1934 4758 custodi,

348 4781 656 4849 custodela;
687 4784 1020 4852 mandatum,
1066 4785 1321 4849 mandati,
1366 4783 1710 4850 mandatela;
1745 4784 1933 4850 cliens,

348 4879 554 4945 clienti,
583 4877 839 4933 clientela.
876 4878 943 4932 Et
984 4890 1112 4932 nota
1136 4877 1276 4947 quod
1306 4878 1486 4932 omnia
1523 4889 1822 4931 extremam
1848 4893 1937 4932 vo-

349 4971 520 5026 calem
567 4971 812 5043 genitiri,
849 4970 893 5024 si
939 4969 1188 5023 secunda:
1238 4968 1364 5033 sint,
1413 4969 1522 5023 sint
1570 4969 1741 5022 tertia:
1767 4964 1932 5023 dativi

352 5071 403 5122 in
434 5085 460 5122 e
486 5066 701 5137 longam
743 5064 1134 5128 convertentia,
1163 5071 1443 5117 assumunt
1489 5063 1562 5128 la,
1604 5079 1722 5132 qua:
1748 5078 1877 5118 vero
1906 5079 1937 5116 ει

352 5161 533 5215 verbis
566 5158 700 5214 fiunt
731 5157 979 5212 secundm
1008 5155 1420 5226 conjugationis,
1465 5172 1493 5208 a
1542 5155 1774 5209 secunda
1824 5171 1940 5225 per-

351 5267 481 5306 sona
529 5250 789 5321 objiciunt
827 5266 853 5303 s
899 5258 953 5304 et
994 5256 1280 5304 assumunt
1316 5246 1368 5300 la
1393 5260 1412 5299 :
1463 5246 1670 5301 candeo
1718 5247 1935 5312 candes,

350 5342 606 5407 candela;
637 5339 836 5398 suadeo
868 5341 1084 5406 suades,
1133 5337 1372 5394 suadela.
1409 5335 1495 5391 Na
1528 5353 1655 5393 vero
1694 5338 1942 5392 desinen-

351 5436 448 5498 tia,
473 5432 623 5488 omni
650 5431 807 5488 modo
851 5433 1063 5504 longam
1110 5433 1309 5488 habent
1339 5429 1711 5500 penultimam,
1740 5429 1821 5482 vel
1848 5445 1942 5482 na-

356 5534 472 5577 tura
503 5523 587 5578 vel
618 5523 886 5593 positione
914 5543 925 5576 :
971 5523 1224 5589 ollicium,
1257 5523 1459 5594 ofﬁcina
1476 5539 1494 5586 ;
1542 5521 1805 5584 medicus,
1840 5537 1942 5574 me-

353 5611 529 5664 dicina
556 5629 572 5675 ;
606 5628 700 5665 res
745 5613 905 5682 regis,
953 5615 1127 5682 regina
1156 5632 1172 5676 ;
1213 5615 1295 5668 leo
1326 5613 1531 5676 letetta;
1575 5612 1807 5674 doctrix,
1839 5613 1936 5664 do-

351 5718 565 5763 ctrina;
607 5703 786 5771 piscis,
837 5704 1075 5772 pistina;
1131 5721 1310 5768 cocus,
1367 5707 1547 5757 cocina
1599 5714 1652 5757 et
1701 5703 1875 5756 culina
1917 5719 1933 5766 ;

2029 3236 2168 3301 leno,
2207 3251 2238 3289 a
2269 3244 2423 3290 catus
2462 3232 2611 3297 Cato,
2652 3247 2683 3286 a
2723 3231 3054 3287 comedenth
3095 3232 3330 3297 comedo,
3384 3231 3456 3285 ab
3499 3247 3629 3301 epu-

2031 3328 2189 3383 lando
2209 3325 2380 3396 epulo,
2408 3324 2702 3395 penultima
2731 3323 3051 3377 naturaliter
3072 3323 3220 3378 brevi
3248 3341 3262 3389 ;
3289 3340 3318 3378 a
3349 3324 3628 3394 palpando

2031 3419 2186 3490 palpo
2212 3417 2479 3488 positione
2500 3415 2654 3486 longa
2683 3423 2806 3480 est;
2841 3415 3098 3470 letiiinina
3125 3431 3360 3486 namque
3394 3416 3625 3486 plurima

2033 3521 2159 3567 sunt
2189 3509 2487 3566 derivativa
2530 3509 2690 3563 modo
2725 3509 2779 3562 in
2810 3509 2884 3570 io,
2909 3510 3069 3563 modo
3097 3509 3149 3562 in
3174 3526 3260 3579 go,
3289 3509 3455 3564 modo
3481 3510 3536 3564 in
3561 3511 3626 3562 do

2033 3600 2371 3656 desinentia.
2437 3598 2495 3653 In
2558 3599 2609 3652 io
2665 3599 2828 3668 igitur
2889 3598 3233 3652 terminantia
3305 3598 3630 3669 plerumque

2032 3707 2063 3746 a
2121 3690 2421 3761 participiis
2487 3687 2745 3759 prmteriti
2814 3688 3073 3758 temporis
3144 3687 3279 3742 ﬁunt
3309 3729 3326 3754 ,
3392 3704 3624 3758 quorum

2033 3781 2324 3851 genitivus,
2353 3787 2627 3847 assumpta
2672 3794 2702 3831 ο
2751 3786 2804 3830 et
2843 3787 3092 3848 correpta
3131 3779 3169 3844 i,
3206 3778 3337 3832 facit
3381 3779 3627 3853 hujusce-

2037 3871 2183 3925 modi
2203 3871 2419 3924 nomina
2446 3885 2460 3933 ;
2487 3878 2693 3932 oratus,
2718 3869 2880 3933 orati,
2908 3870 3075 3922 oratio
3100 3886 3118 3934 ;
3140 3877 3450 3933 accusatus,
3470 3887 3626 3926 accu.

2038 3963 2162 4027 sati,
2183 3961 2484 4024 accusatio;
2510 3969 2702 4023 status,
2725 3959 2870 4023 stati,
2895 3961 3082 4023 statio;
3099 3961 3272 4020 datus,
3296 3961 3428 4024 dati,
3447 3962 3626 4026 datio;

2037 4072 2231 4122 nexus,
2263 4055 2405 4117 nexi,
2433 4056 2584 4108 nexio
2601 4070 2621 4118 ;
2648 4053 2902 4116 abolitus,
2927 4054 3131 4118 aboliti,
3159 4052 3407 4118 abolitio;
3432 4054 3621 4117 lectus,

2038 4150 2182 4215 lecti,
2222 4148 2408 4212 lectio;
2459 4149 2714 4212 munitus,
2760 4147 2974 4210 muniti,
3015 4148 3257 4200 munitio.
3287 4146 3627 4201 lutet-nectus

2039 4253 2219 4299 autem
2267 4239 2553 4294 internecti
2601 4238 2886 4291 internecio
2938 4236 3066 4291 fecit
3111 4237 3395 4307 euphoniae
3439 4254 3624 4303 causa,

2040 4335 2247 4405 objecta
2275 4341 2312 4385 t.
2349 4329 2675 4385 Diminutiva
2699 4343 2913 4398 quoque
2934 4329 3112 4382 omnia
3140 4328 3300 4397 (ιυωὶ
3326 4337 3454 4383 ante
3477 4346 3507 4382 ο
3537 4331 3627 4383 lia-

2041 4429 2192 4492 bcnt,
2223 4427 2362 4480 hanc
2385 4423 2701 4493 corripiunt,
2730 4431 2786 4476 ut
2814 4422 2941 4485 dixi,
2991 4421 3290 4474 homuncio.
3319 4420 3376 4475 ln
3407 4439 3473 4490 go
3501 4437 3627 4476 vero

2040 4517 2363 4581 desinentia,
2411 4515 2523 4570 sive
2569 4513 2678 4567 sint
2707 4512 3025 4574 derivativa,
3070 4512 3182 4566 sive
3218 4509 3499 4580 primitiva
3533 4526 3626 4566 seu

2040 4611 2355 4680 composita,
2390 4606 2742 4676 penultimam
2773 4605 2851 4659 vel
2881 4616 3070 4658 natura
3101 4605 3184 4660 vel
3215 4606 3488 4675 positione
3515 4605 3630 4661 lon-

2039 4716 2162 4771 gam
2204 4700 2406 4754 habent
2441 4711 2454 4749 :
2485 4695 2681 4766 virago,
2733 4710 3004 4764 compago,
3057 4691 3352 4762 Carthago,
3390 4703 3625 4763 sartago,

2038 4794 2226 4865 caligo,
2260 4792 2423 4862 uligo,
2465 4789 2667 4860 rubigo,
2697 4788 2927 4858 ferrugo,
2971 4803 3168 4856 a’rugo,
3201 4788 3363 4854 virgo,
3411 4805 3622 4858 margo;

2040 4883 2307 4954 excipitur
2352 4897 2518 4936 unum
2574 4879 2699 4948 ligo,
2747 4878 2900 4947 cujus
2948 4877 3242 4947 penultima
3297 4878 3624 4948 corripitur;

2041 4990 2142 5028 nec
2187 4973 2385 5026 mirum
2426 4987 2547 5024 cum
2580 4971 2650 5024 sit
2699 4968 3057 5022 masculinum
3087 4976 3142 5022 et
3176 4966 3350 5020 solutn
3383 4967 3626 5040 dissylla-

2041 5063 2168 5118 bum
2195 5061 2434 5115 vocalem
2464 5069 2588 5113 ante
2619 5076 2682 5129 go
2709 5059 2930 5113 habens.
2964 5057 3021 5111 ln
3059 5057 3126 5110 do
3154 5057 3462 5112 desinentia
3491 5059 3600 5112 deri

2043 5152 2220 5207 vativa
2247 5159 2356 5205 tam
2379 5166 2409 5204 a
2436 5149 2742 5203 nominibus
2768 5164 2928 5217 quam
2955 5165 2985 5200 a
3013 5148 3189 5201 verbis
3218 5147 3298 5200 vel
3326 5149 3626 5219 participiis

2043 5243 2297 5298 veniunt:
2330 5243 2446 5296 haec
2474 5255 2688 5308 quoque
2719 5239 2876 5292 modo
2902 5255 2930 5291 e
2952 5237 3162 5306 longam
3199 5236 3280 5289 vel
3312 5239 3353 5300 i,
3381 5238 3542 5292 modo
3572 5247 3624 5289 tu

2047 5337 2249 5391 habent
2289 5343 2416 5387 ante
2441 5331 2507 5385 tlo
2532 5345 2549 5381 :
2578 5341 2638 5384 ut
2666 5329 2826 5391 acris,
2859 5327 3080 5392 acredo;
3126 5327 3318 5390 dulcis,
3369 5327 3625 5388 dulcedo;

2044 5425 2366 5494 iutercapio,
2414 5422 2775 5490 intercapedo;
2819 5429 3028 5490 torpeo,
3075 5419 3329 5488 torpedo;
3371 5417 3534 5482 libet,
3564 5417 3618 5469 li-

2043 5521 2161 5573 bido
2181 5537 2200 5585 ;
2231 5519 2408 5587 cupio,
2441 5516 2658 5586 cupido;
2703 5512 2953 5575 formido,
2991 5509 3270 5574 formidas,
3304 5509 3618 5577 formidinis,

2042 5609 2183 5678 quod
2209 5609 2331 5663 ideo
2361 5607 2488 5662 fecit
2517 5604 2692 5660 simile
2720 5619 2913 5658 nomen
2942 5601 3157 5657 verbale
3200 5599 3476 5671 primitivo
3508 5617 3618 5656 ver-

2041 5702 2129 5768 bo,
2159 5701 2285 5771 quia
2315 5701 2426 5771 ipsa
2463 5698 2659 5768 positio
2689 5695 2835 5751 verbi
2879 5693 3038 5749 talem
3073 5694 3260 5748 habuit
3289 5691 3535 5749 formam.
3561 5694 3612 5747 In
