3950 6192
246 375 355 430 629

1071 368 1463 428 EXCERPTIO
1500 371 1589 427 DE
1623 372 1810 428 ARTE
1843 371 2304 431 GRAMMATICA
2341 373 2696 431 PRISCIANI.

3421 378 3538 436 630‘

246 488 377 542 tudo
411 500 634 557 quoque
665 483 949 557 fortitudo,
977 483 1308 554 magnitudo,
1346 482 1626 552 habitudo,
1660 483 1849 555 ampli-
1874 488 1924 549 Α
1950 494 2181 551 eam,.ut
2207 484 2496 557 vulpecula,
2533 483 2807 552 nubecula,
2843 482 3069 540 diecula.
3101 481 3374 542 Aliavero
3402 502 3521 543 ver-

248 577 401 643 tudo,
430 576 733 647 ﬁrmitudo,
753 574 1025 639 celsitudo,
1054 574 1354 642 suavitudo,
1375 577 1395 629 i
1417 575 1839 646 antepenultima

251 670 454 741 ubique
483 678 762 737 correpta;
796 675 932 723 testa
958 668 1072 723 sive
1109 676 1269 734 testu,
1313 667 1541 735 testudo,
1572 667 1717 743 quod
1757 674 1842 723 est

250 760 565 832 corporale.
586 760 698 816 Nec
727 775 835 814 non
866 760 1046 815 omnia
1070 760 1124 813 in
1152 758 1221 813 do
1242 759 1566 824 desinentia,
1594 759 1843 831 quamvis

253 868 359 908 nou
386 854 507 908 sint
535 851 857 918 derivativo,
887 851 1240 922 penultimam
1268 868 1303 905 u
1330 852 1611 917 habentia,
1643 851 1843 922 produ-

250 954 383 1001 cunt
407 959 556 1011 eam,
595 953 791 999 natura
820 942 906 998 vel
931 943 1220 1013 positione,
1247 951 1307 998 ut
1334 944 1582 1009 hirundo,
1608 943 1839 1008 arundo,

250 1036 466 1089 hirudo.
492 1034 552 1091 In
593 1033 649 1088 al
684 1034 987 1089 desinentia
1013 1034 1448 1100 dcnominativa,
1479 1034 1525 1090 si
1569 1034 1841 1105 primitiva

250 1141 445 1181 eorum
490 1124 840 1197 penultimam
869 1133 1063 1179 natura
1109 1126 1191 1180 vel
1237 1126 1503 1195 positione
1554 1125 1842 1180 habuerint

250 1218 596 1289 productam,
639 1233 703 1274 ea
734 1234 947 1288 quoque
979 1218 1192 1286 longam
1228 1219 1433 1273 habent
1456 1218 1836 1289 penultimam;

251 1314 462 1380 cervix,
484 1313 739 1379 cervicis,
767 1311 1023 1377 cervical;
1048 1312 1316 1377 tribunus,
1341 1312 1604 1377 tribunal;
1634 1322 1840 1378 vectus,

252 1404 507 1476 vectigal;
538 1404 815 1474 lupercos,
834 1403 1100 1475 lupercal;
1122 1405 1205 1459 sin
1238 1404 1328 1457 illa
1354 1405 1594 1469 brevem,
1623 1421 1687 1459 ea
1714 1420 1843 1474 quo-

252 1512 355 1567 que
376 1504 689 1567 correptam
715 1515 730 1551 :
765 1504 938 1561 torus,
963 1496 1135 1557 toral;
1178 1497 1391 1552 animus
1420 1505 1473 1551 et
1496 1496 1698 1562 anima,
1726 1497 1842 1550 ani—

252 1588 401 1644 κιαι.-
424 1588 486 1644 In
516 1605 608 1643 unt
635 1586 938 1644 desinentia
980 1589 1298 1653 derivativo,
1348 1589 1462 1645 sive
1489 1590 1656 1643 etiam
1694 1605 1842 1645 com-

251 1681 445 1752 posita,
477 1679 727 1736 diversas
769 1679 970 1735 habent
994 1678 1235 1734 formas:
1267 1679 1513 1748 quaedam
1551 1679 1697 1734 enim
1745 1694 1840 1734 vo—

250 1768 476 1835 caietae
501 1768 706 1825 habent
728 1768 941 1840 longam
965 1768 1047 1823 vel
1071 1770 1409 1839 icorreptam
1432 1779 1557 1826 ante
1579 1788 1697 1837 um;
1719 1789 1767 1837 e,
1784 1780 1844 1826 ut

1939 574 2141 631 balium
2170 576 2226 630 in
2255 585 2485 630 mentum
2513 575 2785 637 desinunt.
2811 586 2872 631 ut
2896 593 2910 629 :
2938 575 3134 643 vestio,
3163 576 3350 643 vestis,
3380 572 3551 634 vesti-:7

1939 676 2202 732 mentum;
2249 666 2458 732 hortor,
2505 666 2761 727 hortaris,
2793 667 3213 730 hortamentum;
3248 682 3407 733 orno,
3436 664 3527 722 or;

1941 772 2060 823 nas,
2089 766 2484 821 ornamentum;
2512 772 2688 823 sacro,
2718 770 2924 822 sacras,
2952 767 3376 825 sacramentum;
3402 756 3531 812 fon.

1941 846 2031 913 do,
2062 845 2277 914 fundas,
2320 847 2759 917 fundamentum;
2799 862 3017 915 moneo,
3064 849 3328 916 monitus,
3359 851 3532 905 monii

1941 948 2205 1006 mentum;
2241 939 2373 1007 alui,
2402 939 2584 1007 alitus,
2613 940 2953 1008 alimentum;
3001 941 3225 1007 munivi,
3262 943 3523 1001 munitus.

1940 1033 2341 1087 munimentum.
2390 1033 2458 1087 Et
2509 1032 2788 1087 sciendum
2844 1031 2989 1102 quod
3044 1030 3525 1103 antepenultimam

1938 1122 2261 1193 productam
2294 1123 2512 1186 habent,
2545 1122 2630 1178 vel
2657 1132 2983 1194 correptam,
3010 1130 3172 1195 prout
3195 1122 3308 1179 sint
3337 1121 3529 1193 penul-

1943 1216 2088 1270 timae
2115 1214 2338 1286 syllabae.
2356 1215 2906 1286 praeterititemporis
2928 1229 3118 1271 eorum
3142 1214 3433 1271 verborum
3460 1229 3520 1268 ex

1941 1308 2138 1380 quibus
2193 1307 2524 1364 derivantur.
2564 1306 2623 1361 In
2674 1306 2907 1362 monium
2963 1306 3127 1361 etiam
3177 1304 3531 1361 inveniuntur

1942 1396 2218 1463 derivata,
2246 1397 2266 1451 i
2302 1404 2551 1468 correpta
2596 1396 2951 1453 antecedente
2980 1411 3064 1450 mo
3096 1395 3212 1451 sive
3240 1401 3523 1464 sequente,

1942 1496 2038 1542 ut:
2068 1486 2466 1557 patrimonium,
2494 1485 2908 1553 matrimonium,
2953 1484 3325 1539 testimonium.
3370 1482 3429 1537 In
3462 1498 3531 1536 ett

1942 1578 2240 1634 desinentia
2263 1577 2585 1644 derivativa,
2598 1594 2650 1632 m
2666 1575 3037 1640 antecedente,
3051 1589 3190 1647 pene
3211 1573 3393 1630 omnia
3406 1586 3531 1627 ver-

1941 1668 2082 1725 balia
2115 1676 2241 1724 sunt
2266 1677 2321 1725 et
2351 1676 2569 1736 neutra;
2600 1668 2725 1725 etsi
2752 1668 2861 1724 sint
2885 1683 2914 1722 a
2942 1667 3121 1740 prima
3149 1665 3533 1737 coniugatione

1942 1776 1977 1814 α
2025 1759 2241 1841 longam
2293 1761 2495 1816 habent
2540 1760 2930 1830 penultimam,
2970 1767 3073 1814 ut:
3109 1758 3274 1824 solor,
3312 1757 3528 1824 solaris,

248 1860 518 1926 olivetum,
542 1856 839 1925 coriletum,
866 1868 1112 1925 rosetum,
1140 1858 1432 1925 dumetum,
1455 1871 1753 1931 quercetum
1777 1877 1841 1916 ac

1943 1851 2214 1918 solamen;
2257 1850 2396 1919 foro,
2443 1851 2611 1918 foras,
2642 1851 2913 1921 foramen;
2950 1864 3168 1918 curvas,
3205 1863 3530 1915 curvamen;

246 1960 541 2016 scutetum,
570 1958 882 2020 myrtetum;
908 1950 996 2015 iu,
1022 1957 1082 2003 ut
1109 1950 1413 2019 augurium,
1441 1950 1718 2018 solarium,
1746 1969 1840 2022 po-

245 2044 507 2110 marium,
548 2041 817 2108 solatium,
862 2041 1121 2109 suavium,
1170 2040 1395 2106 basium,
1425 2040 1636 2107 odium,
1678 2058 1841 2097 reme-

241 2136 417 2202 dium,
464 2133 782 2191 concubium
801 2173 818 2198 ,
845 2131 1139 2204 palladium
1158 2173 1174 2198 ,
1205 2133 1460 2204 oﬁicium,
1497 2133 1838 2198 conuubium,

245 2225 574 2291 coniciunt,
614 2224 888 2290 exsilium,
930 2222 1237 2290 consilium,
1279 2223 1579 2294 judicium,
1623 2225 1838 2280 merito-

246 2315 419 2383 riunt,
458 2314 838 2386 municipium,
876 2314 1205 2385 prtesidium,
1248 2313 1592 2369 domicilium.
1636 2312 1842 2369 Conso-

245 2412 440 2461 nantes
466 2418 686 2474 Quoque
711 2412 837 2458 ante
866 2419 952 2457 um
982 2403 1237 2459 habent).
1274 2403 1571 2459 derivativa
1597 2404 1840 2460 diversas

246 2496 452 2551 habent
488 2493 732 2558 formas;
774 2493 881 2549 alia
924 2495 1085 2555 enim,
1113 2494 1167 2547 in
1200 2494 1379 2548 bulum
1426 2495 1695 2561 desinunt,
1721 2512 1842 2566 qua:

242 2588 423 2665 forma
449 2587 712 2644 assimilis
736 2595 822 2643 est
851 2586 1206 2652 diminutivis,
1249 2596 1305 2642 et
1349 2587 1574 2642 veniunt
1606 2604 1637 2642 a
1668 2588 1842 2643 nomi-

244 2681 405 2739 uibus
434 2679 529 2737 vel
552 2696 587 2736 a
631 2679 831 2744 verbis,
863 2688 960 2734 ut:
993 2693 1152 2744 cuna,
1180 2677 1532 2743 cunabulum;
1565 2680 1841 2747 vesta,vel

245 2773 437 2841 vestis,
482 2770 824 2836 uestibulum;
873 2770 1019 2836 thus,
1052 2770 1248 2834 thuris,
1279 2769 1638 2836 tlturibulum;
1683 2786 1839 2836 voco,

246 2859 816 2929 voms,.vocabulum;
865 2859 1153 2925 concilias,
1204 2858 1649 2926 conciliabulum;
1697 2871 1837 2927 Stas,

245 2954 559 3019 stabulum;
596 2968 795 3024 pasco,
857 2951 1151 3023 pabulum;
1191 2960 1399 3022 prosto,
1456 2951 1840 3023 prostibulum;

247 3045 428 3116 patior
458 3043 547 3099 vel
575 3043 748 3113 patio,
776 3041 1089 3113 patibulum.
1135 3041 1227 3114 [Et
1256 3041 1637 3097 attendendum
1655 3083 1671 3109 ,
1697 3042 1842 3112 quod

565 3132 622 3188 in
639 3132 891 3187 omnibus
910 3131 1221 3201 corripitur,
1242 3132 1667 3202 antepennltima
1688 3147 1839 3199 vero,

1942 1943 2200 2011 oblectas,
2233 1944 2584 2007 oblectamen;
2610 1959 2798 2015 purgo,
2834 1959 3057 2016 purgas,
3084 1959 3409 2015 purgamen;
3453 1942 3530 2000 ir-

1943 2034 2072 2101 rito,
2104 2035 2308 2101 irritas,
2341 2036 2651 2101 irritamen;
2675 2034 2832 2107 ligas,
2865 2034 3111 2108 ligamen.
3141 2034 3201 2092 Si
3230 2050 3261 2090 a
3291 2034 3531 2093 secunda

1941 2125 2025 2182 vel
2055 2125 2236 2192 tertia,
2266 2125 2286 2180 i
2316 2126 2518 2183 habent
2559 2135 2888 2197 correptam,
2925 2135 3024 2183 ut:
3059 2140 3281 2193 moneo,
3316 2141 3527 2195 mones,

1940 2220 2233 2284 monimen;
2261 2234 2411 2290 rego,
2440 2219 2601 2292 regis,
2633 2221 2895 2291 regimen;
2921 2227 3061 2292 tego,
3093 2218 3254 2290 tegis,
3280 2218 3527 2290 tegimen,

1941 2318 1998 2364 et
2029 2322 2127 2383 per
2152 2310 2515 2367 concisionem
2544 2320 2787 2384 tegmen,-
2812 2326 2843 2367 ει
2872 2311 3051 2383 speci:
3085 2310 3171 2366 vel
3202 2311 3385 2382 specie

1942 2400 2140 2467 cimen;
2169 2400 2256 2456 vel
2302 2418 2336 2456 a
2372 2401 2727 2473 productam,
2766 2400 2815 2457 si
2858 2400 2914 2457 in
2943 2417 3012 2456 uo
3041 2399 3239 2457 desiuit
3265 2400 3525 2467 verbum;

1941 2507 2098 2559 aeuo,
2144 2509 2401 2560 acumen;
2444 2493 2574 2560 ﬂuo,
2603 2495 2841 2565 flumen;
2885 2509 3019 2562 nuo,
3062 2508 3289 2560 numen;
3329 2505 3533 2548 numen
3638 2510 3641 2513 ν

1941 2585 2088 2641 enim
2112 2594 2196 2642 est
2219 2586 2316 2643 Dei
2339 2595 2533 2653 nutus;
2560 2585 2705 2665 unde
2723 2585 2980 2659 Virgilius
3003 2603 3027 2641 :-

2437 2687 2552 2739 lteo
2568 2690 2680 2740 sine
2702 2690 2907 2740 nomine
2930 2688 3086 2740 venti.

1942 2768 1998 2824 id
2043 2776 2164 2837 est,
2190 2770 2335 2837 sine
2373 2785 2497 2827 meo
2539 2778 2710 2838 nutu;
2766 2769 2879 2837 luo,
2933 2768 3148 2837 lumen,
3185 2782 3296 2842 quo
3343 2767 3532 2826 omnia

1942 2862 2255 2929 abluuntur,
2288 2863 2344 2918 id
2372 2870 2458 2919 est
2503 2869 2803 2934 purgantur
2842 2877 2874 2917 a
2902 2860 3159 2918 tenebris.
3189 2860 3234 2916 A
3282 2858 3466 2917 verbis
3494 2875 3531 2914 u

1944 2964 2152 3025 quarta
2179 2953 2453 3016 venientia
2478 2954 2498 3009 i
2540 2954 2860 3025 productam
2890 2952 3125 3019 habent;
3170 2951 3378 3018 munio,
3409 2967 3529 3005 mu-

1944 3048 2153 3113 nimen;
2184 3046 2348 3114 lenio,
2379 3046 2633 3114 lenimen;
2664 3045 2880 3112 molior,
2924 3043 3191 3100 molimen.
3220 3042 3406 3099 Pauca
3441 3042 3529 3097 in-

1943 3137 2236 3194 veniuntur
2262 3138 2318 3192 in
2342 3153 2408 3192 en
2438 3137 2737 3194 derivativa
2763 3136 2979 3209 generis
3004 3133 3293 3190 masculini
3321 3147 3339 3187 :
3373 3147 3404 3188 a
3430 3147 3522 3203 pe-

246 3196 539 3283 ἑίίιιλδω
562 3225 614 3291 i,
639 3224 952 3293 corripitur,
992 3196 1083 3288 ut,
1112 3196 1450 3288 vestibulum,
1496 3196 1836 3296 patibulumj
1866 3214 1911 3278 C
1943 3227 2140 3284 etendo
2166 3236 2365 3299 pecten,
2401 3243 2435 3282 a
2475 3226 2565 3284 ﬁlo
2597 3196 2843 3298 filame‘it,
2874 3226 3019 3298 quod
3061 3240 3161 3297 per
3195 3196 3533 3297 syncopaini

247 3313 349 3377 Βίιι
382 3330 551 3384 vero,
584 3332 621 3369 α
666 3314 999 3386 producitur,
1040 3323 1101 3370 ut
1148 3314 1501 3381 cunabulum,
1551 3315 1840 3385 pabulum;

246 3409 524 3481 exeipitur
564 3406 863 3473 stabulum,
901 3405 1044 3477 quod
1092 3407 1317 3477 corripit
1359 3423 1428 3471 a;
1475 3422 1576 3462 nec
1614 3407 1836 3472 mirum,

246 3514 377 3565 cum
404 3498 635 3554 verbum
665 3512 878 3568 quoque
903 3496 1130 3562 stabulo,
1157 3496 1412 3563 stabulas,
1443 3496 1691 3553 eamdem
1719 3512 1839 3551 cor-

248 3590 413 3663 ripiat
435 3587 731 3661 syllabam;
758 3596 814 3643 et
840 3585 1064 3651 stabilis,
1103 3594 1160 3641 et
1202 3596 1390 3654 status,
1421 3595 1477 3642 et
1505 3600 1839 3658 quaecunque

245 3695 285 3737 a
301 3679 472 3737 verbo
491 3689 597 3746 sto,
620 3686 753 3745 stas,
778 3678 1021 3733 derivata
1046 3676 1268 3743 fuerint,
1294 3686 1521 3747 excepto
1545 3692 1651 3732 uno
1672 3676 1839 3732 verbo

244 3772 445 3842 supino
486 3778 685 3826 statum
726 3778 782 3825 et
818 3780 1021 3825 stamen
1064 3770 1303 3837 nomine,
1341 3778 1398 3824 et
1432 3778 1660 3836 statura,
1696 3767 1843 3839 quod

248 3870 363 3917 tam
404 3875 605 3917 nomen
629 3875 791 3930 quam
822 3859 1166 3930 participium
1195 3866 1315 3915 est:
1347 3868 1579 3915 staturus
1622 3875 1838 3931 quoque

244 3961 304 4010 et
332 3960 598 4008 staturum
625 3952 1018 4021 producuntur,
1041 3950 1288 4020 quamvis
1316 3960 1505 4017 status,
1548 3959 1704 4016 stata,
1735 3961 1840 4006 sta-

245 4055 367 4098 tuus
383 4042 768 4113 corripiantur.
807 4041 1159 4098 Inveniuntur
1186 4041 1350 4096 etiam
1375 4040 1625 4111 quaedam
1654 4041 1709 4096 in
1745 4058 1837 4095 cu-

243 4133 360 4193 lum
396 4132 726 4201 desinentia,
751 4148 871 4204 qua:
898 4150 929 4188 a
959 4133 1195 4188 secunda
1224 4133 1536 4188 derivantur
1579 4148 1832 4204 persona,

246 4240 309 4286 ut
331 4228 593 4298 devertis,
626 4228 1036 4295 deverticulum;
1062 4230 1254 4295 verris,
1281 4229 1630 4294 verriculum;
1661 4232 1833 4297 vehis,

243 4321 577 4387 vehiculum;
598 4320 781 4391 perior
804 4321 1021 4392 periris,
1045 4321 1189 4377 unde
1210 4321 1412 4391 peritus
1436 4322 1580 4376 etab
1602 4335 1667 4375 eo
1691 4336 1837 4376 com-

242 4408 485 4482 positum
513 4408 812 4477 imperitus,
839 4407 1158 4479 periculum;
1184 4424 1327 4472 oras,
1359 4407 1665 4474 oraculum;
1708 4423 1836 4479 pro-

1943 3319 2139 3389 ﬂamen
2167 3318 2429 3385 dicimus;
2459 3327 2515 3374 et
2538 3334 2570 3374 a
2599 3318 2845 3374 canendo
2886 3317 3186 3389 composita
3232 3314 3533 3372 masculina

1942 3412 1962 3465 i
1990 3420 2296 3483 correptam
2322 3412 2525 3468 habent
2562 3411 2916 3484 penultimam
2941 3427 2956 3465 :
2986 3409 3213 3475 tubicen,
3262 3408 3533 3473 cornicen,

1942 3504 2163 3576 fidicen;
2191 3505 2460 3576 excipitur
2489 3520 2679 3571 unum,
2708 3504 2915 3570 tibicen,
2944 3502 3088 3573 quod
3137 3500 3259 3558 ideo
3304 3500 3476 3557 solum
3510 3503 3533 3555 i

1939 3598 2257 3668 productam
2281 3596 2470 3654 habuit
2494 3597 2867 3667 penultimam,
2894 3595 3041 3667 quod
3069 3594 3361 3669 synaeresis
3384 3591 3526 3649 facta

1941 3696 2026 3744 est
2049 3689 2277 3745 duorum
2304 3689 2345 3742 ii
2379 3689 2623 3744 brevium
2649 3688 2705 3743 in
2739 3702 2904 3742 unam
2934 3686 3168 3757 longam.
3201 3685 3261 3742 In
3297 3701 3362 3739 ar
3384 3682 3529 3739 desis

1941 3780 2128 3837 nentia
2160 3779 2482 3845 derivativo,
2512 3778 2559 3834 si
2593 3785 2983 3834 consonantem
3024 3776 3260 3832 habeant
3289 3782 3415 3829 ante
3439 3790 3522 3838 ar,

1938 3871 2237 3944 penultima
2265 3870 2469 3945 syllaba
2501 3870 2840 3942 producitur,
2864 3876 2957 3924 ut:
2989 3883 3182 3934 caesus,
3209 3883 3414 3931 ca’sar;
3443 3865 3523 3921 la-

1939 3980 2061 4032 cus,
2096 3964 2350 4030 lacunar;
2378 3962 2526 4034 lupa,
2556 3962 2783 4033 lupanar
2804 3976 2823 4014 :
2850 3962 2897 4021 si
2920 3960 3183 4025 vocalem,
3211 3957 3523 4027 corripitur,

1938 4064 2037 4113 ut:
2068 4056 2314 4126 laqueus,
2347 4054 2584 4126 laquear.
2610 4054 2671 4111 In
2698 4069 2756 4108 er
2796 4051 3098 4111 derivativa
3140 4064 3173 4104 a
3212 4046 3524 4104 nominibus

1937 4146 2194 4217 pleraque
2215 4162 2241 4201 s
2265 4152 2321 4201 et
2347 4154 2367 4199 t
2398 4144 2601 4201 habent
2628 4150 2755 4198 ante
2779 4158 2825 4209 r,
2858 4150 2918 4198 ut
2942 4160 2955 4197 :
2984 4151 3236 4213 equester,
3264 4136 3543 4209 pedester,

1939 4239 2081 4295 sicut
2102 4246 2157 4294 et
2186 4236 2506 4293 diminutiva
2535 4235 2777 4301 habent,
2800 4242 2861 4289 ut
2885 4241 3132 4298 antester,
3167 4229 3518 4302 parisitaster,

1938 4330 2285 4396 antoniaster,
2311 4326 2617 4384 catulaster.
2665 4326 2928 4398 Pleraque
2952 4323 3194 4386 verbalia
3230 4322 3521 4386 verborum

1939 4431 2327 4478 consonantem
2367 4427 2674 4490 correptam
2710 4423 2960 4483 servant,
2989 4423 3087 4471 ut:
3116 4416 3304 4481 rubeo,
3334 4414 3523 4480 ruber,-

242 4513 478 4573 pugnas,
502 4498 986 4569 propugnaculum;
1031 4499 1241 4567 obstas,
1275 4498 1632 4566 obstaculum;
1669 4501 1837 4555 mira-

1938 4511 2111 4583 pigro,
2139 4511 2321 4582 piger;
2350 4523 2593 4575 macero,
2617 4523 2811 4564 macer.
2833 4506 2891 4562 In
2932 4522 2995 4561 or
3020 4514 3078 4562 et
3100 4505 3155 4561 in
3187 4522 3255 4561 ur
3281 4520 3312 4560 a
3341 4505 3525 4562 verbis

229 4590 346 4655 ris,
378 4571 746 4653 miraculum;
776 4588 1086 4659 perpendis,
1119 4588 1579 4660 perpendiculum;
1622 4590 1829 4660 specio,

1938 4571 2153 4656 invenio
2186 4571 2312 4655 fieri
2353 4571 2657 4669 abiectione
2682 4613 2737 4663 ο,
2767 4603 2827 4651 ιιι
2860 4595 3067 4662 colore,
3095 4594 3273 4662 color;
3309 4594 3521 4664 laboro,

240 4680 444 4752 specie,
466 4678 736 4751 speculans
758 4695 859 4750 pro
882 4681 1198 4752 speciculum
1224 4695 1322 4752 per
1341 4697 1664 4753 syneopam;
1693 4681 1830 4749 fero,

238 4772 387 4839 fers,
425 4770 706 4843 ferculum.
746 4771 819 4827 Et
857 4772 1136 4829 sciendum
1182 4773 1324 4844 quod
1370 4774 1554 4830 omnia
1600 4775 1833 4847 penulti-

1936 4691 2135 4757 labor;_
2158 4691 2387 4756 honoro,
2430 4690 2628 4757 ltonor;
2673 4690 2890 4756 decoro,
2918 4690 3107 4755 decor;
3136 4689 3324 4753 adoro,
3356 4672 3522 4755 ador;

1934 4797 2236 4848 murmuro,
2251 4798 2524 4849 murmur;
2544 4795 2767 4853 auguro,
2785 4797 2990 4853 augur;
3005 4788 3213 4849 saturo,
3234 4789 3416 4847 satur;
3431 4796 3528 4836 cu-

238 4876 393 4918 m“!
440 4878 477 4916 ⁸
510 4861 847 4935 corripiunt:
878 4861 1129 4918 δίωίηιθτ
1170 4869 1227 4917 ei
1257 4863 1575 4921 diminutiva
1615 4881 1735 4935 (tute
1774 4866 1832 4924 in
1924 4871 2361 4943 jpslemininum
2386 4883 2592 4939 satura,
2618 4879 2678 4928 et
2711 4880 2965 4931 neutrum
2995 4883 3258 4931 saturum.
3284 4871 3407 4926 Alia
3432 4886 3521 4926 as-

235 4952 416 5019 culus,
440 4950 584 5018 culo,
611 4952 807 5020 culum,
831 4960 887 5009 et
929 4952 1072 5020 ulus,
1102 4953 1225 5020 ula,
1267 4953 1413 5011 ulum
1457 4956 1738 5024 desinunt,
1770 4967 1832 5014 ut

233 5043 528 5115 igniculus,
555 5042 815 5111 tantulus,
855 5042 1084 5115 regulus,
1130 5044 1392 5110 navicula,
1438 5047 1667 5113 tantula,
1707 5065 1828 5104 cor-

232 5132 550 5204 pusculum,
591 5133 898 5205 capitulum,
922 5126 1153 5207 quorum
1184 5143 1240 5191 et
1264 5140 1640 5208 quaecunquei
1672 5147 1827 5194 antc-

232 5226 590 5299 penultimam
615 5228 835 5291 habent,
864 5228 1109 5285 eamdem
1136 5229 1488 5297 breviant,ut
1508 5230 1825 5299 dulciculus,

232 5317 544 5384 dulcicula,
589 5318 949 5384 dulciculum,
1000 5305 1320 5387 mouticula,
1366 5320 1615 5389 ﬁdicula,
1654 5324 1826 5380 corni-

232 5408 437 5474 culum,
470 5408 783 5475 versiculus,
814 5408 1048 5472 anicula,
1078 5411 1394 5481 geniculum.
1426 5412 1708 5484 Excipitur
1734 5431 1826 5473 cus-

208 5496 439 5569 'ticula,
487 5499 635 5569 quod
686 5498 706 5552 i
752 5498 809 5555 in
860 5500 1284 5573 antepenultima
1333 5501 1604 5569 producit.
1658 5501 1823 5561 luve-

232 5587 421 5644 nalis:

425 5678 673 5731 Conbibet
690 5682 920 5733 asttvum
943 5687 1189 5736 contracts
1211 5683 1424 5736 cuticula
1439 5685 1596 5737 solem
1614 5725 1630 5751 ,

230 5780 294 5828 et
321 5772 554 5844 apicula.
583 5773 715 5844 Qua:
742 5788 873 5832 vero
898 5792 926 5832 e
954 5785 1079 5834 ante
1107 5777 1228 5834 cula
1267 5779 1469 5838 habent
1507 5783 1816 5855 producunt

1930 4970 2150 5019 sumunt
2173 4962 2341 5019 verbo
2364 4979 2423 5031 r,
2442 4974 2501 5018 ut
2527 4978 2723 5031 tame,
2749 4962 3104 5031 amen-fure,
3142 4964 3312 5038 furor.
3342 4961 3460 5016 Alia
3485 4975 3518 5014 a

1929 5055 2230 5128 participiis
2258 5064 2470 5114 mutant
2488 5073 2554 5111 us
2581 5055 2636 5111 in
2666 5067 2829 5124 or,.et
2859 5057 2976 5129 ejus
2999 5063 3255 5115 accentus
3278 5063 3515 5124 servant,

1929 5154 1989 5202 ut
2014 5156 2254 5215 senatus,
2281 5156 2524 5213 senator;
2564 5147 2825 5215 monitus,
2854 5148 3104 5203 monitor.
3140 5145 3208 5201 Et
3235 5144 3515 5201 sciendum

1929 5238 2074 5309 quod
2121 5238 2304 5295 omnia
2350 5239 2718 5308 comparativa
2754 5239 2809 5293 in
2841 5253 2904 5293 or
2945 5237 3246 5297 desinentia
3277 5237 3509 5307 penulti-

1931 5347 2075 5387 mam
2098 5332 2117 5386 i
2143 5347 2358 5405 semper
2378 5341 2682 5406 correptam
2714 5331 3047 5400 babent,,,ut;
3071 5332 3265 5399 senior,
3288 5333 3512 5401 doctior,

1929 5422 2159 5492 ﬁdelior,
2191 5423 2476 5479 masculini
2504 5432 2560 5480 et
2587 5423 2833 5480 feminini
2866 5423 3103 5496 generis,
3138 5424 3218 5481 sic
3241 5432 3512 5482 eteorum

1930 5521 2145 5581 neutra,
2173 5521 2235 5569 ut
2259 5515 2485 5581 doctius,
2512 5513 2743 5585 ﬁdelius.
2773 5513 2831 5570 In
2854 5531 2914 5569 as
2930 5515 3240 5571 desinentia
3269 5516 3514 5573 denomi-

1932 5607 2133 5673 nativa,
2158 5607 2204 5663 si
2228 5609 2247 5661 i
2275 5607 2475 5664 habent
2510 5606 2864 5679 penultimam
2900 5616 2995 5663 aut
3026 5625 3074 5676 e,
3099 5610 3420 5683 corripiunt,
3451 5616 3511 5671 ut
3582 5675 3593 5686 ,

1923 5696 2143 5765 probus,
2181 5696 2362 5768 probi,
2392 5697 2655 5769 probitas;
2680 5697 2877 5766 bonus,
2905 5697 3052 5769 boni,
3093 5699 3331 5768 bonitas;
3350 5700 3509 5769 timi-

1924 5786 2051 5855 dus,
2076 5788 2273 5855 timidi,
2300 5788 2588 5857 timiditas;
2617 5789 2759 5861 pius,
2801 5790 2904 5862 pii,
2944 5792 3146 5863 pietas;
3177 5794 3377 5860 socius,
3421 5809 3509 5849 so-
