3950 6192
410 288 507 345 631

1020 282 1083 340 Β.
1120 280 1374 343 RABANI
1409 280 1630 344 MAURI
1670 280 1987 345 ARClllEl".
2026 282 2334 349 MOGUNT.
2374 284 2669 351 OPERUM
2707 287 2890 365 PARS
2929 288 3019 345 lll.

3555 294 3661 383 osa

407 406 502 470 cii,
529 404 783 468 societas;
824 415 1014 470 capax,
1043 399 1255 471 capaci,
1284 401 1578 471 rapacitas;
1620 399 1746 456 felix
1764 440 1779 466 ,
1813 400 1975 465 felici,
2007 407 2056 465 Λ
2083 403 2303 469 habent,
2326 411 2388 457 ut
2413 402 2565 467 tedis,
2592 403 2795 469 ceditis;
2821 418 3010 470 senex,
3034 406 3251 473 senilis;
3284 422 3440 475 anus,
3473 412 3664 469 anilis:

409 498 664 569 felicitas;
691 495 857 561 celer,
882 491 1066 558 celeri,
1095 491 1366 558 celeritas;
1410 501 1617 559 auctor,
1649 492 1937 546 auctoritas
1966 504 1986 545 :

408 587 654 660 qundam
684 584 826 643 enim
870 584 1173 655 producunt
1207 600 1257 647 e,
1305 589 1365 637 ut
1400 596 1625 652 pauper,
1664 588 1986 651 paupertas;

406 682 562 747 uber,
592 680 839 743 ubertas;
881 674 1074 745 major,
1107 673 1375 745 majestas.
1406 673 1546 729 Sunt
1590 678 1769 728 autem
1798 687 1866 728 ex
1900 671 1985 728 his

408 773 652 845 quaedam
682 750 1008 830 eorumunia,
1036 775 1098 824 ut
1123 766 1341 838 primas,
1376 764 1620 838 optimas,
1663 758 1853 820 ultima
1885 760 1987 819 clr-

408 861 688 921 cumllcxa.
710 862 768 918 In
799 878 851 917 cs
879 860 1129 915 desinunt
1167 867 1469 929 correptam
1505 854 1903 912 denominativa
1930 862 1985 911 et

407 955 665 1019 verbalia,
707 961 767 1008 ut
807 968 981 1022 eques,
1027 951 1245 1022 equitis;
1283 957 1448 1012 strua,
1481 957 1684 1013 strues;
1714 946 1873 1017 sepia,
1904 963 1985 1000 se-

404 1063 512 1118 pes.
543 1045 601 1103 ln
642 1061 697 1100 es
741 1043 1057 1113 productam
1108 1037 1287 1096 inveni
1329 1038 1598 1105 verbalia,
1641 1046 1702 1094 ut
1743 1037 1980 1103 luxurio,

405 1136 669 1199 luxuries;
705 1133 906 1197 illuvio,
932 1130 1154 1186 illuvies.
1177 1126 1529 1186 Inveniuntur
1560 1144 1774 1200 quoque
1800 1138 1981 1199 patro-

407 1226 620 1298 nymica
663 1224 823 1293 huius
852 1220 1057 1289 formte,
1098 1228 1160 1277 ut
1187 1217 1548 1277 Anchisiades.
1576 1220 1654 1276 De
1685 1221 1788 1275 hac
1816 1218 1983 1291 igitur

407 1314 577 1374 forma
610 1328 714 1389 qua
744 1322 968 1371 utuntur
995 1313 1186 1377 nostri,
1215 1311 1524 1377 diligentius
1560 1309 1842 1367 dicendum
1874 1316 1979 1366 est.

405 1426 529 1466 nam
558 1408 603 1464 si
641 1408 999 1463 nominativus
1032 1403 1251 1461 Gnaeus
1280 1403 1334 1457 in
1360 1425 1423 1466 ας
1447 1402 1686 1462 desinat.
1713 1400 1980 1473 genitivus

403 1517 534 1560 vero
564 1503 618 1556 in
647 1522 709 1556 ου
736 1499 1124 1570 diphthongon,
1153 1513 1185 1550 a
1213 1494 1503 1566 penultima
1530 1494 1711 1549 brevis
1736 1502 1863 1549 ante
1887 1492 1978 1547 des

404 1592 676 1649 invenitur
713 1592 767 1647 in
814 1590 1205 1662 patronymico,
1247 1597 1306 1646 ut
1349 1580 1546 1652 Pelias,
1578 1582 1852 1651 Peliades;
1881 1585 1978 1641 ΑΞ-

403 1700 556 1751 neas,
591 1678 893 1750 Eneades;
939 1682 1245 1747 Memmius,
1293 1680 1666 1747 Menoetiades;
1695 1674 1973 1745 Lerchios,

404 1768 733 1830 Lerchiades.
761 1770 893 1828 Nam
920 1772 1171 1828 incides
1204 1771 1376 1842 magis
1404 1779 1591 1827 contra
1622 1769 1860 1842 regulam
1889 1787 1981 1826 au-
2009 1785 2054 1847 Β

400 1866 648 1923 claritate
683 1867 889 1938 poetica
912 1864 1093 1936 posuit
1124 1862 1377 1936 Virgilius
1411 1863 1465 1918 in
1490 1880 1569 1928 ις,
1596 1880 1624 1918 e
1652 1872 1708 1918 et
1736 1881 1768 1917 a
1799 1876 1979 1918 corre-

399 1963 520 2030 ptas
547 1958 600 2012 in
625 1952 645 2013 i
670 1954 986 2029 productam
1014 1964 1336 2011 convertens
1362 1973 1375 2008 :

523 2069 600 2118 Sit
624 2071 759 2129 satis,
783 2066 1013 2127 Aineide,
1035 2066 1151 2116 telis
1170 2066 1366 2128 impune
1391 2062 1660 2125 Numanum

521 2130 806 2194 (lppetilsse
826 2131 939 2179 tuis.
962 2166 976 2180 .
1004 2166 1018 2177 .
1044 2163 1057 2176 .
1084 2164 1099 2178 .

399 2227 678 2304 Hippotes,
702 2226 1041 2305 liippatades;
1066 2226 1246 2298 butes,
1276 2229 1524 2297 butades;
1554 2227 1855 2294 Corinctes,
1879 2228 1977 2282 Co-

395 2326 663 2388 rinctides.
686 2326 705 2381 ί
729 2325 1024 2398 penultima
1048 2320 1219 2379 brevi.
1245 2322 1604 2395 Excipiuntur
1629 2329 1806 2376 tamen
1836 2321 1971 2387 inec,

393 2438 515 2493 quae
546 2428 735 2481 contra
760 2418 999 2490 regulam
1035 2416 1361 2487 penultimas
1390 2414 1605 2473 vocales
1647 2415 1970 2486 producunt,

392 2513 627 2579 italides,
672 2511 936 2574 demades,
976 2509 1233 2575 codrides,
1264 2506 1593 2581 licoargitles,
1637 2503 1854 2578 lagides,
1889 2506 1972 2560 be.

392 2600 542 2665 litles.
584 2599 833 2667 everirles,
863 2596 1194 2657 licamedides
1219 2615 1239 2652 :
1267 2601 1385 2656 haec
1416 2599 1555 2671 apud
1588 2597 1807 2655 Griecos
1844 2613 1973 2654 con-

393 2699 477 2755 tra
526 2691 763 2764 regulam
805 2691 1157 2764 penultimam
1201 2688 1570 2762 diphthongon
1616 2686 1836 2754 habent,
1872 2704 1972 2758 pro

390 2795 496 2856 nua
527 2762 671 2845 nasi
697 2762 910 2855 longam
952 2778 1222 2854 ponimus.
1269 2780 1326 2836 ln
1362 2780 1407 2837 is
1431 2780 1829 2838 denominativa
1858 2776 1972 2835 sive

391 2872 631 2934 verbalia
683 2869 879 2931 multas
927 2881 984 2929 et
1033 2871 1276 2928 diversas
1324 2870 1526 2927 habent
1570 2866 1826 2925 formas:
1865 2863 1968 2923 alia

388 2971 532 3027 enim
560 2969 615 3025 in
641 2967 768 3033 alis,
795 2966 902 3023 alia
936 2967 991 3022 in
1014 2965 1131 3032 elis,
1154 2963 1271 3043 alia
1310 2964 1361 3018 in
1395 2958 1503 3028 ilis,
1532 2958 1656 3028 ulis,
1686 2960 1967 3028 liniuntur,

389 3069 451 3116 ut
474 3056 715 3126 curialis,
740 3057 933 3129 ﬁdelis,
977 3057 1185 3121 docilis,
1211 3052 1398 3123 virilis,
1445 3052 1675 3120 curulis;
1706 3053 1808 3108 alia
1839 3067 1968 3108 vero

2086 506 2243 562 puer,
2277 491 2530 564 puerilis;
2559 493 2659 557 vir,
2689 494 2889 562 virilis;
2934 510 3144 565 scurra,
3189 502 3459 570 scurrilis;
3505 507 3667 575 civis,

2085 582 2289 648 civilis;
2332 594 2543 649 servus,
2578 584 2813 651 servilis;
2842 587 3083 656 quintus,
3134 590 3409 661 quintilis;
3453 605 3665 663 sextus,

2084 672 2319 741 sextilis;
2344 688 2494 745 gens,
2520 676 2762 746 gentilis;
2802 677 2995 744 hostis,
3040 680 3282 745 hostilis;
3308 684 3508 751 subtel,
3537 689 3668 742 sub-

2081 760 2190 819 tilis
2206 781 2226 819 :
2247 764 2515 835 excipitur
2536 781 2656 837 par,
2677 764 2879 837 parilis.
2921 767 3091 827 Exilis
3122 771 3287 828 etiam
3306 784 3333 815 ι

2082 852 2284 910 factum
2306 895 2323 920 ,
2368 855 2888 913 denominativorum
2931 863 3167 917 servabit
3220 864 3483 937 regulam“.
3525 869 3665 925 Nam

2082 943 2136 998 in
2181 943 2268 999 itis
2313 944 2611 1001 desinentia
2654 947 2894 1004 verbalia
2938 950 3054 1006 sive
3098 954 3453 1027 participialia
3488 961 3666 1015 corri-

2080 1034 2234 1104 piunt
2266 1035 2511 1091 eamdem
2555 1037 2578 1091 i
2620 1039 2973 1107 penultimam
3011 1059 3027 1096 :
3068 1042 3202 1110 fero,
3252 1047 3477 1115 fertilis;
3516 1059 3662 1113 utor,

2080 1119 2260 1188 utilis;
2286 1120 2478 1188 futtuo,
2511 1124 2735 1195 futtilis;
2758 1127 2901 1193 volo,
2927 1129 3185 1199 volatilis;
3209 1141 3408 1200 textus,
3432 1139 3631 1193 textilis
3646 1158 3669 1203 ;

2081 1211 2219 1267 altus
2245 1212 2330 1267 vel
2355 1213 2537 1280 alitus,
2566 1215 2766 1282 altilis;
2802 1216 2978 1285 ﬁctus,
3008 1220 3206 1290 ﬁctilis.
3244 1223 3335 1281 Sic
3361 1234 3417 1281 et
3460 1227 3513 1281 in
3544 1228 3669 1283 bilis

2079 1302 2383 1359 desinentia
2416 1308 2600 1363 omnia
2630 1309 2981 1378 penultimam
3007 1312 3027 1365 i
3049 1314 3369 1385 corripiunt,
3398 1326 3453 1372 et
3480 1323 3526 1373 sl
3553 1320 3668 1374 sint

2078 1409 2110 1449 a
2135 1395 2312 1451 verbis
2341 1395 2529 1467 prima:
2558 1396 2969 1471 coniugationis,
2996 1419 3031 1457 a
3064 1402 3277 1474 longam
3318 1405 3522 1463 habent
3556 1424 3664 1463 an-

2078 1486 2505 1556 tepenultimam,
2529 1498 2589 1545 ut
2617 1506 2762 1559 amo,
2789 1509 2960 1560 amas,
2987 1497 3263 1565 amabilis;
3292 1509 3537 1570 penetro,
3570 1518 3669 1572 pe-

2077 1583 2282 1641 netras.
2326 1578 2695 1651 penetrabilis;
2729 1594 2886 1655 paro,
2919 1602 3102 1658 paras,
3146 1592 3434 1661 parabilis;
3466 1596 3667 1663 miror,

2077 1668 2311 1737 miraris,
2338 1671 2631 1739 mirabilis;
2655 1687 2884 1748 excepto
2907 1679 3135 1738 stabilis.
3159 1682 3409 1743 Lucanus
3430 1687 3488 1743 in
3512 1703 3588 1745 γε

2207 1781 2358 1847 Quam
2385 1794 2479 1831 non
2503 1796 2533 1833 e
2554 1785 2718 1836 stabili
2745 1787 2955 1839 tremulo
2975 1789 3065 1841 sed
3091 1791 3309 1844 culmine
3332 1803 3509 1847 cuncta

2207 1841 2515 1906 Despiceret.

2079 1950 2208 2018 Qua:
2236 1968 2364 2010 vero
2401 1968 2433 2010 a
2476 1955 2658 2012 verbis
2688 1960 2939 2017 secunda:
2967 1963 3053 2019 vel
3098 1966 3291 2032 tertite,
3332 1967 3419 2023 vel
3449 1978 3667 2039 quarta
3724 1942 3731 1949 I

2077 2043 2471 2116 coniugationis
2498 2059 2813 2117 nascuntur,
2842 2052 2886 2106 si
2916 2055 3396 2124 antepenultimam
3422 2059 3668 2117 habeant

2074 2135 2112 2201 i,
2131 2151 2249 2191 eam
2271 2152 2484 2207 quoque
2501 2138 2831 2209 corripiunt:
2849 2141 3041 2204 doceo.
3060 2145 3330 2213 dacibilis;
3346 2150 3533 2216 credo,
3551 2158 3668 2207 cre-

2074 2223 2286 2291 dibilis;
2307 2235 2448 2292 utor,
2479 2228 2648 2292 utilis,
2673 2230 2904 2298 ntibilis;
2932 2234 3135 2301 sensio,
3165 2239 3332 2303 sensi,
3361 2241 3666 2309 sensibilis;

2073 2314 2256 2379 audio,
2298 2316 2565 2372 audibilis.
2605 2317 2893 2375 Sciendum
2941 2332 3119 2380 tamen
3160 2329 3302 2396 quod
3336 2333 3592 2400 quadam
3633 2348 3665 2388 a

2073 2405 2347 2474 prmsenti,
2374 2407 2621 2476 quaedam
2665 2418 2733 2465 ex
2778 2413 3074 2480 praeterito,
3101 2416 3345 2486 qundam
3375 2434 3443 2475 ex
3474 2420 3668 2479 latin-0

2072 2490 2416 2559 derivantur;
2443 2509 2507 2550 ex
2537 2498 2808 2566 praesenti,
2832 2508 2893 2554 ut
2915 2500 3103 2569 doceo,
3128 2505 3401 2573 tlacibilis;
3420 2524 3489 2564 ex
3513 2522 3665 2581 prm-

2074 2580 2255 2647 terito,
2283 2592 2343 2637 ut
2368 2584 2560 2654 plausi,
2587 2585 2912 2658 plausibilis;
2940 2607 3005 2647 ex
3039 2592 3237 2660 futuro,
3274 2606 3336 2652 ut
3374 2580 3539 2666 ﬂebo,
3570 2603 3668 2672 με.

2072 2672 2209 2739 bilis,
2248 2676 2387 2731 unde
2415 2691 2445 2730 e
2481 2678 2799 2746 productam
2831 2691 2956 2738 ante
2985 2685 3014 2738 ὸ
3039 2684 3246 2742 habuit.
3276 2689 3336 2743 ‘ln
3371 2692 3484 2746 aris
3517 2694 3668 2749 dest-

2070 2766 2254 2820 nentia
2282 2766 2598 2825 derivantur
2621 2785 2650 2824 a
2680 2772 3007 2837 nominibus.
3036 2778 3223 2832 ultima
3250 2790 3406 2850 parte
3430 2785 3665 2853 genitivi

2072 2854 2126 2909 in
2153 2871 2186 2907 a
2210 2853 2423 2925 longam
2449 2873 2730 2925 conversa,
2756 2870 2812 2915 et
2837 2874 3056 2919 sumunt
3078 2868 3170 2930 ris,
3197 2878 3256 2923 ut
3281 2872 3540 2945 populus.
3566 2890 3667 2946 po-

2068 2946 2200 3018 puli,
2227 2946 2533 3017 popularis;
2560 2950 2825 3022 singulas,
2852 2953 3068 3026 singuli,
3092 2959 3414 3029 singularis;
3442 2964 3661 3034 Apollo,

2068 3034 2351 3106 Apollinis,
2378 3038 2736 3108 Apollinaris;
2758 3044 2961 3109 schola,
2990 3048 3205 3114 scholae,
3238 3051 3539 3121 sclrolaris;
3569 3072 3671 3127 pc.-

387 3148 443 3207 ιη
472 3149 569 3216 ris,
594 3167 627 3205 a
652 3122 809 3220 una.
835 3122 1203 3223 antecedente,
1227 3156 1288 3201 ut
1316 3122 1655 3217 Apollinaris,
1678 3140 1964 3210 scltolaris;
1992 3122 2037 3185 Ο
2068 3129 3403 3223 euliumgpeculii.peculiaris;mola,mol=e.molaris
3419 3164 3439 3207 :
3457 3122 3660 3213 velum.

388 3236 492 3297 alia
526 3233 578 3295 in
623 3240 784 3305 ensis,
825 3246 887 3295 ut
911 3234 1272 3305 Atheniensis;
1302 3234 1403 3292 alia
1445 3237 1578 3291 duas
1606 3242 1965 3291 consonantes

387 3327 592 3386 habent
615 3339 739 3387 ante
781 3328 844 3393 is,
877 3337 936 3385 ut
979 3329 1217 3400 agrestis,
1250 3322 1536 3389 muliebris,
1569 3315 1799 3389 Samnis,
1828 3323 1961 3378 insi-

341 3451 362 3471 .
384 3421 522 3495 guis.
560 3415 702 3493 Ergo
728 3422 780 3477 in
810 3420 910 3476 alis
935 3421 1232 3477 desinentia
1262 3416 1346 3474 vel
1375 3417 1480 3486 ale,
1510 3418 1555 3474 si
1590 3417 1698 3473 sint
1732 3433 1763 3471 a
1792 3416 1966 3471 nomi-

384 3514 547 3571 nibus
606 3512 794 3584 primae
849 3511 1253 3578 declinationis,
1302 3503 1586 3567 assumunt
1632 3507 1965 3565 nominativo

383 3602 777 3674 primitivorum
812 3600 877 3656 lis
906 3596 991 3657 vel
1017 3600 1084 3668 le,
1111 3608 1165 3656 et
1194 3598 1497 3669 producunt
1530 3617 1562 3654 a
1592 3599 1958 3670 penultimam,

386 3702 449 3750 ut
491 3693 677 3760 curia,
720 3689 970 3757 curialis;
1015 3692 1306 3757 memoria,
1356 3689 1707 3755 memorialis;
1754 3704 1959 3753 mensa,

385 3778 642 3849 mensula;
670 3783 782 3849 via,
815 3782 1005 3838 violis:
1037 3783 1119 3839 sin
1146 3783 1411 3849 secundae,
1441 3790 1738 3837 extremam
1773 3782 1792 3835 i
1815 3781 1964 3851 geni-

389 3874 515 3941 tivi;
543 3874 624 3931 sin
655 3868 847 3940 tertiae,
875 3873 921 3929 is
949 3880 1160 3929 mutant
1189 3874 1242 3928 in
1272 3892 1303 3928 a
1333 3872 1567 3944 longam,
1598 3882 1652 3928 et
1682 3878 1962 3927 assumunt

385 3962 474 4030 lis,
504 3966 565 4021 ut
594 3962 837 4029 Martius,
865 3959 1060 4028 Martii,
1094 3958 1387 4030 martialis;
1422 3960 1628 4024 ﬂuvius.
1662 3961 1827 4026 lluvii,
1860 3963 1962 4033 flu-

386 4054 565 4123 vialis;
612 4051 778 4123 liber,
819 4054 1008 4123 liberi,
1057 4053 1326 4120 liberalis;
1377 4054 1681 4118 theatrum,
1730 4053 1960 4120 theatri,

386 4142 688 4212 theatralis;
727 4152 905 4218 caput,
938 4145 1153 4216 capitis,
1193 4142 1465 4215 capitalis;
1504 4141 1677 4214 virgo,
1715 4144 1960 4215 virginis,

385 4233 687 4306 virginalis;
720 4232 976 4300 cardinis,
1004 4234 1322 4300 cardinalis';
1368 4234 1615 4306 hospitis,
1655 4234 1960 4301 hospitalis;

386 4330 558 4394 navis,
586 4329 822 4395 navalis;
847 4328 1010 4393 dotis,
1038 4327 1256 4393 dotalis,-
1299 4322 1464 4393 ﬂoris,
1497 4326 1736 4398 ﬂaralis:
1771 4341 1963 4397 corpo-

385 4418 484 4482 ris,
512 4418 829 4487 earporal's;
861 4417 1082 4483 ctelibis,
1122 4419 1400 4485 ctelibalis;
1419 4417 1651 4489 juvenis,
1674 4419 1956 4490 juvenalis,

385 4508 468 4561 vel
505 4502 785 4578 juvenilis;
825 4510 1096 4582 princeps,
1143 4511 1422 4583 principis,
1459 4510 1797 4584 principalis;
1832 4528 1957 4579 vox,

384 4598 552 4661 vocis,
581 4598 770 4653 vocalis
794 4613 812 4650 :
850 4599 893 4655 si
932 4614 963 4654 a
989 4611 1196 4669 quartae
1236 4601 1609 4657 declinationis
1651 4600 1958 4659 nominibus

384 4683 714 4748 deriventur,
740 4684 945 4755 ahjccta
968 4704 1025 4754 s;
1056 4686 1101 4743 si
1131 4704 1161 4742 a
1187 4690 1406 4759 quintae,
1430 4706 1483 4743 es
1512 4704 1578 4743 ex
1604 4690 1955 4755 nominativo,

382 4786 437 4831 et
482 4780 764 4831 assumunt
789 4775 912 4842 alis,
940 4785 999 4831 ut
1026 4793 1237 4844 manus,
1266 4760 1566 4844 maliuolis;
1597 4793 1809 4845 census,
1840 4796 1956 4835 cen-

385 4864 578 4933 tualis;
623 4864 855 4938 species,
897 4866 1156 4938 specialis.
1188 4864 1434 4924 Verhalia
1461 4882 1674 4941 quoque
1719 4886 1748 4925 a
1783 4873 1954 4942 prima

381 4952 757 5029 conjugatione
803 4954 1148 5014 inveniuntur
1175 4960 1229 5015 in
1266 4960 1389 5026 alis,
1425 4969 1486 5014 ut
1525 4963 1771 5031 penetro,
1800 4978 1955 5032 pene-

379 5049 548 5105 tralis.
572 5046 628 5106 lu
652 5048 745 5106 elis
766 5045 936 5122 pauca
964 5051 1176 5106 invenio
1194 5050 1589 5106 denominativa
1616 5070 1629 5105 :
1663 5052 1817 5117 lldus,
1843 5053 1956 5120 ﬁt“,

280 5132 295 5152 ‘
379 5137 588 5207 ﬁdelis;
619 5140 836 5219 crudus,
869 5138 1040 5205 crudi,
1074 5137 1335 5206 crudelis;
1364 5147 1606 5211 patrons.
1636 5140 1832 5211 patrui,
1864 5160 1957 5214 pa-

380 5227 594 5293 truelis;
618 5229 804 5295 frater,
831 5228 1038 5294 fratris,
1083 5229 1370 5302 fratruelis.
1404 5229 1471 5286 Et
1498 5240 1623 5286 nota
1666 5235 1806 5302 quod
1845 5248 1959 5287 om-

375 5319 468 5372 nia
496 5327 791 5375 extremam
819 5321 1076 5393 syllabam
1106 5321 1325 5393 genitivi
1357 5322 1409 5376 in
1438 5339 1466 5376 e
1494 5321 1810 5394 productam
1838 5336 1956 5377 mu-

380 5407 545 5463 tantia
581 5419 987 5482 assumpserunt
1020 5412 1084 5467 lis
1108 5428 1127 5467 :
1162 5410 1330 5468 frater
1370 5427 1501 5467 vero
1530 5411 1736 5477 fratris,
1762 5414 1806 5467 is
1835 5413 1888 5468 in
1919 5424 1956 5467 τι

380 5510 662 5565 conversa,
697 5504 989 5574 assttmpsit
1021 5500 1132 5558 elis.
1161 5502 1353 5560 Omnia
1382 5505 1433 5559 in
1466 5504 1548 5558 ilis
1577 5520 1697 5577 quae
1722 5521 1752 5559 a
1788 5502 1956 5558 nomi-

292 5622 298 5627 -
379 5582 539 5642 ttlbus
582 5590 910 5658 derivantur,
952 5608 1055 5649 nec
1096 5610 1200 5648 non
1234 5594 1285 5648 in
1317 5595 1385 5649 ile
1431 5603 1619 5649 neutra
1642 5636 1656 5659 ,
1692 5595 1953 5664 ilongam

454 5709 477 5736 ι
514 5691 681 5754 Locus
711 5712 995 5771 corruptus
1022 5715 1076 5759 et
1103 5704 1259 5758 simul
1285 5721 1523 5759 mancus.

2067 3220 2189 3283 veli,
2219 3222 2407 3289 velare,
2430 3236 2699 3282 neutrum.
2722 3225 2779 3282 ln
2802 3228 2941 3284 ensis
2965 3229 3285 3298 desinentia,
3304 3234 3354 3289 si
3378 3236 3491 3291 sint
3513 3254 3547 3292 a
3570 3255 3675 3294 no-

2064 3313 2300 3370 minibus
2318 3316 2506 3384 primte
2531 3318 2616 3373 vel
2639 3319 2888 3374 secunda:
2913 3319 3304 3386 declinationis.
3327 3334 3548 3382 mutant
3567 3344 3665 3383 ex-

2066 3418 2294 3465 tremam
2319 3419 2530 3481 partem
2573 3412 2886 3468 nominativi
2915 3414 3203 3485 singularis
3234 3417 3316 3472 vel
3346 3418 3582 3488 pluralis
3606 3421 3664 3475 in

2064 3518 2152 3567 en,
2168 3511 2222 3557 et
2245 3511 2464 3558 sntmmt
2486 3504 2579 3569 sis,
2602 3510 2662 3558 ut
2685 3523 2697 3558 :
2722 3505 2865 3560 circa
2887 3502 3095 3577 [ΓΜ-ιε,
3118 3507 3345 3580 circus],
3366 3510 3666 3576 circensis;

2067 3591 2338 3659 Sardinia,
2368 3594 2761 3660 Sardiniensls;
2787 3605 3044 3660 castrum,
3067 3600 3381 3664 castrensis;
3399 3600 3659 3667 Athana,

2064 3683 2409 3751 Atheniensis,
2441 3686 2582 3755 quod
2611 3687 2628 3739 i
2655 3686 2841 3741 habuit
2866 3688 3147 3757 euphonia:
3170 3690 3356 3743 causa.
3384 3688 3486 3744 Sin
3522 3704 3661 3747 vero

2063 3776 2237 3832 tertiae
2262 3790 2387 3833 sunt
2411 3778 2804 3844 declinationis,
2834 3779 3091 3848 abjiciunt
3115 3792 3418 3837 extremam
3445 3802 3473 3838 s
3506 3786 3666 3857 genia

2063 3867 2178 3933 tivi,
2202 3875 2257 3923 et
2284 3877 2565 3923 assumunt
2593 3871 2753 3935 ensis,
2782 3878 2836 3924 ut
2862 3872 3103 3940 pistoris,
3134 3872 3498 3942 pistoriensis;
3523 3876 3663 3932 Car-

2062 3956 2318 4029 thaginis,
2344 3958 2789 4031 Carthaginensis.
2816 3959 2945 4028 Quae
2971 3977 3101 4018 vero
3126 3963 3258 4019 duos
3286 3977 3664 4025 consonantes

2062 4046 2265 4103 habent
2290 4057 2415 4105 ante
2442 4051 2510 4115 is,
2536 4049 2620 4105 vel
2649 4065 2680 4105 a
2709 4052 3042 4108 nominativo
3068 4054 3199 4108 llunt
3224 4055 3660 4127 primitivornm,

2062 4139 2272 4208 abjecta
2305 4141 2421 4211 ejus
2468 4150 2708 4196 extrema
2756 4145 2966 4210 littera,
3004 4153 3060 4199 et
3100 4153 3380 4216 assumpta
3424 4149 3567 4215 bris,
3603 4160 3667 4205 ut

2061 4231 2239 4297 salus,
2289 4231 2553 4297 salubris;
2599 4233 2812 4301 mulier,
2852 4235 3155 4302 muliebris;
3184 4238 3269 4291 vel
3309 4255 3339 4292 a
3384 4242 3659 4310 genitivo,

2062 4334 2267 4380 mutata
2294 4322 2410 4393 ejus
2435 4335 2676 4381 extrema
2706 4336 2859 4397 parte
2886 4329 2941 4382 in
2976 4346 3025 4394 e,
3053 4338 3106 4383 et
3135 4340 3409 4399 assumpta
3439 4334 3542 4387 stis
3574 4335 3662 4389 vel

2062 4416 2206 4480 stris,
2235 4423 2295 4471 ut
2323 4431 2470 4488 ager,
2504 4418 2639 4487 agri,
2674 4420 2928 4488 agrestis;
2954 4410 3118 4484 terra,
3149 4429 3333 4485 teme,
3364 4427 3661 4479 terrestris.

2062 4508 2119 4562 In
2152 4509 2218 4562 tis
2259 4522 2473 4578 quoque
2517 4508 2834 4574 desinentia,
2876 4509 2962 4564 vel
3001 4519 3212 4575 natura,
3242 4511 3326 4565 vel
3372 4513 3665 4580 positione

2062 4600 2269 4670 longam
2300 4598 2499 4652 habent
2528 4598 2901 4667 penultimam,
2924 4607 2985 4653 ut
3012 4597 3264 4654 Samnitis
3284 4614 3384 4671 pro
3409 4600 3659 4670 Samnis,

2060 4690 2200 4745 sicut
2231 4686 2435 4743 tiburtis
2460 4703 2559 4759 pro
2587 4688 2771 4753 tiburs,
2804 4698 2861 4744 ct
2890 4688 3071 4744 ceretis
3100 4686 3182 4746 vel
3210 4690 3386 4746 ceritis
3418 4709 3525 4763 pro
3558 4698 3662 4749 Ce—

2062 4796 2164 4845 res,
2211 4779 2353 4849 quod
2384 4788 2493 4833 tam
2528 4780 2753 4850 corripit
2781 4794 2942 4849 quam
2982 4779 3237 4851 producit
3259 4784 3657 4851 penultimam.

2060 4868 2116 4925 In
2154 4887 2217 4924 us
2258 4870 2420 4942 igitur
2459 4871 2863 4925 terminantium
2916 4870 3140 4927 diversa:
3183 4881 3309 4927 sunt
3354 4871 3554 4930 forante
3603 4886 3661 4932 et

2060 4964 2194 5018 varii
2223 4963 2547 5028 intellectus,
2580 4964 2709 5033 quia
2732 4964 2785 5018 in
2812 4964 2912 5020 hac
2949 4965 3329 5020 terminatione
3359 4966 3660 5022 inveniun-

2062 5063 2147 5108 tur
2184 5054 2504 5125 possessiva,
2545 5069 2609 5108 ac
2656 5052 3007 5125 supcrlativa,
3051 5054 3397 5119 diminutiva,
3424 5057 3655 5111 deriva-

2059 5149 2186 5211 tiva,
2218 5146 2612 5202 denominativa
2642 5158 2854 5216 quoque
2883 5155 2938 5201 ct
2964 5147 3219 5211 verbalia,
3253 5162 3486 5216 quorum
3527 5166 3659 5219 spc-

2056 5236 2167 5292 cies
2213 5235 2520 5307 singillatim
2548 5237 2905 5291 cdisscrendae
2948 5236 3103 5290 nobis
3144 5242 3285 5290 sunt.
3327 5236 3655 5292 Possessiva

2064 5340 2294 5397 namque
2342 5326 2569 5381 dicimus
2612 5341 2720 5380 non
2766 5325 2936 5380 solum
2984 5326 3385 5396 possessionem
3434 5328 3656 5397 signiti-

2063 5417 2260 5476 cantio.
2282 5414 2373 5472 sed
2395 5417 2556 5472 etiam
2580 5430 2700 5486 qua:
2721 5415 2948 5470 formam
2971 5414 3171 5470 habent
3187 5415 3654 5485 possessivumm.

2064 5508 2202 5564 Sunt
2231 5507 2375 5564 enim
2406 5508 2648 5577 quardam
2683 5506 2904 5577 gentilia
2932 5505 3160 5561 similem
3187 5505 3514 5574 possessivis
3552 5491 3683 5557 ha-A

2063 5600 2241 5656 bentia
2272 5599 2520 5655 formam.
2548 5608 2608 5654 ut
2643 5598 2907 5653 Romanus
2935 5599 3058 5653 civis
3092 5597 3175 5653 vel
3204 5613 3365 5668 ager:
3392 5595 3655 5667 quaedam
