  <div class='ocr_page' id='page_1' title='image "/cluster/home/n/w/nwhite01/storage/ocr_20150623/111/hvd.32044054759766/322.png"; bbox 0 0 1975 3096; ppageno 0'>
   <div class='ocr_carea' id='block_1_1' title="bbox 124 157 185 185">
    <p class='ocr_par' dir='ltr' id='par_1_1' title="bbox 124 157 185 185">
     <span class='ocr_line' id='line_1_1' title="bbox 124 157 185 185; baseline 0 0"><span class='ocrx_word' id='word_1_1' title='bbox 124 157 185 185; x_wconf 70' lang='grc'><strong>655</strong></span> 
     </span>
    </p>
   </div>
   <div class='ocr_carea' id='block_1_2' title="bbox 540 151 1351 186">
    <p class='ocr_par' dir='ltr' id='par_1_2' title="bbox 540 151 1351 186">
     <span class='ocr_line' id='line_1_2' title="bbox 540 151 1351 186; baseline 0.007 -7"><span class='ocrx_word' id='word_1_2' title='bbox 540 151 735 181; x_wconf 71' lang='lat' dir='ltr'><strong>EXCEBPTIO</strong></span> <span class='ocrx_word' id='word_1_3' title='bbox 753 152 799 180; x_wconf 84' lang='lat' dir='ltr'><strong>DE.</strong></span> <span class='ocrx_word' id='word_1_4' title='bbox 815 153 909 181; x_wconf 77' lang='lat' dir='ltr'><strong>ARTE</strong></span> <span class='ocrx_word' id='word_1_5' title='bbox 924 153 1154 186; x_wconf 59' lang='lat' dir='ltr'><strong>GRAXHATJCA</strong></span> <span class='ocrx_word' id='word_1_6' title='bbox 1171 155 1351 186; x_wconf 72' lang='lat' dir='ltr'><strong>PRISCIANI.</strong></span> 
     </span>
    </p>
   </div>
   <div class='ocr_carea' id='block_1_3' title="bbox 1707 164 1763 192">
    <p class='ocr_par' dir='ltr' id='par_1_3' title="bbox 1707 164 1763 192">
     <span class='ocr_line' id='line_1_3' title="bbox 1707 164 1763 192; baseline 0 0"><span class='ocrx_word' id='word_1_7' title='bbox 1707 164 1763 192; x_wconf 69' lang='grc' dir='ltr'><strong>6-Ἰᾶ</strong></span> 
     </span>
    </p>
   </div>
   <div class='ocr_carea' id='block_1_4' title="bbox 131 208 1762 258">
    <p class='ocr_par' dir='ltr' id='par_1_4' title="bbox 131 208 1762 258">
     <span class='ocr_line' id='line_1_4' title="bbox 131 208 1762 258; baseline 0.012 -25"><span class='ocrx_word' id='word_1_8' title='bbox 131 213 225 234; x_wconf 79' lang='lat' dir='ltr'><strong>autem</strong></span> <span class='ocrx_word' id='word_1_9' title='bbox 239 208 349 242; x_wconf 76' lang='lat' dir='ltr'><strong>propria</strong></span> <span class='ocrx_word' id='word_1_10' title='bbox 366 212 394 236; x_wconf 82' lang='lat' dir='ltr'><strong>et</strong></span> <span class='ocrx_word' id='word_1_11' title='bbox 408 209 528 245; x_wconf 70' lang='lat' dir='ltr'><strong>gentilia.</strong></span> <span class='ocrx_word' id='word_1_12' title='bbox 541 214 626 244; x_wconf 59' lang='lat' dir='ltr'><strong>aurae</strong></span> <span class='ocrx_word' id='word_1_13' title='bbox 644 211 808 245; x_wconf 76' lang='lat' dir='ltr'><strong>possessiva,</strong></span> <span class='ocrx_word' id='word_1_14' title='bbox 822 215 853 239; x_wconf 86' lang='grc' dir='ltr'><strong>ιιι</strong></span> <span class='ocrx_word' id='word_1_15' title='bbox 872 210 923 238; x_wconf 80' lang='lat' dir='ltr'><strong>La-</strong></span> <span class='ocrx_word' id='word_1_16' title='bbox 934 215 962 244; x_wconf 68' lang='grc' dir='ltr'>Α</span> <span class='ocrx_word' id='word_1_17' title='bbox 974 219 1082 258; x_wconf 79' lang='lat' dir='ltr'><strong>quoque</strong></span> <span class='ocrx_word' id='word_1_18' title='bbox 1096 213 1200 258; x_wconf 74' lang='lat' dir='ltr'><strong>fortnas</strong></span> <span class='ocrx_word' id='word_1_19' title='bbox 1212 215 1310 243; x_wconf 81' lang='lat' dir='ltr'><strong>multas</strong></span> <span class='ocrx_word' id='word_1_20' title='bbox 1324 215 1427 245; x_wconf 84' lang='lat' dir='ltr'><strong>habent</strong></span> <span class='ocrx_word' id='word_1_21' title='bbox 1436 221 1465 245; x_wconf 84' lang='lat' dir='ltr'><strong>et</strong></span> <span class='ocrx_word' id='word_1_22' title='bbox 1474 218 1501 247; x_wconf 89' lang='lat' dir='ltr'><strong>in</strong></span> <span class='ocrx_word' id='word_1_23' title='bbox 1513 219 1599 249; x_wconf 77' lang='lat' dir='ltr'><strong>tribus</strong></span> <span class='ocrx_word' id='word_1_24' title='bbox 1610 222 1762 258; x_wconf 64' lang='lat' dir='ltr'><strong>generibus,</strong></span> 
     </span>
    </p>
   </div>
   <div class='ocr_carea' id='block_1_5' title="bbox 132 252 924 292">
    <p class='ocr_par' dir='ltr' id='par_1_5' title="bbox 132 252 924 292">
     <span class='ocr_line' id='line_1_5' title="bbox 132 252 924 292; baseline 0.009 -15"><span class='ocrx_word' id='word_1_25' title='bbox 132 254 174 278; x_wconf 57' lang='lat' dir='ltr'><strong>tiu</strong></span> <span class='ocrx_word' id='word_1_26' title='bbox 183 261 206 278; x_wconf 82' lang='lat' dir='ltr'><strong>:s</strong></span> <span class='ocrx_word' id='word_1_27' title='bbox 215 253 288 286; x_wconf 79' lang='lat' dir='ltr'><strong>ﬁlius</strong></span> <span class='ocrx_word' id='word_1_28' title='bbox 303 252 403 285; x_wconf 72' lang='lat' dir='ltr'><strong>Fauni,</strong></span> <span class='ocrx_word' id='word_1_29' title='bbox 416 259 444 282; x_wconf 87' lang='lat' dir='ltr'><strong>et</strong></span> <span class='ocrx_word' id='word_1_30' title='bbox 461 254 569 282; x_wconf 74' lang='lat' dir='ltr'><strong>Latinus</strong></span> <span class='ocrx_word' id='word_1_31' title='bbox 581 256 653 288; x_wconf 75' lang='lat' dir='ltr'><strong>civis,</strong></span> <span class='ocrx_word' id='word_1_32' title='bbox 667 256 709 285; x_wconf 83' lang='lat' dir='ltr'><strong>vel</strong></span> <span class='ocrx_word' id='word_1_33' title='bbox 726 265 798 292; x_wconf 79' lang='lat' dir='ltr'><strong>ager.</strong></span> <span class='ocrx_word' id='word_1_34' title='bbox 808 257 869 285; x_wconf 72' lang='lat' dir='ltr'><strong>Alia</strong></span> <span class='ocrx_word' id='word_1_35' title='bbox 883 262 924 284; x_wconf 79' lang='lat' dir='ltr'><strong>ta-</strong></span> 
     </span>
    </p>
   </div>
   <div class='ocr_carea' id='block_1_6' title="bbox 134 298 923 334">
    <p class='ocr_par' dir='ltr' id='par_1_6' title="bbox 134 298 923 334">
     <span class='ocr_line' id='line_1_6' title="bbox 134 298 923 334; baseline 0.006 -11"><span class='ocrx_word' id='word_1_36' title='bbox 134 306 197 323; x_wconf 75' lang='lat' dir='ltr'><strong>men</strong></span> <span class='ocrx_word' id='word_1_37' title='bbox 213 298 292 324; x_wconf 84' lang='lat' dir='ltr'><strong>modo</strong></span> <span class='ocrx_word' id='word_1_38' title='bbox 306 298 424 332; x_wconf 83' lang='lat' dir='ltr'><strong>propria,</strong></span> <span class='ocrx_word' id='word_1_39' title='bbox 439 303 486 325; x_wconf 88' lang='lat' dir='ltr'><strong>ut:</strong></span> <span class='ocrx_word' id='word_1_40' title='bbox 501 300 689 333; x_wconf 81' lang='lat' dir='ltr'><strong>Quintilianus,</strong></span> <span class='ocrx_word' id='word_1_41' title='bbox 708 301 850 334; x_wconf 80' lang='lat' dir='ltr'><strong>Julianus;</strong></span> <span class='ocrx_word' id='word_1_42' title='bbox 871 301 923 328; x_wconf 86' lang='lat' dir='ltr'><strong>alia</strong></span> 
     </span>
    </p>
   </div>
   <div class='ocr_carea' id='block_1_7' title="bbox 133 342 921 379">
    <p class='ocr_par' dir='ltr' id='par_1_7' title="bbox 133 342 921 379">
     <span class='ocr_line' id='line_1_7' title="bbox 133 342 921 379; baseline 0.006 -11"><span class='ocrx_word' id='word_1_43' title='bbox 133 342 194 368; x_wconf 72' lang='lat' dir='ltr'><strong>loco</strong></span> <span class='ocrx_word' id='word_1_44' title='bbox 209 344 454 378; x_wconf 78' lang='lat' dir='ltr'><strong>patronymicorum</strong></span> <span class='ocrx_word' id='word_1_45' title='bbox 476 345 576 379; x_wconf 82' lang='lat' dir='ltr'><strong>posita,</strong></span> <span class='ocrx_word' id='word_1_46' title='bbox 591 350 621 373; x_wconf 89' lang='lat' dir='ltr'><strong>ut</strong></span> <span class='ocrx_word' id='word_1_47' title='bbox 639 345 797 374; x_wconf 79' lang='lat' dir='ltr'><strong>Octavianus</strong></span> <span class='ocrx_word' id='word_1_48' title='bbox 820 345 921 379; x_wconf 76' lang='lat' dir='ltr'><strong>Cwsar,</strong></span> 
     </span>
    </p>
   </div>
   <div class='ocr_carea' id='block_1_8' title="bbox 132 388 923 427">
    <p class='ocr_par' dir='ltr' id='par_1_8' title="bbox 132 388 923 427">
     <span class='ocr_line' id='line_1_8' title="bbox 132 388 923 427; baseline 0.009 -14"><span class='ocrx_word' id='word_1_49' title='bbox 132 388 298 415; x_wconf 74' lang='grc' dir='ltr'>Ᾱῑιιιὶίὶαιιιιι</span> <span class='ocrx_word' id='word_1_50' title='bbox 317 389 422 424; x_wconf 82' lang='lat' dir='ltr'><strong>Scipio;</strong></span> <span class='ocrx_word' id='word_1_51' title='bbox 444 391 496 418; x_wconf 88' lang='lat' dir='ltr'><strong>alia</strong></span> <span class='ocrx_word' id='word_1_52' title='bbox 518 396 580 418; x_wconf 89' lang='lat' dir='ltr'><strong>sunt</strong></span> <span class='ocrx_word' id='word_1_53' title='bbox 595 393 747 426; x_wconf 78' lang='lat' dir='ltr'><strong>agnomina,</strong></span> <span class='ocrx_word' id='word_1_54' title='bbox 769 396 798 419; x_wconf 93' lang='grc' dir='ltr'><strong>ιιι</strong></span> <span class='ocrx_word' id='word_1_55' title='bbox 818 393 923 427; x_wconf 75' lang='lat' dir='ltr'><strong>Africu-</strong></span> 
     </span>
    </p>
   </div>
   <div class='ocr_carea' id='block_1_9' title="bbox 133 433 921 472">
    <p class='ocr_par' dir='ltr' id='par_1_9' title="bbox 133 433 921 472">
     <span class='ocr_line' id='line_1_9' title="bbox 133 433 921 472; baseline 0.008 -13"><span class='ocrx_word' id='word_1_56' title='bbox 133 442 193 464; x_wconf 81' lang='lat' dir='ltr'><strong>nus,</strong></span> <span class='ocrx_word' id='word_1_57' title='bbox 209 433 350 467; x_wconf 81' lang='lat' dir='ltr'><strong>Persicus;</strong></span> <span class='ocrx_word' id='word_1_58' title='bbox 364 435 415 462; x_wconf 87' lang='lat' dir='ltr'><strong>alia</strong></span> <span class='ocrx_word' id='word_1_59' title='bbox 430 436 549 463; x_wconf 83' lang='lat' dir='ltr'><strong>derivata</strong></span> <span class='ocrx_word' id='word_1_60' title='bbox 565 445 579 463; x_wconf 86' lang='lat' dir='ltr'><strong>a</strong></span> <span class='ocrx_word' id='word_1_61' title='bbox 595 438 718 470; x_wconf 84' lang='lat' dir='ltr'><strong>materia,</strong></span> <span class='ocrx_word' id='word_1_62' title='bbox 734 442 763 465; x_wconf 86' lang='grc' dir='ltr'><strong>ιιι</strong></span> <span class='ocrx_word' id='word_1_63' title='bbox 777 438 890 472; x_wconf 78' lang='lat' dir='ltr'><strong>ferreus,</strong></span> <span class='ocrx_word' id='word_1_64' title='bbox 905 447 921 466; x_wconf 88' lang='lat' dir='ltr'><strong>a</strong></span> 
     </span>
    </p>
   </div>
   <div class='ocr_carea' id='block_1_10' title="bbox 134 478 921 515">
    <p class='ocr_par' dir='ltr' id='par_1_10' title="bbox 134 478 921 515">
     <span class='ocr_line' id='line_1_10' title="bbox 134 478 921 515; baseline 0.008 -11"><span class='ocrx_word' id='word_1_65' title='bbox 134 478 206 505; x_wconf 73' lang='lat' dir='ltr'><strong>ferro</strong></span> <span class='ocrx_word' id='word_1_66' title='bbox 221 478 320 511; x_wconf 74' lang='lat' dir='ltr'><strong>factus,</strong></span> <span class='ocrx_word' id='word_1_67' title='bbox 342 488 448 512; x_wconf 82' lang='lat' dir='ltr'><strong>aureus,</strong></span> <span class='ocrx_word' id='word_1_68' title='bbox 463 486 609 515; x_wconf 85' lang='lat' dir='ltr'><strong>argenteus,</strong></span> <span class='ocrx_word' id='word_1_69' title='bbox 628 490 808 515; x_wconf 83' lang='lat' dir='ltr'><strong>marmoreus;</strong></span> <span class='ocrx_word' id='word_1_70' title='bbox 824 482 921 510; x_wconf 81' lang='lat' dir='ltr'><strong>alia&#39;ex</strong></span> 
     </span>
    </p>
   </div>
   <div class='ocr_carea' id='block_1_11' title="bbox 133 525 920 561">
    <p class='ocr_par' dir='ltr' id='par_1_11' title="bbox 133 525 920 561">
     <span class='ocr_line' id='line_1_11' title="bbox 133 525 920 561; baseline 0.008 -11"><span class='ocrx_word' id='word_1_71' title='bbox 133 525 245 556; x_wconf 87' lang='lat' dir='ltr'><strong>morbis,</strong></span> <span class='ocrx_word' id='word_1_72' title='bbox 259 529 290 552; x_wconf 84' lang='lat' dir='ltr'><strong>ut</strong></span> <span class='ocrx_word' id='word_1_73' title='bbox 305 525 459 557; x_wconf 76' lang='lat' dir='ltr'><strong>cardiacus;</strong></span> <span class='ocrx_word' id='word_1_74' title='bbox 474 527 524 553; x_wconf 88' lang='lat' dir='ltr'><strong>alia</strong></span> <span class='ocrx_word' id='word_1_75' title='bbox 546 534 560 553; x_wconf 89' lang='lat' dir='ltr'><strong>a</strong></span> <span class='ocrx_word' id='word_1_76' title='bbox 581 528 800 561; x_wconf 78' lang='lat' dir='ltr'><strong>professionibus,</strong></span> <span class='ocrx_word' id='word_1_77' title='bbox 818 532 845 556; x_wconf 84' lang='lat' dir='ltr'><strong>ut</strong></span> <span class='ocrx_word' id='word_1_78' title='bbox 866 537 920 555; x_wconf 89' lang='lat' dir='ltr'><strong>me-</strong></span> 
     </span>
    </p>
   </div>
   <div class='ocr_carea' id='block_1_12' title="bbox 131 570 919 608">
    <p class='ocr_par' dir='ltr' id='par_1_12' title="bbox 131 570 919 608">
     <span class='ocr_line' id='line_1_12' title="bbox 131 570 919 608; baseline 0.009 -14"><span class='ocrx_word' id='word_1_79' title='bbox 131 570 268 601; x_wconf 78' lang='lat' dir='ltr'><strong>chanicas,</strong></span> <span class='ocrx_word' id='word_1_80' title='bbox 288 571 488 604; x_wconf 80' lang='lat' dir='ltr'><strong>grammaticus;</strong></span> <span class='ocrx_word' id='word_1_81' title='bbox 509 572 560 598; x_wconf 85' lang='lat' dir='ltr'><strong>alia</strong></span> <span class='ocrx_word' id='word_1_82' title='bbox 573 580 587 598; x_wconf 88' lang='lat' dir='ltr'><strong>a</strong></span> <span class='ocrx_word' id='word_1_83' title='bbox 603 572 762 608; x_wconf 84' lang='lat' dir='ltr'><strong>disciplinis,</strong></span> <span class='ocrx_word' id='word_1_84' title='bbox 776 578 804 600; x_wconf 90' lang='grc' dir='ltr'><strong>ιιι</strong></span> <span class='ocrx_word' id='word_1_85' title='bbox 817 574 919 601; x_wconf 76' lang='lat' dir='ltr'><strong>Aristo-</strong></span> 
     </span>
    </p>
   </div>
   <div class='ocr_carea' id='block_1_13' title="bbox 127 614 919 653">
    <p class='ocr_par' dir='ltr' id='par_1_13' title="bbox 127 614 919 653">
     <span class='ocr_line' id='line_1_13' title="bbox 127 614 919 653; baseline 0.008 -13"><span class='ocrx_word' id='word_1_86' title='bbox 127 614 234 646; x_wconf 73' lang='lat' dir='ltr'><strong>telicas,</strong></span> <span class='ocrx_word' id='word_1_87' title='bbox 251 615 400 642; x_wconf 85' lang='lat' dir='ltr'><strong>rhetoricus</strong></span> <span class='ocrx_word' id='word_1_88' title='bbox 409 616 483 646; x_wconf 46' lang='lat' dir='ltr'><strong>alia</strong></span> <span class='ocrx_word' id='word_1_89' title='bbox 499 617 596 644; x_wconf 70' lang='lat' dir='ltr'><strong>similia</strong></span> <span class='ocrx_word' id='word_1_90' title='bbox 616 619 768 653; x_wconf 82' lang='lat' dir='ltr'><strong>primitivis,</strong></span> <span class='ocrx_word' id='word_1_91' title='bbox 785 624 814 646; x_wconf 91' lang='lat' dir='ltr'><strong>ut</strong></span> <span class='ocrx_word' id='word_1_92' title='bbox 835 619 919 646; x_wconf 87' lang='lat' dir='ltr'><strong>Thra-</strong></span> 
     </span>
    </p>
   </div>
   <div class='ocr_carea' id='block_1_14' title="bbox 129 660 918 700">
    <p class='ocr_par' dir='ltr' id='par_1_14' title="bbox 129 660 918 700">
     <span class='ocr_line' id='line_1_14' title="bbox 129 660 918 700; baseline 0.009 -14"><span class='ocrx_word' id='word_1_93' title='bbox 129 660 187 686; x_wconf 70' lang='lat' dir='ltr'><strong>cius</strong></span> <span class='ocrx_word' id='word_1_94' title='bbox 206 667 257 695; x_wconf 89' lang='lat' dir='ltr'><strong>pro</strong></span> <span class='ocrx_word' id='word_1_95' title='bbox 273 660 372 688; x_wconf 72' lang='lat' dir='ltr'><strong>Thrax.</strong></span> <span class='ocrx_word' id='word_1_96' title='bbox 394 661 461 689; x_wconf 89' lang='lat' dir='ltr'><strong>Sunt</strong></span> <span class='ocrx_word' id='word_1_97' title='bbox 485 663 565 698; x_wconf 79' lang='lat' dir='ltr'><strong>igitur</strong></span> <span class='ocrx_word' id='word_1_98' title='bbox 590 664 682 691; x_wconf 74' lang='lat' dir='ltr'><strong>l&#39;oruue</strong></span> <span class='ocrx_word' id='word_1_99' title='bbox 706 667 918 700; x_wconf 74' lang='lat' dir='ltr'><strong>possessivorum</strong></span> 
     </span>
    </p>
   </div>
   <div class='ocr_carea' id='block_1_15' title="bbox 137 705 917 745">
    <p class='ocr_par' dir='ltr' id='par_1_15' title="bbox 137 705 917 745">
     <span class='ocr_line' id='line_1_15' title="bbox 137 705 917 745; baseline 0.01 -15"><span class='ocrx_word' id='word_1_100' title='bbox 137 712 197 738; x_wconf 53' lang='lat' dir='ltr'><strong>tuas</strong></span> <span class='ocrx_word' id='word_1_101' title='bbox 210 712 227 731; x_wconf 86' lang='lat' dir='ltr'><strong>a</strong></span> <span class='ocrx_word' id='word_1_102' title='bbox 245 705 348 733; x_wconf 71' lang='lat' dir='ltr'><strong>Gmcis</strong></span> <span class='ocrx_word' id='word_1_103' title='bbox 363 708 524 742; x_wconf 72' lang='lat' dir='ltr'><strong>accepimus,</strong></span> <span class='ocrx_word' id='word_1_104' title='bbox 538 709 578 735; x_wconf 68' lang='lat' dir='ltr'><strong>hcc</strong></span> <span class='ocrx_word' id='word_1_105' title='bbox 592 718 598 735; x_wconf 90' lang='lat'><strong>:</strong></span> <span class='ocrx_word' id='word_1_106' title='bbox 616 710 642 736; x_wconf 89' lang='lat' dir='ltr'><strong>in</strong></span> <span class='ocrx_word' id='word_1_107' title='bbox 658 718 710 742; x_wconf 81' lang='lat' dir='ltr'><strong>cos,</strong></span> <span class='ocrx_word' id='word_1_108' title='bbox 726 719 806 745; x_wconf 85' lang='lat' dir='ltr'><strong>quam</strong></span> <span class='ocrx_word' id='word_1_109' title='bbox 829 716 917 738; x_wconf 84' lang='lat' dir='ltr'><strong>mnta—</strong></span> 
     </span>
    </p>
   </div>
   <div class='ocr_carea' id='block_1_16' title="bbox 128 749 918 790">
    <p class='ocr_par' dir='ltr' id='par_1_16' title="bbox 128 749 918 790">
     <span class='ocr_line' id='line_1_16' title="bbox 128 749 918 790; baseline 0.01 -16"><span class='ocrx_word' id='word_1_110' title='bbox 128 749 218 776; x_wconf 81' lang='lat' dir='ltr'><strong>vimus</strong></span> <span class='ocrx_word' id='word_1_111' title='bbox 239 749 266 776; x_wconf 92' lang='lat' dir='ltr'><strong>in</strong></span> <span class='ocrx_word' id='word_1_112' title='bbox 280 759 338 782; x_wconf 82' lang='lat' dir='ltr'><strong>cus,</strong></span> <span class='ocrx_word' id='word_1_113' title='bbox 351 752 571 780; x_wconf 70' lang='lat' dir='ltr'><strong>antecedentibus</strong></span> <span class='ocrx_word' id='word_1_114' title='bbox 587 762 602 780; x_wconf 74' lang='grc' dir='ltr'><strong>ιι</strong></span> <span class='ocrx_word' id='word_1_115' title='bbox 617 754 689 781; x_wconf 85' lang='lat' dir='ltr'><strong>brevi</strong></span> <span class='ocrx_word' id='word_1_116' title='bbox 706 755 747 782; x_wconf 80' lang='lat' dir='ltr'><strong>vol</strong></span> <span class='ocrx_word' id='word_1_117' title='bbox 765 756 774 781; x_wconf 88' lang='lat' dir='ltr'><strong>i</strong></span> <span class='ocrx_word' id='word_1_118' title='bbox 792 755 832 782; x_wconf 86' lang='lat' dir='ltr'><strong>vel</strong></span> <span class='ocrx_word' id='word_1_119' title='bbox 849 764 874 790; x_wconf 73' lang='grc' dir='ltr'><strong>ῃ,</strong></span> <span class='ocrx_word' id='word_1_120' title='bbox 890 760 918 782; x_wconf 87' lang='grc' dir='ltr'><strong>ιιι</strong></span> 
     </span>
    </p>
   </div>
   <div class='ocr_carea' id='block_1_17' title="bbox 129 795 918 834">
    <p class='ocr_par' dir='ltr' id='par_1_17' title="bbox 129 795 918 834">
     <span class='ocr_line' id='line_1_17' title="bbox 129 795 918 834; baseline 0.008 -12"><span class='ocrx_word' id='word_1_121' title='bbox 129 795 289 830; x_wconf 66' lang='lat' dir='ltr'><strong>Hebraicis,</strong></span> <span class='ocrx_word' id='word_1_122' title='bbox 308 796 460 832; x_wconf 75' lang='lat' dir='ltr'><strong>Cypriaeus,</strong></span> <span class='ocrx_word' id='word_1_123' title='bbox 477 798 596 831; x_wconf 77' lang='lat' dir='ltr'><strong>Italicus,</strong></span> <span class='ocrx_word' id='word_1_124' title='bbox 616 801 812 834; x_wconf 79' lang='lat' dir='ltr'><strong>grammaticus,</strong></span> <span class='ocrx_word' id='word_1_125' title='bbox 835 801 918 828; x_wconf 87' lang='lat' dir='ltr'><strong>rheto-</strong></span> 
     </span>
    </p>
   </div>
   <div class='ocr_carea' id='block_1_18' title="bbox 129 839 916 879">
    <p class='ocr_par' dir='ltr' id='par_1_18' title="bbox 129 839 916 879">
     <span class='ocr_line' id='line_1_18' title="bbox 129 839 916 879; baseline 0.01 -13"><span class='ocrx_word' id='word_1_126' title='bbox 129 841 210 873; x_wconf 61' lang='grc' dir='ltr'><strong>δίδη,</strong></span> <span class='ocrx_word' id='word_1_127' title='bbox 226 839 349 876; x_wconf 70' lang='lat' dir='ltr'><strong>Libycus,</strong></span> <span class='ocrx_word' id='word_1_128' title='bbox 366 844 437 877; x_wconf 86' lang='lat' dir='ltr'><strong>quod</strong></span> <span class='ocrx_word' id='word_1_129' title='bbox 459 844 543 870; x_wconf 85' lang='lat' dir='ltr'><strong>solum</strong></span> <span class='ocrx_word' id='word_1_130' title='bbox 559 853 574 879; x_wconf 76' lang='grc' dir='ltr'>υ</span> <span class='ocrx_word' id='word_1_131' title='bbox 589 850 651 873; x_wconf 88' lang='lat' dir='ltr'><strong>ante</strong></span> <span class='ocrx_word' id='word_1_132' title='bbox 667 854 714 872; x_wconf 87' lang='lat' dir='ltr'><strong>cus</strong></span> <span class='ocrx_word' id='word_1_133' title='bbox 729 846 818 873; x_wconf 84' lang='lat' dir='ltr'><strong>habet.</strong></span> <span class='ocrx_word' id='word_1_134' title='bbox 843 846 870 873; x_wconf 86' lang='lat' dir='ltr'><strong>lu</strong></span> <span class='ocrx_word' id='word_1_135' title='bbox 887 855 916 874; x_wconf 83' lang='lat' dir='ltr'><strong>us</strong></span> 
     </span>
    </p>
   </div>
   <div class='ocr_carea' id='block_1_19' title="bbox 975 257 1760 299">
    <p class='ocr_par' dir='ltr' id='par_1_19' title="bbox 975 257 1760 299">
     <span class='ocr_line' id='line_1_19' title="bbox 975 257 1760 299; baseline 0.017 -17"><span class='ocrx_word' id='word_1_136' title='bbox 975 261 1006 284; x_wconf 88' lang='grc' dir='ltr'><strong>ιιι</strong></span> <span class='ocrx_word' id='word_1_137' title='bbox 1018 257 1093 284; x_wconf 69' lang='lat' dir='ltr'><strong>cuius</strong></span> <span class='ocrx_word' id='word_1_138' title='bbox 1105 257 1165 286; x_wconf 77' lang='lat' dir='ltr'><strong>cuia</strong></span> <span class='ocrx_word' id='word_1_139' title='bbox 1187 258 1292 293; x_wconf 74' lang='lat' dir='ltr'><strong>culum,</strong></span> <span class='ocrx_word' id='word_1_140' title='bbox 1306 260 1367 289; x_wconf 81' lang='lat' dir='ltr'><strong>ulus</strong></span> <span class='ocrx_word' id='word_1_141' title='bbox 1384 262 1429 290; x_wconf 79' lang='lat' dir='ltr'><strong>ula</strong></span> <span class='ocrx_word' id='word_1_142' title='bbox 1451 263 1536 296; x_wconf 83' lang='lat' dir='ltr'><strong>ulum,</strong></span> <span class='ocrx_word' id='word_1_143' title='bbox 1551 264 1609 292; x_wconf 77' lang='lat' dir='ltr'><strong>alus</strong></span> <span class='ocrx_word' id='word_1_144' title='bbox 1622 266 1666 294; x_wconf 88' lang='lat' dir='ltr'><strong>ola</strong></span> <span class='ocrx_word' id='word_1_145' title='bbox 1679 257 1760 299; x_wconf 72' lang='lat' dir='ltr'><strong>olunt,</strong></span> 
     </span>
    </p>
   </div>
   <div class='ocr_carea' id='block_1_20' title="bbox 973 301 1760 343">
    <p class='ocr_par' dir='ltr' id='par_1_20' title="bbox 973 301 1760 343">
     <span class='ocr_line' id='line_1_20' title="bbox 973 301 1760 343; baseline 0.014 -16"><span class='ocrx_word' id='word_1_146' title='bbox 973 301 1120 335; x_wconf 87' lang='lat' dir='ltr'><strong>penultima</strong></span> <span class='ocrx_word' id='word_1_147' title='bbox 1143 310 1250 337; x_wconf 82' lang='lat' dir='ltr'><strong>semper</strong></span> <span class='ocrx_word' id='word_1_148' title='bbox 1261 304 1348 338; x_wconf 82' lang='lat' dir='ltr'><strong>brevi,</strong></span> <span class='ocrx_word' id='word_1_149' title='bbox 1371 310 1400 332; x_wconf 90' lang='lat' dir='ltr'><strong>ut</strong></span> <span class='ocrx_word' id='word_1_150' title='bbox 1414 307 1553 342; x_wconf 72' lang='lat' dir='ltr'><strong>igniculus.</strong></span> <span class='ocrx_word' id='word_1_151' title='bbox 1569 310 1685 343; x_wconf 81' lang='lat' dir='ltr'><strong>anicula,</strong></span> <span class='ocrx_word' id='word_1_152' title='bbox 1702 319 1760 338; x_wconf 85' lang='lat' dir='ltr'><strong>car-</strong></span> 
     </span>
    </p>
   </div>
   <div class='ocr_carea' id='block_1_21' title="bbox 971 347 1760 390">
    <p class='ocr_par' dir='ltr' id='par_1_21' title="bbox 971 347 1760 390">
     <span class='ocr_line' id='line_1_21' title="bbox 971 347 1760 390; baseline 0.015 -18"><span class='ocrx_word' id='word_1_153' title='bbox 971 347 1129 381; x_wconf 85' lang='lat' dir='ltr'><strong>pusculum,</strong></span> <span class='ocrx_word' id='word_1_154' title='bbox 1153 348 1281 382; x_wconf 84' lang='lat' dir='ltr'><strong>tantulus,</strong></span> <span class='ocrx_word' id='word_1_155' title='bbox 1307 350 1414 384; x_wconf 85' lang='lat' dir='ltr'><strong>silvula,</strong></span> <span class='ocrx_word' id='word_1_156' title='bbox 1433 353 1594 387; x_wconf 81' lang='lat' dir='ltr'><strong>capitulum,</strong></span> <span class='ocrx_word' id='word_1_157' title='bbox 1620 356 1760 390; x_wconf 80' lang='lat' dir='ltr'><strong>sergiolus,</strong></span> 
     </span>
    </p>
   </div>
   <div class='ocr_carea' id='block_1_22' title="bbox 972 391 1760 434">
    <p class='ocr_par' dir='ltr' id='par_1_22' title="bbox 972 391 1760 434">
     <span class='ocr_line' id='line_1_22' title="bbox 972 391 1760 434; baseline 0.016 -18"><span class='ocrx_word' id='word_1_158' title='bbox 972 391 1087 424; x_wconf 80' lang='lat' dir='ltr'><strong>unciolu,</strong></span> <span class='ocrx_word' id='word_1_159' title='bbox 1100 392 1252 426; x_wconf 87' lang='lat' dir='ltr'><strong>Iauriolum,</strong></span> <span class='ocrx_word' id='word_1_160' title='bbox 1269 402 1317 422; x_wconf 89' lang='lat' dir='ltr'><strong>nec</strong></span> <span class='ocrx_word' id='word_1_161' title='bbox 1329 403 1382 423; x_wconf 91' lang='lat' dir='ltr'><strong>non</strong></span> <span class='ocrx_word' id='word_1_162' title='bbox 1399 401 1426 424; x_wconf 87' lang='lat' dir='ltr'><strong>et</strong></span> <span class='ocrx_word' id='word_1_163' title='bbox 1439 398 1587 432; x_wconf 78' lang='lat' dir='ltr'><strong>homuncio,</strong></span> <span class='ocrx_word' id='word_1_164' title='bbox 1602 404 1629 428; x_wconf 86' lang='lat' dir='ltr'><strong>et</strong></span> <span class='ocrx_word' id='word_1_165' title='bbox 1642 401 1760 434; x_wconf 67' lang='lat' dir='ltr'><strong>arti/eus,</strong></span> 
     </span>
    </p>
   </div>
   <div class='ocr_carea' id='block_1_23' title="bbox 972 435 1761 480">
    <p class='ocr_par' dir='ltr' id='par_1_23' title="bbox 972 435 1761 480">
     <span class='ocr_line' id='line_1_23' title="bbox 972 435 1761 480; baseline 0.014 -18"><span class='ocrx_word' id='word_1_166' title='bbox 972 435 1068 464; x_wconf 80' lang='lat' dir='ltr'><strong>breves</strong></span> <span class='ocrx_word' id='word_1_167' title='bbox 1089 441 1151 464; x_wconf 85' lang='lat' dir='ltr'><strong>sunt</strong></span> <span class='ocrx_word' id='word_1_168' title='bbox 1175 438 1338 473; x_wconf 85' lang='lat' dir='ltr'><strong>penultima;</strong></span> <span class='ocrx_word' id='word_1_169' title='bbox 1363 441 1464 476; x_wconf 85' lang='lat' dir='ltr'><strong>reliqua</strong></span> <span class='ocrx_word' id='word_1_170' title='bbox 1487 450 1550 470; x_wconf 78' lang='lat' dir='ltr'><strong>vero</strong></span> <span class='ocrx_word' id='word_1_171' title='bbox 1566 448 1612 471; x_wconf 87' lang='lat' dir='ltr'><strong>aut</strong></span> <span class='ocrx_word' id='word_1_172' title='bbox 1628 445 1761 480; x_wconf 85' lang='lat' dir='ltr'><strong>positione</strong></span> 
     </span>
    </p>
   </div>
   <div class='ocr_carea' id='block_1_24' title="bbox 972 482 1758 523">
    <p class='ocr_par' dir='ltr' id='par_1_24' title="bbox 972 482 1758 523">
     <span class='ocr_line' id='line_1_24' title="bbox 972 482 1758 523; baseline 0.015 -17"><span class='ocrx_word' id='word_1_173' title='bbox 972 485 1076 508; x_wconf 81' lang='lat' dir='ltr'><strong>tantum</strong></span> <span class='ocrx_word' id='word_1_174' title='bbox 1098 482 1294 518; x_wconf 87' lang='lat' dir='ltr'><strong>producuntur,</strong></span> <span class='ocrx_word' id='word_1_175' title='bbox 1312 490 1342 512; x_wconf 89' lang='grc' dir='ltr'><strong>ιιι</strong></span> <span class='ocrx_word' id='word_1_176' title='bbox 1363 486 1472 521; x_wconf 77' lang='lat' dir='ltr'><strong>agellus,</strong></span> <span class='ocrx_word' id='word_1_177' title='bbox 1488 490 1598 523; x_wconf 75' lang='lat' dir='ltr'><strong>capella,</strong></span> <span class='ocrx_word' id='word_1_178' title='bbox 1622 491 1758 522; x_wconf 80' lang='lat' dir='ltr'><strong>novellum,</strong></span> 
     </span>
    </p>
   </div>
   <div class='ocr_carea' id='block_1_25' title="bbox 970 527 1759 570">
    <p class='ocr_par' dir='ltr' id='par_1_25' title="bbox 970 527 1759 570">
     <span class='ocr_line' id='line_1_25' title="bbox 970 527 1759 570; baseline 0.016 -19"><span class='ocrx_word' id='word_1_179' title='bbox 970 527 1094 561; x_wconf 82' lang='lat' dir='ltr'><strong>pugillus,</strong></span> <span class='ocrx_word' id='word_1_180' title='bbox 1118 529 1245 563; x_wconf 86' lang='lat' dir='ltr'><strong>anguilla,</strong></span> <span class='ocrx_word' id='word_1_181' title='bbox 1262 535 1307 558; x_wconf 90' lang='lat' dir='ltr'><strong>aut</strong></span> <span class='ocrx_word' id='word_1_182' title='bbox 1325 536 1420 559; x_wconf 88' lang='lat' dir='ltr'><strong>natura</strong></span> <span class='ocrx_word' id='word_1_183' title='bbox 1435 534 1515 560; x_wconf 84' lang='lat' dir='ltr'><strong>simul</strong></span> <span class='ocrx_word' id='word_1_184' title='bbox 1527 539 1554 561; x_wconf 84' lang='lat' dir='ltr'><strong>et</strong></span> <span class='ocrx_word' id='word_1_185' title='bbox 1573 536 1715 570; x_wconf 83' lang='lat' dir='ltr'><strong>positione,</strong></span> <span class='ocrx_word' id='word_1_186' title='bbox 1732 543 1759 564; x_wconf 90' lang='grc' dir='ltr'><strong>ιιι</strong></span> 
     </span>
    </p>
   </div>
   <div class='ocr_carea' id='block_1_26' title="bbox 968 572 1758 610">
    <p class='ocr_par' dir='ltr' id='par_1_26' title="bbox 968 572 1758 610">
     <span class='ocr_line' id='line_1_26' title="bbox 968 572 1758 610; baseline 0.016 -14"><span class='ocrx_word' id='word_1_187' title='bbox 968 572 1103 605; x_wconf 73' lang='lat' dir='ltr'><strong>pauxillus</strong></span> <span class='ocrx_word' id='word_1_188' title='bbox 1126 574 1243 608; x_wconf 72' lang='lat' dir='ltr'><strong>pauxilla</strong></span> <span class='ocrx_word' id='word_1_189' title='bbox 1268 576 1425 610; x_wconf 71' lang='lat' dir='ltr'><strong>pauxillum,</strong></span> <span class='ocrx_word' id='word_1_190' title='bbox 1449 578 1519 606; x_wconf 88' lang='lat' dir='ltr'><strong>ullus</strong></span> <span class='ocrx_word' id='word_1_191' title='bbox 1543 579 1597 607; x_wconf 86' lang='lat' dir='ltr'><strong>ulla</strong></span> <span class='ocrx_word' id='word_1_192' title='bbox 1613 581 1704 608; x_wconf 85' lang='lat' dir='ltr'><strong>ullum.</strong></span> <span class='ocrx_word' id='word_1_193' title='bbox 1722 584 1758 609; x_wconf 83' lang='lat' dir='ltr'><strong>De</strong></span> 
     </span>
    </p>
   </div>
   <div class='ocr_carea' id='block_1_27' title="bbox 969 618 1758 655">
    <p class='ocr_par' dir='ltr' id='par_1_27' title="bbox 969 618 1758 655">
     <span class='ocr_line' id='line_1_27' title="bbox 969 618 1758 655; baseline 0.016 -13"><span class='ocrx_word' id='word_1_194' title='bbox 969 618 1187 652; x_wconf 87' lang='lat' dir='ltr'><strong>antepenultimis</strong></span> <span class='ocrx_word' id='word_1_195' title='bbox 1199 628 1304 655; x_wconf 89' lang='lat' dir='ltr'><strong>quoque</strong></span> <span class='ocrx_word' id='word_1_196' title='bbox 1323 622 1418 650; x_wconf 89' lang='lat' dir='ltr'><strong>horum</strong></span> <span class='ocrx_word' id='word_1_197' title='bbox 1439 625 1505 652; x_wconf 85' lang='lat' dir='ltr'><strong>satis</strong></span> <span class='ocrx_word' id='word_1_198' title='bbox 1525 625 1561 652; x_wconf 84' lang='lat' dir='ltr'><strong>sit</strong></span> <span class='ocrx_word' id='word_1_199' title='bbox 1585 626 1646 654; x_wconf 85' lang='lat' dir='ltr'><strong>huic</strong></span> <span class='ocrx_word' id='word_1_200' title='bbox 1666 628 1758 654; x_wconf 77' lang='lat' dir='ltr'><strong>brevi-</strong></span> 
     </span>
    </p>
   </div>
   <div class='ocr_carea' id='block_1_28' title="bbox 970 663 1757 709">
    <p class='ocr_par' dir='ltr' id='par_1_28' title="bbox 970 663 1757 709">
     <span class='ocr_line' id='line_1_28' title="bbox 970 663 1757 709; baseline 0.015 -20"><span class='ocrx_word' id='word_1_201' title='bbox 970 663 1035 694; x_wconf 84' lang='lat' dir='ltr'><strong>tati,</strong></span> <span class='ocrx_word' id='word_1_202' title='bbox 1057 665 1128 697; x_wconf 74' lang='lat' dir='ltr'><strong>quod</strong></span> <span class='ocrx_word' id='word_1_203' title='bbox 1155 673 1234 699; x_wconf 82' lang='lat' dir='ltr'><strong>supra</strong></span> <span class='ocrx_word' id='word_1_204' title='bbox 1257 667 1383 695; x_wconf 74' lang='lat' dir='ltr'><strong>diximus.</strong></span> <span class='ocrx_word' id='word_1_205' title='bbox 1409 669 1674 699; x_wconf 85' lang='lat' dir='ltr'><strong>Denominativorum</strong></span> <span class='ocrx_word' id='word_1_206' title='bbox 1693 681 1757 709; x_wconf 75' lang='lat' dir='ltr'><strong>ergo</strong></span> 
     </span>
    </p>
   </div>
   <div class='ocr_carea' id='block_1_29' title="bbox 968 711 1757 752">
    <p class='ocr_par' dir='ltr' id='par_1_29' title="bbox 968 711 1757 752">
     <span class='ocr_line' id='line_1_29' title="bbox 968 711 1757 752; baseline 0.014 -17"><span class='ocrx_word' id='word_1_207' title='bbox 968 715 1049 744; x_wconf 70' lang='lat' dir='ltr'><strong>atque</strong></span> <span class='ocrx_word' id='word_1_208' title='bbox 1066 711 1213 738; x_wconf 86' lang='lat' dir='ltr'><strong>verbalium</strong></span> <span class='ocrx_word' id='word_1_209' title='bbox 1242 714 1430 742; x_wconf 85' lang='lat' dir='ltr'><strong>terminatione</strong></span> <span class='ocrx_word' id='word_1_210' title='bbox 1450 716 1564 744; x_wconf 71' lang='lat' dir='ltr'><strong>diversae</strong></span> <span class='ocrx_word' id='word_1_211' title='bbox 1586 719 1757 752; x_wconf 80' lang='lat' dir='ltr'><strong>reperiuntur</strong></span> 
     </span>
    </p>
   </div>
   <div class='ocr_carea' id='block_1_30' title="bbox 967 753 1754 799">
    <p class='ocr_par' dir='ltr' id='par_1_30' title="bbox 967 753 1754 799">
     <span class='ocr_line' id='line_1_30' title="bbox 967 753 1754 799; baseline 0.011 -19"><span class='ocrx_word' id='word_1_212' title='bbox 967 753 1070 787; x_wconf 73' lang='lat' dir='ltr'><strong>furtum,</strong></span> <span class='ocrx_word' id='word_1_213' title='bbox 1086 755 1110 782; x_wconf 91' lang='lat' dir='ltr'><strong>in</strong></span> <span class='ocrx_word' id='word_1_214' title='bbox 1126 756 1178 789; x_wconf 89' lang='lat' dir='ltr'><strong>ius,</strong></span> <span class='ocrx_word' id='word_1_215' title='bbox 1191 757 1217 783; x_wconf 90' lang='lat' dir='ltr'><strong>in</strong></span> <span class='ocrx_word' id='word_1_216' title='bbox 1233 766 1281 784; x_wconf 86' lang='lat' dir='ltr'><strong>uus</strong></span> <span class='ocrx_word' id='word_1_217' title='bbox 1293 759 1401 791; x_wconf 86' lang='lat' dir='ltr'><strong>divisas,</strong></span> <span class='ocrx_word' id='word_1_218' title='bbox 1415 760 1441 786; x_wconf 90' lang='lat' dir='ltr'><strong>iu</strong></span> <span class='ocrx_word' id='word_1_219' title='bbox 1457 761 1514 792; x_wconf 85' lang='lat' dir='ltr'><strong>bus,</strong></span> <span class='ocrx_word' id='word_1_220' title='bbox 1527 761 1553 789; x_wconf 89' lang='lat' dir='ltr'><strong>in</strong></span> <span class='ocrx_word' id='word_1_221' title='bbox 1566 770 1621 793; x_wconf 84' lang='lat' dir='ltr'><strong>cus,</strong></span> <span class='ocrx_word' id='word_1_222' title='bbox 1637 764 1661 790; x_wconf 92' lang='lat' dir='ltr'><strong>in</strong></span> <span class='ocrx_word' id='word_1_223' title='bbox 1676 773 1754 799; x_wconf 68' lang='lat' dir='ltr'><strong>auus,</strong></span> 
     </span>
    </p>
   </div>
   <div class='ocr_carea' id='block_1_31' title="bbox 968 798 1756 837">
    <p class='ocr_par' dir='ltr' id='par_1_31' title="bbox 968 798 1756 837">
     <span class='ocr_line' id='line_1_31' title="bbox 968 798 1756 837; baseline 0.014 -12"><span class='ocrx_word' id='word_1_224' title='bbox 968 798 993 826; x_wconf 90' lang='lat' dir='ltr'><strong>iu</strong></span> <span class='ocrx_word' id='word_1_225' title='bbox 1002 800 1061 832; x_wconf 82' lang='lat' dir='ltr'><strong>dus,</strong></span> <span class='ocrx_word' id='word_1_226' title='bbox 1071 800 1097 827; x_wconf 91' lang='lat' dir='ltr'><strong>in</strong></span> <span class='ocrx_word' id='word_1_227' title='bbox 1109 801 1159 833; x_wconf 85' lang='lat' dir='ltr'><strong>lus,</strong></span> <span class='ocrx_word' id='word_1_228' title='bbox 1175 802 1201 828; x_wconf 93' lang='lat' dir='ltr'><strong>in</strong></span> <span class='ocrx_word' id='word_1_229' title='bbox 1215 811 1271 835; x_wconf 80' lang='lat' dir='ltr'><strong>rus,</strong></span> <span class='ocrx_word' id='word_1_230' title='bbox 1284 804 1310 831; x_wconf 89' lang='lat' dir='ltr'><strong>in</strong></span> <span class='ocrx_word' id='word_1_231' title='bbox 1321 812 1376 836; x_wconf 83' lang='lat' dir='ltr'><strong>sus,</strong></span> <span class='ocrx_word' id='word_1_232' title='bbox 1386 805 1411 832; x_wconf 91' lang='lat' dir='ltr'><strong>in</strong></span> <span class='ocrx_word' id='word_1_233' title='bbox 1422 810 1472 837; x_wconf 85' lang='lat' dir='ltr'><strong>tus,</strong></span> <span class='ocrx_word' id='word_1_234' title='bbox 1489 806 1515 833; x_wconf 90' lang='lat' dir='ltr'><strong>in</strong></span> <span class='ocrx_word' id='word_1_235' title='bbox 1528 812 1595 834; x_wconf 81' lang='lat' dir='ltr'><strong>stus.</strong></span> <span class='ocrx_word' id='word_1_236' title='bbox 1607 807 1635 834; x_wconf 87' lang='lat' dir='ltr'><strong>In</strong></span> <span class='ocrx_word' id='word_1_237' title='bbox 1649 809 1689 835; x_wconf 81' lang='lat' dir='ltr'><strong>ius</strong></span> <span class='ocrx_word' id='word_1_238' title='bbox 1704 814 1756 836; x_wconf 89' lang='lat' dir='ltr'><strong>ter-</strong></span> 
     </span>
    </p>
   </div>
   <div class='ocr_carea' id='block_1_32' title="bbox 967 844 1750 886">
    <p class='ocr_par' dir='ltr' id='par_1_32' title="bbox 967 844 1750 886">
     <span class='ocr_line' id='line_1_32' title="bbox 967 844 1750 886; baseline 0.013 -15"><span class='ocrx_word' id='word_1_239' title='bbox 967 844 1112 879; x_wconf 83' lang='lat' dir='ltr'><strong>minantia,</strong></span> <span class='ocrx_word' id='word_1_240' title='bbox 1136 851 1166 874; x_wconf 86' lang='lat' dir='ltr'><strong>ut</strong></span> <span class='ocrx_word' id='word_1_241' title='bbox 1189 849 1306 880; x_wconf 85' lang='lat' dir='ltr'><strong>nuntius,</strong></span> <span class='ocrx_word' id='word_1_242' title='bbox 1334 849 1469 885; x_wconf 75' lang='lat' dir='ltr'><strong>Virgilius,</strong></span> <span class='ocrx_word' id='word_1_243' title='bbox 1498 851 1608 885; x_wconf 77' lang='lat' dir='ltr'><strong>Silvius,</strong></span> <span class='ocrx_word' id='word_1_244' title='bbox 1633 855 1750 886; x_wconf 85' lang='lat' dir='ltr'><strong>saucius,</strong></span> 
     </span>
    </p>
   </div>
   <div class='ocr_carea' id='block_1_33' title="bbox 128 889 1753 931">
    <p class='ocr_par' dir='ltr' id='par_1_33' title="bbox 128 889 1753 931">
     <span class='ocr_line' id='line_1_33' title="bbox 128 889 1753 931; baseline 0.009 -18"><span class='ocrx_word' id='word_1_245' title='bbox 128 893 237 921; x_wconf 79' lang='lat' dir='ltr'><strong>quoque</strong></span> <span class='ocrx_word' id='word_1_246' title='bbox 247 895 345 923; x_wconf 88' lang='lat' dir='ltr'><strong>puram</strong></span> <span class='ocrx_word' id='word_1_247' title='bbox 355 889 479 916; x_wconf 87' lang='lat' dir='ltr'><strong>desinunt</strong></span> <span class='ocrx_word' id='word_1_248' title='bbox 490 891 649 924; x_wconf 83' lang='lat' dir='ltr'><strong>possessiva,</strong></span> <span class='ocrx_word' id='word_1_249' title='bbox 663 896 718 919; x_wconf 80' lang='lat' dir='ltr'><strong>tam</strong></span> <span class='ocrx_word' id='word_1_250' title='bbox 729 892 821 919; x_wconf 67' lang='lat' dir='ltr'><strong>Graeca</strong></span> <span class='ocrx_word' id='word_1_251' title='bbox 833 901 913 928; x_wconf 86' lang='lat' dir='ltr'><strong>quam</strong></span> <span class='ocrx_word' id='word_1_252' title='bbox 930 889 952 918; x_wconf 89' lang='grc' dir='ltr'><strong>Β</strong></span> <span class='ocrx_word' id='word_1_253' title='bbox 966 890 1046 923; x_wconf 84' lang='lat' dir='ltr'><strong>scius,</strong></span> <span class='ocrx_word' id='word_1_254' title='bbox 1061 892 1170 924; x_wconf 81' lang='lat' dir='ltr'><strong>nescius,</strong></span> <span class='ocrx_word' id='word_1_255' title='bbox 1186 892 1335 927; x_wconf 81' lang='lat' dir='ltr'><strong>Fabricius,</strong></span> <span class='ocrx_word' id='word_1_256' title='bbox 1348 896 1437 923; x_wconf 83' lang='lat' dir='ltr'><strong>omnia</strong></span> <span class='ocrx_word' id='word_1_257' title='bbox 1450 896 1458 923; x_wconf 88' lang='lat' dir='ltr'><strong>i</strong></span> <span class='ocrx_word' id='word_1_258' title='bbox 1479 897 1652 931; x_wconf 86' lang='lat' dir='ltr'><strong>penultimam</strong></span> <span class='ocrx_word' id='word_1_259' title='bbox 1667 900 1753 927; x_wconf 85' lang='lat' dir='ltr'><strong>corri—</strong></span> 
     </span>
    </p>
   </div>
   <div class='ocr_carea' id='block_1_34' title="bbox 126 930 916 970">
    <p class='ocr_par' dir='ltr' id='par_1_34' title="bbox 126 930 916 970">
     <span class='ocr_line' id='line_1_34' title="bbox 126 930 916 970; baseline 0.009 -13"><span class='ocrx_word' id='word_1_260' title='bbox 126 930 240 964; x_wconf 72' lang='lat' dir='ltr'><strong>lAtina,</strong></span> <span class='ocrx_word' id='word_1_261' title='bbox 255 934 429 961; x_wconf 81' lang='lat' dir='ltr'><strong>antecedente</strong></span> <span class='ocrx_word' id='word_1_262' title='bbox 450 943 463 961; x_wconf 90' lang='lat' dir='ltr'><strong>e</strong></span> <span class='ocrx_word' id='word_1_263' title='bbox 483 940 605 969; x_wconf 85' lang='lat' dir='ltr'><strong>correpta</strong></span> <span class='ocrx_word' id='word_1_264' title='bbox 627 940 653 963; x_wconf 87' lang='lat' dir='ltr'><strong>et</strong></span> <span class='ocrx_word' id='word_1_265' title='bbox 676 937 820 970; x_wconf 85' lang='lat' dir='ltr'><strong>producta,</strong></span> <span class='ocrx_word' id='word_1_266' title='bbox 846 938 887 965; x_wconf 85' lang='lat' dir='ltr'><strong>vel</strong></span> <span class='ocrx_word' id='word_1_267' title='bbox 907 938 916 964; x_wconf 89' lang='lat' dir='ltr'><strong>i</strong></span> 
     </span>
    </p>
   </div>
   <div class='ocr_carea' id='block_1_35' title="bbox 125 978 914 1018">
    <p class='ocr_par' dir='ltr' id='par_1_35' title="bbox 125 978 914 1018">
     <span class='ocr_line' id='line_1_35' title="bbox 125 978 914 1018; baseline 0.009 -15"><span class='ocrx_word' id='word_1_268' title='bbox 125 981 264 1012; x_wconf 82' lang='lat' dir='ltr'><strong>correpta,</strong></span> <span class='ocrx_word' id='word_1_269' title='bbox 283 978 341 1006; x_wconf 81' lang='lat' dir='ltr'><strong>sive</strong></span> <span class='ocrx_word' id='word_1_270' title='bbox 356 987 371 1006; x_wconf 88' lang='grc' dir='ltr'><em>ο</em></span> <span class='ocrx_word' id='word_1_271' title='bbox 387 980 526 1014; x_wconf 84' lang='lat' dir='ltr'><strong>producta,</strong></span> <span class='ocrx_word' id='word_1_272' title='bbox 541 986 588 1008; x_wconf 82' lang='lat' dir='ltr'><strong>aut</strong></span> <span class='ocrx_word' id='word_1_273' title='bbox 601 989 623 1008; x_wconf 79' lang='lat' dir='ltr'><strong>re</strong></span> <span class='ocrx_word' id='word_1_274' title='bbox 641 981 681 1009; x_wconf 88' lang='lat' dir='ltr'><strong>vel</strong></span> <span class='ocrx_word' id='word_1_275' title='bbox 696 991 718 1009; x_wconf 84' lang='lat' dir='ltr'><strong>oe</strong></span> <span class='ocrx_word' id='word_1_276' title='bbox 737 983 914 1018; x_wconf 81' lang='lat' dir='ltr'><strong>diphthongo,</strong></span> 
     </span>
    </p>
   </div>
   <div class='ocr_carea' id='block_1_36' title="bbox 124 1021 917 1060">
    <p class='ocr_par' dir='ltr' id='par_1_36' title="bbox 124 1021 917 1060">
     <span class='ocr_line' id='line_1_36' title="bbox 124 1021 917 1060; baseline 0.009 -11"><span class='ocrx_word' id='word_1_277' title='bbox 124 1030 139 1049; x_wconf 77' lang='grc' dir='ltr'><em>ε</em></span> <span class='ocrx_word' id='word_1_278' title='bbox 151 1021 244 1054; x_wconf 83' lang='lat' dir='ltr'><strong>brevi,</strong></span> <span class='ocrx_word' id='word_1_279' title='bbox 268 1027 298 1051; x_wconf 89' lang='lat' dir='ltr'><strong>ut</strong></span> <span class='ocrx_word' id='word_1_280' title='bbox 318 1023 470 1058; x_wconf 78' lang='lat' dir='ltr'><strong>Hectoreus,</strong></span> <span class='ocrx_word' id='word_1_281' title='bbox 486 1028 643 1060; x_wconf 78' lang='lat' dir='ltr'><strong>Agenoreus,</strong></span> <span class='ocrx_word' id='word_1_282' title='bbox 662 1026 807 1060; x_wconf 75' lang='lat' dir='ltr'><strong>Cwsareus,</strong></span> <span class='ocrx_word' id='word_1_283' title='bbox 822 1028 917 1056; x_wconf 85' lang='lat' dir='ltr'><strong>Romu-</strong></span> 
     </span>
    </p>
   </div>
   <div class='ocr_carea' id='block_1_37' title="bbox 124 1067 912 1107">
    <p class='ocr_par' dir='ltr' id='par_1_37' title="bbox 124 1067 912 1107">
     <span class='ocr_line' id='line_1_37' title="bbox 124 1067 912 1107; baseline 0.008 -13"><span class='ocrx_word' id='word_1_284' title='bbox 124 1067 192 1100; x_wconf 78' lang='lat' dir='ltr'><strong>leus,</strong></span> <span class='ocrx_word' id='word_1_285' title='bbox 206 1077 316 1102; x_wconf 72' lang='lat' dir='ltr'><strong>aureus,</strong></span> <span class='ocrx_word' id='word_1_286' title='bbox 330 1075 474 1105; x_wconf 79' lang='lat' dir='ltr'><strong>argenteus,</strong></span> <span class='ocrx_word' id='word_1_287' title='bbox 490 1071 597 1106; x_wconf 79' lang='lat' dir='ltr'><strong>ferreus,</strong></span> <span class='ocrx_word' id='word_1_288' title='bbox 613 1072 726 1107; x_wconf 82' lang='lat' dir='ltr'><strong>ligneus,</strong></span> <span class='ocrx_word' id='word_1_289' title='bbox 742 1081 912 1106; x_wconf 78' lang='lat' dir='ltr'><strong>marmoreus,</strong></span> 
     </span>
    </p>
   </div>
   <div class='ocr_carea' id='block_1_38' title="bbox 124 1113 913 1151">
    <p class='ocr_par' dir='ltr' id='par_1_38' title="bbox 124 1113 913 1151">
     <span class='ocr_line' id='line_1_38' title="bbox 124 1113 913 1151; baseline 0.008 -11"><span class='ocrx_word' id='word_1_290' title='bbox 124 1118 151 1140; x_wconf 87' lang='lat' dir='ltr'><strong>et</strong></span> <span class='ocrx_word' id='word_1_291' title='bbox 168 1113 228 1142; x_wconf 82' lang='lat' dir='ltr'><strong>fere</strong></span> <span class='ocrx_word' id='word_1_292' title='bbox 247 1115 340 1142; x_wconf 83' lang='lat' dir='ltr'><strong>omnia</strong></span> <span class='ocrx_word' id='word_1_293' title='bbox 361 1116 394 1142; x_wconf 90' lang='lat' dir='ltr'><strong>ad</strong></span> <span class='ocrx_word' id='word_1_294' title='bbox 412 1116 552 1143; x_wconf 81' lang='lat' dir='ltr'><strong>materiam</strong></span> <span class='ocrx_word' id='word_1_295' title='bbox 575 1118 752 1151; x_wconf 75' lang='lat' dir='ltr'><strong>pertinentia,</strong></span> <span class='ocrx_word' id='word_1_296' title='bbox 772 1126 786 1145; x_wconf 87' lang='lat' dir='ltr'><strong>e</strong></span> <span class='ocrx_word' id='word_1_297' title='bbox 805 1119 913 1146; x_wconf 87' lang='lat' dir='ltr'><strong>brevem</strong></span> 
     </span>
    </p>
   </div>
   <div class='ocr_carea' id='block_1_39' title="bbox 123 1160 916 1198">
    <p class='ocr_par' dir='ltr' id='par_1_39' title="bbox 123 1160 916 1198">
     <span class='ocr_line' id='line_1_39' title="bbox 123 1160 916 1198; baseline 0.006 -12"><span class='ocrx_word' id='word_1_298' title='bbox 123 1163 186 1187; x_wconf 79' lang='lat' dir='ltr'><strong>ante</strong></span> <span class='ocrx_word' id='word_1_299' title='bbox 201 1168 234 1187; x_wconf 79' lang='lat' dir='ltr'><strong>us</strong></span> <span class='ocrx_word' id='word_1_300' title='bbox 251 1160 360 1188; x_wconf 85' lang='lat' dir='ltr'><strong>habent.</strong></span> <span class='ocrx_word' id='word_1_301' title='bbox 377 1161 549 1190; x_wconf 85' lang='lat' dir='ltr'><strong>Inveniuntur</strong></span> <span class='ocrx_word' id='word_1_302' title='bbox 562 1167 650 1191; x_wconf 86' lang='lat' dir='ltr'><strong>tamen</strong></span> <span class='ocrx_word' id='word_1_303' title='bbox 669 1171 753 1198; x_wconf 87' lang='lat' dir='ltr'><strong>pauca</strong></span> <span class='ocrx_word' id='word_1_304' title='bbox 770 1164 829 1191; x_wconf 83' lang='lat' dir='ltr'><strong>sine</strong></span> <span class='ocrx_word' id='word_1_305' title='bbox 846 1172 870 1196; x_wconf 79' lang='grc' dir='ltr'><strong>ε,</strong></span> <span class='ocrx_word' id='word_1_306' title='bbox 886 1169 916 1192; x_wconf 90' lang='grc' dir='ltr'><strong>ιιι</strong></span> 
     </span>
    </p>
   </div>
   <div class='ocr_carea' id='block_1_40' title="bbox 121 1207 914 1245">
    <p class='ocr_par' dir='ltr' id='par_1_40' title="bbox 121 1207 914 1245">
     <span class='ocr_line' id='line_1_40' title="bbox 121 1207 914 1245; baseline 0.004 -11"><span class='ocrx_word' id='word_1_307' title='bbox 121 1215 253 1241; x_wconf 70' lang='lat' dir='ltr'><strong>quernas,</strong></span> <span class='ocrx_word' id='word_1_308' title='bbox 275 1207 414 1242; x_wconf 74' lang='lat' dir='ltr'><strong>coturnus,</strong></span> <span class='ocrx_word' id='word_1_309' title='bbox 432 1210 572 1245; x_wconf 72' lang='lat' dir='ltr'><strong>abiegnas;</strong></span> <span class='ocrx_word' id='word_1_310' title='bbox 587 1219 600 1237; x_wconf 74' lang='grc' dir='ltr'><strong><em>ε</em></strong></span> <span class='ocrx_word' id='word_1_311' title='bbox 614 1218 679 1238; x_wconf 87' lang='lat' dir='ltr'><strong>vero</strong></span> <span class='ocrx_word' id='word_1_312' title='bbox 701 1211 822 1245; x_wconf 79' lang='lat' dir='ltr'><strong>longam,</strong></span> <span class='ocrx_word' id='word_1_313' title='bbox 837 1219 914 1245; x_wconf 58' lang='lat' dir='ltr'><strong>span-</strong></span> 
     </span>
    </p>
   </div>
   <div class='ocr_carea' id='block_1_41' title="bbox 123 1254 914 1292">
    <p class='ocr_par' dir='ltr' id='par_1_41' title="bbox 123 1254 914 1292">
     <span class='ocr_line' id='line_1_41' title="bbox 123 1254 914 1292; baseline 0.004 -11"><span class='ocrx_word' id='word_1_314' title='bbox 123 1254 200 1287; x_wconf 78' lang='lat' dir='ltr'><strong>deus,</strong></span> <span class='ocrx_word' id='word_1_315' title='bbox 214 1255 339 1288; x_wconf 68' lang='lat' dir='ltr'><strong>phcbeus,</strong></span> <span class='ocrx_word' id='word_1_316' title='bbox 354 1260 381 1283; x_wconf 85' lang='lat' dir='ltr'><strong>et</strong></span> <span class='ocrx_word' id='word_1_317' title='bbox 394 1257 500 1291; x_wconf 81' lang='lat' dir='ltr'><strong>quando</strong></span> <span class='ocrx_word' id='word_1_318' title='bbox 512 1265 560 1291; x_wconf 94' lang='lat' dir='ltr'><strong>pro</strong></span> <span class='ocrx_word' id='word_1_319' title='bbox 575 1257 739 1292; x_wconf 77' lang='lat' dir='ltr'><strong>diphthongo</strong></span> <span class='ocrx_word' id='word_1_320' title='bbox 754 1258 871 1291; x_wconf 80' lang='lat' dir='ltr'><strong>ponitur,</strong></span> <span class='ocrx_word' id='word_1_321' title='bbox 885 1262 914 1284; x_wconf 88' lang='grc' dir='ltr'><strong>ιιι</strong></span> 
     </span>
    </p>
   </div>
   <div class='ocr_carea' id='block_1_42' title="bbox 122 1300 914 1338">
    <p class='ocr_par' dir='ltr' id='par_1_42' title="bbox 122 1300 914 1338">
     <span class='ocr_line' id='line_1_42' title="bbox 122 1300 914 1338; baseline 0.004 -12"><span class='ocrx_word' id='word_1_322' title='bbox 122 1300 261 1327; x_wconf 68' lang='lat' dir='ltr'><strong>Achilleus</strong></span> <span class='ocrx_word' id='word_1_323' title='bbox 282 1308 330 1335; x_wconf 84' lang='lat' dir='ltr'><strong>pro</strong></span> <span class='ocrx_word' id='word_1_324' title='bbox 348 1302 497 1335; x_wconf 76' lang='lat' dir='ltr'><strong>Achillcios,</strong></span> <span class='ocrx_word' id='word_1_325' title='bbox 516 1302 628 1337; x_wconf 79' lang='lat' dir='ltr'><strong>Alpheus</strong></span> <span class='ocrx_word' id='word_1_326' title='bbox 645 1310 694 1337; x_wconf 86' lang='lat' dir='ltr'><strong>pro</strong></span> <span class='ocrx_word' id='word_1_327' title='bbox 715 1302 845 1337; x_wconf 76' lang='lat' dir='ltr'><strong>Alpheias,</strong></span> <span class='ocrx_word' id='word_1_328' title='bbox 861 1303 914 1338; x_wconf 77' lang='lat' dir='ltr'><strong>Py-</strong></span> 
     </span>
    </p>
   </div>
   <div class='ocr_carea' id='block_1_43' title="bbox 122 1346 913 1384">
    <p class='ocr_par' dir='ltr' id='par_1_43' title="bbox 122 1346 913 1384">
     <span class='ocr_line' id='line_1_43' title="bbox 122 1346 913 1384; baseline 0.004 -11"><span class='ocrx_word' id='word_1_329' title='bbox 122 1347 266 1382; x_wconf 72' lang='lat' dir='ltr'><strong>thagoreus</strong></span> <span class='ocrx_word' id='word_1_330' title='bbox 279 1354 329 1381; x_wconf 87' lang='lat' dir='ltr'><strong>pro</strong></span> <span class='ocrx_word' id='word_1_331' title='bbox 342 1346 537 1382; x_wconf 79' lang='lat' dir='ltr'><strong>Pythagorcios,</strong></span> <span class='ocrx_word' id='word_1_332' title='bbox 553 1356 632 1383; x_wconf 86' lang='lat' dir='ltr'><strong>quam</strong></span> <span class='ocrx_word' id='word_1_333' title='bbox 646 1354 734 1375; x_wconf 89' lang='lat' dir='ltr'><strong>tamen</strong></span> <span class='ocrx_word' id='word_1_334' title='bbox 748 1349 873 1384; x_wconf 77' lang='lat' dir='ltr'><strong>Virgilius</strong></span> <span class='ocrx_word' id='word_1_335' title='bbox 887 1349 913 1376; x_wconf 89' lang='lat' dir='ltr'><strong>in</strong></span> 
     </span>
    </p>
   </div>
   <div class='ocr_carea' id='block_1_44' title="bbox 123 1392 587 1428">
    <p class='ocr_par' dir='ltr' id='par_1_44' title="bbox 123 1392 587 1428">
     <span class='ocr_line' id='line_1_44' title="bbox 123 1392 587 1428; baseline 0.006 -10"><span class='ocrx_word' id='word_1_336' title='bbox 123 1392 236 1419; x_wconf 85' lang='lat' dir='ltr'><strong>nomine</strong></span> <span class='ocrx_word' id='word_1_337' title='bbox 251 1392 380 1427; x_wconf 82' lang='lat' dir='ltr'><strong>&#39;liphoeus</strong></span> <span class='ocrx_word' id='word_1_338' title='bbox 392 1394 504 1428; x_wconf 85' lang='lat' dir='ltr'><strong>corripit</strong></span> <span class='ocrx_word' id='word_1_339' title='bbox 517 1395 542 1421; x_wconf 92' lang='lat' dir='ltr'><strong>in</strong></span> <span class='ocrx_word' id='word_1_340' title='bbox 558 1403 566 1421; x_wconf 91' lang='grc' dir='ltr'><strong>ι</strong></span> <span class='ocrx_word' id='word_1_341' title='bbox 580 1404 587 1421; x_wconf 92' lang='lat'>:</span> 
     </span>
    </p>
   </div>
   <div class='ocr_carea' id='block_1_45' title="bbox 188 1441 814 1475">
    <p class='ocr_par' dir='ltr' id='par_1_45' title="bbox 188 1441 814 1475">
     <span class='ocr_line' id='line_1_45' title="bbox 188 1441 814 1475; baseline 0.002 -9"><span class='ocrx_word' id='word_1_342' title='bbox 188 1441 254 1467; x_wconf 77' lang='lat' dir='ltr'><strong>Nate</strong></span> <span class='ocrx_word' id='word_1_343' title='bbox 268 1443 342 1473; x_wconf 61' lang='lat' dir='ltr'><strong>patris</strong></span> <span class='ocrx_word' id='word_1_344' title='bbox 354 1445 438 1467; x_wconf 86' lang='lat' dir='ltr'><strong>summi</strong></span> <span class='ocrx_word' id='word_1_345' title='bbox 450 1462 456 1473; x_wconf 90' lang='lat'><strong>,</strong></span> <span class='ocrx_word' id='word_1_346' title='bbox 473 1444 514 1474; x_wconf 83' lang='lat' dir='ltr'><strong>qui</strong></span> <span class='ocrx_word' id='word_1_347' title='bbox 527 1443 574 1468; x_wconf 77' lang='lat' dir='ltr'><strong>tela</strong></span> <span class='ocrx_word' id='word_1_348' title='bbox 587 1444 696 1474; x_wconf 65' lang='lat' dir='ltr'><strong>Tiphona</strong></span> <span class='ocrx_word' id='word_1_349' title='bbox 708 1444 814 1475; x_wconf 85' lang='lat' dir='ltr'><strong>temnis;</strong></span> 
     </span>
    </p>
   </div>
   <div class='ocr_carea' id='block_1_46' title="bbox 121 1482 911 1520">
    <p class='ocr_par' dir='ltr' id='par_1_46' title="bbox 121 1482 911 1520">
     <span class='ocr_line' id='line_1_46' title="bbox 121 1482 911 1520; baseline 0.004 -11"><span class='ocrx_word' id='word_1_350' title='bbox 121 1482 170 1509; x_wconf 82' lang='lat' dir='ltr'><strong>sed</strong></span> <span class='ocrx_word' id='word_1_351' title='bbox 191 1482 294 1510; x_wconf 82' lang='lat' dir='ltr'><strong>dicitur</strong></span> <span class='ocrx_word' id='word_1_352' title='bbox 307 1483 423 1518; x_wconf 84' lang='lat' dir='ltr'><strong>tiphocus</strong></span> <span class='ocrx_word' id='word_1_353' title='bbox 438 1488 465 1511; x_wconf 89' lang='lat' dir='ltr'><strong>et</strong></span> <span class='ocrx_word' id='word_1_354' title='bbox 486 1485 569 1519; x_wconf 74' lang='lat' dir='ltr'><strong>(ip/tos</strong></span> <span class='ocrx_word' id='word_1_355' title='bbox 589 1485 630 1512; x_wconf 85' lang='lat' dir='ltr'><strong>vel</strong></span> <span class='ocrx_word' id='word_1_356' title='bbox 646 1485 744 1520; x_wconf 85' lang='lat' dir='ltr'><strong>tiphan.</strong></span> <span class='ocrx_word' id='word_1_357' title='bbox 768 1485 911 1520; x_wconf 77' lang='lat' dir='ltr'><strong>Peregrina</strong></span> 
     </span>
    </p>
   </div>
   <div class='ocr_carea' id='block_1_47' title="bbox 122 1527 912 1564">
    <p class='ocr_par' dir='ltr' id='par_1_47' title="bbox 122 1527 912 1564">
     <span class='ocr_line' id='line_1_47' title="bbox 122 1527 912 1564; baseline 0.004 -11"><span class='ocrx_word' id='word_1_358' title='bbox 122 1534 232 1562; x_wconf 58' lang='lat' dir='ltr'><strong>quintus</strong></span> <span class='ocrx_word' id='word_1_359' title='bbox 247 1527 363 1555; x_wconf 76' lang='lat' dir='ltr'><strong>maxime</strong></span> <span class='ocrx_word' id='word_1_360' title='bbox 377 1536 391 1555; x_wconf 77' lang='grc' dir='ltr'><em>ε</em></span> <span class='ocrx_word' id='word_1_361' title='bbox 408 1529 507 1556; x_wconf 88' lang='lat' dir='ltr'><strong>habent</strong></span> <span class='ocrx_word' id='word_1_362' title='bbox 520 1533 581 1556; x_wconf 85' lang='lat' dir='ltr'><strong>ante</strong></span> <span class='ocrx_word' id='word_1_363' title='bbox 602 1538 632 1556; x_wconf 81' lang='lat' dir='ltr'><strong>us</strong></span> <span class='ocrx_word' id='word_1_364' title='bbox 653 1530 823 1564; x_wconf 89' lang='lat' dir='ltr'><strong>productam,</strong></span> <span class='ocrx_word' id='word_1_365' title='bbox 840 1530 912 1556; x_wconf 82' lang='lat' dir='ltr'><strong>Pha-</strong></span> 
     </span>
    </p>
   </div>
   <div class='ocr_carea' id='block_1_48' title="bbox 123 1571 914 1606">
    <p class='ocr_par' dir='ltr' id='par_1_48' title="bbox 123 1571 914 1606">
     <span class='ocr_line' id='line_1_48' title="bbox 123 1571 914 1606; baseline 0.004 -8"><span class='ocrx_word' id='word_1_366' title='bbox 123 1573 230 1604; x_wconf 70' lang='lat' dir='ltr'><strong>risa&#39;us,</strong></span> <span class='ocrx_word' id='word_1_367' title='bbox 249 1571 400 1606; x_wconf 73' lang='lat' dir='ltr'><strong>Matt/torus,</strong></span> <span class='ocrx_word' id='word_1_368' title='bbox 417 1573 538 1606; x_wconf 73' lang='lat' dir='ltr'><strong>Judtrus,</strong></span> <span class='ocrx_word' id='word_1_369' title='bbox 551 1574 560 1600; x_wconf 77' lang='grc' dir='ltr'><strong>ί</strong></span> <span class='ocrx_word' id='word_1_370' title='bbox 575 1578 665 1602; x_wconf 85' lang='lat' dir='ltr'><strong>autem</strong></span> <span class='ocrx_word' id='word_1_371' title='bbox 685 1575 775 1606; x_wconf 88' lang='lat' dir='ltr'><strong>brevi,</strong></span> <span class='ocrx_word' id='word_1_372' title='bbox 794 1579 823 1602; x_wconf 86' lang='lat' dir='ltr'><strong>ut</strong></span> <span class='ocrx_word' id='word_1_373' title='bbox 844 1583 914 1601; x_wconf 79' lang='lat' dir='ltr'><strong>mur-</strong></span> 
     </span>
    </p>
   </div>
   <div class='ocr_carea' id='block_1_49' title="bbox 120 1616 914 1654">
    <p class='ocr_par' dir='ltr' id='par_1_49' title="bbox 120 1616 914 1654">
     <span class='ocr_line' id='line_1_49' title="bbox 120 1616 914 1654; baseline 0.004 -11"><span class='ocrx_word' id='word_1_374' title='bbox 120 1616 186 1649; x_wconf 79' lang='lat' dir='ltr'><strong>tius,</strong></span> <span class='ocrx_word' id='word_1_375' title='bbox 200 1616 391 1651; x_wconf 73' lang='lat' dir='ltr'><strong>hereditarius;</strong></span> <span class='ocrx_word' id='word_1_376' title='bbox 404 1619 413 1645; x_wconf 87' lang='lat' dir='ltr'><strong>i</strong></span> <span class='ocrx_word' id='word_1_377' title='bbox 427 1623 528 1646; x_wconf 88' lang='lat' dir='ltr'><strong>tantum</strong></span> <span class='ocrx_word' id='word_1_378' title='bbox 547 1619 653 1654; x_wconf 77' lang='lat' dir='ltr'><strong>longam</strong></span> <span class='ocrx_word' id='word_1_379' title='bbox 670 1619 696 1647; x_wconf 90' lang='lat' dir='ltr'><strong>in</strong></span> <span class='ocrx_word' id='word_1_380' title='bbox 713 1620 806 1654; x_wconf 86' lang='lat' dir='ltr'><strong>paucis</strong></span> <span class='ocrx_word' id='word_1_381' title='bbox 828 1619 914 1647; x_wconf 90' lang='lat' dir='ltr'><strong>nomi-</strong></span> 
     </span>
    </p>
   </div>
   <div class='ocr_carea' id='block_1_50' title="bbox 123 1662 915 1699">
    <p class='ocr_par' dir='ltr' id='par_1_50' title="bbox 123 1662 915 1699">
     <span class='ocr_line' id='line_1_50' title="bbox 123 1662 915 1699; baseline 0.003 -10"><span class='ocrx_word' id='word_1_382' title='bbox 123 1662 207 1690; x_wconf 84' lang='lat' dir='ltr'><strong>nibus</strong></span> <span class='ocrx_word' id='word_1_383' title='bbox 233 1663 382 1691; x_wconf 82' lang='lat' dir='ltr'><strong>secundum</strong></span> <span class='ocrx_word' id='word_1_384' title='bbox 409 1663 517 1692; x_wconf 72' lang='lat' dir='ltr'><strong>Graecos</strong></span> <span class='ocrx_word' id='word_1_385' title='bbox 551 1665 701 1699; x_wconf 88' lang='lat' dir='ltr'><strong>producunt</strong></span> <span class='ocrx_word' id='word_1_386' title='bbox 726 1664 858 1695; x_wconf 80' lang='lat' dir='ltr'><strong>Romani,</strong></span> <span class='ocrx_word' id='word_1_387' title='bbox 885 1668 915 1691; x_wconf 89' lang='grc' dir='ltr'><strong>ιιι</strong></span> 
     </span>
    </p>
   </div>
   <div class='ocr_carea' id='block_1_51' title="bbox 119 1708 914 1745">
    <p class='ocr_par' dir='ltr' id='par_1_51' title="bbox 119 1708 914 1745">
     <span class='ocr_line' id='line_1_51' title="bbox 119 1708 914 1745; baseline 0.003 -12"><span class='ocrx_word' id='word_1_388' title='bbox 119 1708 212 1743; x_wconf 75' lang='grc' dir='ltr'>ιιΙιιίιυ</span> <span class='ocrx_word' id='word_1_389' title='bbox 227 1708 300 1742; x_wconf 84' lang='lat' dir='ltr'><strong>dius,</strong></span> <span class='ocrx_word' id='word_1_390' title='bbox 322 1709 394 1743; x_wconf 83' lang='lat' dir='ltr'><strong>phtia</strong></span> <span class='ocrx_word' id='word_1_391' title='bbox 415 1710 471 1742; x_wconf 84' lang='lat' dir='ltr'><strong>dia,</strong></span> <span class='ocrx_word' id='word_1_392' title='bbox 485 1710 575 1736; x_wconf 85' lang='lat' dir='ltr'><strong>conius</strong></span> <span class='ocrx_word' id='word_1_393' title='bbox 592 1710 657 1741; x_wconf 80' lang='lat' dir='ltr'><strong>eius,</strong></span> <span class='ocrx_word' id='word_1_394' title='bbox 673 1710 773 1745; x_wconf 83' lang='lat' dir='ltr'><strong>argius,</strong></span> <span class='ocrx_word' id='word_1_395' title='bbox 798 1709 914 1744; x_wconf 73' lang='lat' dir='ltr'><strong>longius,</strong></span> 
     </span>
    </p>
   </div>
   <div class='ocr_carea' id='block_1_52' title="bbox 120 1752 915 1790">
    <p class='ocr_par' dir='ltr' id='par_1_52' title="bbox 120 1752 915 1790">
     <span class='ocr_line' id='line_1_52' title="bbox 120 1752 915 1790; baseline 0.004 -11"><span class='ocrx_word' id='word_1_396' title='bbox 120 1752 218 1787; x_wconf 78' lang='lat' dir='ltr'><strong>lycius,</strong></span> <span class='ocrx_word' id='word_1_397' title='bbox 237 1752 386 1787; x_wconf 80' lang='lat' dir='ltr'><strong>Sperchius.</strong></span> <span class='ocrx_word' id='word_1_398' title='bbox 399 1753 575 1782; x_wconf 82' lang='lat' dir='ltr'><strong>inveniuntur</strong></span> <span class='ocrx_word' id='word_1_399' title='bbox 587 1759 676 1782; x_wconf 90' lang='lat' dir='ltr'><strong>autem</strong></span> <span class='ocrx_word' id='word_1_400' title='bbox 692 1763 707 1781; x_wconf 80' lang='grc' dir='ltr'><strong>ιι</strong></span> <span class='ocrx_word' id='word_1_401' title='bbox 721 1762 769 1789; x_wconf 85' lang='lat' dir='ltr'><strong>pro</strong></span> <span class='ocrx_word' id='word_1_402' title='bbox 780 1755 915 1790; x_wconf 81' lang='lat' dir='ltr'><strong>digamma</strong></span> 
     </span>
    </p>
   </div>
   <div class='ocr_carea' id='block_1_53' title="bbox 120 1797 914 1835">
    <p class='ocr_par' dir='ltr' id='par_1_53' title="bbox 120 1797 914 1835">
     <span class='ocr_line' id='line_1_53' title="bbox 120 1797 914 1835; baseline 0.004 -11"><span class='ocrx_word' id='word_1_403' title='bbox 120 1797 218 1825; x_wconf 76' lang='lat' dir='ltr'><strong>functa</strong></span> <span class='ocrx_word' id='word_1_404' title='bbox 232 1798 242 1824; x_wconf 77' lang='grc' dir='ltr'><strong>ἱ</strong></span> <span class='ocrx_word' id='word_1_405' title='bbox 257 1798 428 1833; x_wconf 86' lang='lat' dir='ltr'><strong>penultimam</strong></span> <span class='ocrx_word' id='word_1_406' title='bbox 444 1801 602 1834; x_wconf 85' lang='lat' dir='ltr'><strong>producere,</strong></span> <span class='ocrx_word' id='word_1_407' title='bbox 618 1804 646 1827; x_wconf 91' lang='lat' dir='ltr'><strong>ut</strong></span> <span class='ocrx_word' id='word_1_408' title='bbox 660 1801 775 1835; x_wconf 85' lang='lat' dir='ltr'><strong>argivus,</strong></span> <span class='ocrx_word' id='word_1_409' title='bbox 791 1801 914 1828; x_wconf 84' lang='lat' dir='ltr'><strong>nomina-</strong></span> 
     </span>
    </p>
   </div>
   <div class='ocr_carea' id='block_1_54' title="bbox 120 1843 911 1879">
    <p class='ocr_par' dir='ltr' id='par_1_54' title="bbox 120 1843 911 1879">
     <span class='ocr_line' id='line_1_54' title="bbox 120 1843 911 1879; baseline 0.004 -10"><span class='ocrx_word' id='word_1_410' title='bbox 120 1843 205 1875; x_wconf 64' lang='lat' dir='ltr'><strong>tivus,</strong></span> <span class='ocrx_word' id='word_1_411' title='bbox 217 1843 354 1877; x_wconf 76' lang='lat' dir='ltr'><strong>genitivus,</strong></span> <span class='ocrx_word' id='word_1_412' title='bbox 370 1844 546 1879; x_wconf 68' lang='lat' dir='ltr'><strong>imperativus,</strong></span> <span class='ocrx_word' id='word_1_413' title='bbox 561 1845 687 1879; x_wconf 84' lang='lat' dir='ltr'><strong>optutivus</strong></span> <span class='ocrx_word' id='word_1_414' title='bbox 703 1849 729 1872; x_wconf 83' lang='lat' dir='ltr'><strong>et</strong></span> <span class='ocrx_word' id='word_1_415' title='bbox 744 1845 785 1871; x_wconf 88' lang='lat' dir='ltr'><strong>his</strong></span> <span class='ocrx_word' id='word_1_416' title='bbox 799 1845 911 1879; x_wconf 81' lang='lat' dir='ltr'><strong>similia;</strong></span> 
     </span>
    </p>
   </div>
   <div class='ocr_carea' id='block_1_55' title="bbox 120 1888 910 1926">
    <p class='ocr_par' dir='ltr' id='par_1_55' title="bbox 120 1888 910 1926">
     <span class='ocr_line' id='line_1_55' title="bbox 120 1888 910 1926; baseline 0.005 -12"><span class='ocrx_word' id='word_1_417' title='bbox 120 1896 136 1914; x_wconf 84' lang='grc' dir='ltr'><strong><em>ο</em></strong></span> <span class='ocrx_word' id='word_1_418' title='bbox 153 1888 302 1922; x_wconf 80' lang='lat' dir='ltr'><strong>producta,</strong></span> <span class='ocrx_word' id='word_1_419' title='bbox 316 1892 345 1915; x_wconf 93' lang='grc' dir='ltr'><strong>ιιι</strong></span> <span class='ocrx_word' id='word_1_420' title='bbox 357 1888 459 1922; x_wconf 87' lang='lat' dir='ltr'><strong>herous,</strong></span> <span class='ocrx_word' id='word_1_421' title='bbox 474 1898 551 1922; x_wconf 82' lang='lat' dir='ltr'><strong>eous;</strong></span> <span class='ocrx_word' id='word_1_422' title='bbox 565 1899 588 1917; x_wconf 77' lang='grc' dir='ltr'>ιι·</span> <span class='ocrx_word' id='word_1_423' title='bbox 605 1890 798 1926; x_wconf 81' lang='lat' dir='ltr'><strong>diphthongon,</strong></span> <span class='ocrx_word' id='word_1_424' title='bbox 814 1895 844 1918; x_wconf 88' lang='lat' dir='ltr'><strong>ut</strong></span> <span class='ocrx_word' id='word_1_425' title='bbox 858 1890 910 1918; x_wconf 85' lang='lat' dir='ltr'><strong>Sa-</strong></span> 
     </span>
    </p>
   </div>
   <div class='ocr_carea' id='block_1_56' title="bbox 121 1931 912 1968">
    <p class='ocr_par' dir='ltr' id='par_1_56' title="bbox 121 1931 912 1968">
     <span class='ocr_line' id='line_1_56' title="bbox 121 1931 912 1968; baseline 0.006 -10"><span class='ocrx_word' id='word_1_426' title='bbox 121 1932 208 1964; x_wconf 75' lang='lat' dir='ltr'><strong>bmu,</strong></span> <span class='ocrx_word' id='word_1_427' title='bbox 222 1931 346 1964; x_wconf 74' lang='lat' dir='ltr'><strong>Cretwus,</strong></span> <span class='ocrx_word' id='word_1_428' title='bbox 362 1931 531 1967; x_wconf 76' lang='lat' dir='ltr'><strong>Ptolomwus,</strong></span> <span class='ocrx_word' id='word_1_429' title='bbox 548 1935 677 1968; x_wconf 60' lang='lat' dir='ltr'><strong>Timavus;</strong></span> <span class='ocrx_word' id='word_1_430' title='bbox 692 1944 714 1963; x_wconf 70' lang='lat' dir='ltr'><strong>ae</strong></span> <span class='ocrx_word' id='word_1_431' title='bbox 729 1940 758 1962; x_wconf 88' lang='grc' dir='ltr'><strong>ιιι</strong></span> <span class='ocrx_word' id='word_1_432' title='bbox 772 1936 869 1963; x_wconf 65' lang='lat' dir='ltr'><strong>cubita.</strong></span> <span class='ocrx_word' id='word_1_433' title='bbox 883 1936 912 1963; x_wconf 83' lang='lat' dir='ltr'><strong>lu</strong></span> 
     </span>
    </p>
   </div>
   <div class='ocr_carea' id='block_1_57' title="bbox 121 1977 911 2015">
    <p class='ocr_par' dir='ltr' id='par_1_57' title="bbox 121 1977 911 2015">
     <span class='ocr_line' id='line_1_57' title="bbox 121 1977 911 2015; baseline 0.005 -11"><span class='ocrx_word' id='word_1_434' title='bbox 121 1985 172 2004; x_wconf 79' lang='lat' dir='ltr'><strong>nus</strong></span> <span class='ocrx_word' id='word_1_435' title='bbox 184 1981 276 2005; x_wconf 84' lang='lat' dir='ltr'><strong>autem</strong></span> <span class='ocrx_word' id='word_1_436' title='bbox 288 1977 445 2011; x_wconf 84' lang='lat' dir='ltr'><strong>desinentia,</strong></span> <span class='ocrx_word' id='word_1_437' title='bbox 458 1979 479 2006; x_wconf 92' lang='lat' dir='ltr'><strong>si</strong></span> <span class='ocrx_word' id='word_1_438' title='bbox 494 1988 509 2006; x_wconf 88' lang='lat' dir='ltr'><strong>a</strong></span> <span class='ocrx_word' id='word_1_439' title='bbox 525 1980 626 2006; x_wconf 77' lang='lat' dir='ltr'><strong>habent</strong></span> <span class='ocrx_word' id='word_1_440' title='bbox 640 1981 816 2015; x_wconf 85' lang='lat' dir='ltr'><strong>penultimam</strong></span> <span class='ocrx_word' id='word_1_441' title='bbox 832 1981 872 2008; x_wconf 84' lang='lat' dir='ltr'><strong>vel</strong></span> <span class='ocrx_word' id='word_1_442' title='bbox 887 1990 911 2013; x_wconf 80' lang='grc' dir='ltr'><strong>ε,</strong></span> 
     </span>
    </p>
   </div>
   <div class='ocr_carea' id='block_1_58' title="bbox 119 2021 913 2060">
    <p class='ocr_par' dir='ltr' id='par_1_58' title="bbox 119 2021 913 2060">
     <span class='ocr_line' id='line_1_58' title="bbox 119 2021 913 2060; baseline 0.004 -11"><span class='ocrx_word' id='word_1_443' title='bbox 119 2021 319 2057; x_wconf 80' lang='lat' dir='ltr'><strong>producuntur,</strong></span> <span class='ocrx_word' id='word_1_444' title='bbox 336 2027 365 2050; x_wconf 89' lang='grc' dir='ltr'>υι</span> <span class='ocrx_word' id='word_1_445' title='bbox 378 2023 521 2056; x_wconf 83' lang='lat' dir='ltr'><strong>Romanus,</strong></span> <span class='ocrx_word' id='word_1_446' title='bbox 536 2025 683 2060; x_wconf 79' lang='lat' dir='ltr'><strong>Hispanus,</strong></span> <span class='ocrx_word' id='word_1_447' title='bbox 695 2025 828 2059; x_wconf 78' lang='lat' dir='ltr'><strong>fontanas,</strong></span> <span class='ocrx_word' id='word_1_448' title='bbox 841 2034 913 2053; x_wconf 86' lang='lat' dir='ltr'><strong>mou-</strong></span> 
     </span>
    </p>
   </div>
   <div class='ocr_carea' id='block_1_59' title="bbox 118 2067 910 2106">
    <p class='ocr_par' dir='ltr' id='par_1_59' title="bbox 118 2067 910 2106">
     <span class='ocr_line' id='line_1_59' title="bbox 118 2067 910 2106; baseline 0.005 -12"><span class='ocrx_word' id='word_1_449' title='bbox 118 2072 220 2099; x_wconf 81' lang='lat' dir='ltr'><strong>tauus;</strong></span> <span class='ocrx_word' id='word_1_450' title='bbox 235 2067 377 2095; x_wconf 78' lang='lat' dir='ltr'><strong>Dardanus</strong></span> <span class='ocrx_word' id='word_1_451' title='bbox 396 2077 501 2104; x_wconf 77' lang='lat' dir='ltr'><strong>quoque</strong></span> <span class='ocrx_word' id='word_1_452' title='bbox 526 2070 666 2104; x_wconf 81' lang='lat' dir='ltr'><strong>proprium</strong></span> <span class='ocrx_word' id='word_1_453' title='bbox 688 2075 729 2098; x_wconf 82' lang='lat' dir='ltr'><strong>est</strong></span> <span class='ocrx_word' id='word_1_454' title='bbox 751 2075 778 2098; x_wconf 89' lang='lat' dir='ltr'><strong>et</strong></span> <span class='ocrx_word' id='word_1_455' title='bbox 793 2071 910 2106; x_wconf 84' lang='lat' dir='ltr'><strong>primiti-</strong></span> 
     </span>
    </p>
   </div>
   <div class='ocr_carea' id='block_1_60' title="bbox 119 2113 911 2151">
    <p class='ocr_par' dir='ltr' id='par_1_60' title="bbox 119 2113 911 2151">
     <span class='ocr_line' id='line_1_60' title="bbox 119 2113 911 2151; baseline 0.004 -12"><span class='ocrx_word' id='word_1_456' title='bbox 119 2120 197 2144; x_wconf 86' lang='lat' dir='ltr'><strong>vum,</strong></span> <span class='ocrx_word' id='word_1_457' title='bbox 218 2113 334 2148; x_wconf 78' lang='lat' dir='ltr'><strong>ideoque</strong></span> <span class='ocrx_word' id='word_1_458' title='bbox 352 2123 368 2140; x_wconf 89' lang='lat' dir='ltr'><strong>a</strong></span> <span class='ocrx_word' id='word_1_459' title='bbox 382 2120 534 2150; x_wconf 83' lang='lat' dir='ltr'><strong>correptam</strong></span> <span class='ocrx_word' id='word_1_460' title='bbox 550 2116 645 2148; x_wconf 80' lang='lat' dir='ltr'><strong>habet;</strong></span> <span class='ocrx_word' id='word_1_461' title='bbox 662 2121 791 2147; x_wconf 76' lang='lat' dir='ltr'><strong>terrenus.</strong></span> <span class='ocrx_word' id='word_1_462' title='bbox 805 2125 911 2151; x_wconf 76' lang='lat' dir='ltr'><strong>egenus,</strong></span> 
     </span>
    </p>
   </div>
   <div class='ocr_carea' id='block_1_61' title="bbox 118 2158 911 2196">
    <p class='ocr_par' dir='ltr' id='par_1_61' title="bbox 118 2158 911 2196">
     <span class='ocr_line' id='line_1_61' title="bbox 118 2158 911 2196; baseline 0.005 -12"><span class='ocrx_word' id='word_1_463' title='bbox 118 2158 237 2190; x_wconf 79' lang='lat' dir='ltr'><strong>alienus,</strong></span> <span class='ocrx_word' id='word_1_464' title='bbox 252 2167 360 2186; x_wconf 85' lang='lat' dir='ltr'><strong>amenus</strong></span> <span class='ocrx_word' id='word_1_465' title='bbox 375 2166 384 2184; x_wconf 83' lang='lat'><strong>.&#39;</strong></span> <span class='ocrx_word' id='word_1_466' title='bbox 402 2160 411 2185; x_wconf 77' lang='grc' dir='ltr'><strong><em>ί</em></strong></span> <span class='ocrx_word' id='word_1_467' title='bbox 426 2165 488 2187; x_wconf 87' lang='lat' dir='ltr'><strong>ante</strong></span> <span class='ocrx_word' id='word_1_468' title='bbox 508 2169 555 2187; x_wconf 82' lang='lat' dir='ltr'><strong>nus</strong></span> <span class='ocrx_word' id='word_1_469' title='bbox 578 2161 721 2196; x_wconf 81' lang='lat' dir='ltr'><strong>aliquando</strong></span> <span class='ocrx_word' id='word_1_470' title='bbox 744 2162 911 2196; x_wconf 80' lang='lat' dir='ltr'><strong>producitur,</strong></span> 
     </span>
    </p>
   </div>
   <div class='ocr_carea' id='block_1_62' title="bbox 119 2203 911 2240">
    <p class='ocr_par' dir='ltr' id='par_1_62' title="bbox 119 2203 911 2240">
     <span class='ocr_line' id='line_1_62' title="bbox 119 2203 911 2240; baseline 0.005 -12"><span class='ocrx_word' id='word_1_471' title='bbox 119 2207 149 2230; x_wconf 87' lang='lat' dir='ltr'><strong>ut</strong></span> <span class='ocrx_word' id='word_1_472' title='bbox 168 2203 329 2235; x_wconf 74' lang='lat' dir='ltr'><strong>cainerinus,</strong></span> <span class='ocrx_word' id='word_1_473' title='bbox 347 2204 457 2238; x_wconf 79' lang='lat' dir='ltr'><strong>regiuns,</strong></span> <span class='ocrx_word' id='word_1_474' title='bbox 481 2206 653 2238; x_wconf 77' lang='lat' dir='ltr'><strong>musculinus,</strong></span> <span class='ocrx_word' id='word_1_475' title='bbox 675 2206 784 2238; x_wconf 70' lang='lat' dir='ltr'><strong>vicinus,</strong></span> <span class='ocrx_word' id='word_1_476' title='bbox 807 2206 911 2240; x_wconf 72' lang='lat' dir='ltr'><strong>fcntini~</strong></span> 
     </span>
    </p>
   </div>
   <div class='ocr_carea' id='block_1_63' title="bbox 118 2247 910 2285">
    <p class='ocr_par' dir='ltr' id='par_1_63' title="bbox 118 2247 910 2285">
     <span class='ocr_line' id='line_1_63' title="bbox 118 2247 910 2285; baseline 0.006 -12"><span class='ocrx_word' id='word_1_477' title='bbox 118 2256 183 2279; x_wconf 64' lang='lat' dir='ltr'><strong>nus,</strong></span> <span class='ocrx_word' id='word_1_478' title='bbox 197 2247 316 2282; x_wconf 79' lang='lat' dir='ltr'><strong>follinus,</strong></span> <span class='ocrx_word' id='word_1_479' title='bbox 330 2250 457 2281; x_wconf 86' lang='lat' dir='ltr'><strong>marinus,</strong></span> <span class='ocrx_word' id='word_1_480' title='bbox 471 2250 598 2282; x_wconf 74' lang='lat' dir='ltr'><strong>taurinus,</strong></span> <span class='ocrx_word' id='word_1_481' title='bbox 615 2251 752 2285; x_wconf 83' lang='lat' dir='ltr'><strong>porciuus;</strong></span> <span class='ocrx_word' id='word_1_482' title='bbox 767 2250 910 2285; x_wconf 75' lang='lat' dir='ltr'><strong>aliquando</strong></span> 
     </span>
    </p>
   </div>
   <div class='ocr_carea' id='block_1_64' title="bbox 117 2293 912 2330">
    <p class='ocr_par' dir='ltr' id='par_1_64' title="bbox 117 2293 912 2330">
     <span class='ocr_line' id='line_1_64' title="bbox 117 2293 912 2330; baseline 0.004 -11"><span class='ocrx_word' id='word_1_483' title='bbox 117 2301 190 2321; x_wconf 81' lang='lat' dir='ltr'><strong>vero</strong></span> <span class='ocrx_word' id='word_1_484' title='bbox 203 2293 356 2328; x_wconf 85' lang='lat' dir='ltr'><strong>corripitur,</strong></span> <span class='ocrx_word' id='word_1_485' title='bbox 373 2295 398 2321; x_wconf 81' lang='lat' dir='ltr'><strong>id</strong></span> <span class='ocrx_word' id='word_1_486' title='bbox 413 2300 454 2322; x_wconf 90' lang='lat' dir='ltr'><strong>est</strong></span> <span class='ocrx_word' id='word_1_487' title='bbox 469 2296 494 2322; x_wconf 88' lang='lat' dir='ltr'><strong>in</strong></span> <span class='ocrx_word' id='word_1_488' title='bbox 511 2296 553 2322; x_wconf 89' lang='lat' dir='ltr'><strong>his</strong></span> <span class='ocrx_word' id='word_1_489' title='bbox 566 2303 624 2330; x_wconf 62' lang='lat' dir='ltr'><strong>quae</strong></span> <span class='ocrx_word' id='word_1_490' title='bbox 639 2296 672 2322; x_wconf 81' lang='lat' dir='ltr'><strong>ab</strong></span> <span class='ocrx_word' id='word_1_491' title='bbox 687 2296 826 2323; x_wconf 80' lang='lat' dir='ltr'><strong>arboribus</strong></span> <span class='ocrx_word' id='word_1_492' title='bbox 841 2296 912 2323; x_wconf 88' lang='lat' dir='ltr'><strong>deri-</strong></span> 
     </span>
    </p>
   </div>
   <div class='ocr_carea' id='block_1_65' title="bbox 116 2339 911 2376">
    <p class='ocr_par' dir='ltr' id='par_1_65' title="bbox 116 2339 911 2376">
     <span class='ocr_line' id='line_1_65' title="bbox 116 2339 911 2376; baseline 0.004 -10"><span class='ocrx_word' id='word_1_493' title='bbox 116 2343 233 2372; x_wconf 73' lang='lat' dir='ltr'><strong>vat-tur,</strong></span> <span class='ocrx_word' id='word_1_494' title='bbox 253 2343 282 2366; x_wconf 90' lang='grc' dir='ltr'><strong>ιιι</strong></span> <span class='ocrx_word' id='word_1_495' title='bbox 296 2339 440 2375; x_wconf 69' lang='lat' dir='ltr'><strong>olcagiuus,</strong></span> <span class='ocrx_word' id='word_1_496' title='bbox 456 2341 577 2376; x_wconf 75' lang='lat' dir='ltr'><strong>faginus;</strong></span> <span class='ocrx_word' id='word_1_497' title='bbox 594 2347 620 2368; x_wconf 83' lang='lat' dir='ltr'><strong>et</strong></span> <span class='ocrx_word' id='word_1_498' title='bbox 638 2341 664 2367; x_wconf 91' lang='lat' dir='ltr'><strong>in</strong></span> <span class='ocrx_word' id='word_1_499' title='bbox 681 2341 723 2368; x_wconf 85' lang='lat' dir='ltr'><strong>his</strong></span> <span class='ocrx_word' id='word_1_500' title='bbox 737 2349 797 2376; x_wconf 70' lang='lat' dir='ltr'><strong>qum</strong></span> <span class='ocrx_word' id='word_1_501' title='bbox 817 2343 851 2369; x_wconf 89' lang='lat' dir='ltr'><strong>ab</strong></span> <span class='ocrx_word' id='word_1_502' title='bbox 865 2343 911 2369; x_wconf 86' lang='lat' dir='ltr'><strong>ad-</strong></span> 
     </span>
    </p>
   </div>
   <div class='ocr_carea' id='block_1_66' title="bbox 100 2383 911 2420">
    <p class='ocr_par' dir='ltr' id='par_1_66' title="bbox 100 2383 911 2420">
     <span class='ocr_line' id='line_1_66' title="bbox 100 2383 911 2420; baseline 0.006 -11"><span class='ocrx_word' id='word_1_503' title='bbox 100 2383 103 2386; x_wconf 76' lang='grc'><em>’</em></span> <span class='ocrx_word' id='word_1_504' title='bbox 117 2383 225 2411; x_wconf 83' lang='lat' dir='ltr'><strong>verbiis</strong></span> <span class='ocrx_word' id='word_1_505' title='bbox 247 2389 394 2411; x_wconf 87' lang='lat' dir='ltr'><strong>nascuntur</strong></span> <span class='ocrx_word' id='word_1_506' title='bbox 409 2386 609 2420; x_wconf 77' lang='lat' dir='ltr'><strong>temporalibus,</strong></span> <span class='ocrx_word' id='word_1_507' title='bbox 625 2392 655 2413; x_wconf 93' lang='lat' dir='ltr'><strong>ut</strong></span> <span class='ocrx_word' id='word_1_508' title='bbox 670 2396 740 2419; x_wconf 85' lang='lat' dir='ltr'><strong>cras,</strong></span> <span class='ocrx_word' id='word_1_509' title='bbox 762 2388 911 2415; x_wconf 81' lang='lat' dir='ltr'><strong>crastinus:</strong></span> 
     </span>
    </p>
   </div>
   <div class='ocr_carea' id='block_1_67' title="bbox 117 2429 910 2468">
    <p class='ocr_par' dir='ltr' id='par_1_67' title="bbox 117 2429 910 2468">
     <span class='ocr_line' id='line_1_67' title="bbox 117 2429 910 2468; baseline 0.004 -12"><span class='ocrx_word' id='word_1_510' title='bbox 117 2430 222 2463; x_wconf 78' lang='lat' dir='ltr'><strong>horno,</strong></span> <span class='ocrx_word' id='word_1_511' title='bbox 244 2429 428 2463; x_wconf 78' lang='lat' dir='ltr'><strong>hornoctiuus,’</strong></span> <span class='ocrx_word' id='word_1_512' title='bbox 443 2431 498 2463; x_wconf 85' lang='lat' dir='ltr'><strong>diu,</strong></span> <span class='ocrx_word' id='word_1_513' title='bbox 519 2432 653 2465; x_wconf 85' lang='lat' dir='ltr'><strong>diutinus;</strong></span> <span class='ocrx_word' id='word_1_514' title='bbox 668 2442 684 2460; x_wconf 93' lang='lat' dir='ltr'><strong>u</strong></span> <span class='ocrx_word' id='word_1_515' title='bbox 705 2440 812 2468; x_wconf 84' lang='lat' dir='ltr'><strong>quoque</strong></span> <span class='ocrx_word' id='word_1_516' title='bbox 832 2433 910 2467; x_wconf 78' lang='lat' dir='ltr'><strong>longa</strong></span> 
     </span>
    </p>
   </div>
   <div class='ocr_carea' id='block_1_68' title="bbox 116 2476 912 2511">
    <p class='ocr_par' dir='ltr' id='par_1_68' title="bbox 116 2476 912 2511">
     <span class='ocr_line' id='line_1_68' title="bbox 116 2476 912 2511; baseline 0.001 -9"><span class='ocrx_word' id='word_1_517' title='bbox 116 2479 186 2502; x_wconf 85' lang='lat' dir='ltr'><strong>ante</strong></span> <span class='ocrx_word' id='word_1_518' title='bbox 199 2482 262 2506; x_wconf 76' lang='lat' dir='ltr'><strong>nus,</strong></span> <span class='ocrx_word' id='word_1_519' title='bbox 275 2480 305 2502; x_wconf 90' lang='lat' dir='ltr'><strong>ut</strong></span> <span class='ocrx_word' id='word_1_520' title='bbox 320 2476 456 2507; x_wconf 77' lang='lat' dir='ltr'><strong>tribunus;</strong></span> <span class='ocrx_word' id='word_1_521' title='bbox 470 2476 522 2503; x_wconf 87' lang='lat' dir='ltr'><strong>alia</strong></span> <span class='ocrx_word' id='word_1_522' title='bbox 538 2477 698 2511; x_wconf 63' lang='lat' dir='ltr'><strong>positionem</strong></span> <span class='ocrx_word' id='word_1_523' title='bbox 713 2478 813 2505; x_wconf 88' lang='lat' dir='ltr'><strong>habent</strong></span> <span class='ocrx_word' id='word_1_524' title='bbox 826 2482 853 2504; x_wconf 87' lang='lat' dir='ltr'><strong>et</strong></span> <span class='ocrx_word' id='word_1_525' title='bbox 868 2477 912 2503; x_wconf 76' lang='lat' dir='ltr'><strong>de-</strong></span> 
     </span>
    </p>
   </div>
   <div class='ocr_carea' id='block_1_69' title="bbox 117 2520 909 2554">
    <p class='ocr_par' dir='ltr' id='par_1_69' title="bbox 117 2520 909 2554">
     <span class='ocr_line' id='line_1_69' title="bbox 117 2520 909 2554; baseline 0.001 -7"><span class='ocrx_word' id='word_1_526' title='bbox 117 2520 260 2553; x_wconf 84' lang='lat' dir='ltr'><strong>rivantur,</strong></span> <span class='ocrx_word' id='word_1_527' title='bbox 274 2524 304 2547; x_wconf 89' lang='lat' dir='ltr'><strong>ut</strong></span> <span class='ocrx_word' id='word_1_528' title='bbox 317 2521 351 2548; x_wconf 89' lang='lat' dir='ltr'><strong>ab</strong></span> <span class='ocrx_word' id='word_1_529' title='bbox 371 2521 440 2554; x_wconf 87' lang='lat' dir='ltr'><strong>heri,</strong></span> <span class='ocrx_word' id='word_1_530' title='bbox 453 2521 598 2554; x_wconf 80' lang='lat' dir='ltr'><strong>Itcsternus,</strong></span> <span class='ocrx_word' id='word_1_531' title='bbox 613 2523 648 2550; x_wconf 83' lang='lat' dir='ltr'><strong>ab</strong></span> <span class='ocrx_word' id='word_1_532' title='bbox 662 2527 741 2549; x_wconf 61' lang='lat' dir='ltr'><strong>relate</strong></span> <span class='ocrx_word' id='word_1_533' title='bbox 756 2528 878 2554; x_wconf 61' lang='lat' dir='ltr'><strong>a’tcrnus,</strong></span> <span class='ocrx_word' id='word_1_534' title='bbox 894 2529 909 2548; x_wconf 90' lang='lat' dir='ltr'><strong>a</strong></span> 
     </span>
    </p>
   </div>
   <div class='ocr_carea' id='block_1_70' title="bbox 116 2565 911 2600">
    <p class='ocr_par' dir='ltr' id='par_1_70' title="bbox 116 2565 911 2600">
     <span class='ocr_line' id='line_1_70' title="bbox 116 2565 911 2600; baseline -0.001 -6"><span class='ocrx_word' id='word_1_535' title='bbox 116 2566 165 2594; x_wconf 80' lang='lat' dir='ltr'><strong>die</strong></span> <span class='ocrx_word' id='word_1_536' title='bbox 183 2565 308 2599; x_wconf 77' lang='lat' dir='ltr'><strong>diurnus,</strong></span> <span class='ocrx_word' id='word_1_537' title='bbox 323 2573 339 2592; x_wconf 78' lang='grc' dir='ltr'><strong>ιι</strong></span> <span class='ocrx_word' id='word_1_538' title='bbox 352 2573 458 2600; x_wconf 83' lang='lat' dir='ltr'><strong>semper</strong></span> <span class='ocrx_word' id='word_1_539' title='bbox 472 2566 651 2600; x_wconf 76' lang='lat' dir='ltr'><strong>sempiternus.</strong></span> <span class='ocrx_word' id='word_1_540' title='bbox 666 2566 694 2593; x_wconf 86' lang='lat' dir='ltr'><strong>In</strong></span> <span class='ocrx_word' id='word_1_541' title='bbox 714 2574 770 2593; x_wconf 87' lang='lat' dir='ltr'><strong>mus</strong></span> <span class='ocrx_word' id='word_1_542' title='bbox 785 2566 911 2594; x_wconf 82' lang='lat' dir='ltr'><strong>desinunt</strong></span> 
     </span>
    </p>
   </div>
   <div class='ocr_carea' id='block_1_71' title="bbox 116 2611 910 2648">
    <p class='ocr_par' dir='ltr' id='par_1_71' title="bbox 116 2611 910 2648">
     <span class='ocr_line' id='line_1_71' title="bbox 116 2611 910 2648; baseline -0.001 -8"><span class='ocrx_word' id='word_1_543' title='bbox 116 2611 299 2648; x_wconf 81' lang='lat' dir='ltr'><strong>superlativa,</strong></span> <span class='ocrx_word' id='word_1_544' title='bbox 311 2616 338 2639; x_wconf 88' lang='lat' dir='ltr'><strong>et</strong></span> <span class='ocrx_word' id='word_1_545' title='bbox 350 2612 439 2638; x_wconf 91' lang='lat' dir='ltr'><strong>omnia</strong></span> <span class='ocrx_word' id='word_1_546' title='bbox 454 2612 627 2647; x_wconf 88' lang='lat' dir='ltr'><strong>penultimam</strong></span> <span class='ocrx_word' id='word_1_547' title='bbox 643 2613 651 2639; x_wconf 82' lang='grc' dir='ltr'><strong><em>ἰ</em></strong></span> <span class='ocrx_word' id='word_1_548' title='bbox 667 2613 776 2639; x_wconf 81' lang='lat' dir='ltr'><strong>brevem</strong></span> <span class='ocrx_word' id='word_1_549' title='bbox 798 2612 910 2645; x_wconf 85' lang='lat' dir='ltr'><strong>habent,</strong></span> 
     </span>
    </p>
   </div>
   <div class='ocr_carea' id='block_1_72' title="bbox 116 2658 907 2693">
    <p class='ocr_par' dir='ltr' id='par_1_72' title="bbox 116 2658 907 2693">
     <span class='ocr_line' id='line_1_72' title="bbox 116 2658 907 2693; baseline 0 -7"><span class='ocrx_word' id='word_1_550' title='bbox 116 2663 149 2686; x_wconf 88' lang='grc' dir='ltr'><strong>ιιι</strong></span> <span class='ocrx_word' id='word_1_551' title='bbox 168 2658 288 2692; x_wconf 79' lang='lat' dir='ltr'><strong>inﬁmus,</strong></span> <span class='ocrx_word' id='word_1_552' title='bbox 311 2659 434 2693; x_wconf 77' lang='lat' dir='ltr'><strong>optimus,</strong></span> <span class='ocrx_word' id='word_1_553' title='bbox 449 2659 621 2691; x_wconf 83' lang='lat' dir='ltr'><strong>doctissimus,</strong></span> <span class='ocrx_word' id='word_1_554' title='bbox 640 2659 810 2691; x_wconf 82' lang='lat' dir='ltr'><strong>humillimus,</strong></span> <span class='ocrx_word' id='word_1_555' title='bbox 828 2659 907 2686; x_wconf 84' lang='lat' dir='ltr'><strong>mini-</strong></span> 
     </span>
    </p>
   </div>
   <div class='ocr_carea' id='block_1_73' title="bbox 117 2702 907 2739">
    <p class='ocr_par' dir='ltr' id='par_1_73' title="bbox 117 2702 907 2739">
     <span class='ocr_line' id='line_1_73' title="bbox 117 2702 907 2739; baseline 0.001 -9"><span class='ocrx_word' id='word_1_556' title='bbox 117 2712 192 2734; x_wconf 82' lang='lat' dir='ltr'><strong>mus,</strong></span> <span class='ocrx_word' id='word_1_557' title='bbox 208 2702 400 2736; x_wconf 81' lang='lat' dir='ltr'><strong>celeberrimus,</strong></span> <span class='ocrx_word' id='word_1_558' title='bbox 426 2705 566 2736; x_wconf 69' lang='lat' dir='ltr'><strong>maximus;</strong></span> <span class='ocrx_word' id='word_1_559' title='bbox 590 2704 708 2739; x_wconf 78' lang='lat' dir='ltr'><strong>exceptis</strong></span> <span class='ocrx_word' id='word_1_560' title='bbox 734 2704 827 2738; x_wconf 89' lang='lat' dir='ltr'><strong>paucis</strong></span> <span class='ocrx_word' id='word_1_561' title='bbox 848 2712 907 2739; x_wconf 71' lang='lat' dir='ltr'><strong>qua:</strong></span> 
     </span>
    </p>
   </div>
   <div class='ocr_carea' id='block_1_74' title="bbox 117 2748 907 2783">
    <p class='ocr_par' dir='ltr' id='par_1_74' title="bbox 117 2748 907 2783">
     <span class='ocr_line' id='line_1_74' title="bbox 117 2748 907 2783; baseline 0.004 -10"><span class='ocrx_word' id='word_1_562' title='bbox 117 2748 230 2782; x_wconf 76' lang='lat' dir='ltr'><strong>longam</strong></span> <span class='ocrx_word' id='word_1_563' title='bbox 247 2752 310 2774; x_wconf 87' lang='lat' dir='ltr'><strong>ante</strong></span> <span class='ocrx_word' id='word_1_564' title='bbox 334 2756 391 2774; x_wconf 88' lang='lat' dir='ltr'><strong>mus</strong></span> <span class='ocrx_word' id='word_1_565' title='bbox 414 2748 515 2775; x_wconf 89' lang='lat' dir='ltr'><strong>habent</strong></span> <span class='ocrx_word' id='word_1_566' title='bbox 529 2753 555 2774; x_wconf 90' lang='lat' dir='ltr'><strong>et</strong></span> <span class='ocrx_word' id='word_1_567' title='bbox 575 2749 608 2776; x_wconf 86' lang='lat' dir='ltr'><strong>ab</strong></span> <span class='ocrx_word' id='word_1_568' title='bbox 624 2749 750 2775; x_wconf 81' lang='lat' dir='ltr'><strong>adverbio</strong></span> <span class='ocrx_word' id='word_1_569' title='bbox 765 2749 821 2775; x_wconf 90' lang='lat' dir='ltr'><strong>sive</strong></span> <span class='ocrx_word' id='word_1_570' title='bbox 837 2756 907 2783; x_wconf 67' lang='lat' dir='ltr'><strong>prte—</strong></span> 
     </span>
    </p>
   </div>
   <div class='ocr_carea' id='block_1_75' title="bbox 117 2792 907 2829">
    <p class='ocr_par' dir='ltr' id='par_1_75' title="bbox 117 2792 907 2829">
     <span class='ocr_line' id='line_1_75' title="bbox 117 2792 907 2829; baseline 0.003 -10"><span class='ocrx_word' id='word_1_571' title='bbox 117 2792 256 2827; x_wconf 81' lang='lat' dir='ltr'><strong>positione</strong></span> <span class='ocrx_word' id='word_1_572' title='bbox 269 2793 434 2825; x_wconf 86' lang='lat' dir='ltr'><strong>derivantur,</strong></span> <span class='ocrx_word' id='word_1_573' title='bbox 451 2798 481 2820; x_wconf 90' lang='grc' dir='ltr'><strong>ιιι</strong></span> <span class='ocrx_word' id='word_1_574' title='bbox 493 2793 526 2820; x_wconf 85' lang='lat' dir='ltr'><strong>ab</strong></span> <span class='ocrx_word' id='word_1_575' title='bbox 540 2798 616 2820; x_wconf 75' lang='lat' dir='ltr'><strong>extra</strong></span> <span class='ocrx_word' id='word_1_576' title='bbox 632 2799 770 2823; x_wconf 71' lang='lat' dir='ltr'><strong>extremus.</strong></span> <span class='ocrx_word' id='word_1_577' title='bbox 789 2801 802 2820; x_wconf 91' lang='lat' dir='ltr'><strong>a</strong></span> <span class='ocrx_word' id='word_1_578' title='bbox 825 2802 907 2829; x_wconf 89' lang='lat' dir='ltr'><strong>supra</strong></span> 
     </span>
    </p>
   </div>
   <div class='ocr_carea' id='block_1_76' title="bbox 118 2839 906 2879">
    <p class='ocr_par' dir='ltr' id='par_1_76' title="bbox 118 2839 906 2879">
     <span class='ocr_line' id='line_1_76' title="bbox 118 2839 906 2879; baseline 0.005 -17"><span class='ocrx_word' id='word_1_579' title='bbox 118 2845 275 2871; x_wconf 72' lang='lat' dir='ltr'><strong>supremus,</strong></span> <span class='ocrx_word' id='word_1_580' title='bbox 292 2846 307 2865; x_wconf 86' lang='lat' dir='ltr'><strong>a</strong></span> <span class='ocrx_word' id='word_1_581' title='bbox 331 2843 391 2872; x_wconf 77' lang='lat' dir='ltr'><strong>post</strong></span> <span class='ocrx_word' id='word_1_582' title='bbox 411 2839 547 2873; x_wconf 73' lang='lat' dir='ltr'><strong>posterior,</strong></span> <span class='ocrx_word' id='word_1_583' title='bbox 570 2845 721 2872; x_wconf 74' lang='lat' dir='ltr'><strong>pastrrmus.</strong></span> <span class='ocrx_word' id='word_1_584' title='bbox 746 2839 906 2879; x_wconf 67' lang='lat' dir='ltr'><strong>Diminutiva</strong></span> 
     </span>
    </p>
   </div>
   <div class='ocr_carea' id='block_1_77' title="bbox 926 2233 950 2260">
    <p class='ocr_par' dir='ltr' id='par_1_77' title="bbox 926 2233 950 2260">
     <span class='ocr_line' id='line_1_77' title="bbox 926 2233 950 2260; baseline 0 0"><span class='ocrx_word' id='word_1_585' title='bbox 926 2233 950 2260; x_wconf 88' lang='lat' dir='ltr'><strong>D</strong></span> 
     </span>
    </p>
   </div>
   <div class='ocr_carea' id='block_1_78' title="bbox 966 936 1754 976">
    <p class='ocr_par' dir='ltr' id='par_1_78' title="bbox 966 936 1754 976">
     <span class='ocr_line' id='line_1_78' title="bbox 966 936 1754 976; baseline 0.014 -14"><span class='ocrx_word' id='word_1_586' title='bbox 966 936 1057 969; x_wconf 90' lang='lat' dir='ltr'><strong>piunt;</strong></span> <span class='ocrx_word' id='word_1_587' title='bbox 1073 941 1101 964; x_wconf 88' lang='lat' dir='ltr'><strong>et</strong></span> <span class='ocrx_word' id='word_1_588' title='bbox 1112 938 1134 964; x_wconf 86' lang='lat' dir='ltr'><strong>si</strong></span> <span class='ocrx_word' id='word_1_589' title='bbox 1150 939 1249 966; x_wconf 87' lang='lat' dir='ltr'><strong>habent</strong></span> <span class='ocrx_word' id='word_1_590' title='bbox 1262 940 1271 966; x_wconf 76' lang='grc' dir='ltr'><strong>ι</strong></span> <span class='ocrx_word' id='word_1_591' title='bbox 1287 942 1535 976; x_wconf 84' lang='lat' dir='ltr'><strong>antepenultimam,</strong></span> <span class='ocrx_word' id='word_1_592' title='bbox 1550 945 1673 975; x_wconf 73' lang='lat' dir='ltr'><strong>eamdern</strong></span> <span class='ocrx_word' id='word_1_593' title='bbox 1697 954 1754 974; x_wconf 80' lang='lat' dir='ltr'><strong>ror-</strong></span> 
     </span>
    </p>
   </div>
   <div class='ocr_carea' id='block_1_79' title="bbox 966 980 1751 1023">
    <p class='ocr_par' dir='ltr' id='par_1_79' title="bbox 966 980 1751 1023">
     <span class='ocr_line' id='line_1_79' title="bbox 966 980 1751 1023; baseline 0.018 -18"><span class='ocrx_word' id='word_1_594' title='bbox 966 980 1077 1013; x_wconf 88' lang='lat' dir='ltr'><strong>ripiunt,</strong></span> <span class='ocrx_word' id='word_1_595' title='bbox 1094 986 1124 1008; x_wconf 86' lang='lat' dir='ltr'><strong>ut</strong></span> <span class='ocrx_word' id='word_1_596' title='bbox 1138 983 1299 1016; x_wconf 82' lang='lat' dir='ltr'><strong>tribunitius,</strong></span> <span class='ocrx_word' id='word_1_597' title='bbox 1312 986 1472 1020; x_wconf 80' lang='lat' dir='ltr'><strong>advectitius,</strong></span> <span class='ocrx_word' id='word_1_598' title='bbox 1487 989 1624 1023; x_wconf 83' lang='lat' dir='ltr'><strong>patricius.</strong></span> <span class='ocrx_word' id='word_1_599' title='bbox 1640 990 1687 1017; x_wconf 86' lang='lat' dir='ltr'><strong>Sin</strong></span> <span class='ocrx_word' id='word_1_600' title='bbox 1703 999 1751 1019; x_wconf 70' lang='lat' dir='ltr'><strong>au~</strong></span> 
     </span>
    </p>
   </div>
   <div class='ocr_carea' id='block_1_80' title="bbox 966 1027 1750 1065">
    <p class='ocr_par' dir='ltr' id='par_1_80' title="bbox 966 1027 1750 1065">
     <span class='ocr_line' id='line_1_80' title="bbox 966 1027 1750 1065; baseline 0.014 -13"><span class='ocrx_word' id='word_1_601' title='bbox 966 1030 1030 1058; x_wconf 86' lang='lat' dir='ltr'><strong>tem,</strong></span> <span class='ocrx_word' id='word_1_602' title='bbox 1046 1035 1062 1052; x_wconf 90' lang='lat' dir='ltr'><strong>a</strong></span> <span class='ocrx_word' id='word_1_603' title='bbox 1077 1027 1236 1061; x_wconf 86' lang='lat' dir='ltr'><strong>producunt,</strong></span> <span class='ocrx_word' id='word_1_604' title='bbox 1253 1033 1282 1056; x_wconf 85' lang='lat' dir='ltr'><strong>ut</strong></span> <span class='ocrx_word' id='word_1_605' title='bbox 1300 1030 1469 1065; x_wconf 81' lang='lat' dir='ltr'><strong>gallinacius,</strong></span> <span class='ocrx_word' id='word_1_606' title='bbox 1488 1033 1705 1062; x_wconf 79' lang='lat' dir='ltr'><strong>membranacius.</strong></span> <span class='ocrx_word' id='word_1_607' title='bbox 1722 1036 1750 1063; x_wconf 84' lang='lat' dir='ltr'><strong>lu</strong></span> 
     </span>
    </p>
   </div>
   <div class='ocr_carea' id='block_1_81' title="bbox 964 1072 1749 1114">
    <p class='ocr_par' dir='ltr' id='par_1_81' title="bbox 964 1072 1749 1114">
     <span class='ocr_line' id='line_1_81' title="bbox 964 1072 1749 1114; baseline 0.015 -17"><span class='ocrx_word' id='word_1_608' title='bbox 964 1079 1014 1097; x_wconf 78' lang='lat' dir='ltr'><strong>uua</strong></span> <span class='ocrx_word' id='word_1_609' title='bbox 1036 1072 1135 1100; x_wconf 86' lang='lat' dir='ltr'><strong>divisas</strong></span> <span class='ocrx_word' id='word_1_610' title='bbox 1149 1073 1299 1102; x_wconf 81' lang='lat' dir='ltr'><strong>desinentia</strong></span> <span class='ocrx_word' id='word_1_611' title='bbox 1314 1084 1330 1101; x_wconf 76' lang='grc' dir='ltr'><strong>ιι</strong></span> <span class='ocrx_word' id='word_1_612' title='bbox 1347 1077 1521 1111; x_wconf 87' lang='lat' dir='ltr'><strong>penultimam</strong></span> <span class='ocrx_word' id='word_1_613' title='bbox 1545 1080 1705 1114; x_wconf 85' lang='lat' dir='ltr'><strong>corripiunt,</strong></span> <span class='ocrx_word' id='word_1_614' title='bbox 1721 1087 1749 1109; x_wconf 88' lang='lat' dir='ltr'><strong>ut</strong></span> 
     </span>
    </p>
   </div>
   <div class='ocr_carea' id='block_1_82' title="bbox 965 1120 1748 1156">
    <p class='ocr_par' dir='ltr' id='par_1_82' title="bbox 965 1120 1748 1156">
     <span class='ocr_line' id='line_1_82' title="bbox 965 1120 1748 1156; baseline 0.013 -14"><span class='ocrx_word' id='word_1_615' title='bbox 965 1124 1078 1150; x_wconf 86' lang='lat' dir='ltr'><strong>annuus,</strong></span> <span class='ocrx_word' id='word_1_616' title='bbox 1102 1123 1222 1152; x_wconf 87' lang='lat' dir='ltr'><strong>patruus,</strong></span> <span class='ocrx_word' id='word_1_617' title='bbox 1247 1120 1392 1156; x_wconf 81' lang='lat' dir='ltr'><strong>ambiguus,</strong></span> <span class='ocrx_word' id='word_1_618' title='bbox 1414 1130 1519 1155; x_wconf 81' lang='lat' dir='ltr'><strong>vacuus,</strong></span> <span class='ocrx_word' id='word_1_619' title='bbox 1540 1129 1697 1152; x_wconf 78' lang='lat' dir='ltr'><strong>menstruus.</strong></span> <span class='ocrx_word' id='word_1_620' title='bbox 1720 1126 1748 1154; x_wconf 88' lang='lat' dir='ltr'><strong>In</strong></span> 
     </span>
    </p>
   </div>
   <div class='ocr_carea' id='block_1_83' title="bbox 964 1162 1751 1206">
    <p class='ocr_par' dir='ltr' id='par_1_83' title="bbox 964 1162 1751 1206">
     <span class='ocr_line' id='line_1_83' title="bbox 964 1162 1751 1206; baseline 0.014 -19"><span class='ocrx_word' id='word_1_621' title='bbox 964 1170 1029 1196; x_wconf 81' lang='lat' dir='ltr'><strong>quas</strong></span> <span class='ocrx_word' id='word_1_622' title='bbox 1043 1169 1052 1188; x_wconf 98' lang='lat'><strong><em>:</em></strong></span> <span class='ocrx_word' id='word_1_623' title='bbox 1065 1162 1194 1198; x_wconf 85' lang='lat' dir='ltr'><strong>obliquus,</strong></span> <span class='ocrx_word' id='word_1_624' title='bbox 1215 1164 1360 1200; x_wconf 87' lang='lat' dir='ltr'><strong>peuultima</strong></span> <span class='ocrx_word' id='word_1_625' title='bbox 1381 1171 1475 1194; x_wconf 84' lang='lat' dir='ltr'><strong>natura</strong></span> <span class='ocrx_word' id='word_1_626' title='bbox 1493 1167 1581 1204; x_wconf 78' lang='lat' dir='ltr'><strong>longa,</strong></span> <span class='ocrx_word' id='word_1_627' title='bbox 1597 1173 1625 1196; x_wconf 85' lang='lat' dir='ltr'><strong>et</strong></span> <span class='ocrx_word' id='word_1_628' title='bbox 1648 1169 1751 1206; x_wconf 86' lang='lat' dir='ltr'><strong>longiu-</strong></span> 
     </span>
    </p>
   </div>
   <div class='ocr_carea' id='block_1_84' title="bbox 964 1208 1749 1249">
    <p class='ocr_par' dir='ltr' id='par_1_84' title="bbox 964 1208 1749 1249">
     <span class='ocr_line' id='line_1_84' title="bbox 964 1208 1749 1249; baseline 0.014 -17"><span class='ocrx_word' id='word_1_629' title='bbox 964 1215 1041 1241; x_wconf 84' lang='lat' dir='ltr'><strong>quus,</strong></span> <span class='ocrx_word' id='word_1_630' title='bbox 1056 1208 1198 1242; x_wconf 86' lang='lat' dir='ltr'><strong>positione.</strong></span> <span class='ocrx_word' id='word_1_631' title='bbox 1211 1208 1238 1236; x_wconf 85' lang='lat' dir='ltr'><strong>In</strong></span> <span class='ocrx_word' id='word_1_632' title='bbox 1257 1218 1302 1237; x_wconf 83' lang='lat' dir='ltr'><strong>cus</strong></span> <span class='ocrx_word' id='word_1_633' title='bbox 1320 1211 1362 1238; x_wconf 89' lang='lat' dir='ltr'><strong>vel</strong></span> <span class='ocrx_word' id='word_1_634' title='bbox 1376 1211 1432 1244; x_wconf 81' lang='lat' dir='ltr'><strong>bus,</strong></span> <span class='ocrx_word' id='word_1_635' title='bbox 1449 1216 1477 1239; x_wconf 90' lang='lat' dir='ltr'><strong>ut</strong></span> <span class='ocrx_word' id='word_1_636' title='bbox 1493 1221 1598 1248; x_wconf 86' lang='lat' dir='ltr'><strong>parcus,</strong></span> <span class='ocrx_word' id='word_1_637' title='bbox 1613 1215 1749 1249; x_wconf 82' lang='lat' dir='ltr'><strong>superbus.</strong></span> 
     </span>
    </p>
   </div>
   <div class='ocr_carea' id='block_1_85' title="bbox 964 1251 1751 1294">
    <p class='ocr_par' dir='ltr' id='par_1_85' title="bbox 964 1251 1751 1294">
     <span class='ocr_line' id='line_1_85' title="bbox 964 1251 1751 1294; baseline 0.013 -16"><span class='ocrx_word' id='word_1_638' title='bbox 964 1251 1029 1284; x_wconf 60' lang='lat' dir='ltr'><strong>Quae</strong></span> <span class='ocrx_word' id='word_1_639' title='bbox 1042 1253 1067 1279; x_wconf 93' lang='lat' dir='ltr'><strong>in</strong></span> <span class='ocrx_word' id='word_1_640' title='bbox 1083 1253 1132 1280; x_wconf 83' lang='lat' dir='ltr'><strong>dus</strong></span> <span class='ocrx_word' id='word_1_641' title='bbox 1154 1254 1290 1287; x_wconf 83' lang='lat' dir='ltr'><strong>desinunt,</strong></span> <span class='ocrx_word' id='word_1_642' title='bbox 1306 1254 1348 1283; x_wconf 87' lang='lat' dir='ltr'><strong>vel</strong></span> <span class='ocrx_word' id='word_1_643' title='bbox 1361 1257 1524 1291; x_wconf 88' lang='lat' dir='ltr'><strong>pcnnltimas</strong></span> <span class='ocrx_word' id='word_1_644' title='bbox 1545 1259 1702 1294; x_wconf 87' lang='lat' dir='ltr'><strong>corripiunt,</strong></span> <span class='ocrx_word' id='word_1_645' title='bbox 1720 1265 1751 1288; x_wconf 88' lang='grc' dir='ltr'><strong>ιιι</strong></span> 
     </span>
    </p>
   </div>
   <div class='ocr_carea' id='block_1_86' title="bbox 964 1297 1749 1339">
    <p class='ocr_par' dir='ltr' id='par_1_86' title="bbox 964 1297 1749 1339">
     <span class='ocr_line' id='line_1_86' title="bbox 964 1297 1749 1339; baseline 0.013 -16"><span class='ocrx_word' id='word_1_646' title='bbox 964 1297 1093 1329; x_wconf 78' lang='lat' dir='ltr'><strong>herbidus,</strong></span> <span class='ocrx_word' id='word_1_647' title='bbox 1110 1300 1238 1333; x_wconf 84' lang='lat' dir='ltr'><strong>turbidus,</strong></span> <span class='ocrx_word' id='word_1_648' title='bbox 1254 1301 1356 1331; x_wconf 80' lang='lat' dir='ltr'><strong>uvidus.</strong></span> <span class='ocrx_word' id='word_1_649' title='bbox 1375 1302 1490 1336; x_wconf 81' lang='lat' dir='ltr'><strong>rabidus,</strong></span> <span class='ocrx_word' id='word_1_650' title='bbox 1507 1304 1623 1337; x_wconf 82' lang='lat' dir='ltr'><strong>timidus,</strong></span> <span class='ocrx_word' id='word_1_651' title='bbox 1645 1306 1749 1339; x_wconf 82' lang='lat' dir='ltr'><strong>aridus,</strong></span> 
     </span>
    </p>
   </div>
   <div class='ocr_carea' id='block_1_87' title="bbox 964 1343 1750 1383">
    <p class='ocr_par' dir='ltr' id='par_1_87' title="bbox 964 1343 1750 1383">
     <span class='ocr_line' id='line_1_87' title="bbox 964 1343 1750 1383; baseline 0.013 -15"><span class='ocrx_word' id='word_1_652' title='bbox 964 1343 1109 1378; x_wconf 81' lang='lat' dir='ltr'><strong>squalidus,</strong></span> <span class='ocrx_word' id='word_1_653' title='bbox 1123 1343 1251 1380; x_wconf 77' lang='lat' dir='ltr'><strong>frigidus,-</strong></span> <span class='ocrx_word' id='word_1_654' title='bbox 1269 1345 1310 1373; x_wconf 87' lang='lat' dir='ltr'><strong>vel</strong></span> <span class='ocrx_word' id='word_1_655' title='bbox 1327 1347 1459 1382; x_wconf 87' lang='lat' dir='ltr'><strong>positione</strong></span> <span class='ocrx_word' id='word_1_656' title='bbox 1474 1349 1636 1383; x_wconf 88' lang='lat' dir='ltr'><strong>producunt,</strong></span> <span class='ocrx_word' id='word_1_657' title='bbox 1660 1354 1689 1378; x_wconf 90' lang='grc' dir='ltr'><strong>ιιι</strong></span> <span class='ocrx_word' id='word_1_658' title='bbox 1709 1359 1750 1378; x_wconf 84' lang='lat' dir='ltr'><strong>er-</strong></span> 
     </span>
    </p>
   </div>
   <div class='ocr_carea' id='block_1_88' title="bbox 964 1388 1751 1430">
    <p class='ocr_par' dir='ltr' id='par_1_88' title="bbox 964 1388 1751 1430">
     <span class='ocr_line' id='line_1_88' title="bbox 964 1388 1751 1430; baseline 0.013 -16"><span class='ocrx_word' id='word_1_659' title='bbox 964 1388 1106 1430; x_wconf 78' lang='lat' dir='ltr'><strong>rabundus,</strong></span> <span class='ocrx_word' id='word_1_660' title='bbox 1130 1391 1309 1424; x_wconf 82' lang='lat' dir='ltr'><strong>moribundus,</strong></span> <span class='ocrx_word' id='word_1_661' title='bbox 1333 1394 1472 1421; x_wconf 84' lang='lat' dir='ltr'><strong>amandus.</strong></span> <span class='ocrx_word' id='word_1_662' title='bbox 1485 1394 1548 1428; x_wconf 74' lang='lat' dir='ltr'><strong>Qua:</strong></span> <span class='ocrx_word' id='word_1_663' title='bbox 1562 1395 1588 1422; x_wconf 92' lang='lat' dir='ltr'><strong>in</strong></span> <span class='ocrx_word' id='word_1_664' title='bbox 1607 1395 1658 1429; x_wconf 81' lang='lat' dir='ltr'><strong>lus,</strong></span> <span class='ocrx_word' id='word_1_665' title='bbox 1675 1396 1751 1423; x_wconf 83' lang='lat' dir='ltr'><strong>simi-</strong></span> 
     </span>
    </p>
   </div>
   <div class='ocr_carea' id='block_1_89' title="bbox 963 1435 1752 1478">
    <p class='ocr_par' dir='ltr' id='par_1_89' title="bbox 963 1435 1752 1478">
     <span class='ocr_line' id='line_1_89' title="bbox 963 1435 1752 1478; baseline 0.01 -17"><span class='ocrx_word' id='word_1_666' title='bbox 963 1435 1024 1463; x_wconf 87' lang='lat' dir='ltr'><strong>liter</strong></span> <span class='ocrx_word' id='word_1_667' title='bbox 1046 1436 1221 1470; x_wconf 84' lang='lat' dir='ltr'><strong>penultimam</strong></span> <span class='ocrx_word' id='word_1_668' title='bbox 1235 1438 1394 1474; x_wconf 88' lang='lat' dir='ltr'><strong>corripiunt,</strong></span> <span class='ocrx_word' id='word_1_669' title='bbox 1411 1444 1441 1466; x_wconf 92' lang='lat' dir='ltr'><strong>ut</strong></span> <span class='ocrx_word' id='word_1_670' title='bbox 1464 1440 1595 1474; x_wconf 74' lang='lat' dir='ltr'><strong>credulus,</strong></span> <span class='ocrx_word' id='word_1_671' title='bbox 1613 1442 1752 1478; x_wconf 84' lang='lat' dir='ltr'><strong>pendulus,</strong></span> 
     </span>
    </p>
   </div>
   <div class='ocr_carea' id='block_1_90' title="bbox 963 1481 1750 1515">
    <p class='ocr_par' dir='ltr' id='par_1_90' title="bbox 963 1481 1750 1515">
     <span class='ocr_line' id='line_1_90' title="bbox 963 1481 1750 1515; baseline 0.01 -9"><span class='ocrx_word' id='word_1_672' title='bbox 963 1481 1076 1508; x_wconf 84' lang='lat' dir='ltr'><strong>bibulus.</strong></span> <span class='ocrx_word' id='word_1_673' title='bbox 1102 1481 1131 1508; x_wconf 88' lang='lat' dir='ltr'><strong>in</strong></span> <span class='ocrx_word' id='word_1_674' title='bbox 1151 1490 1194 1509; x_wconf 86' lang='lat' dir='ltr'><strong>rus</strong></span> <span class='ocrx_word' id='word_1_675' title='bbox 1215 1487 1306 1511; x_wconf 90' lang='lat' dir='ltr'><strong>autem</strong></span> <span class='ocrx_word' id='word_1_676' title='bbox 1328 1484 1528 1512; x_wconf 86' lang='lat' dir='ltr'><strong>denominativa</strong></span> <span class='ocrx_word' id='word_1_677' title='bbox 1551 1486 1608 1513; x_wconf 90' lang='lat' dir='ltr'><strong>sive</strong></span> <span class='ocrx_word' id='word_1_678' title='bbox 1633 1487 1750 1515; x_wconf 86' lang='lat' dir='ltr'><strong>verbalia</strong></span> 
     </span>
    </p>
   </div>
   <div class='ocr_carea' id='block_1_91' title="bbox 964 1527 1749 1566">
    <p class='ocr_par' dir='ltr' id='par_1_91' title="bbox 964 1527 1749 1566">
     <span class='ocr_line' id='line_1_91' title="bbox 964 1527 1749 1566; baseline 0.009 -13"><span class='ocrx_word' id='word_1_679' title='bbox 964 1534 1048 1561; x_wconf 86' lang='lat' dir='ltr'><strong>pauca</strong></span> <span class='ocrx_word' id='word_1_680' title='bbox 1063 1527 1234 1555; x_wconf 88' lang='lat' dir='ltr'><strong>inveniuntur</strong></span> <span class='ocrx_word' id='word_1_681' title='bbox 1247 1537 1306 1564; x_wconf 76' lang='lat' dir='ltr'><strong>qua:</strong></span> <span class='ocrx_word' id='word_1_682' title='bbox 1321 1530 1497 1566; x_wconf 88' lang='lat' dir='ltr'><strong>penultimam</strong></span> <span class='ocrx_word' id='word_1_683' title='bbox 1515 1532 1684 1566; x_wconf 85' lang='lat' dir='ltr'><strong>producunt:</strong></span> <span class='ocrx_word' id='word_1_684' title='bbox 1702 1533 1749 1560; x_wconf 83' lang='lat' dir='ltr'><strong>ho-</strong></span> 
     </span>
    </p>
   </div>
   <div class='ocr_carea' id='block_1_92' title="bbox 967 1573 1751 1609">
    <p class='ocr_par' dir='ltr' id='par_1_92' title="bbox 967 1573 1751 1609">
     <span class='ocr_line' id='line_1_92' title="bbox 967 1573 1751 1609; baseline 0.006 -10"><span class='ocrx_word' id='word_1_685' title='bbox 967 1580 1026 1604; x_wconf 88' lang='lat' dir='ltr'><strong>nor,</strong></span> <span class='ocrx_word' id='word_1_686' title='bbox 1039 1573 1170 1606; x_wconf 83' lang='lat' dir='ltr'><strong>honorus;</strong></span> <span class='ocrx_word' id='word_1_687' title='bbox 1182 1574 1258 1606; x_wconf 89' lang='lat' dir='ltr'><strong>odor,</strong></span> <span class='ocrx_word' id='word_1_688' title='bbox 1277 1575 1390 1605; x_wconf 83' lang='lat' dir='ltr'><strong>odorus;</strong></span> <span class='ocrx_word' id='word_1_689' title='bbox 1403 1576 1495 1608; x_wconf 88' lang='lat' dir='ltr'><strong>decor,</strong></span> <span class='ocrx_word' id='word_1_690' title='bbox 1516 1577 1643 1609; x_wconf 85' lang='lat' dir='ltr'><strong>decorus;</strong></span> <span class='ocrx_word' id='word_1_691' title='bbox 1658 1585 1751 1609; x_wconf 89' lang='lat' dir='ltr'><strong>canor,</strong></span> 
     </span>
    </p>
   </div>
   <div class='ocr_carea' id='block_1_93' title="bbox 964 1618 1750 1657">
    <p class='ocr_par' dir='ltr' id='par_1_93' title="bbox 964 1618 1750 1657">
     <span class='ocr_line' id='line_1_93' title="bbox 964 1618 1750 1657; baseline 0.008 -13"><span class='ocrx_word' id='word_1_692' title='bbox 964 1627 1084 1645; x_wconf 83' lang='lat' dir='ltr'><strong>canorus.</strong></span> <span class='ocrx_word' id='word_1_693' title='bbox 1099 1618 1126 1646; x_wconf 77' lang='lat' dir='ltr'><strong>in</strong></span> <span class='ocrx_word' id='word_1_694' title='bbox 1141 1628 1185 1647; x_wconf 86' lang='lat' dir='ltr'><strong>sus</strong></span> <span class='ocrx_word' id='word_1_695' title='bbox 1203 1619 1363 1653; x_wconf 78' lang='lat' dir='ltr'><strong>desinentia,</strong></span> <span class='ocrx_word' id='word_1_696' title='bbox 1376 1621 1398 1648; x_wconf 90' lang='lat' dir='ltr'><strong>si</strong></span> <span class='ocrx_word' id='word_1_697' title='bbox 1420 1630 1434 1648; x_wconf 93' lang='grc' dir='ltr'><strong>ο</strong></span> <span class='ocrx_word' id='word_1_698' title='bbox 1449 1621 1549 1650; x_wconf 84' lang='lat' dir='ltr'><strong>habent</strong></span> <span class='ocrx_word' id='word_1_699' title='bbox 1562 1623 1750 1657; x_wconf 80' lang='lat' dir='ltr'><strong>penultimam,</strong></span> 
     </span>
    </p>
   </div>
   <div class='ocr_carea' id='block_1_94' title="bbox 964 1665 1751 1703">
    <p class='ocr_par' dir='ltr' id='par_1_94' title="bbox 964 1665 1751 1703">
     <span class='ocr_line' id='line_1_94' title="bbox 964 1665 1751 1703; baseline 0.005 -13"><span class='ocrx_word' id='word_1_700' title='bbox 964 1665 1084 1692; x_wconf 73' lang='lat' dir='ltr'><strong>eamdem</strong></span> <span class='ocrx_word' id='word_1_701' title='bbox 1097 1665 1259 1699; x_wconf 84' lang='lat' dir='ltr'><strong>producunt,</strong></span> <span class='ocrx_word' id='word_1_702' title='bbox 1272 1669 1301 1692; x_wconf 89' lang='grc' dir='ltr'><strong>ιιι</strong></span> <span class='ocrx_word' id='word_1_703' title='bbox 1312 1668 1441 1699; x_wconf 86' lang='lat' dir='ltr'><strong>curiosus,</strong></span> <span class='ocrx_word' id='word_1_704' title='bbox 1457 1667 1591 1700; x_wconf 84' lang='lat' dir='ltr'><strong>herbosus,</strong></span> <span class='ocrx_word' id='word_1_705' title='bbox 1603 1676 1751 1703; x_wconf 81' lang='lat' dir='ltr'><strong>spumosus,</strong></span> 
     </span>
    </p>
   </div>
   <div class='ocr_carea' id='block_1_95' title="bbox 963 1710 1754 1748">
    <p class='ocr_par' dir='ltr' id='par_1_95' title="bbox 963 1710 1754 1748">
     <span class='ocr_line' id='line_1_95' title="bbox 963 1710 1754 1748; baseline 0.004 -12"><span class='ocrx_word' id='word_1_706' title='bbox 963 1718 1082 1741; x_wconf 69' lang='lat' dir='ltr'><strong>saxosus,</strong></span> <span class='ocrx_word' id='word_1_707' title='bbox 1105 1710 1257 1743; x_wconf 76' lang='lat' dir='ltr'><strong>scelerosus,</strong></span> <span class='ocrx_word' id='word_1_708' title='bbox 1280 1710 1394 1738; x_wconf 78' lang='lat' dir='ltr'><strong>odiosus.</strong></span> <span class='ocrx_word' id='word_1_709' title='bbox 1415 1711 1442 1738; x_wconf 84' lang='lat' dir='ltr'><strong>in</strong></span> <span class='ocrx_word' id='word_1_710' title='bbox 1467 1717 1508 1739; x_wconf 88' lang='lat' dir='ltr'><strong>tus</strong></span> <span class='ocrx_word' id='word_1_711' title='bbox 1530 1720 1636 1748; x_wconf 81' lang='lat' dir='ltr'><strong>quoque</strong></span> <span class='ocrx_word' id='word_1_712' title='bbox 1662 1712 1754 1740; x_wconf 84' lang='lat' dir='ltr'><strong>termi-</strong></span> 
     </span>
    </p>
   </div>
   <div class='ocr_carea' id='block_1_96' title="bbox 965 1755 1751 1789">
    <p class='ocr_par' dir='ltr' id='par_1_96' title="bbox 965 1755 1751 1789">
     <span class='ocr_line' id='line_1_96' title="bbox 965 1755 1751 1789; baseline 0.003 -9"><span class='ocrx_word' id='word_1_713' title='bbox 965 1755 1054 1781; x_wconf 84' lang='lat' dir='ltr'><strong>nantla</strong></span> <span class='ocrx_word' id='word_1_714' title='bbox 1069 1755 1200 1787; x_wconf 83' lang='lat' dir='ltr'><strong>verbalia,</strong></span> <span class='ocrx_word' id='word_1_715' title='bbox 1215 1755 1236 1782; x_wconf 89' lang='lat' dir='ltr'><strong>si</strong></span> <span class='ocrx_word' id='word_1_716' title='bbox 1251 1755 1260 1781; x_wconf 79' lang='grc' dir='ltr'><strong><em>ἱ</em></strong></span> <span class='ocrx_word' id='word_1_717' title='bbox 1275 1755 1374 1783; x_wconf 84' lang='lat' dir='ltr'><strong>habent</strong></span> <span class='ocrx_word' id='word_1_718' title='bbox 1393 1760 1456 1783; x_wconf 87' lang='lat' dir='ltr'><strong>ante</strong></span> <span class='ocrx_word' id='word_1_719' title='bbox 1478 1762 1530 1789; x_wconf 83' lang='lat' dir='ltr'><strong>tus,</strong></span> <span class='ocrx_word' id='word_1_720' title='bbox 1545 1764 1604 1784; x_wconf 91' lang='lat' dir='ltr'><strong>eam</strong></span> <span class='ocrx_word' id='word_1_721' title='bbox 1619 1757 1751 1788; x_wconf 78' lang='lat' dir='ltr'><strong>brevium,</strong></span> 
     </span>
    </p>
   </div>
   <div class='ocr_carea' id='block_1_97' title="bbox 963 1800 1750 1834">
    <p class='ocr_par' dir='ltr' id='par_1_97' title="bbox 963 1800 1750 1834">
     <span class='ocr_line' id='line_1_97' title="bbox 963 1800 1750 1834; baseline 0.004 -9"><span class='ocrx_word' id='word_1_722' title='bbox 963 1804 993 1826; x_wconf 83' lang='lat' dir='ltr'><strong>ut</strong></span> <span class='ocrx_word' id='word_1_723' title='bbox 1014 1800 1125 1832; x_wconf 79' lang='lat' dir='ltr'><strong>sonitus,</strong></span> <span class='ocrx_word' id='word_1_724' title='bbox 1145 1801 1267 1832; x_wconf 84' lang='lat' dir='ltr'><strong>habitus;</strong></span> <span class='ocrx_word' id='word_1_725' title='bbox 1293 1801 1316 1828; x_wconf 88' lang='lat' dir='ltr'><strong>si</strong></span> <span class='ocrx_word' id='word_1_726' title='bbox 1340 1805 1429 1829; x_wconf 86' lang='lat' dir='ltr'><strong>autem</strong></span> <span class='ocrx_word' id='word_1_727' title='bbox 1456 1807 1518 1829; x_wconf 89' lang='lat' dir='ltr'><strong>sunt</strong></span> <span class='ocrx_word' id='word_1_728' title='bbox 1544 1802 1750 1834; x_wconf 83' lang='lat' dir='ltr'><strong>denominativa,</strong></span> 
     </span>
    </p>
   </div>
   <div class='ocr_carea' id='block_1_98' title="bbox 964 1847 1751 1884">
    <p class='ocr_par' dir='ltr' id='par_1_98' title="bbox 964 1847 1751 1884">
     <span class='ocr_line' id='line_1_98' title="bbox 964 1847 1751 1884; baseline 0.001 -9"><span class='ocrx_word' id='word_1_729' title='bbox 964 1847 1101 1875; x_wconf 86' lang='lat' dir='ltr'><strong>sciendum</strong></span> <span class='ocrx_word' id='word_1_730' title='bbox 1119 1848 1189 1883; x_wconf 83' lang='lat' dir='ltr'><strong>quod</strong></span> <span class='ocrx_word' id='word_1_731' title='bbox 1204 1849 1226 1876; x_wconf 87' lang='lat' dir='ltr'><strong>si</strong></span> <span class='ocrx_word' id='word_1_732' title='bbox 1242 1855 1256 1875; x_wconf 83' lang='lat' dir='ltr'><strong>a</strong></span> <span class='ocrx_word' id='word_1_733' title='bbox 1271 1849 1364 1884; x_wconf 62' lang='lat' dir='ltr'><strong>prima:</strong></span> <span class='ocrx_word' id='word_1_734' title='bbox 1388 1850 1575 1878; x_wconf 87' lang='lat' dir='ltr'><strong>declinationis</strong></span> <span class='ocrx_word' id='word_1_735' title='bbox 1598 1850 1751 1878; x_wconf 86' lang='lat' dir='ltr'><strong>nominibus</strong></span> 
     </span>
    </p>
   </div>
   <div class='ocr_carea' id='block_1_99' title="bbox 963 1893 1749 1930">
    <p class='ocr_par' dir='ltr' id='par_1_99' title="bbox 963 1893 1749 1930">
     <span class='ocr_line' id='line_1_99' title="bbox 963 1893 1749 1930; baseline 0.001 -10"><span class='ocrx_word' id='word_1_736' title='bbox 963 1893 1128 1926; x_wconf 79' lang='lat' dir='ltr'><strong>derivantur,</strong></span> <span class='ocrx_word' id='word_1_737' title='bbox 1142 1903 1158 1920; x_wconf 80' lang='grc' dir='ltr'><strong><em>α</em></strong></span> <span class='ocrx_word' id='word_1_738' title='bbox 1182 1895 1281 1922; x_wconf 84' lang='lat' dir='ltr'><strong>habent</strong></span> <span class='ocrx_word' id='word_1_739' title='bbox 1305 1895 1479 1930; x_wconf 85' lang='lat' dir='ltr'><strong>penultimam</strong></span> <span class='ocrx_word' id='word_1_740' title='bbox 1499 1897 1674 1930; x_wconf 87' lang='lat' dir='ltr'><strong>productam,</strong></span> <span class='ocrx_word' id='word_1_741' title='bbox 1699 1899 1749 1922; x_wconf 83' lang='lat' dir='ltr'><strong>ut:</strong></span> 
     </span>
    </p>
   </div>
   <div class='ocr_carea' id='block_1_100' title="bbox 963 1938 1750 1976">
    <p class='ocr_par' dir='ltr' id='par_1_100' title="bbox 963 1938 1750 1976">
     <span class='ocr_line' id='line_1_100' title="bbox 963 1938 1750 1976; baseline 0.005 -12"><span class='ocrx_word' id='word_1_742' title='bbox 963 1938 1097 1972; x_wconf 80' lang='lat' dir='ltr'><strong>barbatus,</strong></span> <span class='ocrx_word' id='word_1_743' title='bbox 1112 1939 1239 1972; x_wconf 74' lang='lat' dir='ltr'><strong>stellatus,</strong></span> <span class='ocrx_word' id='word_1_744' title='bbox 1261 1941 1401 1973; x_wconf 75' lang='lat' dir='ltr'><strong>trabeatus,</strong></span> <span class='ocrx_word' id='word_1_745' title='bbox 1417 1946 1592 1976; x_wconf 81' lang='lat' dir='ltr'><strong>purpuratus;</strong></span> <span class='ocrx_word' id='word_1_746' title='bbox 1615 1942 1668 1968; x_wconf 71' lang='lat' dir='ltr'><strong>sin’</strong></span> <span class='ocrx_word' id='word_1_747' title='bbox 1679 1947 1692 1967; x_wconf 88' lang='lat' dir='ltr'><strong>a</strong></span> <span class='ocrx_word' id='word_1_748' title='bbox 1708 1947 1750 1967; x_wconf 75' lang='grc' dir='ltr'><strong>δει-</strong></span> 
     </span>
    </p>
   </div>
   <div class='ocr_carea' id='block_1_101' title="bbox 963 1983 1746 2018">
    <p class='ocr_par' dir='ltr' id='par_1_101' title="bbox 963 1983 1746 2018">
     <span class='ocr_line' id='line_1_101' title="bbox 963 1983 1746 2018; baseline 0.003 -9"><span class='ocrx_word' id='word_1_749' title='bbox 963 1984 1057 2011; x_wconf 70' lang='lat' dir='ltr'><strong>cunila:</strong></span> <span class='ocrx_word' id='word_1_750' title='bbox 1072 1983 1116 2010; x_wconf 89' lang='lat' dir='ltr'><strong>vel</strong></span> <span class='ocrx_word' id='word_1_751' title='bbox 1128 1984 1223 2016; x_wconf 70' lang='lat' dir='ltr'><strong>tertim,</strong></span> <span class='ocrx_word' id='word_1_752' title='bbox 1238 1984 1263 2010; x_wconf 91' lang='lat' dir='ltr'><strong>in</strong></span> <span class='ocrx_word' id='word_1_753' title='bbox 1283 1984 1441 2018; x_wconf 85' lang='lat' dir='ltr'><strong>quihusdam</strong></span> <span class='ocrx_word' id='word_1_754' title='bbox 1462 1993 1488 2017; x_wconf 84' lang='grc' dir='ltr'><strong>ιι,</strong></span> <span class='ocrx_word' id='word_1_755' title='bbox 1504 1985 1529 2012; x_wconf 92' lang='lat' dir='ltr'><strong>in</strong></span> <span class='ocrx_word' id='word_1_756' title='bbox 1544 1985 1604 2012; x_wconf 84' lang='lat' dir='ltr'><strong>aliis</strong></span> <span class='ocrx_word' id='word_1_757' title='bbox 1618 1986 1627 2012; x_wconf 85' lang='lat' dir='ltr'><strong>i</strong></span> <span class='ocrx_word' id='word_1_758' title='bbox 1648 1985 1746 2018; x_wconf 77' lang='lat' dir='ltr'><strong>produ-</strong></span> 
     </span>
    </p>
   </div>
   <div class='ocr_carea' id='block_1_102' title="bbox 963 2030 1747 2064">
    <p class='ocr_par' dir='ltr' id='par_1_102' title="bbox 963 2030 1747 2064">
     <span class='ocr_line' id='line_1_102' title="bbox 963 2030 1747 2064; baseline -0.004 -6"><span class='ocrx_word' id='word_1_759' title='bbox 963 2034 1045 2062; x_wconf 85' lang='lat' dir='ltr'><strong>ctam,</strong></span> <span class='ocrx_word' id='word_1_760' title='bbox 1065 2034 1096 2058; x_wconf 86' lang='grc' dir='ltr'><strong>ιιι</strong></span> <span class='ocrx_word' id='word_1_761' title='bbox 1116 2030 1236 2064; x_wconf 87' lang='lat' dir='ltr'><strong>pallium,</strong></span> <span class='ocrx_word' id='word_1_762' title='bbox 1257 2030 1402 2063; x_wconf 80' lang='lat' dir='ltr'><strong>palliatus;</strong></span> <span class='ocrx_word' id='word_1_763' title='bbox 1426 2030 1564 2062; x_wconf 88' lang='lat' dir='ltr'><strong>annulum,</strong></span> <span class='ocrx_word' id='word_1_764' title='bbox 1589 2030 1747 2061; x_wconf 75' lang='lat' dir='ltr'><strong>annuimus;</strong></span> 
     </span>
    </p>
   </div>
   <div class='ocr_carea' id='block_1_103' title="bbox 962 2075 1748 2111">
    <p class='ocr_par' dir='ltr' id='par_1_103' title="bbox 962 2075 1748 2111">
     <span class='ocr_line' id='line_1_103' title="bbox 962 2075 1748 2111; baseline -0.001 -9"><span class='ocrx_word' id='word_1_765' title='bbox 962 2081 1062 2111; x_wconf 84' lang='lat' dir='ltr'><strong>gratus,</strong></span> <span class='ocrx_word' id='word_1_766' title='bbox 1073 2075 1168 2107; x_wconf 84' lang='lat' dir='ltr'><strong>avitus,</strong></span> <span class='ocrx_word' id='word_1_767' title='bbox 1181 2076 1301 2107; x_wconf 84' lang='lat' dir='ltr'><strong>maritus,</strong></span> <span class='ocrx_word' id='word_1_768' title='bbox 1314 2076 1431 2106; x_wconf 73' lang='lat' dir='ltr'><strong>cerritus,</strong></span> <span class='ocrx_word' id='word_1_769' title='bbox 1445 2083 1460 2102; x_wconf 91' lang='lat' dir='ltr'><strong>a</strong></span> <span class='ocrx_word' id='word_1_770' title='bbox 1475 2080 1575 2110; x_wconf 78' lang='lat' dir='ltr'><strong>grates,</strong></span> <span class='ocrx_word' id='word_1_771' title='bbox 1586 2083 1646 2106; x_wconf 81' lang='lat' dir='ltr'><strong>avo,</strong></span> <span class='ocrx_word' id='word_1_772' title='bbox 1662 2082 1748 2106; x_wconf 88' lang='lat' dir='ltr'><strong>mare,</strong></span> 
     </span>
    </p>
   </div>
   <div class='ocr_carea' id='block_1_104' title="bbox 963 2119 1748 2154">
    <p class='ocr_par' dir='ltr' id='par_1_104' title="bbox 963 2119 1748 2154">
     <span class='ocr_line' id='line_1_104' title="bbox 963 2119 1748 2154; baseline -0.003 -6"><span class='ocrx_word' id='word_1_773' title='bbox 963 2127 1064 2148; x_wconf 86' lang='lat' dir='ltr'><strong>cerere.</strong></span> <span class='ocrx_word' id='word_1_774' title='bbox 1080 2119 1100 2146; x_wconf 83' lang='lat' dir='ltr'><strong>A</strong></span> <span class='ocrx_word' id='word_1_775' title='bbox 1123 2124 1225 2154; x_wconf 68' lang='lat' dir='ltr'><strong>quarta:</strong></span> <span class='ocrx_word' id='word_1_776' title='bbox 1239 2120 1426 2148; x_wconf 84' lang='lat' dir='ltr'><strong>declinationis</strong></span> <span class='ocrx_word' id='word_1_777' title='bbox 1446 2120 1602 2147; x_wconf 85' lang='lat' dir='ltr'><strong>nominibus</strong></span> <span class='ocrx_word' id='word_1_778' title='bbox 1617 2120 1748 2151; x_wconf 81' lang='lat' dir='ltr'><strong>derivata,</strong></span> 
     </span>
    </p>
   </div>
   <div class='ocr_carea' id='block_1_105' title="bbox 962 2164 1749 2200">
    <p class='ocr_par' dir='ltr' id='par_1_105' title="bbox 962 2164 1749 2200">
     <span class='ocr_line' id='line_1_105' title="bbox 962 2164 1749 2200; baseline -0.003 -8"><span class='ocrx_word' id='word_1_779' title='bbox 962 2174 979 2192; x_wconf 78' lang='grc' dir='ltr'><strong>ιι</strong></span> <span class='ocrx_word' id='word_1_780' title='bbox 993 2165 1150 2200; x_wconf 84' lang='lat' dir='ltr'><strong>productam</strong></span> <span class='ocrx_word' id='word_1_781' title='bbox 1167 2164 1267 2191; x_wconf 86' lang='lat' dir='ltr'><strong>habent</strong></span> <span class='ocrx_word' id='word_1_782' title='bbox 1278 2169 1341 2191; x_wconf 87' lang='lat' dir='ltr'><strong>ante</strong></span> <span class='ocrx_word' id='word_1_783' title='bbox 1355 2170 1406 2195; x_wconf 82' lang='lat' dir='ltr'><strong>tus,</strong></span> <span class='ocrx_word' id='word_1_784' title='bbox 1427 2169 1562 2196; x_wconf 75' lang='lat' dir='ltr'><strong>comatus,</strong></span> <span class='ocrx_word' id='word_1_785' title='bbox 1577 2169 1690 2196; x_wconf 76' lang='lat' dir='ltr'><strong>uerutus,</strong></span> <span class='ocrx_word' id='word_1_786' title='bbox 1706 2172 1749 2190; x_wconf 83' lang='lat' dir='ltr'><strong>as-</strong></span> 
     </span>
    </p>
   </div>
   <div class='ocr_carea' id='block_1_106' title="bbox 963 2209 1748 2243">
    <p class='ocr_par' dir='ltr' id='par_1_106' title="bbox 963 2209 1748 2243">
     <span class='ocr_line' id='line_1_106' title="bbox 963 2209 1748 2243; baseline -0.001 -7"><span class='ocrx_word' id='word_1_787' title='bbox 963 2215 1042 2242; x_wconf 88' lang='lat' dir='ltr'><strong>tutus,</strong></span> <span class='ocrx_word' id='word_1_788' title='bbox 1056 2214 1189 2241; x_wconf 82' lang='lat' dir='ltr'><strong>versutus;</strong></span> <span class='ocrx_word' id='word_1_789' title='bbox 1202 2209 1335 2243; x_wconf 81' lang='lat' dir='ltr'><strong>excipitur</strong></span> <span class='ocrx_word' id='word_1_790' title='bbox 1349 2216 1363 2236; x_wconf 83' lang='lat' dir='ltr'><strong>a</strong></span> <span class='ocrx_word' id='word_1_791' title='bbox 1387 2217 1465 2236; x_wconf 86' lang='lat' dir='ltr'><strong>manu</strong></span> <span class='ocrx_word' id='word_1_792' title='bbox 1486 2209 1663 2241; x_wconf 77' lang='lat' dir='ltr'><strong>manuleatus,</strong></span> <span class='ocrx_word' id='word_1_793' title='bbox 1677 2209 1748 2243; x_wconf 83' lang='lat' dir='ltr'><strong>quod</strong></span> 
     </span>
    </p>
   </div>
   <div class='ocr_carea' id='block_1_107' title="bbox 964 2254 1746 2289">
    <p class='ocr_par' dir='ltr' id='par_1_107' title="bbox 964 2254 1746 2289">
     <span class='ocr_line' id='line_1_107' title="bbox 964 2254 1746 2289; baseline -0.003 -7"><span class='ocrx_word' id='word_1_794' title='bbox 964 2265 980 2282; x_wconf 87' lang='lat' dir='ltr'><strong>a</strong></span> <span class='ocrx_word' id='word_1_795' title='bbox 997 2256 1103 2289; x_wconf 82' lang='lat' dir='ltr'><strong>longam</strong></span> <span class='ocrx_word' id='word_1_796' title='bbox 1124 2255 1205 2282; x_wconf 83' lang='lat' dir='ltr'><strong>habet</strong></span> <span class='ocrx_word' id='word_1_797' title='bbox 1227 2254 1412 2289; x_wconf 77' lang='lat' dir='ltr'><strong>penultimani.</strong></span> <span class='ocrx_word' id='word_1_798' title='bbox 1436 2254 1553 2289; x_wconf 76' lang='lat' dir='ltr'><strong>Namque</strong></span> <span class='ocrx_word' id='word_1_799' title='bbox 1576 2254 1603 2281; x_wconf 90' lang='lat' dir='ltr'><strong>in</strong></span> <span class='ocrx_word' id='word_1_800' title='bbox 1624 2259 1687 2286; x_wconf 81' lang='lat' dir='ltr'><strong>stus,</strong></span> <span class='ocrx_word' id='word_1_801' title='bbox 1705 2255 1746 2281; x_wconf 78' lang='lat' dir='ltr'><strong>vel</strong></span> 
     </span>
    </p>
   </div>
   <div class='ocr_carea' id='block_1_108' title="bbox 963 2299 1744 2334">
    <p class='ocr_par' dir='ltr' id='par_1_108' title="bbox 963 2299 1744 2334">
     <span class='ocr_line' id='line_1_108' title="bbox 963 2299 1744 2334; baseline 0 -8"><span class='ocrx_word' id='word_1_802' title='bbox 963 2309 1024 2332; x_wconf 86' lang='lat' dir='ltr'><strong>:rus,</strong></span> <span class='ocrx_word' id='word_1_803' title='bbox 1039 2300 1080 2327; x_wconf 81' lang='lat' dir='ltr'><strong>vel</strong></span> <span class='ocrx_word' id='word_1_804' title='bbox 1092 2304 1162 2334; x_wconf 80' lang='lat' dir='ltr'><strong>plus,</strong></span> <span class='ocrx_word' id='word_1_805' title='bbox 1174 2299 1216 2329; x_wconf 86' lang='lat' dir='ltr'><strong>vel</strong></span> <span class='ocrx_word' id='word_1_806' title='bbox 1232 2305 1288 2326; x_wconf 76' lang='lat' dir='ltr'><strong>ctus</strong></span> <span class='ocrx_word' id='word_1_807' title='bbox 1302 2300 1450 2327; x_wconf 84' lang='lat' dir='ltr'><strong>desinentia</strong></span> <span class='ocrx_word' id='word_1_808' title='bbox 1467 2300 1555 2326; x_wconf 88' lang='lat' dir='ltr'><strong>omnia</strong></span> <span class='ocrx_word' id='word_1_809' title='bbox 1569 2300 1744 2334; x_wconf 82' lang='lat' dir='ltr'><strong>pennltimaui</strong></span> 
     </span>
    </p>
   </div>
   <div class='ocr_carea' id='block_1_109' title="bbox 963 2345 1745 2379">
    <p class='ocr_par' dir='ltr' id='par_1_109' title="bbox 963 2345 1745 2379">
     <span class='ocr_line' id='line_1_109' title="bbox 963 2345 1745 2379; baseline 0.001 -8"><span class='ocrx_word' id='word_1_810' title='bbox 963 2345 1093 2379; x_wconf 86' lang='lat' dir='ltr'><strong>positione</strong></span> <span class='ocrx_word' id='word_1_811' title='bbox 1108 2345 1273 2379; x_wconf 86' lang='lat' dir='ltr'><strong>producunt,</strong></span> <span class='ocrx_word' id='word_1_812' title='bbox 1289 2349 1318 2372; x_wconf 89' lang='grc' dir='ltr'><strong>ιιι</strong></span> <span class='ocrx_word' id='word_1_813' title='bbox 1335 2345 1467 2377; x_wconf 85' lang='lat' dir='ltr'><strong>honestus,</strong></span> <span class='ocrx_word' id='word_1_814' title='bbox 1482 2350 1596 2377; x_wconf 72' lang='lat' dir='ltr'><strong>&quot;mtas,</strong></span> <span class='ocrx_word' id='word_1_815' title='bbox 1616 2346 1745 2379; x_wconf 76' lang='lat' dir='ltr'><strong>robustus,</strong></span> 
     </span>
    </p>
   </div>
   <div class='ocr_carea' id='block_1_110' title="bbox 963 2391 1745 2426">
    <p class='ocr_par' dir='ltr' id='par_1_110' title="bbox 963 2391 1745 2426">
     <span class='ocr_line' id='line_1_110' title="bbox 963 2391 1745 2426; baseline 0.004 -10"><span class='ocrx_word' id='word_1_816' title='bbox 963 2391 1049 2423; x_wconf 74' lang='lat' dir='ltr'><strong>latus,</strong></span> <span class='ocrx_word' id='word_1_817' title='bbox 1066 2391 1159 2425; x_wconf 70' lang='lat' dir='ltr'><strong>ﬂexus,</strong></span> <span class='ocrx_word' id='word_1_818' title='bbox 1181 2391 1279 2425; x_wconf 66' lang='lat' dir='ltr'><strong>ﬂuxus,</strong></span> <span class='ocrx_word' id='word_1_819' title='bbox 1300 2395 1430 2426; x_wconf 77' lang='lat' dir='ltr'><strong>acceptus,</strong></span> <span class='ocrx_word' id='word_1_820' title='bbox 1445 2395 1531 2426; x_wconf 83' lang='lat' dir='ltr'><strong>aptus,</strong></span> <span class='ocrx_word' id='word_1_821' title='bbox 1549 2396 1665 2425; x_wconf 81' lang='lat' dir='ltr'><strong>sanctus,</strong></span> <span class='ocrx_word' id='word_1_822' title='bbox 1679 2393 1745 2419; x_wconf 85' lang='lat' dir='ltr'><strong>ami-</strong></span> 
     </span>
    </p>
   </div>
   <div class='ocr_carea' id='block_1_111' title="bbox 963 2441 1030 2463">
    <p class='ocr_par' dir='ltr' id='par_1_111' title="bbox 963 2441 1030 2463">
     <span class='ocr_line' id='line_1_111' title="bbox 963 2441 1030 2463; baseline 0 0"><span class='ocrx_word' id='word_1_823' title='bbox 963 2441 1030 2463; x_wconf 70' lang='grc' dir='ltr'>σιω.</span> 
     </span>
    </p>
   </div>
   <div class='ocr_carea' id='block_1_112' title="bbox 1178 2491 1536 2528">
    <p class='ocr_par' dir='ltr' id='par_1_112' title="bbox 1178 2491 1536 2528">
     <span class='ocr_line' id='line_1_112' title="bbox 1178 2491 1536 2528; baseline 0.006 -10"><span class='ocrx_word' id='word_1_824' title='bbox 1178 2491 1214 2519; x_wconf 88' lang='lat' dir='ltr'><strong>De</strong></span> <span class='ocrx_word' id='word_1_825' title='bbox 1229 2492 1385 2519; x_wconf 82' lang='lat' dir='ltr'><strong>nominativo</strong></span> <span class='ocrx_word' id='word_1_826' title='bbox 1400 2492 1536 2528; x_wconf 84' lang='lat' dir='ltr'><strong>singulari.</strong></span> 
     </span>
    </p>
   </div>
   <div class='ocr_carea' id='block_1_113' title="bbox 998 2568 1745 2604">
    <p class='ocr_par' dir='ltr' id='par_1_113' title="bbox 998 2568 1745 2604">
     <span class='ocr_line' id='line_1_113' title="bbox 998 2568 1745 2604; baseline 0 -8"><span class='ocrx_word' id='word_1_827' title='bbox 998 2568 1186 2596; x_wconf 80' lang='lat' dir='ltr'><strong>Nominativus</strong></span> <span class='ocrx_word' id='word_1_828' title='bbox 1206 2568 1350 2602; x_wconf 72' lang='lat' dir='ltr'><strong>singularis</strong></span> <span class='ocrx_word' id='word_1_829' title='bbox 1371 2569 1422 2596; x_wconf 89' lang='lat' dir='ltr'><strong>hac</strong></span> <span class='ocrx_word' id='word_1_830' title='bbox 1445 2569 1534 2603; x_wconf 78' lang='lat' dir='ltr'><strong>regula</strong></span> <span class='ocrx_word' id='word_1_831' title='bbox 1557 2576 1605 2603; x_wconf 89' lang='lat' dir='ltr'><strong>per</strong></span> <span class='ocrx_word' id='word_1_832' title='bbox 1627 2569 1745 2604; x_wconf 77' lang='lat' dir='ltr'><strong>singulas</strong></span> 
     </span>
    </p>
   </div>
   <div class='ocr_carea' id='block_1_114' title="bbox 963 2612 1744 2647">
    <p class='ocr_par' dir='ltr' id='par_1_114' title="bbox 963 2612 1744 2647">
     <span class='ocr_line' id='line_1_114' title="bbox 963 2612 1744 2647; baseline 0 -7"><span class='ocrx_word' id='word_1_833' title='bbox 963 2612 1179 2644; x_wconf 82' lang='lat' dir='ltr'><strong>terminationes,</strong></span> <span class='ocrx_word' id='word_1_834' title='bbox 1191 2612 1278 2646; x_wconf 89' lang='lat' dir='ltr'><strong>qualis</strong></span> <span class='ocrx_word' id='word_1_835' title='bbox 1289 2612 1332 2644; x_wconf 83' lang='lat' dir='ltr'><strong>sit,</strong></span> <span class='ocrx_word' id='word_1_836' title='bbox 1347 2613 1514 2646; x_wconf 81' lang='lat' dir='ltr'><strong>apertissime</strong></span> <span class='ocrx_word' id='word_1_837' title='bbox 1527 2613 1699 2647; x_wconf 78' lang='lat' dir='ltr'><strong>dignoscitur.</strong></span> <span class='ocrx_word' id='word_1_838' title='bbox 1716 2614 1744 2640; x_wconf 84' lang='lat' dir='ltr'><strong>In</strong></span> 
     </span>
    </p>
   </div>
   <div class='ocr_carea' id='block_1_115' title="bbox 963 2657 1745 2692">
    <p class='ocr_par' dir='ltr' id='par_1_115' title="bbox 963 2657 1745 2692">
     <span class='ocr_line' id='line_1_115' title="bbox 963 2657 1745 2692; baseline -0.001 -6"><span class='ocrx_word' id='word_1_839' title='bbox 963 2668 979 2686; x_wconf 79' lang='grc' dir='ltr'><strong>ιι</strong></span> <span class='ocrx_word' id='word_1_840' title='bbox 993 2658 1142 2685; x_wconf 77' lang='lat' dir='ltr'><strong>desinentia</strong></span> <span class='ocrx_word' id='word_1_841' title='bbox 1160 2658 1266 2684; x_wconf 88' lang='lat' dir='ltr'><strong>nomina</strong></span> <span class='ocrx_word' id='word_1_842' title='bbox 1281 2662 1430 2692; x_wconf 86' lang='lat' dir='ltr'><strong>correptam</strong></span> <span class='ocrx_word' id='word_1_843' title='bbox 1445 2657 1538 2685; x_wconf 77' lang='lat' dir='ltr'><strong>Gneca</strong></span> <span class='ocrx_word' id='word_1_844' title='bbox 1555 2663 1617 2685; x_wconf 87' lang='lat' dir='ltr'><strong>sunt</strong></span> <span class='ocrx_word' id='word_1_845' title='bbox 1633 2659 1676 2686; x_wconf 86' lang='lat' dir='ltr'><strong>vel</strong></span> <span class='ocrx_word' id='word_1_846' title='bbox 1694 2659 1745 2685; x_wconf 86' lang='lat' dir='ltr'><strong>La-</strong></span> 
     </span>
    </p>
   </div>
   <div class='ocr_carea' id='block_1_116' title="bbox 959 2703 1742 2737">
    <p class='ocr_par' dir='ltr' id='par_1_116' title="bbox 959 2703 1742 2737">
     <span class='ocr_line' id='line_1_116' title="bbox 959 2703 1742 2737; baseline 0 -5"><span class='ocrx_word' id='word_1_847' title='bbox 959 2705 1025 2737; x_wconf 88' lang='lat' dir='ltr'><strong>tina,</strong></span> <span class='ocrx_word' id='word_1_848' title='bbox 1047 2703 1194 2730; x_wconf 88' lang='lat' dir='ltr'><strong>masculina</strong></span> <span class='ocrx_word' id='word_1_849' title='bbox 1215 2703 1257 2730; x_wconf 87' lang='lat' dir='ltr'><strong>vel</strong></span> <span class='ocrx_word' id='word_1_850' title='bbox 1280 2703 1407 2730; x_wconf 79' lang='lat' dir='ltr'><strong>feminina</strong></span> <span class='ocrx_word' id='word_1_851' title='bbox 1430 2704 1472 2731; x_wconf 89' lang='lat' dir='ltr'><strong>vel</strong></span> <span class='ocrx_word' id='word_1_852' title='bbox 1494 2708 1599 2736; x_wconf 86' lang='lat' dir='ltr'><strong>neutra,</strong></span> <span class='ocrx_word' id='word_1_853' title='bbox 1621 2709 1650 2731; x_wconf 92' lang='lat' dir='ltr'><strong>nt</strong></span> <span class='ocrx_word' id='word_1_854' title='bbox 1670 2713 1676 2732; x_wconf 94' lang='lat'>:</span> <span class='ocrx_word' id='word_1_855' title='bbox 1700 2706 1742 2732; x_wconf 82' lang='lat' dir='ltr'><strong>hic</strong></span> 
     </span>
    </p>
   </div>
   <div class='ocr_carea' id='block_1_117' title="bbox 958 2747 1743 2784">
    <p class='ocr_par' dir='ltr' id='par_1_117' title="bbox 958 2747 1743 2784">
     <span class='ocr_line' id='line_1_117' title="bbox 958 2747 1743 2784; baseline -0.001 -8"><span class='ocrx_word' id='word_1_856' title='bbox 958 2754 1042 2784; x_wconf 75' lang='lat' dir='ltr'><strong>poeta,</strong></span> <span class='ocrx_word' id='word_1_857' title='bbox 1061 2748 1161 2779; x_wconf 73' lang='lat' dir='ltr'><strong>scriba,-</strong></span> <span class='ocrx_word' id='word_1_858' title='bbox 1181 2748 1236 2775; x_wconf 78' lang='lat' dir='ltr'><strong>lucc</strong></span> <span class='ocrx_word' id='word_1_859' title='bbox 1251 2756 1334 2779; x_wconf 81' lang='lat' dir='ltr'><strong>musa,</strong></span> <span class='ocrx_word' id='word_1_860' title='bbox 1355 2747 1455 2779; x_wconf 81' lang='lat' dir='ltr'><strong>Roma;</strong></span> <span class='ocrx_word' id='word_1_861' title='bbox 1473 2749 1521 2774; x_wconf 84' lang='lat' dir='ltr'><strong>hoc</strong></span> <span class='ocrx_word' id='word_1_862' title='bbox 1539 2754 1666 2780; x_wconf 86' lang='lat' dir='ltr'><strong>toreuma,</strong></span> <span class='ocrx_word' id='word_1_863' title='bbox 1688 2758 1743 2776; x_wconf 86' lang='lat' dir='ltr'><strong>em-</strong></span> 
     </span>
    </p>
   </div>
   <div class='ocr_carea' id='block_1_118' title="bbox 960 2792 1742 2827">
    <p class='ocr_par' dir='ltr' id='par_1_118' title="bbox 960 2792 1742 2827">
     <span class='ocr_line' id='line_1_118' title="bbox 960 2792 1742 2827; baseline -0.001 -6"><span class='ocrx_word' id='word_1_864' title='bbox 960 2793 1059 2823; x_wconf 83' lang='lat' dir='ltr'><strong>blema;</strong></span> <span class='ocrx_word' id='word_1_865' title='bbox 1070 2793 1111 2819; x_wconf 83' lang='lat' dir='ltr'><strong>hic</strong></span> <span class='ocrx_word' id='word_1_866' title='bbox 1124 2796 1150 2820; x_wconf 86' lang='lat' dir='ltr'><strong>et</strong></span> <span class='ocrx_word' id='word_1_867' title='bbox 1161 2792 1215 2819; x_wconf 78' lang='lat' dir='ltr'><strong>hmo</strong></span> <span class='ocrx_word' id='word_1_868' title='bbox 1226 2793 1328 2826; x_wconf 83' lang='lat' dir='ltr'><strong>auriga.</strong></span> <span class='ocrx_word' id='word_1_869' title='bbox 1340 2792 1368 2819; x_wconf 81' lang='lat' dir='ltr'><strong>in</strong></span> <span class='ocrx_word' id='word_1_870' title='bbox 1381 2801 1394 2819; x_wconf 74' lang='grc' dir='ltr'><em>ε</em></span> <span class='ocrx_word' id='word_1_871' title='bbox 1407 2798 1557 2827; x_wconf 87' lang='lat' dir='ltr'><strong>correptam</strong></span> <span class='ocrx_word' id='word_1_872' title='bbox 1571 2793 1664 2820; x_wconf 84' lang='lat' dir='ltr'><strong>Latina</strong></span> <span class='ocrx_word' id='word_1_873' title='bbox 1679 2798 1742 2820; x_wconf 84' lang='lat' dir='ltr'><strong>sunt</strong></span> 
     </span>
    </p>
   </div>
   <div class='ocr_carea' id='block_1_119' title="bbox 960 2836 1741 2872">
    <p class='ocr_par' dir='ltr' id='par_1_119' title="bbox 960 2836 1741 2872">
     <span class='ocr_line' id='line_1_119' title="bbox 960 2836 1741 2872; baseline 0 -6"><span class='ocrx_word' id='word_1_874' title='bbox 960 2842 1064 2868; x_wconf 81' lang='lat' dir='ltr'><strong>neutra,</strong></span> <span class='ocrx_word' id='word_1_875' title='bbox 1077 2842 1104 2863; x_wconf 88' lang='lat' dir='ltr'><strong>ut</strong></span> <span class='ocrx_word' id='word_1_876' title='bbox 1118 2846 1123 2863; x_wconf 90' lang='lat'><strong>:</strong></span> <span class='ocrx_word' id='word_1_877' title='bbox 1137 2838 1183 2863; x_wconf 81' lang='lat' dir='ltr'><strong>hoc</strong></span> <span class='ocrx_word' id='word_1_878' title='bbox 1197 2836 1300 2868; x_wconf 70' lang='lat' dir='ltr'><strong>monile,</strong></span> <span class='ocrx_word' id='word_1_879' title='bbox 1317 2845 1396 2864; x_wconf 80' lang='lat' dir='ltr'><strong>mare.</strong></span> <span class='ocrx_word' id='word_1_880' title='bbox 1412 2837 1440 2864; x_wconf 81' lang='lat' dir='ltr'><strong>in</strong></span> <span class='ocrx_word' id='word_1_881' title='bbox 1452 2846 1466 2865; x_wconf 74' lang='grc' dir='ltr'><em>ε</em></span> <span class='ocrx_word' id='word_1_882' title='bbox 1478 2838 1635 2872; x_wconf 77' lang='lat' dir='ltr'><strong>productam</strong></span> <span class='ocrx_word' id='word_1_883' title='bbox 1648 2839 1741 2866; x_wconf 66' lang='lat' dir='ltr'><strong>Graeca</strong></span> 
     </span>
    </p>
   </div>
  </div>
