3950 6192
457 337 565 395 655

1100 331 1162 385 ll.
1197 327 1451 385 RABANI
1488 327 1706 384 MAURI
1741 321 2056 381 ARCllIEP.
2097 319 2404 376 MOGUNT.
2443 311 2726 374 OPERUM
2763 307 2942 371 PA'RS
2977 312 3063 368 Ill.

3591 308 3710 363 σεε

463 462 584 509 sunt
614 459 667 506 et
697 447 974 512 feminina,
1002 453 1059 498 ut
1088 447 1197 498 hrrc
1228 443 1467 510 Euterpe,
1501 440 1672 510 Libye,
1702 436 1896 500 schola,
1926 435 2032 489 An-
2058 436 2105 494 Α
2133 431 2346 502 generis
2384 429 2584 490 omnis,
2629 423 3019 490 indeclinabile,
3063 429 3122 477 ut
3164 421 3248 474 hic
3285 418 3476 512 et_luec
3513 424 3570 471 et
3603 416 3713 512 hae

461 543 758 598 dromache.
791 541 846 594 ln
883 539 900 591 i
940 535 1257 607 productam
1291 531 1476 585 Latina
1507 531 1620 584 sive
1667 527 1854 582 Graeca
1883 526 2036 579 inve-

466 637 688 688 niuntur
711 641 764 686 et
791 637 983 685 neutra
1014 634 1156 690 sunt,
1179 624 1265 677 vel
1292 621 1469 677 omnis
1493 620 1728 692 generis,
1749 627 1804 672 et
1831 624 2033 686 aptota,

465 739 522 778 ιιι
544 728 637 778 hoc
666 720 882 793 gummi,
912 717 1100 786 sinapi,
1139 715 1220 768 hic
1252 721 1302 767 et
1334 715 1444 766 haec
1469 711 1639 765 ethoc
1665 707 1825 778 frugi,
1865 706 2036 768 nihili,

465 814 710 882 mancipi,
740 808 1056 879 hujusmodi,
1088 803 1394 864 illiusmodi,
1421 798 1697 870 ejusmodi,
1724 794 2036 858 istiusmodi,

465 915 520 957 et
547 903 711 964 cordi,
760 899 913 954 nauci
944 911 1176 966 quoque,
1204 893 1346 962 quod
1387 900 1644 960 putamen
1681 889 1834 942 nucis
1877 885 2042 956 signi-

469 996 621 1057 ficat,
659 1002 712 1046 et
741 1006 838 1060 pro
862 989 1029 1042 nihilo
1057 985 1336 1054 accipitur.
1368 983 1424 1036 ln
1452 998 1480 1034 ο
1508 987 1811 1050 correptam
1830 1019 1844 1043 ,
1879 993 2038 1047 quam

469 1095 643 1137 tamen
677 1080 985 1149 frequenter
1019 1077 1321 1146 producunt
1357 1081 1549 1142 poetae,
1583 1069 1773 1124 Latina
1790 1076 1930 1122 sunt
1956 1065 2040 1120 vel

468 1171 649 1234 notha,
675 1166 968 1222 masculina
992 1165 1073 1217 vel
1095 1162 1349 1217 feminina
1372 1160 1453 1214 vel
1482 1159 1818 1221 communia;
1849 1157 1931 1210 hic
1951 1153 2043 1208 Ci-

466 1277 602 1323 cero,
633 1259 734 1324 leo,
756 1260 865 1311 ha'c
888 1257 1048 1325 virgo,
1076 1252 1358 1321 Carthago,
1381 1250 1465 1303 hic
1489 1257 1544 1303 et
1567 1248 1676 1301 ha'c
1697 1248 1870 1311 homo,
1894 1261 2040 1299 nemo

469 1349 708 1411 neminis,
736 1347 877 1416 quod
905 1354 988 1399 est
1015 1342 1368 1412 compositum
1406 1355 1472 1393 ex
1501 1355 1603 1392 non
1627 1346 1684 1392 ει
1709 1338 1880 1390 homo.
1913 1335 2042 1402 Quae

466 1443 594 1508 ergo
615 1453 686 1498 ex
717 1437 798 1491 his
827 1453 856 1488 ο
897 1435 950 1489 in
993 1433 1224 1503 obliquis
1258 1431 1524 1494 retinent,
1561 1427 1806 1482 eamdem
1840 1425 2041 1495 produ-

469 1539 612 1584 ctam
648 1528 870 1592 habent,
917 1536 976 1581 ut
1005 1525 1186 1579 Cicero
1220 1522 1519 1585 Ciceronis;
1560 1535 1680 1589 qua:
1724 1527 1903 1572 autem
1941 1516 1993 1570 in
2023 1517 2042 1569 i

467 1636 588 1673 eam
631 1626 881 1682 vertunt,
912 1623 1158 1685 correpta
1189 1613 1480 1684 penultima
1521 1609 1951 1680 pronuntiantur,
1985 1613 2043 1659 ut

469 1709 612 1778 virgo
638 1708 871 1776 virginis.
895 1706 952 1759 ιιι
978 1723 1006 1758 ο
1031 1703 1345 1775 productam
1377 1699 1672 1756 desinentia
1701 1698 1887 1753 Grzcca
1916 1706 2041 1750 sunt

471 1769 748 1858 feminina:
779 1805 838 1850 ut
882 1769 1085 1859 Manto,
1113 1794 1275 1858 Dido,
1323 1792 1522 1861 Sapho,
1571 1789 1769 1853 Erato;
1816 1788 1930 1842 haec
1957 1787 2040 1840 vel
2071 1769 2114 1828 Β

471 1887 656 1942 tineae
683 1877 1036 1950 declinantur,
1068 1893 1126 1938 ut
1167 1882 1350 1937 Manta
1387 1880 1622 1944 Mantus,
1665 1879 1806 1950 quod
1836 1887 2041 1947 estgc-

471 1978 689 2031 nitivus.
722 1975 973 2046 Virgilius
1002 1975 1056 2028 in
1088 1990 1121 2027 ι
1153 1991 1165 2026 :

599 2087 831 2138 νδιιάιοω
856 2085 1046 2135 Mantus
1069 2090 1124 2134 et
1144 2082 1291 2134 Tusci
1313 2081 1438 2131 ﬁlius
1465 2081 1619 2130 amnis
1639 2094 1655 2142 ;

470 2192 553 2248 vel
579 2191 756 2246 addita
794 2190 872 2244 nis
902 2189 1106 2244 faciunt
1136 2187 1426 2258 genitivum
1465 2183 1758 2240 secundum
1799 2181 2042 2248 Latinos,

471 2299 501 2336 o
530 2283 787 2354 producta
815 2290 1013 2346 tamen,
1041 2289 1101 2335 ut
1128 2280 1265 2334 Dido
1291 2278 1534 2332 Didonis.
1560 2276 1618 2330 In
1648 2293 1680 2329 ιι
1705 2275 1893 2330 Latina
1920 2281 2046 2328 sunt

471 2375 685 2445 generis
715 2374 924 2438 neutri,
965 2381 1026 2426 ut
1059 2388 1242 2436 cornu,
1283 2370 1420 2440 gelu,
1450 2385 1606 2440 genu,
1644 2367 1726 2421 vel
1770 2367 1821 2420 in
1852 2366 2046 2435 quibus

471 2465 718 2536 quamvis
768 2463 1016 2518 videatur
1061 2461 1381 2530 quibusdam
1438 2459 1634 2514 artium
1693 2457 2046 2527 scriptoribus

472 2565 774 2625 temporum
813 2568 933 2607 esse
969 2550 1268 2606 dilferentia
1304 2550 1524 2622 (dicunt
1566 2549 1710 2604 enim
1753 2547 2043 2602 nominati-

471 2659 598 2698 vum
623 2644 866 2713 quidem,
895 2650 951 2696 et
974 2641 1368 2704 accusativum,
1397 2647 1451 2693 et
1475 2638 1779 2710 vocativum
1809 2636 2043 2705 corripi,

474 2736 708 2805 reliquos
742 2750 874 2790 vero
918 2731 1206 2805 produci),
1251 2731 1593 2786 inveniuntur
1625 2737 1804 2794 tamen
1849 2728 1904 2782 in
1946 2743 2046 2782 usu

472 2828 678 2899 pariter
702 2827 756 2882 in
785 2827 1034 2882 omnibus
1067 2825 1286 2896 produci
1319 2823 1533 2880 casibus
1561 2824 1676 2878 hzec
1704 2822 1919 2877 nomina
1948 2837 2048 2877 nec

471 2917 932 2973 irrationabiliter.
982 2915 1170 2972 Omnis
1221 2916 1364 2970 enim
1418 2915 1472 2970 in
1520 2928 1838 2984 quacunque
1894 2921 2046 2981 parte

475 3007 782 3062 terminatio
809 3006 862 3059 in
898 3023 931 3059 ιι
961 3005 1210 3061 desinens
1235 3004 1570 3074 producitur,
1600 3010 1660 3057 ut
1687 3004 1873 3071 fluctu,
1902 2999 2046 3055 Pan-

470 3101 583 3166 thu,
609 3109 686 3166 tu,
719 3098 830 3153 diu.
859 3096 1078 3153 Ovidius
1108 3097 1163 3152 in
1190 3113 1283 3151 vni
1310 3095 1809 3166 Metamorphoseon
1839 3113 1852 3146 :

1035 3209 1320 3264 Dextroque
1344 3223 1369 3258 a
1395 3208 1579 3270 peplite
1613 3208 1781 3257 laevum

602 3273 779 3322 Press:
803 3283 934 3333 genu
958 3271 1127 3332 digitis
1150 3274 1278 3320 inter
1309 3281 1364 3319 se
1389 3269 1582 3332 pectine
1600 3269 1798 3330 junctis.

473 3376 609 3430 Ecce
635 3377 778 3429 enim
807 3375 896 3429 hic
927 3373 1263 3428 accusativus
1288 3382 1369 3428 est
1394 3372 1512 3428 sine
1534 3371 1696 3428 dubio
1720 3379 1774 3427 et
1796 3371 2045 3443 produci-

473 3473 580 3517 tur.
613 3463 767 3533 Apud
797 3464 1075 3534 Virgilium
1105 3477 1317 3532 quoque
1343 3463 1395 3516 in
1423 3478 1440 3516 ι
1467 3479 1481 3516 :

657 3572 790 3622 Nuda
814 3586 970 3636 genu,
998 3572 1223 3636 nodoque
1245 3574 1383 3622 sinus
1399 3571 1602 3623 collecta
1627 3574 1858 3624 ﬂuentes.

471 3673 750 3738 Quomodo
773 3673 917 3728 enim
943 3674 1089 3728 sinus
1114 3673 1328 3728 collecta
1357 3675 1723 3729 accusativum
1743 3673 1921 3744 iunxit
1948 3688 2044 3728 no-

474 3764 751 3829 minativo,
789 3765 869 3820 sic
905 3765 1068 3820 etiam
1097 3764 1241 3820 nuda
1271 3781 1426 3835 genu.
1457 3765 1514 3820 In
1543 3783 1570 3819 c
1597 3765 1702 3821 duo
1733 3774 1857 3820 sunt
1881 3781 2046 3836 gene-

475 3855 550 3910 ris
581 3857 782 3920 neutri,
811 3863 866 3911 ut
895 3854 1062 3921 halec,
1095 3856 1237 3925 quod
1263 3856 1482 3927 longum
1515 3863 1620 3920 est,
1651 3863 1710 3909 ut
1737 3855 1998 3911 Martialis
2025 3868 2041 3910 :

663 3967 913 4028 Capparin
938 3973 990 4018 et
1026 3968 1303 4029 putﬁrepas
1326 3967 1501 4016 balece
1524 3972 1771 4029 natantes;

471 4078 554 4122 est
578 4077 754 4124 autem
784 4068 940 4124 halee
965 4083 1131 4136 genus
1168 4068 1360 4137 piscis;
1393 4076 1448 4123 et
1483 4067 1565 4120 lac
1597 4069 1766 4134 laetis,
1797 4071 1864 4125 de
1893 4071 2046 4140 cujus

470 4155 828 4211 declinatione
867 4157 1162 4210 dubitatur.
1210 4157 1266 4210 In
1300 4158 1334 4209 d
1375 4159 1479 4212 duo
1519 4168 1645 4212 sunt
1687 4171 1876 4215 neutra
1919 4177 2044 4216 eor-

473 4252 640 4314 repta,
676 4257 736 4299 ut
773 4245 919 4298 aliud
948 4255 1004 4301 et
1028 4246 1176 4312 quid,
1216 4254 1272 4301 et
1311 4261 1377 4300 ex
1407 4261 1473 4301 eo
1501 4249 1816 4317 composita,
1858 4259 1915 4305 ut
1940 4251 2042 4304 ali-

467 4335 614 4404 quid,
643 4335 835 4406 siquid,
863 4337 1069 4407 nequid.
1111 4336 1169 4390 In
1196 4335 1250 4389 al
1277 4346 1578 4407 correptam
1611 4338 1796 4392 Latina
1825 4351 1879 4395 et
1918 4343 2042 4395 bar-

471 4424 621 4489 bara,
654 4425 932 4480 masculini
962 4426 1173 4496 generis
1197 4425 1281 4481 vel
1322 4428 1520 4493 neutri,
1552 4436 1611 4482 ut
1637 4427 1720 4482 hic
1752 4428 2039 4495 Hannibal,
2069 4448 2122 4508 ι)

471 4513 567 4566 hoc
611 4513 860 4579 tribunal,
908 4516 1160 4581 cervical;
1201 4518 1296 4573 sed
1338 4526 1530 4572 neutra
1576 4536 1609 4573 a
1647 4521 1948 4590 producunt
1990 4523 2044 4578 in

473 4603 705 4673 obliquis
737 4604 968 4660 casibus.
1006 4605 1063 4660 In
1091 4605 1143 4660 al
1178 4608 1495 4676 productam
1520 4624 1685 4663 unum
1717 4612 2042 4682 monosylla-

475 4693 598 4746 bum
628 4693 1004 4759 masculinum,
1033 4703 1090 4748 ut
1113 4697 1197 4750 hic
1224 4697 1324 4758 sal,
1350 4699 1492 4766 quod
1524 4706 1702 4754 tamen
1733 4700 1784 4754 in
1813 4701 2047 4771 obliquis

471 4783 686 4840 casibus
717 4785 1028 4854 corripitur.
1065 4787 1121 4839 In
1164 4786 1211 4840 el
1253 4797 1556 4856 correptam
1600 4798 1789 4844 neutra
1825 4791 2043 4857 Latina,

472 4886 533 4932 ut
560 4879 655 4930 hoc
684 4875 798 4939 mel,
829 4875 918 4946 fel.
952 4875 1008 4929 In
1037 4875 1084 4930 el
1112 4877 1427 4946 productam
1455 4879 1706 4944 barbara,
1738 4889 1795 4934 ut
1822 4881 1905 4935 hic
1930 4882 2044 4936 Da-

471 4963 597 5030 niel,
646 4963 892 5029 Michael,
936 4960 1165 5018 Gabriel.
1211 4965 1268 5020 In
1315 4965 1353 5018 il
1391 4976 1687 5036 correptam
1729 4971 2041 5037 masculina,

470 5054 556 5109 vel
583 5053 910 5120 communia,
951 5053 1136 5118 latina,
1169 5063 1228 5108 ut
1263 5055 1346 5108 hic
1372 5055 1534 5125 pugil,
1567 5057 1651 5110 hic
1679 5066 1733 5113 et
1761 5059 1872 5112 hwc
1899 5060 2043 5129 vigil,

471 5153 526 5200 et
556 5143 712 5207 nihil,
745 5152 995 5216 aptoton,
1029 5143 1171 5212 quod
1196 5152 1279 5199 est
1311 5145 1664 5215 compositum
1694 5163 1724 5201 ιι
1753 5164 1854 5200 non
1885 5156 1938 5202 et
1967 5149 2047 5202 hi-

471 5235 600 5316 lum,
623 5238 766 5306 quod
793 5237 911 5292 sine
935 5235 1096 5291 dubio
1119 5251 1313 5290 nomen
1343 5244 1446 5302 est,
1479 5237 1532 5291 id
1559 5245 1674 5303 est,
1707 5237 1891 5292 ullum.
1923 5237 1980 5292 In
2009 5238 2049 5292 il

471 5327 785 5395 productam
813 5343 978 5383 unum
1018 5327 1304 5382 Etruscum
1337 5326 1652 5383 femininum
1672 5371 1686 5397 ,
1715 5339 1775 5384 ut
1808 5332 1919 5385 hate
1945 5330 2047 5383 Ta-

471 5417 668 5488 naquil,
702 5418 753 5472 id
782 5427 897 5485 est,
933 5434 1071 5474 uxor
1095 5419 1377 5490 Tarquinii
1412 5417 1602 5474 Prisci.
1631 5421 1688 5474 ln
1719 5420 1771 5474 οι
1797 5420 2049 5476 masculi-

466 5515 629 5572 ‘num,
662 5509 909 5564 Latinum
930 5551 945 5576 ,
977 5518 1036 5565 ut
1074 5512 1158 5565 hic
1184 5509 1293 5583 sol,
1323 5511 1466 5581 quod
1507 5510 1724 5582 longum
1755 5521 1856 5567 est.
1896 5511 1952 5566 In
1990 5509 2045 5565 ul

471 5599 684 5654 brevem
715 5603 1010 5658 masculina
1041 5604 1124 5657 vel
1148 5602 1450 5658 communia
1482 5602 1696 5669 Latina,
1724 5612 1784 5658 ιιι
1811 5605 1893 5658 hic
1918 5621 2042 5658 con-

470 5689 554 5744 sul
580 5699 634 5746 ct
659 5692 741 5746 hic
775 5703 829 5748 et
853 5695 962 5748 hinc
985 5695 1157 5748 exsul.
1191 5694 1248 5749 In
1277 5709 1363 5748 am
1399 5693 1616 5751 brevem
1648 5712 1812 5751 unum
1845 5696 2045 5752 desinit

2138 538 2376 593 nequam.
2421 521 2478 574 in
2505 536 2592 573 um
2624 525 2926 586 correptam
2957 513 3149 568 Latina
3189 525 3282 565 seu
3323 507 3527 573 (ἔπει-ιι,
3564 507 3714 578 apud

2135 615 2352 670 Grazcos
2380 613 2432 666 in
2464 628 2529 666 on
2557 609 2855 665 desinentia
2875 648 2888 672 ,
2926 613 3115 659 neutra
3152 609 3310 665 sunt,
3351 607 3410 653 ut
3443 600 3539 654 hoc
3578 607 3716 654 tem-

2135 706 2300 776 plum,
2334 719 2566 774 regnum,
2615 701 2832 771 lignum,
2857 699 2954 752 hoc
2998 694 3212 766 pelium,
3261 693 3358 746 hoc
3395 691 3714 754 hastariurn,

2138 794 2279 864 quod
2307 801 2389 848 est
2415 792 2617 863 lignum
2661 805 2766 858 quo
2812 787 3022 842 modius
3063 791 3322 853 aequatur.
3362 780 3722 835 inveniuntur

2137 895 2316 940 autem
2352 884 2490 954 apud
2520 883 2759 938 comicos
2799 879 2964 934 multa
2993 874 3361 945 hujuscemodi
3398 881 3722 928 neutrorum

2139 976 2368 1032 formam
2408 974 2660 1029 habentia
2699 970 2983 1027 nuiliernm
3017 967 3255 1031 nomina,
3289 963 3480 1034 quibus
3509 962 3719 1016 articu-

2140 1067 2220 1122 los
2246 1066 2485 1120 feminini
2517 1063 2728 1134 generis
2764 1060 3069 1116 neeessario
3103 1054 3509 1126 signiﬁcationis
3536 1051 3719 1123 gratia

2138 1172 2451 1230 praeponere
2484 1155 2757 1216 solebant,
2805 1161 2863 1206 ut
2907 1152 3018 1204 ha’c
3057 1149 3341 1209 Dorcinm,
3382 1146 3492 1197 lucc
3531 1139 3725 1213 Glyce-

2140 1252 2296 1312 rium,
2327 1249 2438 1300 Iuec
2464 1244 2815 1316 Sophronium
2846 1258 2864 1297 :
2892 1243 2993 1296 hoc
3021 1249 3200 1294 autem
3229 1236 3364 1292 solet
3391 1233 3729 1288 adulationis

2140 1352 2302 1392 causa
2335 1337 2449 1390 sive
2482 1333 2854 1388 diminutionis
2882 1331 3075 1385 aetatis.
3117 1328 3176 1382 ln
3206 1345 3293 1392 on,
3331 1327 3387 1379 in
3423 1341 3515 1388 an,
3547 1325 3614 1377 in’
3643 1324 3727 1388 in,

2139 1428 2325 1484 Gmca
2355 1434 2481 1481 sunt
2505 1423 2824 1488 masculina,
2847 1422 2934 1476 vel
2959 1420 3239 1482 feminina,
3265 1429 3319 1473 et
3350 1416 3729 1486 producuntur

2139 1518 2342 1580 omnia,
2372 1524 2432 1569 ut
2454 1515 2538 1568 hic
2559 1513 2735 1578 Titan,
2755 1512 2918 1574 Pean,
2951 1509 3088 1573 Pan,
3107 1509 3190 1562 hic
3214 1507 3444 1578 delphin,
3473 1505 3587 1559 iure
3615 1513 3731 1556 tra-

2141 1611 2282 1674 chin,
2324 1610 2408 1662 hic
2452 1607 2718 1671 Memnon,
2760 1606 2870 1658 hinc
2915 1603 3102 1659 Sidon.
3152 1601 3219 1656 Et
3260 1599 3534 1657 sciendum
3580 1595 3727 1666 quod

2142 1700 2322 1756 omnia
2351 1699 2406 1753 in
2432 1701 2488 1752 in
2512 1697 2810 1752 desinentia
2841 1695 3002 1749 etiam
3035 1692 3089 1746 in
3111 1693 3156 1744 is
3184 1691 3500 1761 productam
3526 1685 3729 1740 liniun-

2142 1799 2248 1856 tur,
2277 1799 2338 1845 ut
2375 1788 2597 1859 delphis,
2627 1787 2843 1849 trochis,
2890 1783 3115 1838 Eleusis.
3159 1782 3215 1835 In
3245 1798 3312 1834 on
3338 1793 3550 1850 quoque
3583 1775 3731 1831 desi-

2142 1883 2324 1938 nentia
2364 1881 2576 1936 nomina
2607 1879 2828 1950 genitivi
2857 1877 3030 1932 Graeci
3073 1891 3236 1946 supra
3274 1875 3474 1928 dictam
3505 1880 3731 1926 servant

2145 1973 2400 2044 regulam,
2429 1971 2722 2043 penultima
2756 1970 3049 2025 secundum
3073 1967 3291 2024 Graecos
3322 1971 3574 2020 manente
3605 1976 3733 2032 pro-

2142 2064 2304 2118 ducta
2343 2061 2428 2117 vel
2470 2069 2736 2130 correpta,
2781 2067 2843 2114 ut
2877 2059 3121 2113 Memnon
3170 2056 3492 2117 Mantuanos,
3540 2051 3730 2106 Simon

2143 2152 2407 2218 Simonos,
2438 2151 2648 2205 Lacoan
2675 2150 2987 2214 Lacoontos,
3020 2149 3071 2202 id
3103 2156 3188 2202 est
3215 2146 3462 2201 Memnon
3487 2143 3730 2197 Memno—

2143 2243 2250 2307 nis,
2291 2241 2479 2296 Simon
2523 2240 2779 2304 Simonis,
2825 2245 3106 2307 correpta;
3151 2237 3366 2292 Lacoon
3411 2233 3726 2296 Lacoontis,

2143 2333 2435 2404 producta;
2486 2339 2542 2386 et
2587 2345 2760 2386 canon
2802 2344 3042 2384 canonis.
3084 2327 3142 2382 In
3172 2344 3236 2382 en
3262 2326 3563 2382 desinentia
3611 2339 3727 2380 cor-

2144 2433 2350 2495 reptam
2378 2424 2567 2478 Latina
2593 2432 2718 2477 sunt
2745 2421 3028 2478 masculini
3065 2421 3152 2475 vel
3183 2419 3359 2474 neutri
3404 2417 3646 2488 generis,
3673 2423 3726 2470 ut

2142 2519 2226 2572 hic
2251 2519 2462 2588 ﬂamen,
2486 2517 2746 2581 cornicen,
2772 2516 2984 2585 ﬁdicen,
3013 2514 3236 2578 tubicen,
3268 2512 3474 2574 tibicen,
3502 2512 3605 2564 hoc
3635 2528 3703 2564 nu

2142 2627 2280 2675 men,
2311 2625 2541 2663 carmen.
2571 2609 2628 2662 In
2671 2625 2735 2662 en
2764 2607 3078 2677 productam
3121 2604 3314 2659 Latina
3357 2611 3482 2658 sunt
3511 2602 3728 2674 generis

2144 2701 2445 2764 masculini,
2491 2709 2546 2754 ut
2582 2701 2664 2754 his
2697 2699 2820 2765 lien,
2864 2701 2996 2764 rien,
3027 2697 3113 2752 vel
3140 2713 3230 2750 ren
3261 2696 3418 2760 renis,
3465 2695 3650 2765 splen;
3677 2702 3730 2750 et

2143 2791 2351 2856 Graeca,
2383 2801 2441 2846 ιιι
2465 2792 2549 2844 hic
2576 2791 2798 2855 Damen,
2830 2805 3023 2845 nomen
3059 2789 3330 2860 proprium
3366 2787 3650 2851 historici;
3677 2798 3728 2842 et

2147 2882 2349 2948 Seben,
2397 2898 2594 2937 nomen
2644 2881 2826 2935 herois
2871 2881 3001 2936 socii
3051 2880 3276 2951 Ulyssis,
3324 2880 3414 2948 qui
3463 2879 3728 2933 habitavit

2146 2971 2416 3036 Temesm,
2447 2980 2502 3026 et
2525 2973 2632 3025 [ια-ε
2661 2973 2830 3036 siren,
2863 2973 2974 3024 ha’c
3009 2969 3213 3024 Trizen.
3249 2969 3305 3023 In
3333 2986 3396 3022 ar
3422 2979 3729 3039 correptam

2146 3061 2336 3116 Latina
2361 3069 2416 3117 et
2437 3060 2622 3116 Graeca
2656 3069 2713 3114 ει
2737 3061 2968 3115 barbara
3003 3059 3283 3114 masculini
3313 3059 3394 3113 vel
3428 3060 3613 3112 neutri
3647 3073 3727 3129 ge-

2151 3151 2316 3216 neris,
2347 3159 2406 3205 ut
2443 3152 2526 3204 hic
2554 3149 2754 3216 Ca-sar,
2790 3150 2873 3203 hic
2901 3150 3096 3214 hostar,
3134 3149 3231 3202 hoc
3260 3158 3456 3213 nectar,
3494 3149 3594 3201 hoc
3627 3146 3732 3201 cal-

2144 3257 2267 3306 car;
2302 3239 2397 3296 sed
2425 3248 2640 3304 neutra,
2672 3241 2717 3295 si
2749 3240 3046 3295 derivativa
3087 3247 3243 3304 sunt,
3273 3239 3578 3309 producunt
3614 3254 3650 3292 a
3679 3240 3729 3294 in

2142 3335 2375 3405 obliquis
2414 3334 2660 3399 casibus;
2699 3349 2730 3388 a
2759 3334 2882 3403 lupa
2912 3332 3156 3403 lupanar,
3188 3331 3494 3402 lupanaris;
3524 3347 3552 3384 a
3584 3331 3728 3396 lacu,

2142 3427 2364 3482 lacunar
2401 3427 2703 3491 lacunaris;
2745 3441 2778 3480 a
2827 3426 3038 3495 laqueo,
3088 3425 3306 3495 laqucar
3351 3421 3657 3493 laquearia;
3701 3437 3728 3474 ει

2141 3518 2312 3583 calce,
2353 3517 2529 3573 calcar
2563 3516 2804 3571 calcaris.
2845 3515 2903 3570 In
2941 3533 3004 3570 ar
3027 3515 3337 3584 productam
3378 3512 3572 3567 Latina
3616 3527 3730 3566 nia-

2141 3611 2335 3668 sculini
2367 3610 2453 3664 vel
2483 3609 2662 3665 neutri
2699 3609 2783 3663 vel
2810 3607 3107 3663 communis
3137 3606 3367 3677 generis,
3401 3613 3456 3660 et
3486 3612 3617 3659 sunt
3650 3603 3726 3658 vel

2143 3699 2539 3772 monosyllaba,
2571 3698 2657 3754 vel
2687 3714 2752 3754 ex
2780 3697 3164 3768 monosyllabis
3194 3697 3522 3766 composita,
3556 3703 3622 3750 ut
3647 3697 3726 3750 hic

2146 3789 2286 3855 Nar,
2320 3788 2508 3854 Naris,
2543 3788 2598 3843 id
2631 3795 2716 3843 est
2748 3803 2944 3842 nomen
2980 3787 3156 3852 fluvii,
3195 3787 3337 3856 quod
3363 3795 3419 3841 et
3457 3804 3490 3839 a
3522 3788 3725 3856 produ-

2144 3887 2284 3934 ctam
2312 3886 2493 3932 servat
2520 3879 2572 3932 in
2599 3878 2830 3947 obliquis
2853 3879 3098 3944 casibus;
3132 3886 3188 3933 et
3213 3879 3309 3932 hoc
3335 3878 3596 3943 torcular,
3637 3880 3728 3932 hac

2143 3968 2404 4039 pulvinar,
2433 3969 2532 4022 hoc
2557 3969 2642 4039 far
2666 3969 2845 4038 farris,
2874 3969 3012 4040 quod
3040 3970 3305 4039 positione
3326 3969 3651 4038 producitur
3676 3971 3725 4024 iu

2143 4059 2405 4128 obliquis;
2448 4059 2532 4112 hic
2568 4068 2625 4112 ει
2653 4059 2764 4112 Ιιιινσ
2799 4067 2853 4113 ει
2881 4059 2978 4112 hoc
3003 4075 3120 4128 par,
3152 4058 3351 4127 dispar,
3382 4059 3575 4127 impar,
3611 4073 3728 4127 ιιιιειι

2145 4165 2178 4202 a
2205 4148 2505 4218 corripiunt
2532 4149 2587 4202 in
2613 4147 2866 4217 obliquis.
2900 4146 3152 4219 Virgilius
3181 4148 3235 4201 in
3264 4147 3516 4202 Bucolico
3546 4165 3560 4202 :

2387 4257 2601 4308 Numero
2626 4258 2765 4307 Deus
2789 4260 2974 4321 impare
3007 4258 3211 4320 gaudet.

2147 4359 2399 4415 Lucanus
2427 4360 2478 4413 in
2508 4376 2603 4414 vui
2632 4379 2644 4414 :

2329 4449 2460 4514 Ergo
2480 4452 2580 4513 pari
2606 4457 2716 4502 voto
2735 4459 2787 4502 et
2809 4452 3006 4514 paribus
3023 4465 3079 4502 se
3099 4453 3296 4503 sustulit
3318 4457 3436 4504 aris.

2148 4549 2427 4616 Similiter,
2458 4551 2542 4606 lar
2569 4552 2716 4608 laris.
2748 4553 2969 4610 Plautus
2997 4573 3011 4610 :

2394 4641 2499 4704 Ego
2521 4655 2627 4693 sum
2651 4643 2721 4693 lin
2754 4643 3020 4695 familiaris.

2147 4743 2405 4816 Virgilius
2428 4763 2443 4801 :

2275 4858 2704 4921 Pergameumque
2737 4861 2910 4923 larem,
2931 4867 2986 4913 et
3001 4848 3136 4912 cana
3158 4865 3427 4926 penetralia
3456 4865 3644 4918 Vestae.

2146 4957 2449 5014 Notandum
2471 4961 2614 5029 quod
2640 4962 2696 5016 in
2719 4979 2836 5025 nar,
2860 4962 2907 5017 si
2931 4978 3122 5017 nasum
3146 4962 3372 5017 velimus
3394 4963 3724 5034 signiﬁcare,

2147 5045 2338 5100 melius
2383 5049 2772 5102 nominativum
2809 5049 3040 5105 similem
3087 5051 3320 5120 genitivo
3369 5052 3723 5120 proferemus,

2146 5141 2206 5186 ut
2237 5135 2348 5188 haec
2381 5138 2547 5203 naris,
2587 5138 2746 5208 hujus
2789 5139 2954 5205 naris,
3001 5149 3062 5194 ιιι
3096 5138 3318 5196 Ovidius
3364 5142 3420 5196 in
3461 5159 3514 5197 vl
3564 5143 3723 5199 Meta-

2147 5221 2503 5290 morphoseon
2533 5243 2546 5277 :

2275 5311 2548 5364 Deﬂuxere
2569 5327 2719 5366 comae
2743 5330 2850 5366 cum
2873 5320 2985 5382 quis
3008 5328 3061 5372 et
3084 5323 3214 5369 naris
3237 5327 3292 5371 et
3313 5333 3478 5370 aures.

2152 5415 2403 5472 Lucanus
2431 5417 2483 5471 in
2514 5435 2564 5471 ιιι
2593 5415 2882 5489 genitivum
2910 5423 3135 5492 protulit
3165 5441 3177 5477 :

2277 5529 2365 5596 llic
2386 5542 2552 5594 aures,
2574 5532 2697 5582 alius
2717 5535 2978 5596 spiramina
3003 5537 3133 5584 naris
3151 5536 3354 5584 adunca

2277 5592 2522 5653 Amputat.

2151 5695 2208 5750 lu
2235 5711 2293 5750 cr
2328 5705 2630 5767 correptam
2661 5695 2942 5762 feminina,
2985 5696 3297 5762 masculina,
3327 5706 3381 5752 et
3419 5706 3642 5763 neutra,
3669 5701 3722 5750 et
3761 5703 3764 5708 '
