3950 6192
173 294 259 350 637
971 289 1364 349 EXCERPTIO
1399 289 1487 346 DE
1523 287 1711 345 ARTE
1747 285 2202 346 GRAMMATICA
2239 285 2598 346 PRISCIANI.
2633 349 2636 352 _

3301 294 3406 354 638

170 402 462 463 communia
493 401 682 458 Caeca
709 400 822 456 sive
842 399 1054 467 Latina,
1083 411 1144 462 ιιι
1170 401 1254 455 hic
1277 416 1426 471 puer,
1454 400 1538 455 hic
1558 409 1725 470 pater,
1754 401 1803 460 Α
1833 397 1903 455 Ut
1922 397 2159 454 breviter
2182 397 2343 468 igitur
2370 412 2530 467 supra
2556 397 2752 456 dictam
2779 397 3093 470 colligamus
3121 401 3362 473 regulam
3389 421 3403 459 :

169 495 240 550 hic
265 491 584 556 Alexander,
615 489 920 555 Menander,
955 491 1064 546 [uec
1089 501 1277 557 mater,
1303 491 1400 545 hoc
1439 490 1606 555 tuber,
1650 489 1734 543 hic

171 593 215 637 et
239 583 342 634 lure
367 596 592 648 pauper.
623 579 678 632 in
710 594 767 632 er
791 577 1106 648 productam
1131 578 1318 634 Grazca
1359 579 1652 634 masculina
1681 587 1736 633 et

171 689 314 726 unum
342 671 600 724 Latinum
621 709 637 734 ,
681 669 765 728 vel
807 670 978 740 magis
1004 671 1261 734 nothum,
1291 670 1466 725 neutri
1497 669 1734 740 generis,

173 764 239 816 hic
266 762 432 815 Hiber
468 760 672 824 Hiberi,
703 775 800 831 pro
826 759 1115 830 Hispanus,
1161 768 1216 815 et
1254 759 1322 814 ab
1361 774 1426 814 eo
1467 758 1734 828 composi-

173 865 289 916 tum,
317 851 578 916 Celtiber;
607 849 771 902 [iiber
797 857 975 902 tamen
1003 847 1217 903 Hiberis
1240 849 1491 912 dicimus,
1521 847 1734 917 quando

173 945 225 998 de
251 944 330 995 illa
361 949 530 1012 gente
556 940 824 1010 loquimur
849 953 970 1008 qum
996 945 1079 993 est
1106 937 1260 1004 juxta
1295 938 1612 1002 Armenios;
1652 937 1735 989 hic

173 1051 263 1096 aer,
302 1035 462 1096 aeris,
500 1031 598 1083 hoc
645 1045 750 1095 ver,
796 1030 949 1083 veris.
995 1027 1190 1081 Ether
1223 1042 1436 1097 quoque
1482 1025 1735 1096 Virgilius

174 1125 217 1177 in
246 1141 327 1178 vni
358 1122 594 1191 corripit
620 1138 634 1175 :

248 1236 465 1297 Namque
490 1234 746 1296 improviso
772 1233 989 1282 vibratus
1011 1231 1072 1282 ab
1096 1231 1283 1281 aethere
1305 1227 1465 1291 fulgor

251 1298 357 1345 Cum
383 1299 548 1344 sonitu
578 1302 730 1355 venit,
765 1303 817 1344 et
837 1307 990 1344 ruere
1007 1297 1166 1343 omnia
1192 1305 1303 1341 vasa
1337 1297 1569 1354 repente;

174 1402 398 1471 quamvis
437 1401 523 1456 vel
556 1401 720 1471 aliqui
762 1402 852 1456 alii
897 1401 1234 1472 grammatici
1281 1400 1384 1456 hoc
1416 1399 1734 1471 productum

177 1509 272 1547 esse
295 1479 504 1547 dicunt.
543 1493 600 1547 ln
637 1493 685 1545 ir
713 1501 1015 1562 correptam
1045 1492 1340 1547 masculina
1375 1499 1534 1553 sunt,
1568 1500 1624 1543 ut
1652 1487 1735 1542 hic

181 1586 255 1648 air,
281 1584 430 1647 lerir,
469 1592 523 1638 et
546 1598 612 1638 ex
641 1585 716 1636 rir
741 1585 1056 1653 composita,
1100 1592 1159 1636 ut
1183 1583 1444 1646 duumvir,
1474 1580 1732 1644 triumvir,

189 1681 290 1738 .-te.;
319 1682 374 1726 et
408 1689 575 1726 unum
605 1673 799 1741 gentile
838 1673 1190 1727 masculinum
1217 1681 1276 1725 ut
1314 1672 1397 1725 hic
1439 1669 1638 1733 Trevir,
1680 1677 1734 1722 et

176 1764 296 1818 aliud
320 1763 660 1826 fcinininum,
676 1771 734 1816 ut
752 1764 862 1816 hare
876 1760 1099 1827 Caddir,
1117 1763 1388 1826 Caddiris,
1405 1761 1456 1815 id
1480 1770 1584 1825 est,
1601 1759 1736 1813 Tar-

177 1872 391 1920 cessum,
427 1856 695 1925 Hispaniae
724 1856 936 1920 civitas,
968 1871 1128 1924 quam
1158 1870 1301 1908 nunc
1332 1853 1500 1924 Tyrii,
1531 1859 1735 1906 mutato

177 1948 395 2010 nomine,
437 1945 641 1999 Caddir
668 1945 904 2010 habent;
948 1961 1110 1998 unum
1154 1953 1404 1999 neutrum
1445 1942 1734 1996 indeclina-

176 2039 283 2101 bile,
310 2048 369 2092 ut
393 2039 489 2091 hoc
513 2039 579 2102 ir,
613 2037 754 2108 quod
785 2037 954 2093 Graeci
981 2039 1128 2112 θήναρ
1155 2036 1368 2100 dicunt;
1399 2034 1613 2104 quidam
1641 2031 1736 2087 ad-

175 2128 388 2181 dunthic
414 2126 656 2191 abaddir,
683 2128 708 2182 ὁ
724 2127 955 2198 pernicie,
975 2126 1131 2196 hujus
1153 2125 1446 2190 abaddiris,
1469 2125 1618 2180 idest
1640 2139 1736 2180 no-

174 2233 278 2272 men
331 2217 524 2287 lapidis
570 2231 730 2287 quem
783 2233 879 2286 pro
927 2215 1058 2272 Jove
1114 2216 1390 2271 devoravit
1447 2215 1732 2282 Saturnus,

174 2308 405 2380 btturquc
442 2310 601 2363 deum
631 2324 748 2363 esse
776 2309 1065 2363 ﬁnxerunt.
1097 2309 1152 2362 in
1190 2326 1250 2360 or
1280 2315 1581 2376 correptam
1617 2322 1734 2362 ma-

173 2401 393 2464 sculina,
445 2399 736 2463 feminina,
786 2408 841 2452 et
888 2409 1098 2464 neutra,
1147 2409 1201 2453 et
1243 2397 1573 2459 communia,
1625 2405 1734 2450 lam

174 2487 339 2543 Gneca
383 2503 547 2558 quam
588 2487 777 2542 Latina
805 2487 1171 2552 inveniuntur,
1203 2495 1262 2540 ut
1288 2486 1370 2539 hic
1411 2485 1624 2550 Nestor,
1651 2485 1736 2538 hic

175 2588 351 2640 orator,
400 2576 513 2629 here
555 2592 708 2640 uxor,
755 2577 851 2628 hoc
899 2592 1094 2644 arguor,
1148 2577 1232 2629 hic
1277 2584 1332 2630 et
1379 2575 1490 2628 haec
1534 2583 1589 2630 et
1639 2576 1736 2629 hoc

176 2675 356 2717 auctor.
392 2664 501 2718 Sed
526 2673 582 2719 et
609 2665 710 2719 hoc
736 2667 1026 2720 notandum
1054 2675 1136 2721 est
1163 2667 1303 2735 quod
1335 2667 1386 2720 in
1418 2666 1519 2720 hac
1553 2667 1739 2721 termi-

177 2755 393 2818 natione,
426 2755 470 2808 si
504 2755 614 2809 sint
640 2755 830 2810 Latina
857 2755 1074 2811 nomina
1103 2756 1381 2812 masculini
1412 2757 1626 2826 generis
1652 2756 1734 2810 vel

179 2846 398 2898 feminini
424 2855 519 2898 aut
543 2847 864 2910 communis,
890 2864 919 2899 0
947 2847 1262 2915 productam
1294 2846 1492 2901 habent
1520 2847 1573 2900 in
1601 2846 1738 2900 obli-

176 2935 280 3002 quis
326 2935 574 2998 casibus,
621 2945 681 2988 ut
727 2935 811 2989 hic
850 2935 1052 3000 doctor,
1097 2936 1373 3002 salinator,
1426 2937 1537 2990 hcce
1581 2952 1735 3002 uxor,

177 3041 325 3089 soror,
367 3025 448 3077 hic
480 3034 536 3079 et
561 3025 671 3079 Ita-c
706 3035 907 3091 auctor,
951 3026 1142 3095 pallor,
1183 3028 1370 3097 pudor,
1410 3044 1586 3082 macor
1623 3028 1737 3082 sive

1834 487 1890 543 in
1941 503 2003 542 or
2049 487 2346 543 desinentia
2392 495 2577 541 neutra
2627 496 2683 542 et
2724 485 2946 554 Graeca,
2987 497 3042 544 et
3077 504 3407 561 quzecunque

1834 576 2142 633 derivantur
2164 575 2247 630 vel
2267 586 2660 647 componuntur
2685 593 2716 631 a
2745 579 3035 648 primitivis
3059 581 3409 650 penultimant

1834 665 2265 735 corripientibus,
2303 680 2364 720 ea
2405 673 2461 719 et
2505 665 2558 720 in
2586 665 2816 736 obliquis
2843 669 3137 738 corripiunt
3178 669 3411 740 penulti-

1834 768 1998 807 mam.
2039 751 2242 808 Caetera
2273 769 2401 808 vero
2445 754 2766 824 producunt,
2807 757 3062 826 exceptis,
3096 774 3210 823 cor,
3264 757 3406 826 quod

1833 846 2060 900 assumit
2087 846 2144 910 ιι,
2173 861 2238 900 ac
2273 861 2370 900 sua
2394 861 2450 900 se
2478 846 2744 916 positione
2777 847 2832 901 in
2859 849 3097 919 genitivo
3128 848 3404 919 producit;

1833 944 1891 992 et
1911 939 2063 1002 ador,
2094 935 2246 1006 cujus
2272 936 2622 991 derivativum
2650 937 2906 1007 Virgilius
2933 939 2987 992 in
3016 953 3090 993 vn
3122 939 3424 1009 producit;

2049 1081 2068 1110 ,ί
2100 1084 2114 1098 .
2153 1084 2165 1096 .
2202 1079 2217 1095 .
2253 1047 2312 1096 Et
2336 1048 2512 1110 adorea
2533 1047 2631 1098 liba
2657 1062 2747 1110 per
2767 1049 2972 1101 herbam

2051 1109 2326 1170 Subjiciuut
2349 1109 2525 1172 epulis.
2565 1144 2578 1158 .
2616 1146 2628 1158 .
2660 1109 2682 1159 7.
2720 1147 2734 1160 .

1833 1213 1893 1268 in
1919 1229 1985 1266 ur
2011 1221 2313 1282 correptam
2337 1211 2527 1268 Latina
2551 1213 2846 1269 masculina
2877 1214 3150 1280 desinunt,
3185 1225 3239 1270 et
3265 1231 3414 1272 com-

1836 1303 2018 1357 munia
2053 1311 2108 1356 ct
2139 1312 2350 1367 neutra,
2383 1311 2440 1356 ut
2469 1303 2552 1356 hic
2574 1313 2744 1368 satur,
2785 1303 2870 1357 hic
2890 1313 3081 1369 turtur,
3106 1305 3189 1357 hic
3210 1313 3266 1359 et
3302 1307 3413 1358 hrrc

1835 1409 2022 1462 augur,
2051 1393 2148 1446 hoc
2185 1392 2344 1457 tibur,
2373 1407 2471 1446 nec
2499 1408 2604 1446 non
2634 1401 2688 1447 et
2715 1393 2800 1447 illa
2835 1409 2954 1462 qua:
2995 1410 3092 1464 pro
3120 1411 3153 1447 u
3176 1411 3205 1447 o
3235 1409 3415 1448 corre—

1834 1491 1984 1552 ptam
2013 1483 2213 1537 habent
2240 1496 2336 1552 per
2362 1482 2607 1552 obliquos
2635 1499 2816 1549 casus,
2846 1493 2904 1537 ut
2929 1485 3026 1537 hoc
3061 1485 3239 1550 robur,
3269 1487 3416 1538 robo-

1836 1575 1932 1638 ris,
1958 1572 2083 1626 ebur
2110 1572 2298 1636 eboris,
2339 1572 2507 1642 femur
2528 1573 2762 1642 femoris,
2795 1583 2850 1628 et
2881 1574 3036 1644 jecur
3069 1573 3286 1643 jecoris,
3329 1575 3414 1628 vel

1828 1662 2103 1732 jecinoris,
2130 1663 2396 1733 genitivus
2418 1661 2628 1717 videtur
2667 1678 2697 1716 a
2738 1650 3070 1717 nominativo
3089 1663 3300 1732 jocinus
3326 1679 3416 1717 ve.

1765 1751 1810 1812 B
1836 1755 1975 1820 nire,
2007 1755 2098 1825 qui
2129 1753 2184 1808 in
2212 1769 2310 1809 usu
2338 1769 2443 1808 non
2469 1762 2573 1809 est.
2611 1754 2671 1808 in
2706 1770 2772 1808 ur
2797 1755 3114 1823 productam
3139 1769 3303 1809 unum
3337 1753 3413 1808 in-

1834 1845 2049 1899 venitur
2077 1858 2360 1900 commune
2399 1843 2562 1899 duum
2594 1859 2873 1914 generum,
2922 1845 3008 1899 hic
3051 1855 3108 1900 et
3149 1844 3261 1899 hazc
3303 1844 3410 1913 fur,

1834 1935 1992 2004 hujus
2018 1934 2172 2003 furis.
2205 1933 2262 1988 in
2289 1951 2348 1988 as
2371 1943 2676 2004 correptam
2700 1933 2887 1990 Graaca
2917 1935 3195 1990 masculini
3231 1934 3312 1989 vel
3340 1933 3415 1990 fc-

1835 2027 2023 2082 minini
2049 2026 2281 2098 generis,
2307 2026 2392 2082 vel
2418 2026 2595 2081 neutri
2622 2025 2707 2080 vel
2741 2027 3076 2092 communis;
3110 2027 3194 2080 hic
3223 2025 3412 2092 Arcas,

1835 2117 2129 2188 proprium,
2166 2117 2323 2186 hujus
2349 2115 2604 2180 Arcadis;
2644 2115 2755 2170 hare
2778 2112 2982 2180 Pallas,
3008 2114 3277 2180 Palladis;
3316 2115 3414 2168 hoc

1836 2206 2016 2273 Ceras,
2043 2207 2316 2277 proprium
2357 2206 2484 2272 loci,
2524 2206 2681 2276 hujus
2705 2203 2953 2270 Ceradis;
2984 2205 3067 2259 hic
3091 2213 3147 2260 et
3183 2205 3295 2259 Iure
3331 2220 3416 2257 ar-

1835 2316 1944 2364 cas,
1975 2298 2194 2370 gentile,
2234 2298 2393 2368 hujus
2434 2297 2662 2351 arcadis.
2705 2296 2761 2350 ln
2789 2313 2848 2350 as
2883 2296 3198 2365 productam
3227 2294 3414 2350 Graeca

1835 2399 1891 2444 et
1910 2389 2102 2443 Latina
2134 2386 2440 2452 masculini,
2467 2387 2551 2442 vel
2579 2386 2846 2458 feminini,
2869 2385 2953 2442 vel
2977 2385 3153 2440 neutri
3178 2384 3412 2454 generis,

1835 2479 1921 2536 vel
1944 2479 2264 2546 communis,
2290 2487 2350 2533 ut
2372 2479 2456 2533 hic
2487 2478 2712 2544 lineas,
2742 2480 2827 2533 hic
2850 2477 3130 2542 lacessas,
3156 2478 3268 2532 luet:
3292 2477 3416 2531 ciri-

1834 2580 1938 2635 tas,
1977 2571 2075 2624 hoc
2115 2586 2222 2636 eas,
2265 2569 2426 2635 ossis,
2463 2569 2547 2623 hic
2585 2586 2699 2634 vas,
2740 2569 2884 2624 vadis
2909 2569 3074 2640 (quod
3103 2569 3157 2623 in
3183 2567 3414 2638 obliquis

1837 2659 2173 2731 corripitur),
2197 2660 2281 2713 hic
2307 2676 2420 2714 mas
2445 2660 2630 2724 maris,
2652 2669 2701 2715 ct
2723 2660 2820 2714 hoc
2839 2660 2943 2729 fas,
2973 2659 3141 2729 nefas,
3164 2667 3222 2714 et
3248 2659 3331 2713 hic
3357 2669 3416 2714 et

1836 2750 1948 2803 ha'c
1986 2755 2043 2803 et
2084 2749 2181 2802 hoc
2225 2764 2390 2818 nugas
2417 2748 2562 2820 (sic),
2603 2749 3032 2815 indeclinabilia;
3072 2749 3158 2803 hic
3203 2756 3258 2805 et
3301 2749 3414 2803 lucc

1838 2841 2091 2913 Capenas,
2133 2839 2433 2913 Capenatis,
2473 2845 2669 2914 primas
2707 2845 2980 2915 primatis,
3025 2846 3244 2916 optimas
3283 2845 3420 2914 opti-

1837 2933 2012 2998 matis,
2034 2932 2276 3002 Arpinas,
2301 2931 2577 2999 Crotonas,
2603 2931 2837 2999 Pontias,
2861 2934 3120 3001 Larinas;
3146 2950 3268 3004 qua:
3294 2935 3416 2990 ideo

1840 3021 2241 3078 circumﬂexum
2268 3023 2468 3078 habent
2505 3025 2558 3078 in
2586 3024 2767 3079 ultima
2795 3035 3079 3080 accentum
3097 3066 3112 3092 ,
3143 3025 3266 3096 quia
3290 3040 3417 3095 per-

178 3132 383 3180 marcor,
431 3118 484 3171 id
526 3127 610 3171 est
647 3117 866 3182 macies,
902 3092 1058 3187 hujus
1098 3092 1347 3184 doctoris,
1394 3122 1594 3186 uxoris,
1637 3137 1737 3173 au-
1766 3092 1811 3156 ε
1840 3112 1980 3167 lecta
2003 3127 2190 3167 eorum
2221 3114 2362 3181 apud
2404 3113 2656 3183 antiquos
2696 3112 2912 3168 fuerunt
2953 3115 3037 3168 hic
3073 3123 3130 3170 et
3160 3092 3417 3170 λινε-Δγ-

179 3205 348 3270 cteris,
389 3206 666 3259 marcoris.
710 3205 840 3272 Quae
871 3221 999 3261 vero
1027 3207 1136 3261 oin
1164 3208 1182 3259 i
1207 3215 1424 3262 vertunt
1459 3209 1512 3263 in
1554 3209 1741 3278 penul-

182 3294 314 3357 tinia,
340 3295 726 3364 corripiuntur,
755 3304 815 3349 ut
839 3296 923 3350 hic
951 3297 1097 3361 ordo,
1123 3299 1342 3364 ordinis,
1365 3301 1602 3369 exceptis
1633 3299 1736 3367 his,

181 3384 254 3437 hic
272 3395 322 3440 et
353 3387 463 3439 hac
485 3387 658 3442 ethoc
684 3403 900 3452 memor,
938 3387 1226 3454 immemor,
1272 3391 1430 3460 hujus
1471 3392 1736 3458 memoris,

181 3475 496 3541 immemoris,
537 3492 657 3547 quae
689 3493 719 3532 a
759 3479 924 3533 verbo
958 3495 1185 3532 memoro
1217 3489 1340 3534 nata
1368 3490 1524 3544 sunt,
1558 3490 1613 3536 et
1647 3495 1740 3552 pe-

184 3563 440 3620 nultimam
466 3565 587 3634 ejus
615 3567 875 3638 syllabam
910 3577 1159 3635 servant;
1204 3578 1261 3625 et
1298 3570 1382 3623 hic
1419 3579 1475 3625 et
1510 3570 1622 3625 htec
1657 3572 1739 3626 in-

183 3655 334 3722 decor,
369 3659 651 3712 indecoris.
692 3658 947 3732 Virgilius
977 3660 1032 3714 in
1066 3677 1121 3715 ιι
1153 3679 1168 3716 :

288 3767 387 3816 Non
411 3777 576 3817 tamen
601 3769 882 3820 indecorem
908 3782 990 3821 tua
1009 3776 1061 3822 te
1083 3773 1256 3835 regina
1280 3772 1543 3838 relinquit;

185 3868 315 3938 cujus
337 3871 500 3924 etiam
536 3871 786 3940 simplex,
814 3872 867 3928 id
895 3881 978 3928 est
1012 3873 1182 3939 decor,
1212 3875 1443 3941 decoris,
1480 3877 1622 3947 apud
1649 3891 1740 3932 ve-

187 3968 307 4014 teres
335 3962 646 4031 corripitur,
684 3964 898 4032 quando
927 3979 1024 4034 pro
1062 3965 1301 4031 decorus,
1336 3967 1550 4031 decora,
1589 3969 1742 4023 deco-

189 4067 281 4104 rum
309 4055 595 4124 accipitur,
628 4070 747 4124 quae
771 4056 894 4125 quia
914 4097 929 4120 ,
965 4057 1031 4111 ab
1057 4072 1121 4111 eo
1147 4058 1289 4128 quod
1323 4066 1406 4113 est
1438 4058 1613 4125 decus,
1652 4058 1741 4113 de-

187 4144 318 4209 coris,
349 4145 592 4199 derivata
621 4153 747 4200 sunt
781 4134 863 4200 vel
900 4148 1214 4216 composita,
1259 4149 1402 4204 illius
1431 4149 1742 4204 declinatio-

190 4247 287 4285 nem
314 4244 562 4300 servant;
592 4236 733 4290 sicut
757 4251 787 4290 a
817 4252 1028 4306 corpore
1049 4254 1262 4309 quoque
1285 4239 1600 4309 composita,
1625 4237 1741 4307 ejus

189 4323 574 4380 declinationem
609 4336 846 4392 servant,
878 4336 936 4382 ut
975 4329 1229 4399 bicorpor,
1265 4331 1541 4402 tricorpor,
1573 4331 1741 4386 bicor-

186 4413 321 4476 poris,
351 4415 677 4483 tricorporis.
715 4413 964 4484 Virgilius
992 4417 1046 4470 in
1073 4434 1124 4472 vi
1153 4435 1166 4472 2
1255 4428 1258 4430 ’

284 4527 554 4592 Delphines
578 4533 849 4593 sspriaaque
869 4532 1237 4595 (Harpyiseque)
1259 4540 1310 4583 et
1333 4533 1478 4582 forma
1505 4535 1674 4586 tricor-

1221 4595 1372 4655 [poris
1391 4598 1574 4646 umbra
1592 4609 1610 4659 ;

185 4692 273 4746 lure
291 4696 445 4750 arbor
472 4712 686 4766 quoque
713 4698 934 4764 arboris,
969 4697 1111 4768 quod
1138 4714 1168 4752 a
1196 4699 1389 4753 robore
1413 4699 1732 4768 derivatum,

186 4781 300 4838 illius
338 4785 756 4842 declinationem
795 4803 1052 4852 servans,
1086 4789 1347 4859 corripuit
1383 4790 1734 4858 penultimam

184 4877 396 4940 genitivi.
440 4877 512 4931 Et
544 4895 576 4931 a
610 4895 770 4948 puero
800 4879 1092 4948 composita
1122 4879 1501 4949 corripiuntur,
1536 4889 1598 4935 ut
1624 4879 1735 4934 Pu-

182 4968 345 5035 plipor,
392 4969 680 5040 Μαι-τῖμον,
723 4968 1041 5041 Pupliporis,
1083 4969 1415 5041 Marciporis.
1448 4971 1524 5026 ita
1566 4971 1733 5037 enim,

184 5052 333 5111 l’robo
376 5067 536 5122 teste,
583 5058 834 5114 dicebant
879 5059 1082 5129 antiqui
1130 5075 1228 5128 pro
1273 5057 1449 5130 Puplii
1489 5077 1636 5130 puer,
1683 5069 1738 5116 et

185 5141 330 5200 Mani
362 5166 512 5218 puer.
556 5148 755 5204 Neutra
787 5167 1000 5220 quoque
1038 5159 1094 5205 et
1121 5150 1306 5206 Grteca
1345 5152 1524 5206 omnia
1557 5169 1738 5208 corre-

180 5242 307 5300 ptam
334 5254 362 5290 ο
400 5240 605 5294 habent
649 5241 701 5294 in
733 5241 963 5310 obliquis
988 5242 1224 5306 casibus,
1261 5253 1320 5295 ut
1364 5243 1460 5296 hoc
1485 5261 1734 5310 marmor,

180 5340 361 5391 a'quor,
407 5331 718 5394 marmoris,
766 5333 1022 5400 a'quoris,
1069 5333 1154 5386 hic
1199 5331 1415 5398 Hector,
1460 5334 1732 5402 Hectoris,

178 5424 324 5478 actor,
352 5419 569 5482 actoris,
597 5420 812 5488 quando
840 5429 924 5475 est
947 5437 1138 5476 nomen
1167 5423 1440 5491 proprium
1463 5423 1730 5480 Graecum.

181 5499 415 5573 Virgilius
447 5525 462 5559 :

283 5617 474 5668 Actoris
496 5622 692 5671 aurunni
720 5621 925 5684 spolium
947 5631 1237 5685 quassatque
1261 5629 1582 5674 trementem.

1764 4431 1816 4492 D

1836 3203 2050 3272 pinatis,
2085 3202 2344 3271 primatis.
2386 3202 2443 3256 in
2472 3219 2526 3258 es
2548 3211 2848 3274 correptam
2879 3203 3067 3258 Latina
3096 3203 3412 3268 masculina,

1839 3293 1924 3348 vel
1949 3293 2230 3357 leminina,
2258 3292 2344 3347 vel
2372 3295 2677 3349 communia
2713 3295 2873 3349 duum
2920 3296 3006 3351 vel
3053 3296 3215 3350 trium
3253 3310 3419 3365 gene-

1839 3400 1982 3451 rum,
2021 3386 2140 3440 hzec
2169 3385 2378 3441 duobus
2425 3387 2597 3442 modis
2629 3385 2814 3442 brevia
2859 3401 2980 3443 esse
3024 3387 3412 3458 intelliguntur,

1839 3491 1962 3530 cum
1987 3485 2080 3530 aut
2104 3493 2132 3530 e
2160 3486 2463 3546 correptam
2490 3477 2543 3531 in
2569 3477 2586 3530 i
2612 3478 2939 3532 mutaverint
2964 3479 3019 3532 iu
3043 3479 3298 3549 genitivo,
3321 3490 3408 3535 ut:

1837 3565 1922 3620 hic
1949 3566 2118 3633 miles,
2155 3567 2356 3631 militis,
2380 3577 2570 3621 trames
2589 3568 2836 3632 tramitis,
2876 3569 2959 3621 hic
2983 3577 3037 3622 et
3065 3569 3176 3623 hazc
3215 3586 3412 3639 sospes,

1841 3658 2063 3728 sospitis,
2089 3657 2241 3727 pedes
2267 3657 2476 3727 peditis,
2504 3673 2656 3730 eques
2685 3660 2890 3728 equitis,
2919 3666 2976 3712 et
2998 3659 3082 3712 hic
3101 3667 3157 3714 et
3187 3660 3296 3715 hinc
3323 3677 3417 3714 su-

1837 3757 2050 3820 perstes,
2086 3750 2396 3820 superstitis,
2435 3757 2526 3803 aut
2557 3765 2585 3803 e
2623 3749 2974 3819 penultimam
3004 3761 3308 3821 correptam
3356 3752 3410 3807 in

1838 3839 2072 3910 genitivo
2098 3839 2400 3904 habuerint,
2435 3847 2494 3894 ut
2516 3840 2628 3894 hazc
2657 3856 2820 3910 seges,
2862 3841 3066 3910 segetis,
3102 3842 3213 3896 hac
3249 3851 3411 3912 teges,

1837 3932 2034 4000 tegetis,
2057 3929 2140 3984 hic
2161 3940 2215 3986 et
2238 3931 2348 3985 lucc
2370 3941 2424 3986 et
2458 3932 2554 3986 hoc
2591 3947 2812 4001 prmpes,
2833 3934 3106 4002 praepetis;
3148 3943 3204 3988 et
3229 3950 3350 4003 quae
3378 3951 3410 3991 ι

1840 4018 2019 4074 verbis
2049 4019 2375 4084 derivantur,
2407 4027 2466 4072 ut
2493 4035 2524 4073 a
2555 4027 2688 4084 tcro,
2724 4021 2870 4086 teris,
2898 4020 2982 4073 hic
3008 4030 3064 4074 et
3085 4022 3196 4076 hwc
3224 4033 3282 4078 et
3312 4023 3410 4078 hoc

1837 4119 1994 4172 teres,
2030 4110 2233 4173 teretis;
2275 4108 2447 4163 habeo
2477 4108 2665 4176 habes,
2689 4109 2771 4162 hic
2799 4117 2854 4163 et
2887 4110 2999 4162 hac
3023 4117 3078 4165 et
3112 4111 3209 4164 hoc
3235 4111 3406 4176 hebes,

1839 4197 2061 4262 hebetis;
2090 4197 2328 4267 indigeo,
2355 4197 2438 4250 hic
2458 4206 2512 4251 et
2536 4197 2646 4251 luet:
2676 4205 2731 4252 ct
2755 4199 2850 4251 hoc
2883 4198 3102 4267 indiges,
3136 4200 3410 4270 indigetis;

1840 4289 2063 4358 impcto,
2097 4290 2256 4358 impes
2298 4289 2518 4357 impetit.
2567 4289 2916 4359 lnterpretor,
2963 4291 3214 4361 interpres
3250 4293 3411 4346 inter-

1840 4379 2018 4449 pretis.
2065 4377 2122 4431 lu
2168 4393 2222 4432 es
2261 4377 2574 4446 productam
2621 4385 2728 4432 tam
2763 4376 2972 4444 (ἂι-ω,
3016 4394 3181 4449 quam
3219 4381 3409 4437 Latina

1841 4469 2122 4525 masculini
2155 4469 2384 4541 generis,
2417 4468 2502 4523 vel
2541 4468 2810 4532 feminini,
2850 4469 2934 4526 vel
2960 4473 3295 4538 communis;
3327 4475 3413 4528 hic

1839 4559 2107 4623 Anchises,
2147 4557 2229 4610 hic
2270 4555 2604 4626 Ermogenes,
2646 4559 2729 4611 hic
2769 4557 3033 4626 Chremes,
3072 4561 3158 4616 hic
3193 4560 3411 4626 Verres;

1840 4647 1936 4704 sed
1976 4647 2162 4701 Latina
2201 4645 2440 4716 quinque
2485 4646 2656 4700 modis
2696 4648 2954 4715 producta
2982 4664 3104 4706 esse
3132 4651 3412 4714 inveniunv

1841 4747 1946 4804 tur,
1976 4739 2029 4794 id
2057 4747 2156 4803 est,
2190 4754 2313 4794 cum
2343 4747 2436 4793 aut
2474 4740 2692 4796 nomina
2719 4739 2919 4797 iuerint
2948 4743 3148 4812 quintae
3175 4745 3410 4800 declina-

1840 4828 2020 4893 tionis,
2057 4839 2116 4884 ut
2158 4829 2242 4884 hic
2270 4829 2356 4884 vel
2391 4830 2502 4884 hcce
2541 4831 2673 4898 dies,
2714 4831 2850 4898 diei;
2893 4843 2987 4888 aut
3023 4850 3144 4889 cum
3189 4837 3408 4891 totidem

1837 4920 2070 4990 syllabas
2099 4922 2369 4992 genitivus
2408 4923 2658 4980 habuerit
2697 4937 2831 4994 quot
2856 4935 2910 4981 et
2934 4929 3321 4993 nominativus,
3353 4939 3413 4984 ut

1835 5011 1920 5065 hic
1958 5019 2014 5066 et
2051 5013 2162 5065 ha'c
2199 5013 2390 5084 proles,
2433 5015 2616 5084 prolis,
2659 5017 2826 5070 cwdcs
2847 5020 3028 5083 credis,
3049 5019 3162 5072 ha‘a
3177 5029 3411 5088 strages;

1837 5110 1931 5154 aut
1954 5116 2074 5155 cum
2102 5102 2156 5156 in
2182 5103 2418 5172 genitivo
2442 5114 2747 5162 crescentes
2769 5108 3084 5177 productam
3104 5125 3132 5160 e
3152 5109 3206 5163 in
3233 5110 3409 5164 medio

1838 5189 2144 5256 habuerint,
2166 5201 2227 5245 ut
2249 5193 2359 5245 haec
2380 5209 2591 5260 merces,
2616 5197 2885 5260 mercedis,
2911 5197 2994 5249 hic
3014 5205 3069 5250 et
3087 5200 3198 5251 ha'c
3217 5199 3406 5263 laceres,

1836 5279 2058 5333 Iiteredis
2077 5295 2095 5332 :
2117 5289 2210 5332 aut
2229 5295 2352 5334 cum
2377 5283 2739 5352 monosyllaba
2761 5285 2973 5338 nomina
2996 5285 3214 5352 fuerint,
3237 5286 3320 5342 vel
3341 5289 3410 5344 de

1838 5369 2217 5440 monosyllabis
2242 5370 2422 5436 ducta,
2452 5380 2512 5425 ut
2542 5372 2626 5425 hic
2661 5390 2770 5442 pes,
2799 5362 3039 5442 semipes,
3079 5376 3239 5446 bipes,
3277 5394 3409 5446 qua-

1833 5459 2042 5528 drupes,
2065 5461 2329 5528 cornipes;
2353 5469 2446 5514 aut
2469 5477 2587 5515 cum
2616 5462 2634 5514 i
2659 5471 2783 5516 ante
2807 5480 2861 5517 es
2888 5463 2940 5517 in
2967 5465 3073 5520 line
3101 5468 3405 5533 habuerint,

1833 5558 1890 5603 ut
1930 5549 2014 5602 hic
2044 5550 2204 5614 aries,
2242 5551 2353 5604 ha'c
2394 5552 2586 5620 paries,
2616 5552 2778 5615 abies,
2823 5554 2968 5623 quies
3006 5569 3026 5608 .°
3069 5573 3189 5626 qua:
3229 5567 3406 5616 tamen

1832 5641 2034 5705 omnia,
2074 5650 2269 5709 praeter
2295 5643 2458 5710 quies,
2489 5641 2696 5712 quietis,
2733 5655 2789 5698 et
2826 5659 2894 5701 ex
2933 5661 2999 5703 co
3027 5649 3401 5721 muqmsitunt,
