3950 6192
494 306 600 369 6⁸59

1158 307 1223 364 Β.
1259 298 1514 365 ΒΛΒΛΜ
1548 305 1767 366 MM}!!!
1802 303 2068 367 AﬂClilEl

2164 309 2466 368 uocum.
2509 307 2796 368 orsum:
2827 294 3012 368 Pstis
3047 309 3135 366 ιιι.

3629 313 3746 372 διο

493 435 554 480 ιιι
588 422 676 480 hic
705 429 762 482 et
800 426 910 481 hac
948 431 1004 481 et
1041 425 1139 480 hoc
1171 423 1392 497 inquies,
1431 423 1698 495 inquietis,
1737 425 1791 479 in
1827 423 2059 495 obliquis
2088 426 2135 487 Α
2159 423 2352 492 cruris,
2371 423 2467 495 jus
2483 422 2643 494 juris,
2673 416 2795 494 plus
2815 423 3005 494 pluris,
3035 423 3156 479 thus
3185 424 3384 491 thuris;
3409 435 3464 482 et
3487 442 3746 484 comnm-

495 513 860 584 corripiuntur
887 513 1156 582 similiter,
1183 515 1324 571 sicut
1349 529 1436 586 pes
1463 514 1628 584 pedis,
1653 519 1709 569 et
1732 527 1799 568 ex
1827 527 1891 570 eo
1919 525 2069 568 com-

493 605 686 674 posita.
715 603 968 675 Virgilius
993 621 1008 660 :

625 715 734 766 Stat
755 716 952 780 sonipes
974 706 1030 766 at‘.
1050 713 1188 766 frena
1212 714 1350 766 ferox
1370 713 1639 778 spumantia
1664 711 1865 764 mandit.

494 819 767 881 iuvenalis
795 820 850 874 in
878 827 1070 892 quarto
1098 836 1114 874 :

618 932 882 996 milites
898 933 948 984 iu
969 944 1146 994 magna
1167 930 1350 984 fastidit
1363 931 1603 994 compede
1625 931 1804 986 lassor.

492 1036 624 1091 item
651 1035 906 1106 Virgilius
939 1035 996 1092 in
1027 1033 1187 1090 tertio
1211 1033 1582 1090 Bucolicorum
1615 1048 1631 1088 :

622 1127 844 1178 Creditur
868 1127 974 1189 ipse
991 1127 1140 1185 aries,
1163 1133 1216 1174 et
1227 1123 1327 1184 jam
1347 1135 1476 1174 nunc
1493 1123 1678 1175 vellera
1699 1124 1870 1176 siccat.

493 1230 634 1284 llem
663 1229 718 1283 in
751 1227 986 1284 secundo
1007 1226 1148 1281 libro
1177 1224 1436 1281 Eneldos
1465 1242 1480 1279 :

617 1339 852 1390 Custodes
869 1335 1076 1387 suil'erre
1098 1334 1280 1398 valent,
1303 1335 1428 1384 labat
1445 1334 1602 1385 ariete
1625 1334 1819 1387 crebro.

461 1404 622 1500 lltcm
645 1439 899 1512 Virgilius
929 1441 980 1496 in
1007 1437 1204 1509 Ecloga
1233 1453 1306 1492 vn
1336 1455 1350 1491 :

622 1552 836 1616 Pupulus
855 1555 904 1600 in
921 1551 1099 1614 ﬂuviis,
1120 1549 1257 1601 abies
1277 1549 1326 1600 in
1345 1547 1589 1598 montibus
1610 1547 1740 1598 altis.

488 1653 636 1710 idem
657 1653 712 1708 in
741 1668 780 1708 ιι
807 1649 1071 1708 Eneidos
1098 1667 1114 1706 :

615 1760 884 1824 Brittium,
907 1765 1141 1822 uotaque
1165 1760 1398 1810 intexunt
1409 1757 1578 1808 aliato
1599 1763 1775 1808 cauas.

491 1865 546 1920 in
571 1865 619 1920 is
647 1867 951 1934 comptam
993 1871 1104 1918 tam
1127 1861 1316 1920 Grues
1347 1875 1510 1932 quam
1550 1861 1739 1918 Latins
1778 1861 2066 1918 masculini

491 1954 722 2025 generis,
770 1953 854 2010 vel
897 1952 1162 2020 feminini,
1196 1952 1287 2008 vel
1323 1953 1642 2020 communis,
1682 1961 1744 2008 ut
1768 1953 1854 2008 hic
1882 1952 2064 2022 Paris,

493 2043 724 2111 Paridis,
763 2043 848 2100 vel
880 2043 1052 2110 Paris,
1093 2043 1178 2098 hic
1203 2042 1371 2111 collis,
1407 2044 1567 2114 hujus
1592 2041 1762 2110 collis,
1792 2044 1905 2098 hinc
1933 2043 2070 2099 The-

489 2135 593 2200 dis,
621 2134 868 2200 Thetidis,
905 2135 1018 2190 hec
1051 2134 1243 2205 cuspis,
1272 2133 1520 2204 cuspidis,
1550 2132 1636 2187 hic
1657 2141 1716 2188 et
1751 2133 1865 2186 haec
1896 2131 2066 2200 utilis,

489 2225 648 2296 hujus
685 2223 850 2280 utilis.
880 2223 939 2279 ln
963 2225 1011 2278 is
1039 2223 1354 2294 productam
1384 2221 1570 2278 Caeca
1609 2229 1672 2279 et
1711 2221 1923 2288 latina,
1953 2237 2068 2277 ma-

489 2316 720 2382 sculina,
759 2315 847 2371 vel
889 2313 1169 2381 feminina,
1208 2314 1292 2370 vel
1334 2314 1670 2379 communia;
1719 2313 1806 2369 hic
1843 2313 2067 2386 delphis,

491 2406 769 2478 delphinis,
816 2406 901 2460 hic
944 2403 1070 2460 Aris
1109 2401 1470 2476 (proprium),
1516 2405 1678 2475 hujus
1715 2403 1912 2469 Ariuis,
1955 2403 2069 2458 hae

492 2497 696 2562 scieris,
727 2494 988 2562 solennis,
1013 2493 1098 2548 hic
1122 2493 1224 2548 Dis
1239 2494 1314 2565 (id
1342 2503 1448 2560 est,
1479 2495 1752 2564 proprium
1779 2493 2066 2565 Plutonis),

491 2587 650 2657 hujus
681 2587 838 2652 Ditis,
871 2594 928 2642 et
965 2586 1050 2640 hic
1077 2593 1133 2642 et
1174 2587 1286 2641 hac
1315 2586 1400 2642 dis
1427 2585 1868 2659 (appellativum),
1905 2587 2068 2658 hujus

489 2675 638 2742 ditis,
668 2675 780 2730 hate
815 2673 914 2742 vis,
958 2674 1121 2746 hujus
1155 2675 1252 2740 sis,
1280 2675 1365 2729 hic
1402 2675 1522 2746 glis,
1564 2674 1734 2746 gliris,
1762 2675 1848 2730 hic
1875 2683 1932 2731 et
1955 2675 2069 2731 lues

492 2767 728 2832 Samnis,
753 2765 1028 2833 Samnitis,
1052 2767 1166 2821 hlec
1191 2765 1277 2833 lis,
1305 2765 1431 2820 litis.
1449 2765 1517 2820 in
1546 2781 1606 2820 os
1629 2769 1932 2836 cbrreptam
1957 2773 2068 2822 tam

489 2858 680 2916 (lt-aea
701 2873 866 2930 quam
888 2859 1103 2926 latina,
1138 2858 1452 2926 masculina,
1477 2867 1688 2924 neutra,
1713 2857 1798 2912 vel
1822 2873 2068 2914 cominu‘

490 2955 602 3021 nia,
631 2955 717 3011 hic
753 2953 933 3022 Delos,
976 2953 1124 3010 Delei
1165 2970 1186 3010 :
1231 2963 1286 3010 et
1322 2954 1501 3010 omnia
1543 2953 1904 3024 corripiuntur
1929 2952 1984 3008 in
2009 2965 2069 3008 os

489 3043 788 3102 desinentia
831 3043 1036 3110 Grates,
1080 3055 1200 3116 quae
1224 3045 1278 3100 in
1307 3044 1545 3116 genitivo
1570 3043 1936 3115 diphthongon
1969 3043 2068 3100 ba-

2165 513 2323 570 nibus
2353 513 2462 580 his,
2491 514 2576 569 hic
2593 522 2648 569 et
2667 515 2778 569 hare
2795 529 2943 584 grus,
2963 523 3021 570 et
3039 515 3122 570 hic
3148 523 3201 569 et
3229 515 3341 570 hmo
3365 533 3476 578 sua,
3505 533 3631 588 qua:
3651 527 3745 575 ta-

2165 617 2290 658 men
2327 601 2434 659 duo
2469 604 2525 658 lu
2569 604 2802 674 obliquis
2841 605 3228 675 corripiuntur,
3266 617 3322 660 et
3366 607 3528 678 hujus
3563 610 3744 680 grais,

2161 692 2322 763 hujus
2342 695 2474 747 suis.
2501 691 2754 765 Virgilius
2779 695 2834 748 in
2866 711 2899 750 ς
2929 692 3188 749 dilucidus
3213 711 3230 750 :

2345 781 3278 848 Sirynsouimdantsignagrues...n

2163 861 2232 916 Et
2261 859 2534 929 Horatius,
2573 863 2892 919 Sermonem
2920 865 3014 920 lib.
3043 881 3114 920 tt:

2350 990 2361 1001 .
2404 990 2428 1017 ,ν
2455 987 2470 1004 .
2506 991 2520 1005 .
2555 955 2807 1017 Diseerpia
2829 955 3052 1007 ferentes

2285 1013 2504 1066 “umbra
2529 1020 2666 1080 gruis
2687 1013 2838 1080 sparsi
2863 1019 2968 1068 sale
2987 1019 3140 1068 multo
3160 1031 3255 1068 non
3271 1021 3380 1070 sine
3402 1019 3561 1074 farre.

2166 1089 2329 1149 Palus
2352 1110 2564 1168 quoque
2589 1097 2797 1166 paludis
2817 1099 3128 1170 corripitur,
3158 1108 3216 1155 ut
3237 1101 3527 1173 Virgilius:

2293 1221 2307 1235 .
2349 1221 2362 1234 .
2401 1223 2412 1234 .
2449 1219 2467 1238 .
2500 1189 2796 1252 Sterilisque
2815 1190 2895 1240 diu
2923 1189 3079 1253 palus,
3103 1197 3310 1253 aptaque
3344 1193 3511 1242 remis.

2160 1263 2218 1320 ln
2252 1283 2311 1335 ys
2339 1265 2526 1324 Grates
2556 1269 2849 1326 masculina
2878 1269 2961 1326 vel
2997 1269 3251 1328 feminina
3278 1291 3293 1326 :
3319 1271 3404 1326 hic
3430 1273 3743 1342 amphibra-

2161 1359 2307 1430 chys,
2352 1359 2511 1428 huius
2542 1362 2957 1434 amphibrachys,
3001 1364 3085 1418 hic
3114 1381 3289 1434 capys,
3331 1365 3490 1436 hujus
3527 1369 3740 1437 capyis,

2162 1447 2274 1504 hmc
2324 1451 2572 1523 erinnys,
2619 1453 2868 1524 erinnyis.
2916 1454 2973 1508 In
3025 1472 3096 1510 ws
3145 1456 3510 1527 diphthongon
3563 1474 3740 1512 unum

2163 1537 2518 1594 masculinum
2553 1539 2824 1608 Latinum,
2867 1543 2950 1597 hic
2986 1559 3142 1610 pnes,
3182 1545 3340 1614 hujus
3375 1547 3590 1615 prtedis,
3637 1547 3742 1600 hoc

2165 1643 2258 1694 (rs,
2287 1627 2446 1701 hujus
2469 1632 2613 1697 atris,
2655 1630 2808 1702 cujus
2827 1633 3117 1706 plumlium
3142 1633 3340 1705 obliqui
3371 1635 3424 1688 in
3453 1650 3580 1690 raro
3606 1645 3746 1690 sunt

2167 1734 2290 1788 usu,
2331 1727 2393 1776 ut
2423 1737 2553 1787 (era,
2591 1738 2838 1788 terarum,
2882 1723 3092 1778 mribus.
3135 1723 3193 1779 In
3229 1739 3326 1779 aus
3364 1724 3742 1797 diphthongon

2164 1808 2356 1864 Latina
2384 1811 2488 1866 duo
2515 1809 2770 1867 feminina
2799 1831 2812 1866 :
2839 1812 2951 1867 haec
2978 1811 3118 1879 laus,
3161 1812 3368 1881 laudis;
3413 1815 3526 1870 hazc
3560 1816 3742 1886 fraus,

2165 1898 2388 1970 fraudis.
2426 1899 2483 1956 In
2510 1915 2602 1957 eus
2628 1901 2992 1976 diphthongon
3023 1903 3318 1960 desinentia
3361 1905 3548 1962 Grmca
3589 1920 3744 1974 sunt,

2163 2005 2228 2046 us
2255 1989 2310 2045 itt
2331 1991 2352 2044 ἰ
2372 1991 2630 2048 mutantia
2659 1992 2713 2048 in
2751 1993 3008 2064 genitivo,
3055 2003 3118 2048 ut
3143 1993 3232 2050 hic
3260 1993 3496 2061 Titheus,
3534 1995 3746 2063 Tithei;

2165 2077 2251 2133 vel
2274 2095 2364 2134 eus
2394 2079 2758 2152 diphthongon
2787 2081 2842 2136 in
2869 2099 2924 2137 es
2961 2082 3177 2154 longam
3206 2091 3443 2138 mutatur
3459 2086 3603 2154 apud
3631 2084 3742 2140 La-

2167 2169 2330 2238 tinos,
2348 2169 2709 2244 ιιιἋχιὶλιὺς,
2725 2170 2976 2240 Achilles,
3005 2177 3225 2250 Περσεὺς
3245 2173 3456 2239 Perses,
3480 2177 3743 2242 Οὒὶιξεῦς,

2167 2255 2372 2328 Ulixes,
2403 2259 2557 2330 cujus
2581 2263 2872 2334 genitivum
2899 2263 2954 2318 in
2984 2264 3032 2318 ei
3060 2263 3264 2335 profert
3305 2263 3532 2322 Ovidius
3565 2268 3620 2322 in
3649 2285 3746 2322 xiv

2166 2341 2663 2420 Metamorpltoseon
2689 2368 2704 2406 :

2286 2459 2509 2522 Neritos,
2534 2461 2786 2516 Ilsrareus
2804 2475 2970 2516 comes
2992 2468 3302 2531 experientis
3324 2466 3488 2518 Ulixei
3511 2481 3528 2530 ;

2165 2576 2232 2618 ex
2261 2577 2370 2633 quo
2391 2571 2618 2634 apparet
2644 2563 2866 2623 Latinos
2905 2582 3118 2638 quoque
3155 2577 3263 2623 tam
3293 2569 3348 2624 in
3371 2587 3461 2624 eus
3489 2586 3654 2639 quam
3685 2571 3746 2625 in

2163 2671 2218 2714 es
2241 2655 2360 2714 haec
2383 2656 2600 2715 nomina
2627 2657 2815 2714 solitos
2839 2675 2961 2715 esse
2991 2659 3252 2730 proferre.
3289 2661 3348 2716 ln
3390 2679 3488 2716 aus
3526 2677 3748 2734 quoque

2163 2744 2249 2808 vel
2286 2744 2344 2802 in
2365 2762 2480 2813 ens,
2512 2745 2600 2804 vel
2622 2747 2679 2804 in
2697 2763 2812 2814 ous,
2839 2747 2924 2804 vel
2961 2748 3014 2804 in
3041 2765 3138 2803 uua
3167 2748 3464 2806 desinentia
3497 2751 3746 2815 nomina,

2164 2847 2380 2906 semper
2423 2842 2482 2892 et
2523 2834 2580 2890 in
2630 2835 2962 2893 noininativo
3014 2837 3278 2908 positione
3329 2841 3744 2895 consonantium

2163 2925 2552 2998 producuntur,
2597 2935 2760 2997 atque
2783 2927 2910 2984 inde
2935 2927 2990 2984 in
3016 2929 3230 2984 ueteris
3253 2928 3470 2986 casibus
3507 2930 3628 2985 sive
3653 2947 3746 3001 pe-

2165 3014 2450 3072 nultimam
2501 3014 2616 3072 sive
2675 3017 3154 3087 antepenultimam
3207 3019 3474 3090 positione
3526 3035 3745 3090 semper

491 3097 873 3201 Silentii—fio;
885 3097 1535 3205 δῖ,”ἁιιῖαέό’ςοξῖ,’‹ιιιο‹ι’
1569 3097 1863 3189 sane;
1878 3097 2064 3188 ius.
2093 3097 2138 3164 ⁰
2167 3102 2712 3205 ¹⁰¹3⁸ἒ¹¹¹¹¹.¹³ῗ¹³ξ⁵⁰ίν.θ⁶
2737 3107 2919 3162 mn“
2935 3116 3070 3205 ."m
3095 3107 3308 3205 ¹⁴³ἒί¹¹³ν
3346 3110 3744 3205 ⁸8¹¹¹²ξ³⁰Ρ¹¹ί⁰ίν

490 3226 700 3296 antiqui
740 3225 1100 3298 protulerant,
1135 3225 1221 3280 hic
1266 3231 1320 3280 et
1365 3224 1477 3279 hac
1517 3237 1746 3295 compos,
1791 3224 2064 3296 compotis.

491 3317 700 3376 Seneca
741 3317 798 3373 in
828 3315 1052 3373 thedra
1079 3330 1097 3371 :
1126 3325 1360 3388 corripere
1383 3321 1538 3381 uoto;
1581 3322 1638 3371 et
1665 3321 1750 3372 est
1789 3313 2063 3370 adoniunt.

493 3407 550 3464 in
580 3423 638 3464 os
663 3408 980 3479 productam
1007 3405 1194 3462 Greeca
1221 3411 1277 3462 et
1315 3405 1511 3462 Latina
1537 3405 1842 3472 masculini,
1869 3405 1956 3460 vel
1983 3403 2067 3461 fe-

493 3497 706 3564 minini,
731 3497 822 3552 vel
843 3497 1170 3564 communis,
1198 3495 1284 3552 vel
1311 3495 1487 3552 neutri
1514 3497 1750 3568 generis,
1779 3497 1865 3550 hic
1892 3495 2067 3562 heros,

493 3586 654 3657 hujus
693 3587 884 3654 herois,
927 3587 1012 3641 hic
1039 3603 1215 3658 nepos,
1243 3586 1466 3658 nepotis,
1494 3585 1606 3641 haec
1628 3586 1744 3653 dos,
1769 3585 1928 3652 dotis,
1956 3587 2069 3640 hac

493 3691 596 3738 cos,
641 3677 788 3740 cotis,
830 3676 913 3730 hic
955 3675 1115 3748 lepos,
1155 3675 1364 3748 leporis,
1402 3693 1515 3731 mos
1542 3676 1724 3742 moris,
1764 3677 1864 3746 ﬂos
1899 3675 2066 3746 ﬂoris,

495 3777 582 3819 res
604 3764 764 3830 roris,
804 3764 888 3818 hic
912 3771 967 3820 et
995 3765 1108 3818 hac
1131 3765 1242 3830 bos,
1269 3765 1412 3820 bouis
1433 3764 1599 3836 (quod
1625 3765 1680 3819 in
1707 3764 1946 3836 genitivo
1973 3777 2070 3834 pe-

495 3852 782 3909 nultimam
803 3851 1068 3924 corripit),
1094 3855 1196 3908 hoc
1231 3869 1310 3920 os,
1343 3854 1474 3921 oris,
1501 3853 1606 3908 “his
1633 3861 1690 3909 et
1731 3853 1845 3908 hcc
1869 3861 2068 3921 custos,

495 3943 746 4010 custodis,
771 3945 856 3999 hic
877 3953 934 4000 et
957 3945 1068 4000 hort:
1094 3945 1358 4012 sacerdos,
1387 3944 1695 4012 sacerdotis,
1717 3945 1885 4015 impos
1908 3944 2073 4016 impo-

495 4037 583 4092 sls.
610 4037 672 4092 in
697 4048 764 4092 us
785 4045 1088 4108 correptam
1112 4035 1328 4103 latina,
1355 4036 1658 4102 masculini,
1683 4036 1769 4092 vel
1799 4035 2070 4104 feminini,

496 4129 584 4186 vel
603 4125 805 4196 neutri,
828 4129 914 4187 vel
936 4128 1257 4195 communis,
1285 4128 1449 4184 duum
1475 4127 1559 4184 vel
1585 4128 1750 4184 trium
1774 4142 2028 4200 generum
2053 4141 2068 4184 :

2162 3193 2252 3252 vel
2277 3193 2544 3262 feminini,
2571 3195 2658 3252 vel
2681 3199 2984 3254 communis
3014 3199 3250 3270 generis,
3286 3209 3347 3256 ut
3372 3201 3458 3256 hic
3484 3202 3744 3270 dodrans,

2164 3283 2462 3358 quadrans;
2495 3285 2608 3340 hare
2635 3285 2810 3357 glans,
2853 3285 3061 3358 glandis
3077 3306 3097 3354 ;
3117 3289 3202 3344 hic
3223 3296 3280 3345 et
3311 3291 3424 3344 haec
3453 3291 3636 3346 ethoc
3662 3293 3736 3346 iu-

2165 3373 2322 3446 {aus;
2347 3375 2432 3430 hic
2452 3375 2626 3445 ufens,
2651 3376 2764 3432 lucc
2797 3393 2964 3444 tuens,
3003 3379 3086 3433 hic
3109 3386 3166 3434 et
3203 3380 3316 3434 hac
3339 3396 3556 3451 parens,
3581 3381 3668 3436 hic
3690 3388 3746 3436 et

2165 3463 2278 3520 haec
2313 3465 2492 3522 ethoc
2527 3467 2789 3538 prudens,
2831 3469 3056 3540 sapiens,
3093 3470 3178 3526 hic
3217 3488 3388 3537 motas,
3423 3472 3539 3527 hcc
3574 3472 3744 3542 fraus,

2164 3561 2252 3616 his
2274 3569 2334 3617 et
2351 3560 2548 3620 hincet
2570 3562 2669 3620 hoc
2691 3563 2894 3630 insons,
2933 3571 2990 3620 et
3019 3580 3141 3620 sons
3167 3567 3364 3629 sontis,
3401 3566 3488 3620 hic
3527 3583 3738 3622 amns.

2167 3649 2430 3706 Similiter
2455 3659 2512 3708 et
2551 3651 2604 3707 in
2632 3669 2754 3719 ars,
2791 3654 2878 3710 vel
2900 3654 2965 3710 'ln
3005 3671 3120 3722 ars,
3161 3655 3246 3710 vel
3273 3671 3384 3723 ora,
3415 3655 3503 3711 vel
3543 3657 3600 3712 iu
3627 3673 3741 3722 urs,

2165 3742 2252 3798 vel
2283 3741 2338 3798 in
2364 3741 2469 3810 uls,
2497 3743 2841 3801 terminautia
2867 3745 3136 3816 positione
3159 3745 3313 3818 longa
3343 3753 3494 3813 sunt,
3535 3755 3594 3802 et
3615 3753 3740 3802 sunt

2166 3832 2358 3890 Latina
2387 3835 2688 3902 masculini,
2735 3835 2819 3890 vel
2847 3835 3107 3899 feminini.
3137 3835 3219 3892 vel
3245 3837 3553 3892 communis
3580 3850 3739 3906 gene—

2167 3925 2264 3991 ris,
2287 3933 2346 3981 ut
2380 3925 2463 3982 hic
2505 3925 2676 3995 Mars,
2721 3927 2832 3984 ha'c
2872 3944 2980 3995 ars,
3015 3928 3102 3983 hic
3127 3935 3180 3983 et
3217 3929 3330 3982 hmc
3368 3927 3549 3984 ethoc
3577 3930 3736 3996 iners,

2167 4013 2370 4082 inertis,
2397 4014 2481 4070 hic
2502 4011 2732 4080 Mauors,
2781 4015 2890 4070 lucc
2915 4017 3121 4082 cohors,
3143 4017 3252 4072 lucc
3279 4034 3413 4079 sors.
3444 4019 3532 4072 hic
3555 4027 3612 4074 et
3633 4020 3739 4072 hmc

2167 4113 2224 4160 et
2245 4106 2342 4160 hoc
2381 4121 2616 4174 concors,
2648 4108 2734 4162 hic
2774 4115 2829 4162 et
2860 4108 2972 4162 lucc
3016 4116 3070 4164 et
3108 4109 3204 4164 hoc
3235 4107 3444 4174 Tiburs,
3491 4109 3740 4176 Tiburtis,

496 4222 582 4275 ωε
608 4219 773 4292 Iw,
791 4190 900 4276 ’λεδ
935 4221 1074 4292 p5”,
1113 4190 1342 4287 “mat”,
1377 4219 1575 4290 iam",
1615 4190 1827 4291 digna},
1855 4221 1967 4276 [me
1996 4235 2076 4277 veg
2169 4195 2311 4264 quod
2335 4203 2512 4252 tamen
2535 4207 2590 4252 ct
2617 4195 2814 4268 gentile
2841 4190 2964 4292 est;
2989 4199 3102 4292 haec
3119 4197 3257 4292 puts,
3293 4199 3455 4292 hujus
3473 4199 3660 4271 pultis.
3683 4200 3738 4255 In

493 4325 618 4375 πη,
643 4289 758 4365 ηε
777 4289 1110 4374 ,πηλίκοι
1147 4289 1598 4380 τημε,“ηεπιηε,
1641 4289 1851 4377 πίεται,
1894 4310 1982 4365 ἡδο
2019 4318 2074 4367 ει
2167 4303 2275 4380 ems
2299 4297 2603 4380 correptam
2644 4305 2810 4346 unum
2832 4289 3171 4357 femininum,
3212 4289 3322 4348 haec
3347 4291 3536 4347 hiems.
3572 4292 3741 4364 Virgi-

495 4399 606 4452 ἠως
631 4397 813 4477 Ligur,
844 4397 1073 4469 Ligeris,
1101 4399 1188 4452 hic
1213 4377 1268 4454 et
1303 4400 1416 4454 lucc
1455 4405 1513 4454 et
1547 4399 1646 4453 hoc
1673 4408 1836 4466 ustus,
1864 4399 2064 4455 ueteris.

2169 4379 2276 4436 lius
2300 4381 2353 4436 in
2375 4395 2393 4434 ι
2416 4377 2612 4452 Georg.
2639 4397 2655 4435 :

491 4485 554 4538 in
599 4501 660 4538 us
693 4487 1008 4554 productam
1033 4485 1223 4542 Grieca
1257 4485 1553 4542 masculina
1595 4493 1742 4552 sunt,
1779 4501 1901 4556 quae
1928 4486 2070 4556 apud

499 4574 716 4630 timens
757 4577 814 4630 in
855 4576 950 4632 dos
977 4576 1173 4631 finiunt
1197 4576 1516 4648 genitivum,
1559 4577 1699 4647 apud
1726 4575 1946 4632 Latinos
1973 4577 2070 4632 dos

501 4666 554 4718 in
597 4665 680 4719 dis
724 4673 1060 4730 convertunt,
1115 4673 1176 4720 ut
1215 4665 1476 4732 Οιδίπους,
1517 4675 1609 4724 τοῦ
1651 4665 1942 4735 οἰδεποδος,
1985 4668 2071 4722 hic

499 4756 757 4828 (Edipus,
781 4757 939 4828 hujus
973 4757 1294 4828 (Edipodis;
1312 4759 1396 4812 hic
1425 4757 1737 4828 Melampus,
1763 4757 1924 4830 hujus
1961 4757 2072 4813 κει

497 4848 775 4919 lampadis.
809 4847 998 4904 Latina
1038 4861 1192 4914 vero,
1222 4863 1342 4918 qua:
1383 4848 1437 4902 in
1480 4861 1642 4916 supra
1671 4847 1870 4903 dictam
1913 4847 2072 4920 sylla~

497 4939 642 5008 bam,
675 4940 728 4996 id
753 4948 840 4997 est
863 4955 928 4996 us
951 4940 1268 5010 productum
1295 4938 1564 5003 desinunt,
1591 4937 1710 4993 sine
1733 4938 1896 4994 dubio
1923 4939 2072 4994 remi-

497 5031 624 5088 nina
655 5036 781 5087 sunt
799 5037 860 5086 et
886 5029 1060 5086 tertia
1087 5026 1483 5092 declinationis,
1521 5039 1646 5096 quae
1665 5031 1721 5080 et
1758 5025 1816 5080 in
1837 5025 2072 5096 obliquis

495 5121 851 5196 pomitimant
870 5135 906 5176 ιι
943 5118 1266 5191 producunt,
1295 5125 1356 5172 ut
1375 5117 1488 5171 lucc
1509 5115 1755 5181 seruitus,
1788 5117 2067 5186 seruitutis,

497 5222 752 5281 schema,
773 5211 1068 5276 senectutis,
1085 5209 1352 5281 juventus,
1369 5207 1682 5278 juueulutls,
1711 5204 1886 5274 tellus,
1919 5207 2072 5262 tellu-

497 5305 596 5371 ris;
613 5304 815 5360 mullum
835 5303 983 5382 enim
1004 5300 1252 5367 Latinum
1276 5295 1656 5361 masculinum,
1670 5309 1772 5351 nec
1791 5303 2067 5363 neutrum,

498 5408 600 5451 nec
615 5408 920 5460 commune,
942 5391 997 5446 in
1017 5407 1081 5446 us
1105 5389 1421 5462 productam
1449 5385 1663 5452 desinit,
1692 5385 1933 5456 exceptis
1958 5387 2068 5452 his,

494 5501 664 5542 unum
693 5487 972 5557 epicmnon
1019 5482 1150 5556 [uno
1171 5477 1461 5552 epicmno],
1493 5477 1636 5548 quod
1669 5491 1700 5532 a
1731 5477 1923 5534 Graeco
1955 5493 2071 5533 mu-

499 5575 636 5630 tavit
661 5591 695 5646 g
726 5575 782 5630 in
807 5591 843 5630 ι
873 5574 1085 5644 longam
1101 5613 1116 5638 ,
1142 5581 1205 5626 ut
1229 5571 1314 5626 hic
1339 5583 1478 5636 mus,
1503 5568 1669 5622 muris
1701 5566 1894 5640 (Graeci
1923 5568 2068 5624 enim

2291 4487 2501 4540 Humida
2521 4489 2726 4541 solstitia
2749 4498 2897 4554 atque
2920 4489 3114 4542 hiemes
3135 4497 3273 4544 orate
3293 4505 3502 4544 serenas

2168 4593 2226 4648 ln
2255 4594 2348 4650 abs
2385 4594 2604 4649 brevem
2627 4593 2814 4651 Grzeca
2844 4603 2898 4651 et
2921 4595 3113 4652 Latina
3158 4597 3453 4652 masculina
3493 4607 3554 4652 et
3589 4598 3745 4654 femi-

2169 4687 2336 4744 nina:
2369 4685 2453 4742 hic
2502 4685 2690 4753 Arabs,
2733 4688 2957 4756 Arabis;
2999 4689 3113 4745 haec
3153 4690 3315 4756 trabs,
3357 4690 3548 4746 trabis.
3593 4689 3732 4760 Virg.

2169 4777 2225 4834 in
2245 4792 2284 4832 ιι
2311 4775 2506 4844 Georg.
2534 4795 2548 4832 :

2299 4884 2528 4948 ansque
2550 4885 2720 4937 domos
2739 4885 2951 4936 Arabum
2971 4886 3222 4949 pinusque
3243 4884 3476 4939 Gelonos.

2167 4988 2227 5046 in
2248 4989 2335 5044 ebs
2363 4997 2664 5060 correptam
2705 4989 2898 5045 Latina
2920 4989 3099 5045 omnis
3135 4989 3350 5059 generis
3371 5005 3390 5044 :
3418 4988 3508 5044 hic
3538 4997 3595 5044 et
3629 4989 3734 5042 hare

2167 5088 2224 5136 et
2247 5082 2345 5136 hoc
2377 5080 2580 5148 cwlebs,
2609 5081 2768 5152 hujus
2796 5081 3008 5136 caelibis.
3033 5081 3092 5136 In
3121 5081 3208 5136 ebs
3230 5083 3553 5150 productam
3575 5094 3732 5135 unum

2165 5169 2485 5228 femininum
2527 5172 2776 5227 Latinum
2827 5171 2936 5226 hate
2979 5170 3142 5242 plebs.
3184 5169 3241 5226 In
3291 5171 3384 5226 obs
3429 5181 3730 5242 correptam

2167 5257 2427 5316 feminina
2449 5261 2640 5318 Latina
2661 5262 2773 5316 hare
2798 5261 2974 5328 scobs,
2997 5263 3186 5328 scobis,
3211 5271 3266 5318 et
3291 5264 3492 5329 scrobs,
3519 5261 3737 5322 scrobis.

2166 5350 2318 5423 Virg.
2351 5351 2404 5406 in
2433 5367 2472 5407 ιι
2497 5351 2886 5423 Georgicorum
2921 5371 2936 5408 :

2288 5461 2352 5514 Et
2369 5463 2624 5514 scrobibus
2647 5467 2900 5526 superavit
2921 5467 3052 5514 terra
3073 5463 3299 5528 repletis.

2150 5563 2226 5620 -ln
2253 5565 2344 5636 ybs
2377 5564 2594 5620 brevem
2623 5579 2789 5620 unum
2814 5562 3172 5621 masculinum
3205 5583 3220 5621 :
3248 5565 3334 5622 hic
3359 5563 3606 5638 Chalybs,
3633 5564 3732 5619 Ιιιιο

500 5673 602 5728 ut}:
645 5663 931 5736 scribunt),
973 5672 1030 5720 et
1073 5663 1284 5720 neutris
1324 5661 1430 5726 his,
1477 5660 1573 5714 hoc
1611 5672 1698 5714 rus
1763 5660 1920 5714 ruris.
1945 5675 2066 5714 crus
2158 5655 2252 5724 jus
2275 5652 2540 5727 Chalgbis.
2573 5653 2720 5726 Virg.
2742 5655 2802 5710 in
2828 5670 2846 5710 ι
2869 5655 3064 5727 Georg.
3097 5673 3113 5714 :
