3950 6192
1036 339 1424 406 EXCERPTIO
1458 339 1548 396 DE
1580 336 1771 394 ARTE
1803 328 2256 391 GRAMMATICA
2290 323 2647 387 PRISCIANI.
3370 320 3474 378 6.32

1826 451 1877 509 Α
1903 444 2028 498 licet
2052 442 2373 513 positionem
2417 455 2630 511 semper
2657 440 2925 505 habeant,
2959 447 3136 495 tamen
3168 437 3294 508 quia
3323 452 3355 491 a
3384 454 3478 492 no.

1903 550 1992 588 eeo
2017 532 2181 588 verbo
2206 547 2310 587 nox
2337 531 2553 586 venisse
2581 529 2808 594 dicitur,
2840 529 3059 583 brevem
3086 528 3208 583 inde
3235 529 3340 583 boc
3382 543 3477 582 na-

219 357 317 415 641

276 452 285 461 ’
350 468 409 517 At
433 462 673 525 Chalybes
691 458 807 509 nudi
829 456 1033 515 ferrum,
1057 457 1315 515 virosaque
1340 452 1524 503 Pontus

347 530 654 578 Castoreum.
691 558 706 570 .
740 556 753 569 .
790 554 805 568 .

218 614 279 669 In
319 610 449 668 urbs
494 619 665 663 unum
702 602 1046 664 femininum,
1095 599 1239 669 quod
1286 596 1609 666 positionem
1647 607 1801 649 suam

219 708 277 761 in
325 701 563 772 obliquis
611 703 826 757 servat.
872 695 984 748 hac
1030 692 1174 755 urbs,
1224 688 1394 744 urbis.
1440 687 1498 741 lu
1549 699 1642 755 aps
1684 697 1805 739 eor-

222 807 438 868 reptam
468 806 637 851 unum
663 788 1005 850 femininum,
1032 785 1148 839 laxe
1173 782 1328 851 daps,
1360 779 1520 849 hujus
1547 777 1717 847 dapis.
1745 774 1804 828 In

222 908 311 961 eps
335 893 647 956 correptam
671 877 952 935 masculini
983 884 1040 931 et
1062 875 1240 930 omnis
1268 871 1482 945 generis
1498 910 1514 935 ,
1537 870 1622 923 hic
1649 883 1801 921 nian-

223 958 362 1049 ceps,
392 973 692 1044 mancipis;
719 970 805 1024 hic
831 976 887 1023 et
908 968 1023 1021 haec
1055 973 1111 1020 et
1137 964 1241 1017 lioc
1268 959 1547 1032 particeps,
1584 958 1804 1028 partici-

223 1071 335 1140 pia;
362 1067 527 1136 adeps
550 1063 637 1119 vel
665 1061 865 1132 adipes,
906 1057 1098 1128 adipis,
1145 1055 1237 1125 qui
1263 1053 1319 1107 in
1348 1059 1581 1120 utroque
1606 1060 1806 1140 genere

224 1138 521 1214 invenitur.
550 1152 725 1208 Varro
743 1151 799 1206 in
818 1165 862 1204 ιι
886 1148 1087 1202 Rerum
1108 1144 1458 1205 rusticarum,
1486 1140 1664 1209 adipes
1688 1138 1803 1192 illa.

224 1250 281 1304 lu
318 1264 415 1318 aps
456 1245 778 1317 productum
816 1239 1071 1296 Latinum
1112 1234 1430 1293 femininum
1462 1246 1653 1296 unum,
1692 1230 1806 1284 lucc

228 1339 363 1410 Ops,
402 1336 566 1407 hujus
602 1332 764 1404 Opis,
804 1334 859 1391 id
896 1336 983 1386 est
1023 1334 1200 1387 mater
1236 1326 1429 1380 Deum.
1457 1322 1713 1394 Virgilius
1749 1320 1804 1375 in

225 1431 425 1500 Georg.
452 1444 507 1483 tv
536 1442 553 1481 :

354 1540 520 1601 Atque
544 1536 761 1600 Ephyre,
788 1538 940 1596 atque
962 1530 1104 1594 Opis,
1128 1538 1279 1592 atque
1296 1528 1410 1578 Asia
1433 1525 1691 1588 Deiopeis.

232 1649 296 1703 Et
320 1647 374 1701 in
408 1662 501 1715 ops
522 1644 743 1698 brevem
769 1653 934 1694 unum
962 1649 1268 1699 commune,
1297 1631 1381 1687 hic
1420 1638 1474 1685 et
1501 1631 1611 1684 lucc
1632 1636 1686 1684 et
1712 1624 1808 1682 hoc

1906 634 2024 677 tura
2055 622 2293 677 vocalem
2342 623 2544 676 habere
2579 620 2915 692 intelligitur.
2962 618 3028 673 In
3063 635 3132 673 ox
3160 619 3475 689 productam
3588 626 3597 633 '

1903 710 2147 765 feminini
2175 709 2259 764 vel
2295 709 2474 764 omnis
2514 723 2531 762 :
2562 709 2674 764 haec
2715 724 2835 773 vox,
2864 707 3025 772 vocis,
3062 707 3147 762 Inc
3187 716 3246 761 et
3280 708 3392 760 laxo
3427 717 3483 762 et

1902 803 2000 856 hoc
2026 801 2205 866 uelox,
2249 800 2434 855 velocis
2453 841 2468 866 ,
2496 800 2676 869 ferox,
2707 799 2894 869 ferocis
2914 837 2930 863 ,
2962 809 3144 863 atrox,
3177 799 3391 853 atrocis.
3422 798 3479 853 In

1903 911 1976 948 ux
1999 903 2303 964 correptam
2338 893 2568 951 barbara
2602 891 2686 953 vel
2726 891 2923 949 Latina
2954 890 3253 947 masculina
3278 890 3365 945 vel
3397 889 3480 946 fe-

1905 982 2107 1038 minina
2141 991 2198 1036 ut
2219 982 2302 1036 hic
2330 979 2487 1037 volux
2507 1021 2522 1047 ,
2551 979 2776 1046 volucis,
2814 979 2925 1034 lucc
2959 995 3090 1044 nux,
3125 980 3295 1042 nucis,
3327 996 3480 1043 crux,

1904 1051 2101 1139 crucis:
2145 1072 2229 1126 hic
2276 1071 2464 1126 cthwc
2503 1070 2635 1137 dux,
2685 1070 2856 1134 ducis,
2907 1079 3052 1135 trux,
3094 1071 3277 1127 trucis.
3318 1072 3374 1126 lu
3409 1088 3482 1127 ua:

1903 1164 2219 1234 productam
2253 1160 2633 1227 masculinum,
2666 1160 2751 1214 hic
2799 1156 2998 1223 Pollux
3031 1157 3298 1226 Pollucis;
3327 1160 3484 1217 femi-

1906 1254 2112 1317 uinum,
2137 1253 2230 1305 lux
2261 1251 2412 1309 lucis.
2441 1251 2498 1305 lu
2523 1267 2594 1321 yx
2638 1260 2944 1320 correptam
2977 1249 3162 1305 Cura-ca
3208 1259 3313 1307 tam
3342 1269 3486 1306 mas-

1906 1343 2083 1398 culina
2131 1356 2292 1411 quam
2338 1340 2593 1413 feminina
2630 1358 2643 1393 :
2675 1340 2759 1393 hic
2801 1340 3024 1410 sandyx,
3066 1341 3330 1410 sandycis,
3373 1342 3485 1395 Iuro

1907 1443 2048 1503 styx,
2069 1432 2257 1502 πνείει
2270 1430 2329 1487 lu
2350 1428 2807 1496 aex,vvelin»aux,
2835 1429 2919 1484 vel
2946 1429 2999 1483 in
3020 1427 3133 1495 alx,
3162 1429 3247 1484 vel
3276 1429 3331 1485 in
3355 1447 3485 1494 unx,

1909 1523 2207 1579 desinentia
2256 1520 2446 1576 Latina
2487 1530 2543 1575 et
2578 1519 2834 1574 feminina
2878 1529 3023 1585 sunt,
3063 1531 3119 1575 et
3151 1536 3366 1592 semper
3403 1522 3489 1576 vel

1910 1611 2237 1683 diphthongo
2257 1610 2340 1681 vel
2361 1608 2809 1683 positionelonga
2826 1618 2957 1671 sont
2976 1610 3127 1667 alueo
3151 1611 3280 1680 [ωας.
3317 1612 3485 1682 faecis,

230 1701 337 1809 ops,
365 1701 502 1808 opis,
533 1733 675 1804 quod
701 1730 971 1803 significat
992 1729 1240 1798 copiam;
1271 1741 1339 1781 ex
1373 1739 1438 1779 eo
1470 1718 1810 1793 componitbr

1916 1705 2022 1757 ltwc
2051 1703 2203 1773 faux,
2234 1703 2424 1774 faucis,
2460 1704 2570 1756 hwc
2604 1701 2741 1772 falx,
2768 1702 2944 1772 falcis,
2974 1704 3089 1758 ‘Isarc
3110 1703 3259 1771 lanx,
3297 1702 3486 1761 lancis.

436 1791 635 1881 meoet
674 1791 781 1878 hoc,
805 1822 975 1892 inops,
1025 1791 1233 1890 inopis.
1258 1791 1611 1871 Inveniuntur
1654 1818 1709 1864 et
1752 1808 1807 1863 in
1835 1792 1882 1857 Β
1909 1795 1967 1850 In
2006 1811 2126 1892 ιιιι-ὀΔ
2359 1808 2667 1892 commune,
2694 1791 2779 1851 hic
2812 1800 2865 1850 et
2898 1793 3014 1892 lucc
3053 1795 3488 1892 conjunxsquad

231 1924 331 1978 bac
362 1918 746 1977 terminatione
779 1913 965 1970 Graeca
1008 1909 1306 1966 masculina
1327 1948 1341 1972 ,
1383 1914 1443 1960 ut
1478 1904 1560 1957 hic
1598 1901 1803 1971 Pelops,

232 2012 501 2076 £tltiogs,
522 2009 771 2079 hydrops,
801 2021 1027 2075 merops,
1062 2002 1221 2072 hujus
1246 1997 1477 2070 Pelopis,
1516 1993 1806 2065 Eliciam},

233 2102 503 2174 hydropis,
529 2099 771 2169 meropis.
799 2096 1048 2152 Lucanus
1073 2093 1126 2147 in
1143 2107 1196 2146 v1
1228 2108 1242 2147 :

364 2211 464 2260 Aut
487 2208 687 2271 Pelopis
705 2207 815 2257 latis
835 2204 1062 2268 Ephyren
1085 2203 1379 2263 abrumpere
1402 2200 1584 2263 regnis.

238 2316 384 2385 Virg.
415 2315 471 2370 in
502 2330 541 2367 ιι
571 2311 765 2381 Georg.
791 2328 805 2364 :

357 2427 495 2488 ρυω
514 2437 717 2475 nemo
739 2420 1015 2484 Βιωοιιιιιιι
1035 2417 1167 2468 molli
1190 2418 1413 2467 canentis
1437 2414 1561 2463 lana.

231 2534 377 2588 Idem
404 2532 463 2586 in
492 2546 552 2584 ιιι
584 2546 602 2584 τ

332 2641 614 2705 Pinguibus
634 2640 698 2689 ab
718 2637 923 2690 stabulis
943 2649 1275 2699 meropesque
1297 2633 1502 2694 aliaeque
1524 2630 1762 2683 volucres.

229 2744 286 2799 In
317 2762 412 2816 gps
441 2743 763 2816 productam
802 2740 1009 2807 Grzcca,
1051 2747 1111 2794 ut
1133 2739 1333 2808 cinyps,
1373 2733 1629 2807 cinypltis,
1658 2730 1811 2803 Virg.

230 2839 284 2894 in
317 2856 376 2894 ιιι
411 2838 612 2910 Georg.
645 2855 659 2891 :

397 2948 504 2998 Nec
526 2951 683 2997 minus
706 2948 895 2999 interea
914 2944 1090 2994 barbas
1109 2945 1373 3003 incanaque
1396 2944 1561 2995 menta

396 3009 619 3071 Cinyphii
644 3009 843 3059 tondent
877 3007 1020 3066 hirci,
1041 3014 1271 3062 setasque
1296 3007 1559 3052 comantes.

299 3111 359 3167 in
402 3114 514 3181 irps
550 3127 715 3167 unum
744 3110 995 3165 Latinum
1026 3122 1239 3176 semper
1264 3104 1532 3176 positione
1569 3100 1813 3173 longum,

229 3206 314 3258 hic
340 3215 398 3258 et
429 3205 544 3257 lucc
597 3204 776 3272 stirps,
814 3200 1013 3270 stirpis.
1054 3197 1111 3253 In
1142 3207 1159 3251 ι
1188 3211 1354 3255 unum
1393 3203 1648 3252 neutrum
1692 3206 1812 3248 cor-

232 3302 470 3364 reptum.
509 3301 566 3346 ut
594 3293 688 3347 hoc
725 3300 898 3361 caput,
940 3289 1147 3359 capitis.
1185 3286 1242 3341 In
1272 3301 1343 3339 ax
1371 3289 1676 3353 correptam
1706 3280 1812 3337 La-

233 3382 347 3436 tina
369 3390 426 3435 et
458 3379 645 3436 Graeca
665 3384 791 3434 sunt
820 3376 1141 3442 masculina,
1172 3373 1256 3430 vel
1279 3372 1557 3439 feminina,
1588 3371 1677 3426 vel
1701 3385 1813 3426 om-

233 3472 342 3536 nis,
375 3473 464 3524 hic
497 3466 699 3535 Pheax,
732 3467 967 3533 Pheacis,
997 3456 1160 3538 Ajax,
1181 3464 1382 3536 Aiacis,
1405 3458 1518 3516 lucc
1554 3477 1679 3531 pax,
1719 3476 1815 3528 pa-

233 3563 333 3627 cis,
370 3561 457 3614 hic
483 3567 539 3614 et
559 3559 670 3615 hac
696 3567 752 3614 ct
777 3560 874 3613 hoc
903 3558 1102 3624 audax,
1137 3554 1390 3620 audacis;
1421 3569 1607 3625 capax,
1649 3541 1820 3622 perri-

1912 1886 2167 1947 tameniin
2193 1886 2426 1955 obliquis
2444 1885 2859 1954 corripiturrut
2888 1885 3307 1957 hujusconjugis
3323 1922 3339 1953 ,
3366 1887 3488 1941 huic

1907 1977 2145 2047 conjugi,
2165 1985 2272 2032 etc.
2302 1976 2363 2031 ιιι
2395 1993 2495 2031 arx
2522 1992 2692 2039 unum
2730 1976 3049 2032 femininum
3083 1986 3300 2049 semper
3339 1982 3483 2051 posi-

1912 2068 2056 2123 tione
2078 2067 2317 2137 lougum,
2361 2067 2620 2139 lixcarx,
2660 2083 2821 2122 arcis.
2862 2067 2972 2123 Has
2998 2077 3181 2124 autem
3216 2069 3342 2125 ideo
3375 2071 3489 2126 dixi

1909 2148 2171 2229 «piasdam
2206 2160 2618 2227 terniioatioucs
2645 2160 2959 2217 nominativi
2988 2161 3186 2232 partim
3224 2177 3344 2219 esse
3362 2178 3488 2221 eor-

1912 2256 2115 2318 reptas,
2173 2248 2368 2317 partim
2413 2249 2726 2317 productas,
2773 2247 2901 2305 licet
2952 2250 3219 2319 positione
3275 2266 3490 2325 semper

1911 2334 2080 2405 lougm
2109 2336 2243 2400 sint,
2270 2345 2579 2409 utuntur-as
2604 2352 2791 2393 earum
2825 2337 3063 2408 qualitas
3094 2340 3405 2410 patefieret,
3431 2352 3487 2398 et

1912 2425 1969 2480 in
1996 2425 2252 2496 obliquis,
2284 2426 2374 2480 ubi
2399 2426 2516 2481 sine
2541 2412 2804 2496 positione
2828 2436 2955 2482 sunt
2990 2429 3482 2488 manifestarentur.

2409 2580 2485 2636 De
2512 2582 2733 2654 obliquis
2763 2584 2992 2641 casibus.

1983 2713 2264 2771 Geuitivus
2285 2714 2570 2787 singularis
2591 2715 2799 2786 primas,
2823 2718 2909 2773 vel
2931 2720 3198 2787 secundae,
3219 2720 3303 2777 vel
3324 2736 3492 2794 quar-

1913 2807 2103 2872 tc,vvel
2123 2807 2326 2877 quintio
2346 2807 2720 2865 deelimtionis
2739 2810 2794 2863 in
2817 2810 3004 2865 ultima
3028 2812 3365 2882 producitur,
3387 2823 3448 2869 ut
3473 2833 3488 2873 ε

1911 2899 2079 2969 hujus
2100 2908 2287 2970 putre,
2325 2898 2488 2964 docti,
2525 2899 2749 2969 fructus,
2781 2900 2988 2971 speciei.
3011 2898 3207 2957 Tertiae
3243 2917 3374 2959 vero
3401 2904 3497 2960 de-

1914 2991 2221 3049 clinationis
2248 2991 2558 3061 corripitur,
2600 3002 2660 3048 ut
2711 2992 2870 3064 hujus
2908 2992 3082 3064 fortis,
3126 3007 3352 3067 excepto
3386 3014 3495 3053 uno

1915 3083 2305 3155 monosyllabo,
2343 3091 2404 3140 ut
2438 3085 2552 3139 hac
2579 3084 2877 3155 ris,’h‘ujus
2905 3085 2998 3140 vis.
3032 3086 3253 3143 Dativus
3277 3104 3494 3160 quoque

1915 3174 2203 3247 singularis
2239 3175 2485 3230 ultimam
2512 3175 2782 3245 syllabam
2810 3189 3025 3245 semper
3064 3170 3279 3247 longam
3307 3177 3490 3244 habet.

1914 3278 1977 3324 ut
2001 3269 2127 3323 huic
2158 3268 2552 3340 poetseydoero,
2599 3267 2744 3338 forti,
2777 3266 2997 3338 fructui,
3027 3270 3250 3339 speciei;
3277 3270 3367 3325 ubi
3391 3286 3491 3327 no.

1917 3362 2149 3418 tandem
2167 3362 2431 3432 estquod
2473 3361 2690 3416 nomina
2718 3361 2920 3432 quintrc
2958 3361 3367 3429 declinationis,
3398 3363 3445 3420 si
3473 3364 3494 3420 i

1916 3453 1972 3508 in
2000 3453 2333 3511 nominativo
2360 3452 2605 3507 habeant
2642 3451 2992 3529 penultimam
3027 3452 3125 3525 (ut
3158 3453 3268 3508 hwc
3309 3454 3500 3527 facies,

1917 3543 2028 3599 dies
2066 3543 2107 3616 ),
2139 3551 2359 3598 servent
2389 3542 2660 3613 elongam
2695 3542 2749 3597 in
2782 3543 3019 3615 genitivo
3064 3543 3147 3598 vel
3193 3543 3396 3607 dativo.
3436 3553 3500 3605 ut

1917 3632 2077 3703 httqu
2102 3631 2186 3688 vel
2209 3632 2332 3686 huic
2370 3631 2495 3697 diei,
2526 3641 2580 3687 et
2605 3632 2763 3702 hujus
2788 3631 2872 3688 vel
2900 3632 3022 3687 huic
3047 3632 3222 3702 faciei.
3270 3632 3367 3689 Sin
3394 3648 3496 3691 au-

1919 3733 2029 3780 tem
2061 3733 2451 3787 consonantem
2478 3725 2716 3801 pateant
2732 3733 2861 3782 ante
2883 3742 2937 3781 es
2958 3725 3092 3782 licet
3117 3724 3167 3781 ei
3192 3725 3393 3783 divisas
3420 3728 3500 3783 si—

232 3667 357 3714 cax,
382 3665 572 3718 rapax,
599 3646 786 3717 fallax,
808 3646 1003 3718 pellax,
1027 3662 1212 3711 vorax,
1237 3654 1414 3709 tenax,
1430 3657 1604 3708 emax,
1631 3655 1816 3711 sagax.

234 3739 293 3796 lu
319 3755 387 3793 ex
414 3747 720 3810 correptam
746 3736 932 3794 Graeca
960 3744 1014 3793 et
1048 3734 1262 3801 Latina,
1299 3730 1620 3799 masculina,
1661 3737 1716 3787 et
1743 3727 1817 3785 fe-

235 3830 445 3885 minina
468 3868 485 3893 ,
524 3836 582 3883 et
619 3820 925 3883 communia
978 3827 1141 3882 trium
1182 3841 1439 3899 generum
1467 3843 1481 3878 :
1512 3823 1622 3878 lia'c
1663 3820 1815 3889 lelex,
1919 3816 2121 3875 utiliter
2139 3814 2364 3883 faciant,
2384 3815 2684 3885 corripiunt
2706 3824 2884 3873 tamen
2907 3817 3282 3889 penultimam,
3308 3827 3365 3875 et
3386 3824 3500 3875 tam

234 3921 450 3992 lclegis;
475 3920 558 3973 hic
575 3936 719 3992 grex,
745 3919 948 3990 gregis;
970 3934 1121 3990 apex,
1144 3918 1326 3989 apicis,
1356 3917 1467 3971 htcc
1497 3915 1624 3983 ilex,
1659 3915 1816 3981 ilicis,
1920 3909 1978 3966 in
2000 3909 2242 3982 genitivo
2262 3925 2433 3983 quam.
2454 3909 2507 3964 in
2532 3908 2736 3974 dativo,
2769 3916 2835 3963 ut
2850 3908 3005 3977 ﬁdes,
3034 3910 3180 3979 ﬁdei,
3204 3927 3340 3984 spes,
3367 3906 3496 3983 spei,

234 4012 325 4065 hic
346 4021 404 4066 et
428 4011 541 4065 lucc
560 4018 613 4064 et
637 4011 733 4064 hoc
752 4009 964 4079 artifex,
993 4008 1230 4078 artiﬁcis.
1263 4006 1318 4061 In
1343 4025 1407 4063 ex
1427 4006 1691 4078 producta
1714 4002 1820 4059 La-
1919 4000 2108 4072 plebes,
2130 4000 2312 4072 plebei,
2347 4016 2449 4063 res,
2473 4000 2547 4054 rei
2572 4012 2592 4057 ;
2623 4001 2968 4057 neeumtivus
2987 4016 3118 4074 ergo
3142 4018 3357 4078 semper
3381 4005 3505 4070 bre-

237 4104 357 4158 tina
408 4101 706 4157 masculina
755 4109 811 4157 et
854 4100 1110 4157 feminina
1160 4108 1321 4168 sunt,
1374 4099 1461 4155 vel
1511 4098 1821 4156 communia
1920 4091 2007 4146 vis
2040 4098 2144 4157 est,
2194 4100 2256 4146 ιιι
2288 4090 2428 4144 Ιιακο
2468 4098 2705 4160 Pomm.
2739 4090 2972 4158 (locum,
3005 4092 3211 4165 fortem,
3247 4096 3506 4169 fructum,

236 4194 408 4249 trium
435 4208 728 4265 generum:
757 4193 841 4247 hic
870 4208 983 4257 rex,
1012 4190 1169 4261 hujus
1201 4191 1359 4262 regis,
1385 4190 1496 4246 Ιιωσ
1524 4189 1629 4255 lex,
1657 4188 1827 4260 legis:
1922 4182 2163 4254 speciem.
2220 4181 2516 4238 Vocativus
2565 4184 2783 4253 quidem
2836 4186 3126 4258 singularis
3184 4188 3375 4250 similis
3422 4200 3509 4251 est

236 4287 325 4341 hic
352 4294 411 4339 et
437 4284 549 4338 lucc
571 4284 746 4339 ethoc
770 4281 941 4349 exlex,
963 4281 1173 4354 exlegis.
1207 4280 1267 4335 In
1292 4282 1349 4337 lx
1377 4288 1681 4351 correptam
1713 4278 1822 4333 La-
1924 4275 2124 4346 ubique
2150 4290 2250 4335 suo
2276 4274 2631 4341 nominativo,
2657 4287 2888 4349 excepto
2911 4295 3033 4337 cum
3067 4279 3118 4337 in
3148 4279 3386 4336 secunda
3405 4278 3503 4340 des

238 4375 359 4430 tina
387 4374 685 4430 masculina
710 4373 793 4428 vel
819 4372 1080 4428 feminina
1104 4380 1162 4427 ut
1194 4372 1277 4426 hic
1301 4370 1460 4437 calix,
1489 4370 1703 4437 colicis;
1736 4369 1822 4427 llic
1864 4382 1883 4395 ί
1924 4365 2216 4425 clinatione
2242 4383 2303 4422 us
2324 4373 2566 4423 mutatur
2593 4368 2644 4423 in
2671 4385 2703 4423 c
2720 4370 2962 4435 brevem,
3006 4378 3064 4429 ut
3091 4371 3297 4443 doctus,
3320 4370 3506 4437 docte;

240 4465 443 4535 fornix,
476 4465 729 4535 fornicis;
753 4465 922 4531 varix,
956 4464 1183 4528 varicis;
1207 4463 1318 4518 haec
1350 4464 1464 4533 pix,
1502 4462 1666 4532 picis;
1708 4462 1822 4529 nix,
1851 4461 2044 4569 Dsive
2079 4475 2202 4517 tatu)
2236 4460 2454 4531 propria
2487 4458 2729 4530 ejusdem
2768 4462 3145 4521 declinationis
3184 4476 3304 4534 qum
3331 4466 3348 4518 i
3379 4474 3507 4521 ante

238 4555 410 4617 uiris;
432 4554 787 4624 salia,salicis.
815 4554 873 4609 lu
897 4555 958 4609 ix
980 4554 1298 4624 productam
1322 4552 1506 4608 Graeca
1538 4562 1594 4607 ct
1606 4551 1820 4619 Latina,

239 4645 547 4701 masculina
593 4645 676 4700 vel
711 4645 988 4711 feminina,
1020 4646 1106 4701 vel
1130 4644 1439 4701 communia
1468 4644 1635 4699 triun
1661 4659 1827 4716 gene-

239 4750 363 4789 rum
392 4753 406 4788 :
434 4735 519 4788 llic
537 4736 766 4805 plusnix,
787 4737 1054 4807 phanicis,
1077 4737 1191 4791 lucc
1216 4735 1419 4801 cornix,
1447 4735 1692 4803 canticis,
1711 4737 1824 4791 hac

238 4828 449 4891 nutrix,
476 4827 718 4892 nutricis,
746 4829 831 4881 hic
874 4836 932 4884 et
968 4827 1079 4883 lucc
1116 4836 1171 4883 et
1203 4828 1301 4881 hoc
1333 4828 1539 4897 pernix,
1577 4828 1823 4901 pernicis,

239 4918 393 4987 felix,
417 4919 606 4987 felicis.
649 4920 874 4991 Oportet
909 4930 1091 4976 autem
1131 4920 1446 4990 scirequod
1474 4919 1766 4977 Gneciiet
1792 4936 1829 4992 ς

239 5017 429 5063 antea:
464 5009 684 5067 brevem
710 5026 831 5069 esse
855 5011 1061 5074 volunt,
1103 5011 1317 5068 etiamsi
1343 5011 1397 5065 in
1426 5010 1663 5081 obliquis
1700 5024 1827 5082 ιιι-ορ

237 5099 537 5167 ducantur,
564 5112 625 5155 ut
644 5103 855 5170 phoenix
874 5103 1153 5172 plixnicos,
1188 5101 1410 5171 bombyx
1458 5102 1762 5173 bombyces;
1792 5119 1826 5157 α

238 5199 380 5241 vero
416 5189 714 5243 secundum
742 5190 1038 5261 genitivum
1064 5191 1229 5245 etiam
1261 5191 1315 5243 in
1338 5190 1672 5249 nominativo
1702 5204 1827 5261 pro-

238 5273 373 5329 duci
418 5276 507 5331 vel
551 5278 753 5350 corripi
781 5280 992 5345 dicunt,
1019 5287 1078 5334 ut
1101 5280 1249 5346 κόλαξ
1276 5280 1504 5341 unum.
1544 5279 1721 5334 Latini
1748 5288 1828 5334 ta.

238 5381 373 5422 men
398 5382 591 5424 omnes
618 5370 832 5428 vocales
857 5372 1179 5442 bitemporis,
1207 5372 1259 5427 id
1288 5380 1375 5427 est
1399 5371 1698 5449 δασχρόνους
1730 5372 1828 5427 ba-

238 5458 464 5526 bentes,
514 5462 584 5515 ad
629 5463 923 5533 genitivum
969 5464 1345 5535 respicientes,
1383 5463 1571 5517 dicunt
1602 5463 1826 5529 modum

242 5549 332 5607 vel
368 5552 572 5622 corripi
595 5554 812 5610 vocales
838 5563 969 5611 ante
991 5570 1029 5608 π
1056 5554 1265 5624 positas
1306 5554 1363 5609 ia
1393 5552 1742 5608 nominativo.
1770 5550 1829 5608 In

243 5657 316 5696 ex
346 5652 652 5713 correptam
678 5643 920 5701 feminini
963 5662 1089 5710 nox,
1119 5646 1315 5710 noctis;
1354 5652 1410 5700 et
1443 5659 1509 5700 ex
1545 5644 1646 5700 hoc
1684 5656 1828 5698 com-

243 5736 488 5806 positum
537 5752 838 5805 commune,
886 5739 969 5793 hic
998 5748 1049 5793 et
1079 5740 1188 5794 ltn'c
1224 5747 1275 5793 et
1319 5739 1415 5793 hoc
1447 5754 1645 5809 pernox
1670 5750 1688 5789 :
1713 5738 1828 5800 lucc

1926 4567 1991 4607 us
2020 4551 2242 4618 habent,
2274 4551 2330 4606 in
2366 4551 2705 4610 nominativo
2741 4551 2952 4621 abiecta
2985 4569 3066 4617 us,
3102 4553 3308 4612 faciunt
3339 4569 3503 4611 voca—

1924 4644 2097 4700 tivum
2137 4643 2324 4699 ultima
2367 4644 2650 4717 producta,
2691 4656 2753 4700 ut
2780 4645 2864 4705 hic
2900 4643 3168 4718 Virgilius,
3216 4663 3247 4702 ο
3294 4645 3501 4719 Virg/ili.

1926 4736 2011 4791 hic
2045 4734 2365 4803 Sallustius,
2399 4753 2431 4791 ο
2468 4735 2728 4802 Sallusti;
2752 4750 2853 4792 nec
2890 4750 3001 4791 non
3038 4746 3095 4792 et
3131 4750 3242 4793 uno
3270 4737 3507 4808 appella-

1928 4828 2067 4893 tivo,
2087 4828 2232 4898 quod
2260 4837 2373 4887 tam
2401 4828 2459 4886 in
2487 4845 2515 4882 c
2538 4836 2843 4898 correptam
2871 4844 3032 4899 quam
3062 4829 3157 4887 ini
3184 4831 3498 4901 productam

1929 4916 2059 4977 facit
2083 4933 2098 4981 ;
2128 4917 2214 4977 his
2239 4917 2405 4987 ﬁlius,
2446 4934 2477 4972 ο
2503 4916 2635 4986 ﬁlie,
2655 4917 2757 4983 vel,
2799 4933 2831 4970 ο
2855 4917 2963 4987 ﬁli;
2996 4918 3089 4972 ubi
3123 4926 3178 4972 et
3208 4920 3500 4973 notandum

1923 5016 2012 5067 est
2037 5009 2181 5078 quod
2222 5009 2340 5069 haec
2367 5010 2586 5079 puopria
2627 5008 2864 5071 nonum,
2911 5022 3032 5077 qua
3062 5009 3118 5064 in
3155 5009 3175 5060 i
3208 5009 3502 5064 terminauit

1927 5105 2273 5170 vocativum,
2321 5104 2669 5179 penultimam
2714 5105 2840 5160 licet
2889 5111 3193 5175 correptam
3243 5105 3501 5169 habeant,

1930 5203 2111 5252 tamen
2146 5196 2201 5255 in
2239 5197 2430 5256 eadem
2470 5196 2764 5266 peaultima
2811 5204 3092 5250 accentum
3132 5203 3339 5262 tenent,
3378 5195 3500 5268 quia

1928 5285 2153 5361 perfecti
2183 5286 2434 5350 vocativi,
2476 5301 2634 5356 quem
2674 5285 3043 5355 antiquissimi
3080 5284 3425 5356 proferebant
3450 5287 3501 5341 iu

1928 5393 1977 5441 θ,
2002 5385 2062 5430 ιιι
2108 5373 2342 5444 Virgilio,
2394 5375 2675 5440 Mercurio,
2723 5386 2940 5429 acutum
2974 5383 3280 5441 accentum,
3326 5379 3502 5448 quiin

1930 5463 2350 5535 antepcnmtima
2392 5465 2539 5534 apud
2564 5478 2669 5518 eos
2702 5465 3026 5533 ponebatur,
3071 5465 3338 5535 juniores,
3372 5485 3505 5540 gau-

1930 5556 2129 5617 dentes
2164 5554 2448 5620 brevng
2488 5568 2588 5623 per
2622 5553 2980 5615 abscisionem
3019 5565 3277 5613 extrema:
3311 5558 3504 5616 litterze

1930 5645 2302 5716 in-penultima
2325 5644 2700 5716 pnetulerunt.
2732 5643 2986 5703 Horatius
3018 5647 3069 5705 in
3094 5648 3268 5720 primo
3293 5649 3505 5713 Carnu-

1930 5752 2060 5797 num
2082 5754 2097 5792 ἕ
2673 5745 2693 5760 “
