3950 6192
462 396 564 452 61.3

622 507 856 566 Mercuri,
889 503 1096 553 facunde
1120 471 1275 566 nepos
1297 503 1519 554 Atlantis.

462 591 605 646 idem
632 591 683 644 in
713 590 899 643 eodem
927 606 940 641 :

618 699 782 748 Multis
813 698 896 748 ille
920 700 1059 749 bonis
1083 697 1264 749 ﬂebilis
1286 698 1493 760 occidit;

617 760 744 810 Nulli
769 763 974 810 ﬂebilior
997 773 1136 822 quam
1163 761 1271 822 tibi,
1291 757 1479 820 Virgili.

465 863 743 919 Ablativus
782 862 923 916 enim
952 860 1236 930 singularis
1265 875 1476 930 semper
1505 857 1834 929 producitur,
1875 863 1932 909 ut
1971 856 2035 910 ab

465 958 561 1009 hoc
591 963 761 1026 poeta,
789 952 956 1016 docto,
995 951 1189 1021 fructu,
1217 951 1401 1020 specie,
1439 956 1662 1017 excepta
1691 947 1848 1000 tertia
1873 945 2036 1000 decli-

467 1047 703 1107 natione,
752 1044 805 1097 in
831 1043 916 1096 his
948 1041 1196 1096 videlicet
1224 1041 1534 1095 nominibus
1566 1053 1685 1107 quae
1730 1037 1782 1092 in
1805 1055 1833 1091 θ
1853 1037 2038 1090 termi-

467 1145 600 1191 nant
628 1134 952 1197 ablativum;
983 1132 1101 1186 lucc
1138 1139 1316 1185 autem
1347 1130 1527 1184 omnia
1564 1127 1950 1198 corripiuntur,
1979 1137 2038 1181 ut

467 1227 532 1280 ab
558 1227 653 1279 hnc
673 1233 838 1294 patre,
863 1224 926 1276 ab
955 1223 1053 1275 hac
1082 1231 1267 1284 matre,
1291 1227 1515 1288 excepto
1542 1232 1650 1271 uno
1676 1216 1818 1286 quod
1838 1217 2040 1287 produ-

470 1318 631 1378 citur,
663 1314 726 1367 ab
760 1314 858 1366 hac
883 1313 1039 1382 fante.
1077 1309 1332 1380 Virgilius
1361 1308 1414 1362 in
1445 1314 1601 1362 sexto
1630 1321 1645 1360 :

594 1465 772 1526 Objlcit
801 1477 814 1513 :
839 1461 944 1522 ille,
969 1459 1096 1510 tame
1119 1432 1288 1509 rabida.
1637 1454 1870 1516 pandata.

471 1567 717 1620 Lucanus
747 1565 800 1619 in
827 1581 858 1618 π
894 1581 908 1618 :

603 1712 615 1723 .
653 1709 666 1722 .
703 1711 716 1725 .
755 1710 768 1724 .
806 1673 1058 1722 Mandante
1079 1670 1206 1720 fame
1227 1667 1402 1720 multas
1423 1667 1740 1731 volucresque
1762 1665 1989 1730 ferasque

599 1736 793 1798 Egypti
822 1746 1029 1795 posuere
1050 1734 1185 1799 deos.
1224 1768 1237 1780 .
1273 1767 1286 1779 .
1324 1766 1338 1780 .

476 1839 543 1892 Et
569 1838 682 1892 lucc
709 1835 992 1904 productio
1033 1834 1153 1888 ideo
1177 1833 1228 1888 ei
1253 1833 1451 1887 accidit
1485 1831 1610 1901 quia
1636 1839 1847 1885 veteres
1875 1827 2046 1898 magis
2071 1835 2122 1895 Β

473 1927 766 1984 secundum
797 1926 1037 1996 quintam
1065 1939 1226 1994 quam
1256 1922 1548 1978 secundum
1577 1922 1789 1976 tertiam
1813 1921 1915 1974 hoc
1942 1935 2044 1972 no-

474 2037 596 2076 men
625 2019 982 2081 declinabant,
1021 2027 1078 2070 ut
1102 2015 1261 2086 hujus
1291 2024 1346 2070 et
1373 2014 1494 2068 huic
1524 2013 1704 2080 fami,
1739 2027 1845 2066 nou
1885 2010 2044 2080 hujus

474 2111 653 2180 laniis,
690 2107 773 2163 vel
793 2107 914 2160 huic
951 2107 1096 2175 fami.
1133 2107 1397 2162 Cmterum
1435 2105 1857 2174 quotiescunque
1887 2099 2044 2154 tertia

469 2201 762 2257 declinatio
786 2198 1076 2253 ablativum
1107 2197 1161 2252 in
1184 2199 1201 2250 i
1231 2197 1416 2260 mittit,
1441 2210 1564 2250 eum
1591 2207 1804 2264 semper
1828 2191 2045 2261 longum

475 2291 657 2346 liabet.
687 2289 961 2344 Iuvenalis
990 2288 1042 2342 in
1068 2287 1258 2357 quinto
1290 2303 1302 2339 :

602 2379 850 2429 Praeterea
874 2377 1042 2427 lateris
1061 2373 1192 2438 vigili
1215 2388 1324 2424 cum
1348 2372 1488 2425 febre
1505 2373 1741 2425 dolorem.

477 2464 622 2533 Virg.
653 2476 670 2516 :

660 2553 806 2607 Stans
828 2550 957 2600 celsa
981 2551 1028 2598 in
1053 2551 1216 2612 puppi.
1256 2585 1270 2596 .
1306 2585 1318 2597 .
1358 2584 1370 2596 .

480 2632 620 2688 Stat.
651 2631 704 2684 in
732 2647 748 2684 ι
781 2629 1082 2684 Thebaidos
1119 2647 1133 2680 :

605 2719 841 2772 Funditur
859 2728 909 2769 et
933 2722 1092 2771 veteri
1121 2721 1362 2781 spumavit
1385 2717 1544 2770 Lerna
1570 2731 1778 2771 veneno.

475 2819 607 2876 item
635 2819 997 2876 nominativus
1034 2827 1088 2874 et
1117 2820 1456 2877 accusativus
1483 2830 1540 2876 et
1566 2820 1845 2876 vocativus
1867 2818 2050 2890 plura-

475 2908 542 2966 lis
575 2911 627 2964 in
662 2909 976 2974 masculino,
1025 2919 1080 2965 et
1123 2910 1379 2968 feminino
1401 2952 1422 2978 ,
1457 2921 1513 2968 et
1552 2913 1822 2968 communi
1853 2927 2050 2984 genere

476 3015 692 3070 semper
713 2999 1100 3070 producuntur,
1133 3011 1193 3056 ut
1217 3002 1273 3057 hi
1294 3011 1349 3058 et
1370 3019 1400 3057 o
1428 3011 1622 3074 poeta,
1652 3004 1747 3059 hos
1768 3013 1966 3072 poetas,
1996 3003 2050 3058 hi

474 3099 530 3149 ct
553 3108 582 3145 ο
605 3091 865 3162 magistri,
891 3092 987 3147 hos
1007 3095 1307 3165 magistros,
1336 3095 1391 3150 hi
1417 3104 1474 3152 et
1508 3097 1602 3151 hos
1634 3105 1690 3152 ει
1719 3111 1750 3150 o
1769 3095 2048 3166 supinitas,

475 3180 528 3233 hi
550 3188 603 3234 et
632 3181 725 3234 hos
752 3188 806 3236 ει
828 3198 856 3235 ο
878 3185 1237 3254 magistratus,
1265 3185 1349 3240 ha
1369 3193 1426 3240 et
1447 3185 1544 3240 has
1562 3194 1620 3241 et
1650 3202 1681 3240 ο
1708 3202 1811 3240 res.
1837 3185 1896 3240 in
1915 3201 2048 3241 neu-
2071 3181 2120 3244 C

477 3278 562 3352 tro
585 3273 982 3342 corripiuntur,
1011 3284 1070 3330 ut
1097 3275 1208 3330 hau:
1236 3283 1292 3331 et
1315 3293 1345 3329 ο
1373 3277 1648 3343 mandata,
1676 3277 1786 3332 lucc
1814 3284 1871 3332 et
1890 3292 1923 3330 ο
1952 3293 2045 3330 ca-

475 3363 606 3433 pita,
637 3363 748 3417 htrc
777 3372 832 3418 et
862 3381 891 3419 ο
919 3365 1188 3436 dogmata,
1230 3367 1340 3421 htcc
1371 3375 1429 3423 et
1459 3384 1490 3422 ο
1516 3383 1735 3423 cornua.
1779 3366 2048 3424 Praeterea

473 3451 582 3506 duo
628 3453 841 3507 nomina
890 3453 1061 3509 dualis
1099 3455 1328 3521 numeri,
1375 3454 1527 3512 ambo
1571 3464 1626 3513 et
1654 3456 1784 3523 duo,
1834 3456 2049 3528 quando

477 3549 601 3594 sunt
638 3540 920 3596 masculini
962 3543 1209 3598 videlicet
1253 3545 1502 3616 generis,
1539 3547 1948 3616 producuntur,
1989 3555 2050 3602 ut

480 3631 736 3707 Virgilius
762 3634 816 3688 in
844 3634 1028 3706 ecloga
1057 3650 1129 3690 vn
1161 3653 1174 3690 :

634 3745 790 3798 Ambo
813 3747 1048 3798 ﬂorentes
1069 3749 1314 3812 statibus,
1337 3749 1554 3801 Arcades
1575 3751 1717 3801 ambo
1742 3766 1757 3814 ;

481 3852 696 3922 quando
711 3851 893 3914 neutri
917 3853 1301 3926 corripiuntur.
1326 3855 1608 3912 Genltivus
1628 3857 1853 3927 pluralis
1881 3857 1932 3913 in
1961 3875 2050 3913 um

477 3957 690 4012 semper
713 3951 1016 4014 correptam
1049 3945 1319 4010 terminat,
1348 3947 1414 4001 ad
1446 3946 1670 4017 ejusque
1695 3947 2048 4018 penultimam

479 4034 903 4103 cognoscendam
930 4034 1006 4088 ita
1033 4035 1170 4090 ratio
1195 4036 1476 4105 perspicua
1503 4045 1608 4103 est,
1643 4047 1704 4092 ut
1739 4039 2051 4096 intimcmus

478 4140 507 4178 a
534 4140 641 4195 quo
659 4140 786 4180 casu
812 4125 1161 4195 singularium
1185 4127 1472 4191 derivetur,
1511 4129 1635 4199 quia
1663 4130 1850 4200 prima:
1881 4132 2050 4187 decli-

481 4213 734 4279 nationis,
760 4213 841 4270 vcl
871 4216 1141 4278 secundae,
1173 4215 1257 4271 vel
1283 4217 1481 4286 quintae
1513 4219 1778 4289 genitivus
1803 4221 2046 4290 pluralis,

478 4322 600 4361 eum
641 4323 710 4362 ex
751 4306 984 4364 ablativo
1025 4308 1282 4378 singulari
1324 4311 1585 4380 producto
1614 4312 1924 4368 earumdem
1958 4313 2052 4368 de-

481 4396 830 4452 clinationum
855 4398 1126 4463 nascitur,
1157 4406 1336 4453 servat
1361 4400 1604 4454 eamdem
1643 4402 2050 4471 productionem

480 4487 642 4540 etiam
672 4487 724 4540 in
748 4486 1040 4560 penultima
1068 4503 1186 4553 sua,
1224 4496 1283 4542 ut
1301 4488 1368 4542 ab
1397 4489 1493 4544 hoc
1527 4501 1695 4560 poeta,
1721 4491 1906 4545 horum
1934 4507 2050 4562 poc-

477 4586 684 4631 tarum:
730 4579 1000 4646 magistra,
1043 4580 1453 4649 magistrorum;
1482 4582 1586 4647 die,
1613 4582 1837 4636 dierum.
1868 4581 1913 4635 A
1937 4594 2049 4637 ter-

479 4653 568 4719 tiu:
609 4665 978 4722 declinationis
1030 4668 1260 4724 ablativo
1311 4671 1462 4726 brevi
1510 4671 1776 4742 genitivus
1824 4673 2048 4728 descen-

479 4755 634 4820 dens,
663 4755 707 4814 si
741 4756 1088 4825 penultimam
1111 4759 1130 4812 ἰ
1151 4758 1432 4825 habuerit,
1461 4761 1602 4816 hanc
1637 4776 1851 4832 semper
1877 4765 2048 4818 corri-

475 4846 572 4916 pit.
605 4845 660 4904 in
693 4854 883 4916 quam
931 4857 1111 4902 autem
1155 4849 1512 4906 declinatione
1542 4867 1664 4907 cum
1706 4854 1846 4909 idem
1891 4869 2050 4910 casus

479 4956 584 4994 non
618 4956 684 4994 ex
714 4939 947 4996 ablativo
971 4940 1249 5011 producto,
1284 4952 1342 4997 ut
1372 4945 1588 5013 quidam
1625 4947 1914 5010 aestimant,
1956 4947 2050 5002 sed

479 5047 547 5088 ex
581 5033 912 5089 nominativo
949 5030 1206 5100 singulari
1235 5033 1352 5099 ﬂat,
1387 5033 1595 5104 abiecta
1616 5053 1662 5102 s,
1691 5045 1745 5091 et
1773 5047 2048 5109 assumpta

477 5139 584 5189 aut,
617 5131 899 5193 utramque
918 5139 952 5175 u
977 5121 1193 5178 brevem
1219 5122 1402 5179 habet.
1432 5123 1580 5194 Virg.
1606 5141 1622 5177 :

537 5235 810 5358 agnitis“:
823 5233 948 5296 hac,
971 5246 1200 5284 manuum
1218 5235 1305 5286 tibi
1324 5246 1434 5298 quae
1450 5237 1742 5288 monimenta
1767 5249 1986 5290 mearum

476 5396 745 5454 iuvenalis
767 5400 820 5454 in
847 5400 1052 5468 primo:

607 5490 808 5540 Viscera
831 5503 1116 5553 magnarum
1135 5491 1368 5544 domuum
1387 5491 1672 5558 dominique
1691 5492 1858 5546 futuri.

479 5592 698 5648 Dativus
727 5594 890 5663 igitur
916 5603 971 5649 et
995 5595 1267 5650 ablativus
1306 5596 1550 5666 pluralis,
1589 5596 1637 5652 si
1667 5597 1713 5652 is
1754 5605 2050 5652 terminan-

479 5690 583 5742 tur,
617 5682 755 5753 longi
799 5693 945 5748 sunt,
974 5693 1033 5739 ut
1053 5686 1134 5740 his
1156 5694 1212 5741 et
1235 5687 1300 5740 ab
1327 5688 1408 5742 his
1433 5690 1614 5757 poetis,
1646 5691 1911 5760 magistris
1935 5707 1952 5754 ;
2001 5690 2047 5744 si

476 5770 585 5833 bus,
629 5771 954 5838 breviantur,
996 5783 1051 5827 ut
1083 5775 1160 5829 his
1182 5783 1237 5829 et
1267 5776 1331 5830 ab
1372 5778 1450 5832 his
1483 5779 1746 5849 patribus,
1779 5780 2045 5850 ﬂuctibus,

1122 392 1182 445 Β.
1224 391 1475 446 RABANI
1513 388 1730 446 MAUR‘l
1766 383 2046 442 ARCHIEF

2150 383 2432 441 iOGUNT.
2473 383 2752 440 OPERUM
2795 383 2977 440 PARS
3014 383 3106 440 ill.

3599 385 3716 441 645

2069 497 2115 556 Α
2145 497 2316 551 rebus.
2341 494 2448 552 Sed
2475 507 2530 551 et
2563 499 2667 552 hoc
2692 497 2984 552 notandum
3013 496 3157 565 quod
3182 497 3226 550 si
3251 498 3269 550 i
3297 495 3380 550 vel
3422 513 3456 548 u
3487 495 3556 550 sit
3582 507 3723 550 ante

2134 590 2230 644 hus
2263 591 2317 644 in
2362 589 2448 644 his
2494 589 2727 656 casibus,
2772 587 3068 658 penultima
3107 587 3414 656 corripitur.
3466 587 3611 658 Virg.
3657 585 3720 640 in

2134 679 2317 749 ecloga
2349 697 2363 734 :

2259 787 2501 839 Prmtides
2523 786 2787 850 implerunt
2808 785 2939 836 falsis
2959 787 3228 849 mugitibus
3249 798 3412 846 agros.

2134 869 2202 926 Et
2236 871 2498 1026 Idgmvlrgo
2520 960 2712 1024 infelix,
2732 969 2784 1012 tu
2806 961 3004 1011 nuncin
3028 960 3271 1011 montibus
3294 972 3450 1010 erras.

2133 1041 2356 1100 Ovidius
2384 1042 2438 1097 in
2466 1058 2526 1098 ιιι
2551 1043 2838 1098 Fastorum
2865 1061 2880 1096 :

2288 1135 2492 1186 Praunia
2512 1135 2579 1186 de
2601 1135 2800 1186 lacubus
2817 1135 3030 1198 proxima
3054 1141 3210 1184 masta
3233 1135 3348 1184 tuis.

2137 1234 2198 1293 Si
2213 1245 2394 1294 autem
2426 1254 2459 1292 a
2482 1236 2567 1293 vel
2593 1253 2624 1291 ο
2668 1246 2794 1292 ante
2823 1237 2917 1291 bus
2943 1237 3069 1302 erit,
3095 1237 3433 1306 producitur,
3473 1244 3532 1289 ut
3558 1237 3642 1290 his
3665 1244 3726 1290 et

2137 1325 2202 1380 ab
2226 1325 2308 1380 his
2346 1325 2591 1388 natabus,
2639 1322 2871 1393 ﬁliabus,
2897 1323 3117 1388 deabus,
3159 1324 3406 1394 equabus,
3449 1325 3721 1388 mulahus,

2137 1417 2440 1482 libentibus,
2489 1416 2773 1482 asitsabus;
2817 1425 2904 1481 et,
2954 1416 3036 1470 his
3086 1414 3174 1470 vel
3215 1416 3279 1468 ab
3320 1417 3401 1468 his
3443 1417 3720 1480 ambobus,

2139 1509 2364 1564 duobus.
2385 1508 2653 1564 Praterea
2683 1507 2874 1578 quinta
2913 1506 3203 1562 declinatio
3231 1523 3259 1560 c
3285 1506 3636 1576 penultimam
3667 1508 3722 1561 in

2142 1600 2228 1656 bis
2268 1600 2481 1655 casibus
2517 1613 2730 1668 semper
2776 1597 2989 1669 longam
3020 1598 3206 1662 habet,
3255 1607 3314 1652 ut
3340 1597 3421 1652 his
3447 1605 3502 1653 et
3531 1599 3604 1652 ab
3637 1599 3725 1652 his

2141 1690 2342 1755 diebus,
2381 1689 2630 1759 faciebas.
2665 1690 2813 1761 Virg.
2847 1689 2900 1743 in
2927 1689 3102 1760 primo
3131 1687 3520 1760 Georgicorum
3552 1708 3566 1744 :

2328 1779 2523 1846 Quippe
2541 1781 2687 1846 etiam
2711 1779 2852 1829 festis
2867 1779 3088 1844 quaedam
3111 1791 3360 1831 exercere
3381 1779 3581 1840 diebus,

2329 1841 2492 1891 li‘as'et
2507 1843 2616 1904 jura
2639 1843 2821 1890 sinunt.

2144 1945 2200 2000 in
2225 1943 2430 1999 Grmcis
2456 1958 2584 1998 vero
2608 1943 2914 1998 nominibus
2937 1956 3110 2014 graace
3137 1941 3419 1997 declinatis
3447 1941 3722 2012 genitivus

2144 2031 2433 2100 singularis
2467 2031 2646 2086 brevis
2684 2039 2804 2094 est,
2840 2045 2961 2085 cum
3003 2031 3097 2084 dos
3136 2029 3221 2085 vel
3269 2040 3346 2085 tos
3377 2031 3628 2085 habuerit
3670 2029 3727 2083 in

2145 2121 2274 2186 line,
2303 2131 2362 2176 ut
2389 2122 2667 2186 archados,
2699 2132 2984 2191 poematos.
3025 2120 3248 2176 Dativus
3280 2138 3402 2176 cum
3431 2122 3470 2185 i,
3499 2131 3558 2176 ut
3590 2119 3724 2175 Pal-

2144 2213 2288 2277 ladi;
2327 2213 2670 2268 accusativus
2699 2227 2822 2268 cum
2853 2229 2885 2266 a
2925 2211 3010 2266 vel
3046 2228 3134 2279 on,
3178 2222 3239 2268 ut
3271 2211 3501 2276 Thesea,
3535 2212 3726 2268 Delon.

2147 2305 2294 2376 Virg.
2318 2304 2371 2359 in
2394 2319 2452 2358 ιιι
2479 2301 2673 2374 Georg.
2711 2321 2723 2356 :

2397 2395 2573 2446 Pelion
2597 2395 2786 2445 hinnitu
2808 2393 3003 2457 fugiens
3023 2392 3244 2458 implevit
3266 2401 3444 2456 acuto;

2147 2497 2283 2554 alias
2325 2497 2516 2568 longus
2563 2505 2648 2552 est
2692 2497 2993 2558 vocativus,
3038 2510 3160 2551 cum
3196 2512 3228 2548 a
3267 2494 3640 2550 terminatur:
3671 2494 3722 2549 in

2148 2591 2460 2648 masculinis
2488 2599 2667 2646 tamen
2705 2589 2895 2659 longus
2919 2599 3023 2654 est,
3064 2598 3122 2643 ut
3152 2587 3225 2642 ΑΞ
3232 2606 3346 2651 nea,
3398 2603 3523 2640 nam
3569 2587 3623 2641 in
3654 2585 3725 2642 le-

2149 2683 2371 2739 mininis
2415 2681 2739 2751 corripitur,
2773 2689 2833 2737 ut
2861 2681 3106 2735 cathedra
3135 2697 3153 2734 :
3177 2697 3204 2734 ε
3231 2680 3556 2734 terminatus
3603 2694 3726 2748 pro-

2148 2774 2384 2838 ducitur,
2425 2781 2487 2828 ut
2515 2771 2708 2837 schola,
2748 2787 3029 2842 synagoge,
3069 2779 3377 2842 pentecoste,
3426 2785 3727 2839 parascere,

2153 2861 2369 2932 Tydide,
2399 2861 2638 2930 exceptis
2667 2861 2752 2916 his
2792 2875 3020 2930 quorum
3058 2859 3420 2914 nominativus
3454 2877 3509 2913 os
3543 2858 3730 2916 termi-

2151 2961 2328 3018 natur,
2353 2959 2414 3005 ut
2439 2960 2629 3021 petras,
2656 2960 2818 3020 patre,
2847 2947 3088 3016 Phorbas,
3114 2948 3320 3004 Phabe.
3352 2949 3380 3003 1
3407 2950 3730 3006 terminatus

2151 3041 2480 3113 corripitur,
2526 3049 2588 3098 ut
2632 3040 2763 3107 Nai,
2809 3041 2981 3095 Alesi.
3044 3040 3299 3112 Virgilius
3348 3041 3402 3094 in
3448 3039 3727 3096 Bucolico-

2151 3151 2268 3190 rum
2293 3150 2349 3189 IX
2375 3154 2388 3188 ζ

2273 3228 2379 3288 Quo
2403 3234 2473 3290 te,
2497 3228 2655 3290 ιιωτι,
2683 3229 2855 3292 pedes,
2885 3239 2945 3276 an
2967 3240 3064 3292 quo
3089 3229 3160 3278 via
3183 3227 3344 3288 ducit,
3369 3229 3416 3277 in
3439 3226 3654 3279 urbem?

2149 3327 2195 3385 0
2223 3328 2406 3386 ﬁnitus
2452 3330 2644 3403 longus
2673 3339 2777 3397 est,
2808 3339 2868 3386 ut
2893 3330 3051 3398 Dido,
3084 3329 3316 3402 Sappho.
3355 3329 3726 3392 Nominativus

2149 3429 2205 3478 ct
2235 3423 2512 3479 vocativus
2537 3422 2778 3494 pluralis,
2819 3438 2941 3478 cum
2965 3441 2995 3476 a
3026 3421 3156 3478 vels
3179 3423 3573 3486 terminantur,
3606 3424 3726 3478 bre-

2148 3529 2243 3570 ves
2289 3522 2436 3580 sunt,
2486 3521 2546 3569 ut
2588 3523 2860 3584 poemata,
2898 3513 3145 3567 rhetores.
3179 3511 3405 3566 Ruﬁnus
3447 3512 3502 3567 in
3550 3511 3725 3568 libello

2151 3605 2217 3660 de
2244 3605 2507 3676 pedibus;

2278 3697 2521 3759 Spondeo
2547 3709 2744 3746 narrare
2763 3696 2926 3748 solent
2946 3697 3035 3747 tibi
3059 3695 3286 3747 rhetores
3317 3703 3455 3759 acta;

2150 3777 2284 3833 alias
2313 3777 2457 3850 longi
2487 3787 2634 3844 sunt,
2665 3787 2724 3833 ut
2747 3777 3057 3833 ecclesiaste.
3088 3777 3373 3834 Genitivus
3400 3777 3596 3850 longus
3625 3788 3730 3842 cst.

2151 3876 2211 3923 ut
2261 3867 2528 3938 phiicnon,
2579 3867 2733 3933 laon,
2783 3867 3008 3934 cedron;
3052 3867 3264 3922 dativus
3306 3869 3358 3922 in
3404 3869 3728 3927 terminatus

2151 3959 2459 4030 corripitur,
2488 3969 2547 4014 ut
2575 3960 2784 4014 arcasin
2801 3976 2820 4024 ;
2848 3959 2982 4015 alias
3011 3959 3203 4030 longus
3228 3967 3330 4025 est,
3361 3969 3422 4014 ut
3459 3960 3600 4032 lays.
3622 3960 3730 4016 Ac-

2109 4103 2115 4111 ,
2151 4051 2424 4106 cusativus
2453 4051 2496 4106 si
2529 4067 2588 4104 as
2631 4049 2794 4104 fuerit
2823 4050 3164 4114 terminatus,
3203 4057 3257 4106 ει
3283 4065 3314 4104 a
3345 4049 3585 4120 genitivo
3617 4050 3726 4105 sino

2151 4139 2321 4212 gulari
2353 4139 2561 4193 venerit
2590 4156 2646 4192 os
2675 4138 2848 4205 ﬁnito,
2890 4138 3199 4208 corripitur,
3226 4148 3286 4193 ut
3305 4139 3552 4206 arcadas,
3582 4156 3733 4193 arca-

2151 4231 2269 4284 das.
2299 4229 2579 4285 Lucretius
2609 4247 2622 4282 :

2273 4318 2540 4381 Lampades
2567 4318 2800 4383 igniferas
2823 4321 3045 4370 manibus
3066 4322 3326 4371 retinentia
3349 4321 3576 4383 dextris;

2153 4403 2288 4458 alias
2312 4413 2491 4457 autem
2515 4403 2865 4472 productione
2895 4405 3128 4472 laztatur,
3153 4412 3214 4458 ut
3247 4403 3514 4458 ecclesias.

2721 4533 2797 4588 De
2817 4536 3140 4604 pronomine.

2224 4644 2392 4716 igitur
2416 4660 2709 4715 pronomen
2745 4646 2798 4699 in
2829 4645 3156 4699 nominativo
3194 4643 3451 4715 singulari
3487 4659 3540 4708 ο,
3571 4643 3654 4698 vel
3681 4660 3725 4707 ρ,

2152 4735 2238 4790 vel
2261 4737 2328 4800 is,
2361 4735 2444 4790 vel
2471 4751 2546 4799 er,
2579 4734 2662 4790 vel
2689 4751 2774 4799 us,
2808 4737 3154 4789 terminatum
3191 4734 3502 4804 corripitur,
3533 4744 3595 4788 ut
3618 4751 3725 4804 ego,

2155 4825 2264 4890 ille,
2295 4827 2420 4895 ipse,
2453 4825 2568 4890 iste,
2595 4825 2660 4891 is,
2697 4841 2862 4888 meus,
2893 4835 3036 4888 tuus,
3063 4841 3209 4888 suus,
3243 4835 3434 4888 noster,
3469 4835 3668 4888 uester;
3697 4841 3726 4874 ιι

2154 4931 2369 4986 quoque
2395 4916 2737 4971 terminatum
2765 4916 3098 4984 producitur,
3131 4915 3184 4968 id
3209 4923 3313 4979 est,
3345 4924 3402 4967 tu
3427 4922 3485 4968 et
3514 4915 3726 4969 circan-

2153 5009 2290 5066 ilcxo
2331 5019 2553 5066 accentu
2586 5012 3002 5080 pronuntiatur:
3039 5028 3067 5065 ε
3095 5011 3272 5065 littera
3314 5009 3530 5064 ﬁnitum
3561 5009 3724 5079 poetis

2155 5113 2440 5155 commune
2493 5099 2751 5163 habetur,
2801 5109 2856 5153 et
2898 5100 3056 5153 modo
3107 5099 3161 5152 in
3202 5113 3361 5154 versu
3414 5099 3721 5168 corripitur,

2155 5191 2316 5244 modo
2353 5188 2698 5258 producitur,
2744 5189 2867 5257 quia
2902 5189 3041 5257 apud
3068 5189 3350 5258 plerosque
3397 5197 3650 5242 auctores
3678 5187 3722 5239 ci

2154 5293 2250 5347 per
2266 5293 2457 5334 omnes
2477 5293 2636 5334 casus
2650 5295 2705 5333 ce
2715 5278 2917 5348 syllaba
2935 5279 3245 5340 addebatur,
3263 5286 3320 5331 ut
3333 5277 3495 5339 hiccc,
3515 5277 3720 5340 huncce,

2155 5367 2332 5433 hocce,
2376 5369 2533 5432 hisce,
2574 5370 2746 5434 hosce,
2779 5370 2967 5434 hasce;
3007 5370 3150 5424 unde
3176 5369 3344 5424 vocali
3376 5383 3595 5438 quoque
3639 5382 3720 5421 se-

2152 5466 2352 5526 quente
2379 5473 2474 5527 per
2499 5473 2788 5527 apocopam
2814 5459 3118 5528 absumpta,
3147 5457 3375 5522 duabus,
3408 5474 3484 5522 ce,
3512 5472 3724 5511 manen-

2157 5549 2300 5604 tibus
2343 5548 2586 5603 solebant
2635 5549 2764 5604 illud
2816 5551 3129 5619 producere,
3179 5559 3240 5605 ut
3288 5551 3546 5622 Virgilius
3592 5551 3642 5605 in
3672 5565 3718 5602 ιι

2152 5636 2410 5692 .Eneidos
2443 5656 2456 5692 :

2405 5736 2530 5792 crat,
2554 5729 2675 5780 alma
2703 5744 2898 5794 parens.
2924 5730 3049 5794 quod
3074 5744 3151 5780 me
3177 5745 3266 5795 per
3291 5731 3406 5794 tela,
3431 5745 3524 5795 per
3544 5735 3697 5793 ignes,

2231 5809 2237 5816 '
2279 5807 2289 5837 l
2374 5829 2384 5840 .
2435 5829 2446 5840 .
2501 5828 2513 5841 .
2564 5825 2578 5839 ο
2618 5828 2632 5844 ι

2231 5807 2384 5840 LUDIS.
2435 5829 2446 5840 .
