3950 6192
256 278 370 341 665

1092 281 1484 343 EXCERPTIO
1523 285 1611 341 DE
1645 284 1833 341 ARTE
1866 283 2321 342 ιιιιΑιιιιΑτιρΑ
2361 284 2715 343 PRISCIANI.

3374 283 3526 365 ,διδ

256 396 373 452 Sed
428 394 759 466 scriptorum
805 394 1134 466 negligentia
1183 398 1532 468 praetermisit
1575 414 1741 453 unam
1785 414 1845 462 c,
1879 400 1922 458 Α
1952 406 2034 451 est
2075 397 2222 452 enim
2253 398 2533 452 sotadeum
2576 412 2645 453 ex
2679 398 2888 453 duobus
2917 397 3128 462 ionicis,
3155 413 3186 454 a
3227 399 3434 469 majore
3469 412 3523 458 et

255 491 339 565 sic
368 490 537 545 etiam
563 489 917 544 vetustissimi
958 490 1327 547 Romanorum
1370 493 1489 548 libri
1536 495 1713 549 adhuc
1761 505 1843 549 te-

1949 486 2120 541 tribus
2150 489 2436 552 trocha'is;
2469 487 2610 557 quod
2639 488 2717 542 sic
2748 488 3029 542 scanditur
3067 505 3079 540 :
3112 504 3287 542 verum
3317 501 3372 544 ut
3413 494 3521 557 cui,

252 590 496 648 stantur,
514 596 641 637 cum
665 581 764 651 ipsi
786 581 892 636 duo
906 598 963 636 cc
989 581 1043 637 in
1072 583 1173 638 hoc
1198 585 1513 653 pronomine
1540 584 1739 654 ubique
1768 593 1848 640 ιθ-
1945 577 2191 643 iouicus;
2224 592 2344 648 qum
2369 588 2444 632 est
2473 578 2718 647 proximi,
2752 577 2913 631 ionic.
2938 593 2953 643 ;
3000 588 3080 631 tas
3109 577 3181 642 Io,
3226 580 3521 650 trochaeus;

253 680 454 729 nereut
478 673 705 742 scripta.
734 671 871 727 Sunt
897 680 954 727 et
972 672 1078 727 alia
1113 674 1221 729 duo
1252 674 1568 743 pronomina
1600 690 1845 730 commu-

254 763 343 816 nis
361 760 584 833 generis
613 775 631 816 :
661 771 888 826 nostras,
913 771 1132 826 vestras,
1162 762 1442 831 producta,
1467 778 1695 833 quorum
1721 779 1846 834 per-

253 850 426 917 fecta,
448 853 720 916 nostratis,
739 854 998 916 vestratis,
1027 861 1216 917 erant;
1241 853 1383 908 unde
1406 853 1531 922 quia
1561 854 1602 907 ti
1623 855 1844 923 syllaba:

254 956 499 1014 syncopa
535 939 676 997 facta
705 950 809 1006 est,
856 941 1130 995 mansitin
1159 958 1191 995 a
1214 951 1481 997 accentus
1497 942 1746 1013 perfecti,
1788 950 1846 998 et

254 1033 450 1088 ultima
487 1030 957 1090 circumﬂectitur.
996 1032 1181 1103 itaque
1221 1043 1469 1087 neutrum
1511 1048 1699 1088 eorum
1732 1034 1786 1088 in
1815 1052 1843 1089 e

255 1122 469 1188 ﬁnitur,
499 1129 755 1185 nostrate,
783 1130 1034 1186 vestrate;
1057 1135 1124 1175 ex
1163 1136 1272 1190 quo
1296 1122 1596 1179 ostenditur
1629 1123 1840 1178 illorum

252 1228 473 1284 quoque
512 1211 875 1268 nominativos
926 1212 981 1266 in
1023 1212 1088 1265 tis
1126 1211 1423 1266 secundum
1462 1212 1764 1283 analogiam
1809 1229 1840 1268 a

252 1303 663 1381 vetustissimis
688 1302 928 1373 prolatos
966 1317 1106 1358 esse.
1160 1301 1362 1359 Novem
1406 1312 1586 1360 autem
1624 1305 1839 1359 mobilia

256 1394 515 1467 nomina,
549 1408 673 1464 qua:
695 1392 821 1463 quia
854 1394 1230 1464 pronominum
1265 1405 1566 1464 sequuntur
1600 1396 1838 1450 declina-

256 1485 462 1545 tionem
489 1483 712 1556 quidam
753 1498 817 1539 ea
856 1482 1000 1537 inter
1025 1484 1341 1554 pronomina
1368 1496 1684 1554 posuerunt,
1719 1498 1837 1539 om-

256 1574 347 1631 nia
371 1574 429 1631 in
451 1572 789 1630 nominativo
816 1572 1070 1644 singulari
1098 1584 1150 1628 et
1175 1589 1275 1644 per
1293 1575 1473 1629 onmia
1495 1589 1691 1644 genera
1718 1590 1840 1630 cor-

255 1663 553 1736 ripiuntur,
603 1673 831 1732 excepto
880 1678 987 1718 uno
1028 1663 1173 1734 quod
1220 1664 1274 1719 in
1332 1664 1591 1720 feminino
1637 1680 1837 1736 genere

256 1755 632 1827 diphthongon
675 1754 857 1821 habet,
910 1755 963 1810 id
988 1762 1074 1811 est
1098 1772 1217 1827 qua;
1253 1764 1310 1811 et
1334 1758 1445 1827 qui,
1500 1759 1717 1827 quando
1742 1773 1841 1829 pro
1870 1752 1915 1811 B

257 1845 469 1903 inﬁnito
503 1846 589 1902 vel
616 1847 1030 1917 interrogativo,
1074 1847 1127 1902 id
1163 1856 1266 1912 est,
1295 1863 1396 1917 pro
1432 1850 1549 1919 quis
1590 1850 1836 1919 ponitur;

252 1938 372 2009 quis
412 1943 595 1995 autem
628 1946 684 1993 et
709 1937 838 2007 quid
867 1939 1060 1994 breves
1088 1948 1214 1993 sunt
1245 1953 1261 1993 :
1288 1955 1441 2004 unus,
1472 1956 1598 2007 una,
1641 1957 1839 2005 unum;

251 2028 425 2096 solus,
461 2027 601 2093 sola,
646 2027 849 2095 solum;
888 2036 1050 2094 totus,
1101 2037 1230 2095 tota,
1277 2038 1484 2093 totum;
1512 2029 1670 2094 alius,
1709 2029 1835 2094 alia,

253 2119 438 2186 aliud;
465 2117 631 2186 ullus,
662 2117 795 2182 ulla,
824 2118 1024 2185 ultum;
1059 2119 1265 2185 nullus,
1295 2118 1463 2183 nulia,
1495 2117 1729 2184 nullum;
1758 2118 1840 2172 al-

251 2223 353 2278 ter,
374 2210 573 2277 altera,
594 2210 852 2277 alterunt;
875 2220 1009 2277 uter,
1038 2221 1176 2276 utra,
1206 2220 1406 2276 utrum;
1431 2220 1486 2266 et
1511 2227 1579 2267 ex
1601 2227 1668 2266 eo
1687 2226 1839 2267 com-

252 2302 487 2373 positum
520 2319 536 2356 :
565 2310 781 2366 neuter,
832 2306 1049 2367 neutra,
1102 2311 1366 2356 neutrum.
1413 2300 1675 2357 Similiter
1724 2316 1843 2358 cor-

252 2402 406 2465 repta
430 2400 564 2449 sunt
585 2392 826 2448 omnium
864 2392 1241 2464 pronominum
1268 2392 1523 2448 feminina
1549 2408 1670 2461 qua:
1703 2393 1756 2447 in
1781 2410 1838 2459 α,

251 2494 308 2540 et
327 2494 531 2541 natm
549 2499 671 2555 qua:
694 2484 747 2539 in
774 2499 863 2537 um
892 2482 977 2538 vel
1008 2483 1061 2537 in
1089 2483 1161 2537 ud
1191 2483 1384 2537 ﬁniunt
1425 2482 1835 2548 nominativum,

252 2575 452 2647 utilia,
485 2575 625 2645 ipsa,
653 2574 786 2639 ista;
808 2572 962 2639 illud,
991 2572 1156 2637 istud,
1186 2574 1375 2643 ipsum.
1408 2570 1689 2627 Genitivus
1729 2572 1841 2627 sin-

252 2666 464 2739 gularis
496 2666 552 2723 in
579 2665 989 2738 pronominibus
1015 2666 1034 2719 i
1063 2664 1145 2721 vel
1166 2683 1211 2720 te
1244 2665 1581 2730 terminatus,
1625 2664 1835 2736 longus,

254 2766 316 2812 ut
340 2756 467 2820 mei,
492 2756 591 2819 tui,
623 2756 742 2821 sui;
769 2771 916 2820 metr,
953 2765 1083 2819 tute,
1109 2770 1256 2818 siue;
1292 2753 1448 2809 aliter
1471 2754 1687 2825 quidem
1719 2755 1841 2809 bre-

256 2849 362 2914 vis,
390 2855 455 2902 ut
502 2845 671 2910 illius,
704 2845 986 2911 nostratis;
1012 2844 1105 2900 ttbi
1150 2844 1443 2899 notandum
1472 2846 1615 2915 quod
1643 2846 1836 2916 geniti-

254 2954 356 2993 vus
378 2937 473 3008 qui
499 2936 556 2991 in
583 2937 667 2992 ius
708 2936 936 3003 desiuit,
983 2935 1098 2991 sive
1130 2934 1183 2990 in
1208 2937 1617 3006 pronominibus
1643 2937 1757 2993 sive
1785 2938 1838 2992 in

254 3028 607 3092 nominibus,
662 3026 1013 3099 penultimam
1063 3028 1083 3081 i
1132 3043 1347 3099 semper
1384 3037 1575 3084 natura
1623 3028 1838 3101 longam

254 3120 442 3186 habet.
485 3118 614 3177 licet
638 3133 759 3175 eam
786 3127 958 3189 poetae
983 3119 1179 3190 saepius
1216 3134 1316 3189 pro
1352 3118 1570 3175 licentia
1604 3119 1684 3176 eis
1713 3135 1841 3175 eon-

253 3225 409 3267 cessa
460 3209 796 3282 corripiant;
845 3211 1051 3282 absque
1086 3225 1195 3266 uno
1234 3210 1484 3277 alterius;
1530 3209 1672 3281 quod
1713 3209 1839 3280 quia

252 3300 432 3357 solum
461 3297 676 3369 duabus
711 3300 839 3356 vicit
865 3298 1085 3373 syllabis
1122 3299 1400 3370 proprium
1427 3298 1838 3366 nominativum,

253 3376 490 3461 corripit
516 3402 733 3459 semper
751 3387 1099 3461 penultimam
1124 3389 1177 3454 i;
1198 3389 1337 3444 alius
1374 3404 1590 3460 quoque
1628 3403 1842 3461 semper

256 3478 659 3552 ipenultimam
686 3481 939 3552 producit
961 3480 1017 3536 in
1041 3481 1188 3537 omni
1218 3498 1368 3537 casu.
1403 3481 1625 3537 Dativus
1656 3484 1844 3553 singu-

257 3562 391 3629 laris
425 3583 647 3643 semper
689 3570 1028 3642 producitur,
1071 3580 1133 3627 ut
1176 3582 1375 3637 nostra,
1421 3571 1522 3638 illi,
1570 3572 1697 3638 iure,
1746 3589 1842 3629 ex-

255 3663 433 3736 ceptis
468 3663 620 3729 mihi,
650 3662 766 3730 tibi,
807 3662 930 3728 sibi,
974 3678 1096 3734 quae
1142 3661 1513 3720 inditi‘erenter
1543 3675 1839 3735 ponuntur.

256 3751 360 3808 Cui
381 3767 604 3825 quoque
629 3760 688 3808 et
705 3753 850 3818 huic,
872 3759 927 3807 et
953 3752 1021 3818 ei,
1048 3752 1416 3823 monosyllaba
1456 3767 1578 3809 esse
1606 3753 1839 3809 Priscia-

258 3859 366 3902 nus
408 3832 609 3911 testis;
649 3852 706 3901 et
748 3844 992 3915 plerique
1035 3852 1317 3916 poetarum
1367 3846 1554 3900 metris
1591 3860 1841 3916 compro-

258 3933 510 4011 bant,ut
534 3930 792 4006 Virgilius
819 3934 871 3989 in
898 3949 951 3987 tv
976 3932 1269 3990 lEneidos:

720 4042 865 4111 leges
884 4042 1127 4102 dedimus,
1145 4043 1384 4094 connubia
1406 4052 1574 4096 nostra

255 4186 408 4243 Idem
444 4186 501 4242 in
533 4200 551 4240 ι
577 4184 880 4257 Georgicon
911 4202 927 4242 :
1153 4241 1155 4245 Α

386 4275 517 4327 Huic
538 4288 568 4327 s
585 4277 743 4340 stirpe
762 4276 917 4340 pedes
939 4285 1073 4328 temo
1093 4282 1353 4341 protentus
1371 4282 1417 4331 in
1449 4289 1594 4345 octo;

254 4369 314 4419 et
344 4361 552 4431 ubique
582 4362 686 4418 hoc
712 4369 909 4416 servat.
947 4361 1297 4417 Inveniuntur
1324 4371 1536 4430 tamen,
1567 4366 1660 4421 sed
1695 4382 1838 4432 raro,

256 4448 633 4523 pertliarcsiu
663 4449 952 4521 bissyllaba
984 4450 1144 4516 facta,
1172 4461 1225 4506 et
1250 4447 1482 4507 maxime
1503 4455 1571 4519 ei,
1599 4454 1821 4511 ditieren

260 4540 566 4616 timcausa,
601 4551 673 4592 ne
696 4538 998 4608 interjectio
1025 4553 1144 4594 esse
1171 4549 1407 4610 putetur.
1451 4542 1845 4615 Sciendumque

256 4629 412 4700 quod
428 4629 652 4700 quando
671 4629 856 4684 divisa:
878 4628 1102 4694 fuerint,
1133 4632 1480 4700 penultimam
1513 4634 1843 4705 corripiunt;

256 4720 306 4774 ei
336 4726 529 4774 autem
567 4719 718 4775 etsis
749 4734 848 4791 per
882 4720 1130 4776 diaeresin
1171 4723 1373 4778 divisas
1411 4739 1531 4781 esse
1570 4723 1844 4783 Iuvenalis

255 4810 511 4866 ostendit
526 4809 587 4865 in
610 4824 691 4865 v:

398 4898 580 4960 Implet
602 4909 655 4950 et
676 4901 738 4950 ad
760 4901 975 4952 mtrcbos
1003 4901 1087 4950 dat
1111 4901 1298 4952 eisdem
1318 4901 1451 4954 ferre
1468 4904 1688 4956 cicadis.

259 4979 563 5038 Statilium
590 4980 898 5052 isyllabam
932 4984 1053 5037 huic
1086 4983 1278 5039 dividit
1307 5003 1321 5039 :

396 5069 573 5123 Falsus
593 5072 907 5136 buicpinss
930 5080 981 5124 et
1005 5086 1186 5124 eoi-tun
1210 5088 1407 5127 sumere
1428 5083 1590 5128 tetra.

258 5153 589 5211 tuendam:

401 5243 564 5295 latus
584 5243 701 5297 huic
718 5244 849 5295 dono
866 5244 1034 5296 videas
1060 5245 1178 5296 dare
1191 5245 1300 5308 jura
1321 5257 1542 5310 epotes.

262 5325 374 5382 Cui
403 5340 621 5396 quoque
677 5327 733 5383 in
760 5326 1031 5383 ambabus
1066 5328 1290 5399 syllabis
1313 5330 1543 5401 corripit
1571 5328 1850 5389 Terentia-

265 5432 377 5472 nus
400 5418 467 5472 de
494 5415 752 5474 Litteris:

402 5510 587 5560 \‘erum
612 5519 666 5560 ut
695 5512 877 5575 cuique
902 5518 981 5564 est
1003 5512 1289 5575 prosumiae
1311 5513 1429 5564 locis
1449 5515 1601 5580 cliti;

268 5594 425 5650 Idem
452 5593 509 5648 in
538 5594 726 5650 eodem
754 5613 769 5650 :
1687 5601 1691 5604 ’

402 5684 474 5736 Es
498 5684 676 5737 ordine
696 5683 890 5750 fulgens
910 5688 991 5739 cui
1015 5687 1099 5740 dat
1117 5699 1294 5741 nomen
1319 5690 1570 5756 Syuopes,

1944 669 2018 723 cis
2040 686 2092 734 o,
2114 677 2251 734 true,
2290 669 2407 735 riri,
2433 678 2566 723 troc.
2585 668 2844 741 [spend].
2863 669 2992 723 Item
3018 687 3031 724 :
3059 686 3124 723 ea:
3147 671 3348 737 ordine,
3371 673 3480 727 ion.
3503 690 3519 739 ;

1945 758 2148 828 fulgens
2169 760 2276 825 cui,
2309 760 2452 825 ion.;
2487 760 2580 813 dat
2608 775 2707 823 no;
2740 768 2872 815 troc.
2899 776 2913 824 ;
2957 778 3075 814 men
3105 761 3200 831 Sy,
3232 770 3399 829 troc.;
3430 779 3524 817 no-

1941 866 2050 919 pes,
2079 858 2214 907 troc.
2244 851 2600 907 Accusativus
2638 852 2923 922 singularis
2969 867 3182 922 semper
3208 855 3521 923 corripitur,

1944 949 2004 995 ut
2021 940 2771 1011 illum,illam,illud,excepto
2788 957 2910 994 cum
2931 955 2960 994 e
2974 941 3150 994 littera
3170 951 3519 1005 terminatur,

1940 1041 1998 1088 et
2019 1033 2288 1103 positione
2321 1034 2658 1103 producitur,
2691 1041 2752 1089 ιιι
2778 1036 2918 1087 [tunc
2943 1041 2999 1088 et
3045 1032 3203 1099 Itane,
3233 1034 3315 1087 vel
3342 1049 3467 1088 cum
3490 1051 3523 1093 α

1942 1114 2099 1188 longa
2136 1116 2339 1180 linitur,
2364 1127 2424 1171 ut
2456 1135 2560 1182 me,
2588 1128 2660 1183 te,
2685 1134 2760 1172 se.
2794 1117 3083 1172 Vocativus
3110 1118 3324 1186 quidem
3358 1134 3523 1190 regu-

1941 1205 2046 1261 lam
2077 1207 2161 1263 sui
2209 1209 2457 1278 sequitur
2485 1209 2822 1274 nominativi,
2868 1219 2929 1263 ιιι
2956 1219 3034 1273 tu,
3066 1226 3098 1263 o
3134 1219 3212 1263 tu.
3271 1210 3421 1265 Licet
3465 1212 3521 1267 in

1940 1313 2001 1352 us
2022 1298 2381 1354 desinentium
2406 1300 2783 1369 pronominum
2812 1315 2908 1355 seu
2940 1301 3217 1355 nominum
3243 1303 3523 1358 vocativus

1939 1388 1993 1443 in
2023 1405 2051 1443 e
2079 1388 2332 1457 ﬁniatur;
2366 1400 2546 1447 tamen
2574 1393 2819 1448 eamdem
2850 1401 3155 1463 correptam
3196 1393 3381 1449 habet.
3411 1393 3522 1450 No-

1939 1479 2160 1536 tandum
2189 1482 2332 1551 quod
2381 1498 2548 1548 meus,
2579 1497 2703 1538 cum
2749 1484 3046 1539 secundum
3082 1486 3321 1555 regulam
3364 1501 3523 1542 voca-

1939 1572 2108 1627 tivum
2140 1573 2330 1630 debuit
2377 1573 2579 1641 l'acere,
2627 1593 2659 1631 o
2708 1594 2849 1640 uice,
2886 1579 3169 1648 euphonia:
3194 1594 3355 1635 causa
3388 1581 3523 1636 duas

1938 1677 1965 1714 e
1998 1661 2189 1718 breves
2216 1663 2269 1717 in
2296 1665 2314 1717 i
2340 1664 2497 1733 longa
2523 1667 2810 1721 convertit.
2840 1668 3123 1723 Terentius
3148 1669 3202 1723 in
3231 1667 3520 1741 Adelphis:

2191 1774 2233 1826 0
2263 1776 2329 1824 mi
2360 1774 2608 1839 discitine,
2631 1790 2662 1827 ο
2689 1780 2751 1827 mi
2775 1790 3036 1842 germane;

1942 1888 2043 1928 nec
2072 1874 2192 1931 ideo
2218 1877 2594 1932 aestimandum
2622 1889 2707 1935 est
2743 1896 2773 1934 o
2803 1897 3097 1951 pronomen
3129 1898 3249 1939 esse
3277 1884 3400 1955 quia
3427 1900 3523 1940 no-

1940 1964 2072 2019 mini
2107 1966 2190 2020 vel
2238 1969 2542 2037 pronomini
2595 1971 2649 2024 in
2687 1973 2933 2027 vocativo
2982 1988 3111 2027 casu
3148 1974 3264 2029 vice
3307 1975 3519 2030 articuli

1940 2055 2200 2128 fungitur,
2230 2073 2354 2113 cum
2399 2059 2515 2116 sine
2542 2060 2703 2117 dubio
2749 2061 3061 2117 adverbium
3092 2072 3178 2120 est
3204 2066 3429 2120 vocandi
3466 2076 3523 2122 et

1938 2147 2157 2217 optandi
2187 2165 2200 2202 :
2228 2157 2313 2204 est
2355 2149 2522 2204 etiam
2567 2161 2623 2206 et
2650 2150 2957 2221 interjectio
2987 2152 3241 2219 dolentis,
3290 2170 3389 2209 nec
3414 2155 3516 2210 ali-

1939 2237 2067 2308 quid
2096 2238 2323 2295 interest
2363 2240 2506 2296 inter
2547 2258 2578 2296 o
2620 2241 2722 2297 hoc
2749 2242 3056 2297 vocativum
3086 2251 3141 2299 et
3167 2244 3329 2309 heus;
3383 2261 3517 2315 quo-

1941 2327 2100 2381 tnodo
2146 2328 2288 2384 enim
2339 2329 2591 2397 dicimus,
2633 2331 2759 2387 Iteus
2793 2333 3044 2403 juvenes;
3072 2334 3171 2399 sic,
3208 2351 3237 2389 ο
3287 2336 3516 2401 iuvenes.

1939 2417 2217 2475 Ablativus
2263 2421 2550 2492 singularis
2609 2437 2821 2493 semper
2860 2426 3206 2494 producitur,
3237 2434 3296 2480 ιιι
3337 2444 3368 2480 a
3402 2443 3517 2489 me,

1940 2509 2005 2562 ab
2033 2509 2142 2574 illo,
2175 2513 2416 2583 exceptis
2458 2513 2545 2568 bis
2574 2514 2783 2570 duobus
2814 2531 2933 2586 qua:
2969 2518 3185 2572 tertiam
3221 2527 3522 2589 sequuntur

1941 2595 2379 2667 declinationem,
2427 2609 2488 2657 ut
2537 2603 2602 2657 ab
2635 2604 2732 2658 hoc
2758 2603 2841 2659 vel
2868 2605 2968 2659 hac
2997 2606 3079 2661 vel
3121 2607 3219 2662 hoc
3257 2618 3521 2672 nostrate,

1938 2701 2178 2748 restrate.
2231 2692 2625 2763 Nominativus,
2654 2706 2708 2751 et
2736 2698 3099 2763 accusativus,
3150 2709 3206 2754 et
3244 2688 3529 2761 vocativus

1938 2783 2162 2854 pluralis
2187 2793 2314 2841 tunc
2343 2794 2552 2842 tantum
2576 2787 2962 2857 corripiuntur,
2992 2805 3114 2845 cum
3137 2808 3169 2844 α
3196 2789 3395 2847 fuerint
3422 2803 3535 2848 ter-

1940 2874 2152 2940 minati,
2180 2884 2242 2930 ut
2294 2876 2408 2942 illa,
2460 2888 2659 2934 nostra.
2707 2875 2995 2935 Genitivus
3036 2879 3261 2950 pluralis
3308 2896 3525 2952 semper

1942 2964 2253 3035 corripitur,
2284 2975 2345 3022 ut
2374 2977 2692 3034 nostrorum,
2725 2978 3032 3035 vestrorum,
3064 2968 3301 3037 illorum,
3326 2981 3526 3027 nostro-

1944 3070 2081 3121 rum,
2112 3056 2218 3111 nisi
2246 3073 2369 3113 cum
2397 3059 2418 3112 i
2443 3058 2515 3114 sit
2544 3061 2886 3127 terminatus,
2913 3066 2975 3117 ut
3002 3062 3187 3117 nostri.
3228 3061 3452 3137 Dptivus
3467 3072 3526 3123 et

1944 3144 2235 3214 ablativus,
2283 3148 2328 3204 si
2381 3149 2427 3204 is
2467 3150 2845 3216 terminantur,
2878 3150 3019 3222 longi
3071 3158 3219 3217 sunt,
3267 3160 3328 3207 ut
3371 3155 3523 3220 meis,

1941 3236 2067 3303 tuis,
2095 3237 2222 3305 illis,
2251 3239 2393 3295 vobis
2418 3257 2438 3306 ;
2466 3240 2509 3295 si
2544 3240 2659 3307 bus,
2693 3242 2883 3297 breves
2910 3252 3055 3307 sunt,
3087 3250 3146 3296 ut
3177 3242 3367 3316 quibus
3390 3284 3406 3311 ,
3432 3261 3526 3302 ιιυο

1941 3328 2216 3397 stratibus,
2246 3332 2573 3395 vestratibus,
2605 3348 2725 3404 qua:
2749 3333 2911 3390 etiam
2944 3342 2999 3389 et
3024 3333 3376 3405 penultimam
3401 3352 3524 3394 cor-

1943 3416 2165 3487 ripiunt,
2197 3428 2256 3474 ut
2280 3421 2425 3492 Virg.
2462 3421 2514 3476 in
2542 3421 2725 3494 ecloga
2762 3438 2815 3477 vt
2844 3440 2859 3477 :

2069 3509 2175 3567 Quo
2199 3523 2345 3561 cursu
2364 3513 2563 3562 deserta
2587 3514 2836 3575 petiverit,
2859 3520 2913 3565 et
2932 3515 3109 3576 quibus
3124 3521 3259 3567 ante.

2013 3594 2313 3650 Verborum
2343 3596 2523 3665 itaque
2548 3612 2670 3651 eum
2701 3596 2975 3666 multiplex
3001 3597 3053 3653 in
3084 3598 3452 3655 accidentibus
3471 3605 3525 3654 et

1943 3686 2092 3740 varia
2121 3684 2192 3741 sit
2220 3686 2287 3741 de
2313 3687 2481 3742 verbo
2504 3686 2709 3757 regula,
2759 3701 2823 3741 ea
2853 3695 3033 3742 tamen
3075 3703 3196 3757 quze
3225 3687 3292 3742 ad
3326 3688 3524 3745 utilita-

1945 3786 2051 3832 tem
2076 3778 2315 3833 metricae
2338 3777 2472 3833 artis
2509 3778 2786 3849 pertinent
2830 3777 2969 3833 sicut
3010 3793 3041 3832 a
3070 3777 3343 3847 magistris
3370 3778 3530 3836 nobis

1944 3868 2144 3922 tradita
2174 3868 2313 3932 sint,
2363 3867 2448 3923 vel
2478 3876 2740 3936 quantum
2769 3868 2870 3940 ipsi
2920 3867 3246 3941 investigare
3273 3882 3372 3937 pro
3402 3883 3520 3921 mu-

1946 3958 2070 4014 dulo
2105 3957 2357 4028 ingenioli
2423 3958 2592 4013 nostri
2648 3959 2941 4028 potuimus,
2991 3958 3185 4022 Lucili,
3232 3972 3522 4028 puerorum

1944 4048 2271 4113 dulcissime,
2310 4049 2413 4103 hoc
2458 4048 2510 4101 in
2536 4047 2653 4103 loco
2681 4049 2776 4103 tibi
2804 4063 2947 4102 nunc
2990 4047 3229 4102 scribere
3255 4036 3526 4116 disponet

1945 4138 2020 4192 ita
2054 4147 2113 4193 ut
2149 4154 2253 4192 non
2282 4138 2453 4192 solum
2489 4137 2798 4191 ultimarum
2830 4137 3178 4208 syllabarum,
3209 4135 3320 4190 imo
3355 4135 3520 4190 etiam

1943 4231 2362 4304 peuultimarum
2411 4238 2573 4300 atque
2600 4238 2726 4285 ante
2764 4229 3182 4300 peuultimarum
3213 4227 3521 4309 rationem,

1945 4338 2065 4394 quae
2099 4338 2205 4377 non
2262 4322 2443 4377 minus
2488 4320 2614 4376 sciri
2656 4321 2830 4390 poetis
2861 4319 3168 4375 necessaria
3200 4327 3313 4384 est,
3360 4333 3523 4390 quam

1823 4408 1923 4502 ξι)
1947 4414 2222 4474 nominaui
2252 4415 2434 4487 (prout
2480 4413 2719 4469 brevitas
2765 4412 3008 4485 Opusculi
3053 4426 3153 4469 nos
3190 4408 3339 4483 sinit)
3386 4408 3525 4480 stylu

1947 4517 2201 4563 currente
2248 4506 2553 4578 diligentius
2600 4506 2849 4560 intimare
2895 4519 3164 4560 curemus.
3204 4502 3283 4558 Tu
3323 4517 3453 4573 ergo
3478 4501 3522 4557 si

1946 4599 2091 4654 enim
2118 4597 2321 4671 [modo]
2354 4597 2553 4653 velocis
2580 4611 2639 4652 es
2684 4596 2906 4668 ingenii,
2947 4595 3153 4667 reliqua
3183 4595 3363 4650 omnia
3396 4602 3524 4649 tunc

1950 4690 2163 4746 facilius
2188 4691 2454 4761 conjicere
2483 4689 2708 4759 poteris,
2739 4689 2783 4743 si
2812 4689 2915 4743 ista
2953 4688 3213 4743 intentius
3247 4686 3527 4759 percipere

1951 4780 2113 4835 modo
2137 4780 2428 4836 studueris.
2464 4779 2522 4832 In
2550 4777 2731 4833 verbis
2756 4777 2917 4847 igitur
2947 4777 3201 4832 omnibus
3241 4776 3356 4830 haec
3378 4775 3432 4829 in
3467 4774 3524 4827 ii-

1953 4871 2164 4928 nalibus
2188 4871 2408 4944 syllabis
2438 4870 2753 4928 breviautur
2783 4884 2798 4923 :
2826 4886 2877 4935 o,
2909 4878 2969 4925 ut
2995 4885 3139 4933 amo,
3166 4867 3346 4930 doceo,
3367 4881 3524 4935 pono,

1951 4964 2145 5026 muria,
2176 4964 2393 5028 amabo,
2443 4962 2657 5025 docebo,
2704 4960 2846 5033 quod
2891 4968 3070 5015 tamen
3111 4955 3406 5011 auctoritas
3436 4969 3526 5006 va-

1952 5053 2088 5118 riet;
2123 5069 2198 5118 ιιι,
2225 5064 2286 5108 ιιι
2313 5052 2580 5116 amabam,
2607 5052 2908 5112 docuerant,
2940 5063 3127 5119 ponam
3143 5062 3163 5110 ;
3193 5061 3239 5109 r,
3266 5052 3323 5098 ut
3356 5059 3521 5106 atnor,

1950 5144 2193 5208 docebar,
2224 5158 2463 5213 pancrer,
2508 5142 2747 5202 uutriar;
2779 5149 2820 5203 t,
2874 5146 2934 5191 ut
2962 5143 3122 5197 amat,
3155 5132 3389 5196 docebat,
3426 5148 3522 5199 po-

1951 5242 2148 5297 suerat,
2195 5234 2456 5295 nutriret;
2493 5248 2577 5295 us,
2609 5241 2665 5284 ut
2704 5244 2965 5290 amamus,
3008 5225 3287 5287 docemus;
3340 5239 3421 5286 re,
3468 5233 3523 5276 ut

1955 5339 2170 5386 amare;
2198 5334 2266 5386 te,
2298 5330 2359 5377 ut
2386 5322 2597 5387 docete;
2622 5322 2711 5385 tis,
2739 5330 2795 5375 ut
2826 5318 3055 5390 ponitis;
3084 5317 3202 5380 stis,
3246 5322 3304 5367 ut
3332 5313 3528 5366 amavi-

1953 5414 2081 5479 stis;
2109 5413 2203 5477 ris,
2232 5418 2292 5465 ut
2316 5411 2538 5475 deceris,
2565 5409 2875 5480 ponebaris;
2904 5424 2975 5470 se,
3003 5413 3061 5461 ut
3087 5404 3380 5460 nutrivisse.
3404 5399 3528 5456 Pro-

1954 5504 2227 5559 ducuntur
2237 5509 2415 5556 autem
2429 5516 2482 5566 a,
2498 5507 2557 5555 ut
2571 5514 2691 5554 ama
2706 5514 2727 5564 ;
2740 5514 2787 5564 e,
2806 5512 2926 5552 cum
2949 5498 3003 5551 in
3019 5494 3267 5552 secundm
3279 5488 3531 5563 coniuga-

1955 5592 2121 5650 tionis
2173 5590 2490 5663 imperativo
2524 5590 2605 5657 ilt,
2660 5596 2722 5644 ιιι
2747 5588 2906 5652 doce;
2952 5587 2995 5654 i,
3039 5593 3099 5642 ut
3147 5584 3308 5650 nutri,
3335 5580 3528 5646 amavi,

1957 5685 2220 5753 amovisti,
2249 5682 2446 5751 doceri,
2475 5698 2509 5736 ιι
2553 5688 2611 5737 ιιι
2635 5688 2847 5746 amata;
2888 5695 2939 5748 c,
2974 5686 3033 5732 ιιι
3082 5676 3188 5746 fac,
3217 5675 3302 5730 dic
3324 5690 3342 5740 ;
3365 5691 3445 5734 as.
3472 5678 3531 5727 ιιι
