3950 6192
392 323 497 380 647

1033 331 1094 386 Β.
1135 329 1389 387 RABANI
1425 326 1646 385 MAURI
1678 323 1991 383 ARCHIEP.

2095 322 2343 382 DGUN'I‘.
2383 318 2665 380 OPERUK
2698 318 2879 375 PARS
2914 318 2998 375 Ill.

3545 320 3658 378 618

401 464 572 512 uiuas.
595 446 842 512 docebas,
868 460 1153 516 posueras;
1186 459 1263 511 es,
1293 451 1354 498 ut
1395 441 1573 508 doces,
1605 456 1831 505 amares,
1877 455 1973 509 ρο-
2003 444 2055 502 Α
2078 453 2345 504 amemus,
2397 438 2610 500 ametis,
2676 444 2871 489 ament.
2934 435 3062 492 llaec
3130 452 3345 508 quoque
3402 438 3662 495 similiter

402 541 631 604 saisses;
657 546 676 591 t
707 544 906 599 autem,
936 549 1063 591 cum
1084 534 1140 590 in
1164 533 1323 589 tertia
1350 547 1580 604 persona
1606 529 1800 600 plurali
1828 528 1870 593 ι,
1890 529 1979 584 vel

404 647 460 693 n,
486 627 637 690 vels,
667 624 749 681 vel
784 642 809 678 r
832 633 959 680 ante
984 639 1045 681 se
1069 624 1250 689 habet,
1274 623 1533 695 syllabam
1567 620 1700 676 facit
1716 620 1980 691 positione

404 718 638 789 longam,
666 724 726 769 ut
749 723 946 780 amant,
979 713 1255 779 docebant,
1282 720 1554 784 ponerent,
1576 710 1878 772 nutriet-int,
1923 715 1981 764 et

404 810 529 871 vult,
586 807 709 876 fert,
759 814 856 860 est.
905 804 1145 874 Denique
1186 802 1605 875 penultimarum
1633 807 1799 871 atque
1827 806 1982 855 ante-

404 898 823 970 penultimarum
874 894 1069 950 notitia
1128 908 1162 948 a
1221 902 1455 965 quatuor
1510 889 1982 962 coniugationibus

406 993 639 1047 maxime
653 989 964 1061 percipitur,
983 989 1109 1060 quia
1123 988 1307 1045 omnia
1326 988 1495 1045 verba
1529 1002 1650 1059 quae
1686 986 1981 1043 secundum

405 1080 703 1151 analogiam
715 1077 1074 1145 declinantur,
1087 1088 1321 1148 quatuor
1340 1076 1747 1148 coniugationes
1757 1076 1977 1131 habent.

474 1170 654 1224 Prima
704 1169 868 1240 igitur
916 1177 1004 1226 est
1054 1166 1384 1239 coniugatio,
1413 1181 1536 1238 qua
1581 1166 1638 1222 in
1690 1165 1982 1222 indicativo

407 1263 587 1326 tundo,
619 1248 846 1316 numero
870 1259 1154 1331 singulari,
1175 1267 1420 1329 tempore
1444 1257 1720 1329 presenti,
1743 1254 1981 1313 secunda

406 1368 654 1422 persona,
704 1351 873 1408 verbo
912 1351 1092 1407 activo
1117 1360 1178 1406 et
1205 1349 1437 1405 neutrali
1481 1348 1541 1404 in
1578 1363 1641 1403 ss
1663 1348 1983 1419 productam

407 1442 624 1503 dos-init.
653 1440 960 1499 Secundum
987 1440 1207 1511 quidem
1226 1438 1648 1495 declinationem
1674 1453 1835 1509 quam
1867 1438 1982 1508 ipsa

408 1532 572 1589 habet
600 1532 655 1587 in
698 1530 971 1600 presenti,
990 1530 1244 1585 omnium
1273 1526 1712 1600 coniugationum
1740 1527 1985 1599 pateri-

416 1632 526 1679 tum
557 1620 931 1691 imperfectum
965 1627 1021 1677 et
1048 1619 1331 1690 plusquam
1371 1619 1669 1691 perfectum
1696 1620 1752 1675 in
1781 1620 1986 1677 indica-

413 1712 545 1776 tivo,
576 1723 674 1764 nec
718 1724 826 1765 non
852 1709 1102 1765 secundm
1126 1717 1184 1764 et
1209 1709 1381 1765 tertiae
1406 1716 1463 1764 et
1501 1717 1710 1779 quarta:
1734 1707 1986 1780 conjuge-

2076 527 2221 583 sicut
2243 527 2521 598 superiora
2542 525 2892 597 penultimam
2916 543 2944 581 e
2963 527 3152 598 primm
3172 542 3235 583 ac
3259 530 3508 584 secundm
3528 545 3664 600 per-

2078 632 2226 674 conm
2256 617 2482 688 pluralis
2525 618 2592 672 ad
2623 616 2851 673 formam
2897 619 3182 689 praesentis
3231 622 3487 691 temporis
3530 637 3666 692 pro-

2078 707 2300 764 ducunt.
2317 706 2583 763 Similiter
2593 715 2651 763 et
2670 708 2724 763 in
2744 708 2960 779 passivo
2978 708 3165 764 eadem
3187 719 3425 781 tempora
3450 712 3665 782 absque

2077 795 2356 865 prater-ito
2398 794 2640 867 perfecto
2681 805 2738 852 et
2774 794 3059 867 plusquam
3104 798 3342 868 perfecto
3370 802 3666 869 prmsentis

2080 884 2339 957 temporis
2381 884 2797 941 declinationem
2841 886 3123 943 imitantur
3149 896 3209 942 ut
3245 888 3464 955 dot-eris,
3497 892 3665 945 doce-

2079 985 2188 1044 tur,
2217 976 2484 1044 docanstr,
2513 977 2789 1045 docemini,
2818 977 3104 1048 docentur;
3134 997 3360 1048 amarer,
3395 983 3545 1048 reris,
3573 1000 3670 1037 re~

2081 1076 2189 1133 tur,
2211 1081 2407 1132 remur,
2435 1067 2642 1133 nmini,
2672 1078 2887 1134 rentur;
2916 1068 3147 1134 docercr,
3176 1069 3453 1135 docereris,
3492 1084 3663 1135 retur,

2080 1173 2275 1221 runtur,
2304 1158 2511 1223 semini,
2554 1167 3026 1230 rentur;ponerer,
3059 1160 3210 1225 reris,
3251 1171 3412 1227 retur,
3458 1179 3665 1227 remur,

2080 1251 2515 1316 remininuntur;
2532 1251 2772 1316 nutriter,
2798 1253 2949 1318 reris,
2989 1262 3152 1317 retur,
3190 1266 3385 1319 remur,
3431 1256 3626 1307 remitti
3648 1296 3669 1321 ,

2062 1348 2296 1403 .mtur;
2341 1352 2522 1404 amor,
2570 1338 2762 1406 meris,
2807 1350 3029 1406 antetur,
3076 1356 3330 1406 amemur,
3371 1340 3628 1395 σηιεηὲἰηὶ
3652 1383 3671 1407 ,

2082 1438 2343 1483 Mur.
2361 1428 2429 1482 Et
2440 1429 2544 1484 ista
2566 1429 2785 1500 quidem
2810 1430 2865 1485 in
2891 1432 3125 1487 secunda
3156 1441 3211 1487 et
3235 1434 3392 1487 tertia
3420 1448 3666 1504 persona

2083 1516 2370 1588 singulari,
2392 1518 2633 1588 etprima
2656 1531 2722 1573 ae
2746 1520 2907 1574 tertia
2934 1520 3128 1592 plurali
3156 1522 3507 1592 penultimam
3536 1521 3666 1579 lon-

2084 1622 2209 1678 gam
2236 1609 2506 1666 habentet
2533 1612 3008 1681 antepenultimam
3035 1613 3088 1668 in
3113 1614 3347 1669 secunda
3368 1614 3580 1686 plurali.

2155 1700 2337 1756 Tertia
2368 1700 2678 1772 coniugatio
2703 1710 2785 1758 est
2809 1716 2931 1773 qua:
2972 1703 3026 1757 in
3060 1704 3292 1760 secunda
3321 1720 3547 1775 persona
3573 1706 3674 1760 in-

413 1799 575 1854 tionis
617 1800 913 1869 Optativum
958 1797 1199 1855 futurum
1239 1806 1295 1854 et
1317 1813 1556 1870 praeces
1583 1797 1981 1868 suliunctivum
2008 1789 2058 1849 Β
2084 1789 2305 1846 dicativi
2328 1790 2492 1858 modi,
2517 1793 2774 1862 temporis
2790 1794 3091 1862 praemis.
3119 1794 3405 1866 Singlllal'is
3423 1798 3670 1862 numeri.

411 1888 787 1953 declinantur,
847 1896 906 1942 ut
954 1903 1141 1953 amas,
1208 1896 1384 1952 amat,
1440 1903 1705 1953 amamus,
1761 1887 1982 1955 amatis,

410 1987 625 2044 amant;
655 1976 915 2043 amabam,
947 1976 1182 2044 amabas,
1214 1975 1447 2043 amabat,
1475 1978 1801 2044 amabamus,
1832 1994 1985 2032 ama-

410 2071 567 2137 batis,
617 2069 896 2134 amabant;
932 2065 1198 2133 docebam,
1249 2066 1362 2133 bas,
1415 2066 1527 2133 bat,
1580 2067 1786 2134 bamus,
1826 2067 1983 2134 batis,

408 2164 531 2217 bant
544 2177 564 2228 ;
578 2160 846 2232 ponebam,
865 2158 973 2225 bas,
990 2158 1098 2225 bat,
1113 2156 1317 2222 bamus,
1336 2158 1490 2225 batis,
1504 2158 1622 2213 bant
1636 2174 1658 2224 ;
1672 2157 1985 2225 nutriebant,

407 2254 519 2319 bas,
574 2253 683 2319 bat,
728 2252 931 2317 bamus,
965 2250 1117 2318 batis,
1147 2248 1309 2316 bant;
1340 2265 1660 2317 amaveram,
1688 2264 1984 2316 amaueras,

410 2354 700 2411 amaverat,
732 2357 1117 2408 amaveramus,
1159 2340 1490 2405 amareratis,
1522 2349 1858 2406 amaverant;
1887 2340 1985 2395 do-

411 2450 641 2500 cuerant,
677 2449 785 2499 ras,
815 2442 917 2499 rat,
952 2448 1149 2498 ramus,
1184 2431 1336 2497 ratis,
1372 2441 1526 2497 rant;
1554 2446 1852 2501 posueram,
1874 2445 1984 2499 ras,

412 2534 517 2587 rut,
555 2536 753 2585 ramus,
777 2522 929 2586 ratis,
952 2530 1110 2587 rant;
1140 2520 1477 2587 nutriveram,
1506 2537 1617 2587 ras,
1648 2530 1753 2588 rat,
1786 2537 1983 2588 ramus,

412 2612 564 2675 ratis,
590 2620 743 2676 rant;
770 2608 1007 2676 doceam,
1036 2610 1247 2678 doceas,
1294 2609 1500 2678 doceat,
1540 2612 1855 2680 doceamus,
1892 2612 1989 2669 ds-

408 2700 592 2767 reatis,
622 2699 873 2767 doceam;
924 2716 1149 2771 ponam,
1206 2717 1322 2767 nas,
1372 2712 1497 2769 nat,
1550 2719 1758 2771 namus,
1815 2706 1986 2773 natis,

415 2798 575 2856 nant;
604 2790 853 2856 nutriant,
878 2805 959 2855 as,
989 2796 1066 2857 at,
1095 2806 1261 2855 amus,
1295 2790 1419 2858 atis,
1446 2802 1571 2854 ant;
1600 2802 1655 2849 ct
1691 2793 1761 2849 ob
1790 2794 1846 2851 id
1871 2794 1989 2853 lucc

414 2880 594 2936 omnia
630 2879 980 2950 peuultimam
1028 2898 1059 2934 a
1107 2881 1159 2935 in
1202 2881 1378 2959 prima
1418 2897 1483 2937 ac
1512 2883 1749 2941 secunda
1795 2883 1987 2956 plurali

415 2970 736 3041 [noducunL
767 2968 1026 3025 Similiter
1052 2978 1108 3025 et
1132 2972 1185 3026 in
1215 2972 1379 3028 verbo
1407 2974 1621 3044 passivo
1652 2973 1769 3030 haec
1797 2976 1987 3031 eadem

415 3071 658 3132 tempora
702 3061 907 3131 absque
950 3062 1223 3131 prmterito
1247 3062 1531 3135 plusquam
1570 3064 1815 3136 perfecto
1850 3080 1987 3138 pra:-

413 3151 588 3207 scntis
621 3151 879 3223 temporis
909 3152 1325 3209 declinationem
1373 3168 1693 3228 sequuntur,
1744 3169 1806 3216 ut
1840 3136 1990 3216 ἀεκα-
2014 3136 2059 3201 C

413 3243 507 3309 ris,
541 3254 776 3308 amatur,
806 3259 1066 3311 amamur,
1093 3246 1376 3316 amamini,
1409 3260 1697 3318 amantur;
1738 3252 1986 3320 amabat,

413 3336 577 3402 buris,
600 3334 774 3402 batur,
799 3337 1002 3406 bamur,
1028 3340 1244 3410 bantini,
1269 3339 1494 3410 bantur;
1516 3344 1802 3413 nutriebar,
1825 3346 1988 3414 buris,

414 3428 588 3493 batur,
618 3428 824 3498 bantur,
860 3430 1075 3501 bantini,
1104 3433 1327 3503 bantur;
1357 3437 1602 3506 docebar,
1622 3437 1787 3505 boris,
1814 3438 1988 3504 batur,

414 3520 620 3591 bantur,
658 3523 877 3594 bamini,
909 3525 1137 3595 bantur;
1184 3528 1439 3603 ponebar,
1467 3529 1632 3597 buris,
1679 3530 1856 3598 batur,
1900 3530 1993 3584 ba.

415 3631 562 3680 mur,
622 3615 840 3686 bantini,
870 3617 1091 3687 bantur;
1149 3621 1370 3687 docear,
1419 3623 1556 3688 aris,
1614 3632 1764 3689 amr,
1816 3637 1990 3688 amur,

418 3705 607 3778 nmini,
638 3717 833 3775 antur;
862 3724 1051 3779 ponar,
1083 3710 1179 3775 ris,
1206 3719 1349 3776 atur,
1382 3727 1554 3775 amur,
1586 3711 1777 3777 nmini,
1797 3720 1992 3777 antur;

421 3799 647 3866 nutriar,
681 3797 810 3866 aris,
842 3807 982 3863 atur,
1021 3815 1194 3866 antur,
1242 3800 1429 3867 omini,
1457 3810 1659 3856 antur:
1691 3812 1748 3856 et
1782 3799 1853 3855 ob
1889 3801 1995 3859 hoc

421 3889 534 3965 ipsa
561 3904 775 3966 quoque
804 3888 1151 3961 penultimam
1178 3891 1426 3947 secunda:
1452 3906 1697 3962 persona:
1723 3901 1775 3946 et
1823 3890 1996 3946 tertias

424 3980 729 4055 singularis,
759 3995 857 4036 nec
886 3995 993 4037 non
1019 3989 1073 4037 et
1097 3982 1284 4055 prima:
1313 3997 1379 4039 ac
1398 3982 1572 4038 tertia:
1601 3981 1845 4053 pluralis,
1871 3996 1996 4052 pro-

426 4071 643 4129 ductam
668 4071 889 4137 habent,
916 4080 971 4127 et
1007 4070 1294 4128 secundam
1323 4087 1610 4144 personam
1648 4072 1913 4143 pluralem
1940 4072 1997 4129 in

422 4160 847 4232 antepenultima
875 4160 1196 4232 producunt.

499 4253 744 4311 Secunda
781 4267 907 4324 ergo
954 4259 1039 4307 est
1090 4247 1393 4322 conjugatio
1432 4265 1553 4322 qua:
1598 4252 1656 4309 in
1702 4251 2001 4311 indicativo

435 4343 595 4400 modo
631 4358 855 4397 numero
880 4340 1162 4415 singulari,
1198 4341 1250 4395 in
1278 4342 1441 4396 stanti
1473 4353 1731 4414 tempore,
1763 4345 1998 4401 secunda

429 4447 681 4506 persona,
711 4446 905 4504 genere
945 4430 1118 4485 activo
1144 4438 1197 4484 ct
1222 4431 1450 4486 neutrali
1477 4447 1530 4486 es
1575 4432 1631 4487 in
1662 4431 1769 4489 line
1797 4432 1997 4503 produ-

2084 1879 2475 1950 siguitieatione
2502 1880 2677 1938 activa
2702 1894 2759 1937 et
2784 1882 3016 1938 neutrali
3064 1884 3109 1939 is
3154 1885 3370 1941 ﬁnalem
3410 1888 3669 1958 corripit.

2082 1972 2166 2027 Ad
2192 1970 2353 2043 hujus
2378 1972 2785 2029 similitudinem
2814 1974 3152 2030 declinantur
3193 1974 3431 2031 futurum
3458 1976 3676 2031 indica-

2088 2064 2181 2119 tivi
2210 2064 2382 2135 prima
2403 2072 2460 2121 et
2474 2064 2710 2120 secunda
2730 2064 3119 2137 coniugatione,
3146 2082 3247 2123 nec
3271 2084 3377 2123 non
3393 2076 3448 2123 et
3465 2078 3672 2138 quarta

2086 2154 2143 2209 in
2152 2153 2428 2237 bisverbis
2442 2169 2564 2225 qua:
2583 2154 2637 2209 in
2655 2154 2828 2226 prima
2841 2170 3068 2225 persona
3086 2158 3370 2226 prasentis
3403 2159 3677 2228 temporis

2087 2246 2143 2301 in
2161 2261 2222 2300 eo
2235 2245 2506 2301 desinunt.
2531 2244 2661 2299 item
2678 2244 3002 2315 subjunctivi
3018 2247 3347 2316 prmteritum
3361 2248 3603 2318 perfectu
3612 2266 3679 2307 ni

2086 2335 2519 2407 atquel'utumm,
2538 2345 2599 2393 ut
2622 2353 2781 2407 pono,
2797 2339 2968 2409 ponis,
2990 2340 3154 2410 ponit,
3169 2339 3430 2410 ponimus,
3443 2344 3673 2412 ponitis,

2084 2438 2308 2501 ponunt;
2336 2429 2542 2495 amabo,
2558 2429 2653 2489 bis.
2672 2429 2763 2496 bit,
2782 2430 2972 2496 bimus,
2990 2429 3130 2497 bitis,
3149 2431 3307 2498 bunt;
3327 2432 3542 2499 docebo,
3555 2433 3673 2500 bis,

2087 2520 2183 2587 bit,
2199 2519 2391 2586 bimus,
2404 2520 2543 2587 bitis,
2557 2520 2813 2587 bunt;ibo,
2827 2521 2945 2587 ibis,
2959 2521 3076 2588 ibit,
3090 2522 3461 2589 ibimus,ibitis,
3478 2524 3634 2577 ibunt
3650 2541 3677 2590 ;

2088 2609 2267 2682 quibo,
2288 2609 2383 2675 bis,
2404 2610 2497 2676 bit,
2514 2611 2700 2676 bimus,
2718 2610 3022 2679 bitis,bunt;
3044 2614 3342 2679 amaverim,
3367 2615 3459 2678 ris,
3484 2616 3574 2681 rit,
3590 2618 3684 2670 ri.

2087 2715 2225 2764 ntus,
2257 2700 2394 2767 ritis,
2420 2701 2558 2766 rint;
2583 2701 2873 2767 docuerim,
2900 2701 2994 2770 ris,
3029 2703 3119 2769 rit,
3147 2703 3334 2771 rimas,
3356 2705 3489 2772 ritis,
3519 2708 3630 2762 rint
3654 2724 3679 2772 ;

2087 2790 2478 2861 posuerimus,
2498 2791 2585 2858 rit,
2602 2794 2786 2858 rimus,
2806 2794 2942 2859 ritis,
2959 2794 3430 2861 rint;nutriverim,
3447 2796 3542 2861 ris,
3559 2799 3636 2851 rit
3657 2839 3678 2865 ,

2091 2882 2276 2948 rimus,
2305 2882 2440 2949 ritis,
2477 2883 2615 2948 rint;
2645 2896 2908 2950 amavero,
2935 2885 3028 2951 ris,
3050 2885 3141 2951 rit,
3171 2893 3226 2941 et
3252 2885 3385 2954 rel.;
3412 2887 3677 2956 docuero,

2089 2971 2185 3039 ris,
2220 2973 2312 3039 rit,
2361 2980 2418 3028 et
2448 2973 2547 3029 rel.
2567 2988 2851 3044 {possiem
2882 2975 2975 3040 ris,
3002 2975 3093 3041 rit,
3122 2985 3178 3031 et
3214 2975 3344 3043 rel.;
3391 2979 3635 3032 nutriero
3656 3019 3679 3045 ,

2090 3063 2186 3130 ris,
2214 3065 2305 3131 rit,
2332 3072 2388 3121 et
2412 3063 2509 3120 rel.
2544 3064 2602 3121 ld
2631 3063 2743 3138 [Et]
2772 3065 2892 3121 ideo
2917 3065 3032 3122 lucc
3077 3067 3132 3122 in
3160 3066 3266 3123 illis
3292 3067 3424 3124 locis
3448 3068 3540 3124 ubi
3573 3085 3684 3125 su-

2089 3157 2303 3228 periora
2334 3158 2593 3227 producta
2620 3168 2741 3212 esse
2768 3157 3023 3225 diximus,
3066 3159 3450 3231 corripiuntur.
3483 3159 3578 3215 Sic
3610 3170 3684 3218 et

2091 3250 2145 3307 in
2176 3247 2397 3319 passivo
2419 3246 2658 3303 futurum
2689 3247 2967 3303 indicativi
3006 3250 3059 3305 in
3087 3250 3263 3320 prima
3293 3250 3377 3306 vel
3424 3251 3683 3307 secunda

2090 3341 2471 3413 coniugatione
2493 3341 2563 3396 ad
2590 3341 2765 3398 instar
2787 3342 3077 3415 praesentis
3104 3343 3365 3415 temporis
3388 3343 3683 3400 declinan-

2092 3442 2200 3500 tur,
2229 3441 2290 3489 ut
2315 3448 2500 3505 ponar,
2530 3433 2759 3502 poneris,
2788 3434 3019 3503 ponitur,
3073 3434 3341 3504 ponimur,
3370 3434 3640 3505 ponimini
3659 3475 3683 3503 ,

2090 3532 2389 3596 ponuntur;
2440 3523 2677 3590 amabor,
2710 3522 2988 3588 amaberis,
3034 3524 3316 3590 amabitur,
3348 3525 3679 3589 antabimur,

2093 3613 2421 3681 amabimini,
2449 3614 2803 3679 amabantur;
2850 3612 3093 3680 docebor,
3140 3614 3422 3680 doreberis,
3456 3612 3682 3670 docebi-

2094 3715 2204 3769 tur,
2254 3703 2573 3770 docebintur,
2624 3702 2954 3770 docebimini,
3005 3702 3330 3758 docebuntur
3376 3721 3391 3758 :
3453 3703 3684 3774 istoque

2093 3799 2275 3850 omnia
2302 3793 2469 3850 simili
2494 3793 2653 3849 modo
2692 3793 3081 3865 corripiuntur,
3123 3794 3284 3849 sivei
3324 3794 3503 3850 brevis
3543 3810 3685 3865 per-

2096 3885 2377 3951 manserit,
2405 3884 2521 3940 sive
2546 3898 2606 3941 se
2631 3884 2685 3940 in
2707 3900 2736 3938 e
2760 3878 3063 3955 correptam
3092 3887 3396 3941 mutaverit.

2169 3976 2375 4045 Quarta
2398 3986 2579 4032 autem
2617 3976 2923 4048 conjugatio
2952 3978 3007 4032 in
3053 3978 3345 4034 indicativo
3374 3979 3640 4048 prtesenti
3661 4020 3681 4044 ,

2097 4067 2332 4123 secunda
2359 4080 2591 4137 persona
2623 4067 2909 4139 singulari,
2941 4067 3119 4123 activo
3146 4080 3341 4139 genere
3363 4076 3419 4121 et
3452 4077 3687 4123 neutra-

2098 4155 2155 4221 li,
2185 4157 2203 4210 i
2229 4157 2546 4227 productam
2572 4164 2698 4213 ante
2744 4174 2770 4211 s
2800 4159 2978 4223 habet,
3024 4159 3241 4233 passivo
3286 4160 3585 4225 communi,
3616 4171 3689 4216 et

2099 4248 2387 4318 deponenti
2418 4257 2544 4304 ante
2567 4250 2911 4307 novissimam
2949 4251 3229 4327 syllabam,
3268 4262 3326 4308 ut
3348 4254 3545 4319 nutrio,
3574 4270 3691 4307 nu-

2099 4340 2217 4404 tris,
2250 4339 2431 4405 nutrit,
2466 4340 2686 4405 nutrior,
2723 4341 2983 4395 nutriris:
3016 4341 3132 4399 lucc
3156 4351 3210 4398 et
3241 4342 3293 4397 in
3319 4343 3421 4399 hoc
3439 4342 3626 4399 dilIcrt
3649 4360 3690 4400 ει

2104 4431 2263 4486 tertia
2291 4430 2432 4499 quod
2461 4431 2480 4484 i
2526 4429 2759 4502 longam,
2793 4446 2953 4501 quam
2997 4432 3050 4487 in
3078 4434 3331 4504 presenti
3370 4443 3615 4504 tempore
3648 4450 3691 4491 ει

436 4530 577 4577 ctam
605 4521 785 4575 habet.
817 4519 911 4574 Cui
937 4517 1154 4592 [Quam]
1180 4518 1589 4575 declinationem
1618 4531 1916 4593 sequuntur
1945 4522 2001 4577 in
2033 4506 2079 4566 ι)
2105 4522 2337 4578 secunda
2368 4537 2594 4593 persona
2624 4524 2854 4594 accepit,
2882 4533 3064 4583 servat
3087 4540 3210 4583 eam
3249 4526 3445 4595 ubique
3474 4526 3677 4595 ιιι-θὼρ

435 4613 583 4668 utnui
614 4612 987 4682 conjugatione
1015 4612 1236 4682 optativi
1277 4612 1420 4667 modi
1465 4628 1702 4682 praesens
1731 4622 1784 4668 et
1812 4623 2003 4684 ρι’ίῐεω-

438 4704 598 4758 ritum
634 4701 1007 4777 imperfectum
1056 4711 1216 4773 atque
1243 4708 1571 4773 praeteritum
1622 4705 1920 4776 perfectum
1950 4715 2007 4761 ct

434 4792 765 4866 prmteritum
824 4790 1106 4862 plusquam
1169 4793 1503 4862 perfectum,
1566 4803 1622 4849 et
1682 4794 2006 4865 subjuuctivi

441 4881 772 4954 praeteritum
831 4876 1220 4952 imperfectum,
1257 4893 1307 4937 ct
1352 4883 1634 4955 plusquam
1684 4886 2005 4956 perlectum,

436 4991 535 5030 nec
556 4991 661 5029 non
689 4981 741 5027 et
768 4971 988 5043 optativi
1008 4971 1242 5027 futurum
1266 4987 1317 5030 ct
1340 4975 1660 5045 subjunctivi
1675 4992 1932 5048 praesens,
1954 4979 2010 5035 in

434 5068 607 5141 prima
624 5066 1020 5138 conjugalioue,
1048 5066 1290 5133 utdoces,
1316 5069 1482 5134 docet,
1508 5069 1771 5135 docemus,
1795 5070 2008 5137 docetis,

435 5152 651 5223 docent;
667 5174 919 5224 ornarent,
937 5174 1163 5223 amares,
1184 5169 1727 5226 amarct,amaremus,
1740 5162 2009 5228 amaretis,

438 5260 668 5301 amarent
684 5264 703 5313 ;
733 5247 989 5313 docerent,
1023 5264 1126 5314 res,
1158 5258 1255 5315 ret,
1284 5266 1476 5316 remus,
1502 5252 1647 5318 retis,
1678 5263 1821 5319 rent;
1849 5255 2015 5309 nutri-

441 5354 567 5403 rem,
596 5354 693 5403 res,
724 5347 816 5400 ret,
847 5355 1040 5404 remus,
1070 5340 1210 5405 retis,
1242 5350 1387 5406 rent;
1417 5343 1744 5408 ammn'ssem,
1783 5344 2012 5397 amaris-

441 5445 543 5492 ses,
563 5430 858 5503 attinuisset,
887 5432 1276 5498 aniavissemus,
1306 5432 1648 5499 amavissetis,
1670 5434 2013 5498 amovissent;

444 5520 767 5584 docuissent,
803 5538 882 5574 ses
903 5566 917 5585 ,
951 5533 1048 5586 set,
1090 5540 1280 5589 scmus,
1342 5526 1483 5591 setis,
1516 5536 1658 5590 sent;
1695 5526 2010 5595 posuissent,

447 5628 525 5664 ses
556 5651 570 5673 ,
621 5622 715 5677 set,
774 5629 943 5666 scmus
970 5653 985 5676 ,
1039 5616 1159 5668 setis
1186 5654 1203 5680 ,
1265 5628 1425 5682 sent;
1486 5618 1843 5681 nutrit-issem,
1897 5633 2017 5680 ses,

451 5713 559 5759 set,
614 5717 784 5756 smnus
816 5742 829 5763 ,
898 5703 1039 5767 sctis,
1085 5714 1240 5769 sent;
1296 5722 1459 5760 amem
1498 5748 1513 5769 ,

1578 5724 1717 5762 antes
1748 5748 1759 5766 .
1830 5718 1963 5761 mnct
1997 5746 2014 5773 ,

2105 4620 2269 4678 ctam,
2300 4618 2359 4666 ut
2405 4611 2461 4667 in
2489 4612 2828 4683 imperativo,
2860 4616 3019 4680 nutri,
3052 4617 3268 4684 nutrito,
3313 4617 3536 4683 nutrire,
3570 4633 3689 4673 ust-

2107 4700 2295 4767 tritor;
2329 4708 2382 4756 et
2410 4701 2463 4756 in
2499 4702 2762 4758 inﬁnitive
2791 4705 2972 4763 audire
2997 4705 3082 4761 vel
3106 4706 3304 4774 audiri,
3349 4715 3406 4763 et
3429 4706 3485 4762 in
3509 4716 3689 4764 uite-

2108 4791 2183 4847 ris
2212 4791 2297 4849 his
2326 4792 2943 4852 similibusMeminisse
2968 4811 3097 4868 ergo
3134 4794 3296 4853 debes
3339 4798 3507 4869 quod,
3536 4798 3691 4856 sicut

2109 4892 2360 4938 neutrum
2416 4885 2641 4939 verbum
2678 4885 2841 4941 activi
2869 4887 3017 4943 verbi
3052 4887 3293 4959 regulam
3324 4890 3574 4960 sequitur
3618 4891 3689 4949 in

2111 4978 2257 5031 omni
2272 4977 2663 5050 conjugatione,
2683 4980 2763 5036 sic
2775 4981 2994 5051 passivi,
3014 4996 3298 5041 commune
3309 4985 3685 5057 etdeponcns,

2113 5078 2169 5124 et
2182 5070 2235 5124 in
2250 5070 2351 5125 hoc
2364 5084 2551 5129 eorum
2562 5080 2879 5145 potestatem
2894 5073 3220 5145 investigare
3230 5076 3579 5147 persyllabas
3589 5093 3691 5151 po-

2115 5171 2216 5217 tes.
2232 5161 2533 5221 Notandum
2546 5174 2726 5219 autem
2747 5167 2889 5236 quod
2902 5167 3088 5240 prima:
3098 5166 3217 5238 conj
3225 5170 3498 5239 ugationis
3515 5172 3688 5227 verba

2115 5268 2222 5306 non
2256 5251 2428 5307 solum
2445 5252 2593 5311 illam
2608 5272 2645 5309 a
2671 5270 2837 5326 quam
2859 5256 2928 5311 ad
2944 5254 3176 5312 formam
3202 5263 3488 5328 prudentis
3510 5263 3563 5316 in
3579 5278 3691 5317 αλκ

2121 5341 2253 5397 teris
2276 5343 2607 5409 tenuioribus
2621 5344 2916 5400 sewndum
2940 5345 3253 5418 praedictam
3268 5349 3536 5407 rationem
3558 5367 3693 5422 pro-

2115 5433 2321 5495 ducunt
2348 5434 2477 5505 quin
2507 5435 2669 5490 etiam
2692 5434 2839 5490 illam
2867 5452 3029 5508 quam
3057 5453 3087 5492 a
3112 5439 3365 5511 prtesenti
3392 5440 3693 5499 indicativo

2117 5527 2353 5579 secunda
2376 5538 2607 5598 persona
2636 5526 2898 5596 singulari
2921 5538 3261 5599 acceperant,
3289 5530 3406 5585 sive
3420 5531 3475 5589 in
3496 5533 3692 5602 penul-

2120 5617 2327 5684 timam,
2342 5617 2455 5673 sive
2471 5618 2522 5671 in
2536 5633 2602 5672 an
2611 5619 3011 5688 tepcnultimam
3024 5637 3118 5676 seu
3141 5622 3194 5676 in
3209 5631 3461 5692 quartam
3475 5635 3600 5680 autc
3621 5626 3698 5683 li~

2120 5720 2240 5762 ncm
2270 5706 2527 5777 syllabam
2557 5708 2758 5777 veniat,
2781 5722 2992 5781 semper
3021 5724 3141 5767 eam
3189 5712 3402 5784 longam
3442 5713 3645 5772 habent
3674 5733 3692 5770 :
