3950 6192
241 329 341 383 (‘49

1056 329 1441 394 EXCERPTIO
1482 331 1566 385 Dii
1604 329 1789 384 ARTE
1826 326 2277 383 CRAMMATICA
2316 324 2668 382 PRISClANl.

3376 333 3481 393 tibi.

241 441 292 495 in
318 440 407 495 his
430 438 677 496 videlicet
708 442 1039 513 tempotibus
1081 452 1129 496 ct
1164 444 1353 506 modis,
1387 458 1612 512 quorum
1654 440 1816 495 verba
1848 445 1891 500 Λ
1923 445 2028 500 tur,
2082 437 2277 506 ubique
2327 452 2445 492 eam
2496 448 2713 492 servant
2745 446 3067 508 correptam,
3124 451 3183 496 ιιι
3230 459 3261 496 a
3305 445 3489 517 doceo,

238 531 426 585 subter
450 541 793 595 notanturmt
815 548 844 586 a
872 535 1147 602 praesenti,
1185 534 1372 598 donas,
1403 535 1684 595 donamus,
1716 532 1816 585 do-

239 620 410 685 natis;
437 620 773 689 imperfecto,
810 623 1106 687 donabam;
1135 622 1636 692 perfecto,donari;
1672 619 1818 690 plus-

238 724 402 777 quam
431 709 696 779 perfecto,
725 710 1073 775 donaveram;
1105 710 1305 775 futuro,
1337 707 1557 762 donabo.
1589 709 1817 779 [mpera-

240 799 346 853 tivo
398 797 559 853 modo
588 798 863 868 praesenti,
911 799 1073 863 dona,
1124 799 1347 851 donate:
1383 796 1814 865 futuro,donato,

237 890 507 955 donatote,
536 889 767 943 donanto
806 906 825 943 :
860 889 1121 959 optativo,
1160 888 1477 959 imperfecto
1504 897 1560 942 et
1596 888 1819 958 coniun-

237 980 400 1043 ctivo,
426 980 713 1043 donarem;
743 979 1026 1049 plusquam
1056 979 1315 1049 perfecto,
1359 979 1666 1044 donassem;
1689 994 1817 1034 con-

232 1071 475 1141 iunctivo
502 1070 762 1140 perfecto,
813 1070 1153 1133 donaverint;
1185 1068 1385 1133 futuro,
1415 1068 1674 1124 donavere
1690 1085 1709 1133 ;
1737 1070 1818 1121 itt-

236 1160 445 1214 ftaitivo
474 1158 745 1229 persenti,
783 1157 1014 1223 donare;
1046 1155 1314 1226 perfecto,
1341 1156 1652 1223 donavisse;
1681 1162 1735 1208 et
1760 1154 1814 1208 in

236 1252 489 1321 pensanti
520 1250 806 1304 indicativo
822 1264 1020 1321 genere
1042 1249 1280 1321 passivo,
1307 1248 1545 1313 donaris,
1563 1247 1810 1312 donatur,

236 1346 516 1405 donantur,
582 1338 871 1405 donamini,
915 1340 1221 1405 donantur;
1262 1337 1596 1408 imperfecto,
1650 1337 1816 1389 dona-

237 1435 346 1495 bar,
378 1430 713 1494 donaberis;
744 1428 945 1494 futuro,
978 1428 1233 1494 donabor,
1284 1426 1595 1491 donaberis;
1643 1426 1812 1493 impe-

239 1522 411 1575 rativo
436 1518 716 1588 prmsenti,
756 1519 991 1585 donare;
1022 1516 1225 1583 futuro,
1262 1517 1807 1586 donator;.optativo,

237 1613 513 1680 prteterito
538 1609 875 1681 imperfecto,
905 1609 1153 1674 donarer,
1177 1608 1475 1672 donareris,
1506 1607 1810 1671 donaretur,

234 1704 576 1765 donarentur,
627 1699 975 1765 donaremini,
1003 1699 1342 1752 donarentur.
1377 1696 1649 1751 lnﬁnitivo
1672 1711 1813 1766 pra:-

1921 527 2111 596 impcr.
2147 542 2333 596 praes,
2364 527 2567 591 doceat,
2600 527 2850 593 doceant;
2880 536 2934 582 et
2957 537 3123 600 optat.
3160 529 3336 588 futuro
3375 535 3491 594 sive

1920 614 2192 684 conjunct.
2246 630 2501 684 prmsens,
2547 615 2781 680 doceam,
2830 617 3036 684 doceas,
3081 626 3135 673 et
3181 621 3304 688 rel.,
3337 632 3393 679 et
3434 624 3490 682 in

1921 708 2154 777 passivo,
2183 708 2340 760 iidem
2374 708 2515 761 modi
2543 717 2597 761 et
2625 716 2862 777 tempora
2900 712 3112 776 eadem,
3136 720 3195 765 ut
3218 713 3491 784 doceatur,

1918 796 2221 860 doceamur,
2269 797 2576 863 doceantur,
2625 807 2680 851 et
2729 798 2939 865 docear,
2991 799 3247 868 docearis,
3289 814 3344 858 et
3392 807 3488 864 rel.

1921 887 2136 955 llocquc
2162 888 2436 964 sciendum
2482 888 2623 958 quod
2653 904 2757 942 non
2808 898 3010 944 tantum
3050 891 3164 948 lucc
3191 893 3490 966 coniugatio

1918 977 1971 1031 in
1994 978 2164 1046 prima
2182 993 2406 1047 persona
2422 978 2693 1032 indicativi
2708 996 2735 1032 e
2750 988 2871 1034 ante
2893 996 2921 1033 ο
2943 982 3187 1051 corripit,
3206 985 3310 1040 imo
3329 986 3491 1042 etiam

1920 1066 1974 1122 in
2002 1068 2218 1122 cmteris
2242 1067 2707 1138 coniugationibus
2732 1068 2850 1124 alia:
2888 1070 3100 1127 vocales
3126 1083 3251 1131 ante
3281 1092 3310 1128 ο
3342 1076 3493 1135 simi-

1920 1158 2046 1214 litcr
2071 1160 2457 1232 corripiuntur.
2499 1159 2553 1213 In
2589 1159 2762 1231 prima
2790 1159 3164 1230 coniugatione
3191 1181 3218 1218 e
3247 1165 3328 1220 vel
3362 1184 3392 1220 o
3433 1177 3492 1223 ut

1914 1252 2122 1316 inchoo,
2172 1270 2303 1317 meo,
2333 1270 2490 1317 creo;
2523 1253 2575 1306 in
2611 1252 2766 1307 tertia
2805 1254 2822 1309 i
2858 1252 2938 1309 vel
2967 1270 3022 1320 ιι,
3066 1263 3126 1309 ιιι
3163 1255 3322 1323 facio,
3357 1273 3492 1325 rue,

1915 1344 2096 1398 induo.
2133 1344 2190 1399 ln
2220 1353 2412 1414 quarta
2440 1360 2653 1416 quoque
2681 1344 2928 1399 similiter
2956 1345 2973 1401 i
3001 1345 3291 1414 breviatur,
3333 1348 3416 1407 vel
3443 1367 3491 1416 ε,

1917 1440 1975 1487 ιιι
2023 1449 2083 1488 eo
2114 1441 2170 1488 ct
2215 1434 2396 1489 audio.
2451 1433 2538 1489 Fit
2583 1434 2684 1489 hoc
2734 1450 2838 1492 non
2897 1434 2948 1488 in
2993 1435 3078 1490 his
3121 1436 3313 1502 solum,
3372 1454 3497 1496 raro

1918 1519 2062 1574 enim
2116 1519 2168 1574 in
2220 1519 2431 1577 Latinis
2467 1521 2793 1577 dictionibus
2838 1522 3086 1577 'vocalem
3144 1525 3494 1595 penultimam

1917 1616 2042 1663 ante
2071 1608 2296 1665 alteram
2334 1609 2572 1664 vocalem
2607 1612 2920 1680 productam
2957 1614 3215 1669 invenies.
3248 1615 3371 1673 lJeo
3400 1632 3496 1676 au.-

1918 1707 2024 1754 tcm
2057 1698 2290 1755 diximus
2321 1714 2461 1764 raro,
2489 1699 2612 1767 quia
2645 1699 2696 1752 in
2728 1699 2799 1767 ﬁo
2830 1701 2995 1755 verbo
3019 1709 3268 1759 auctores
3296 1704 3494 1776 produc

233 1792 393 1858 senti,
452 1791 644 1845 donari
656 1807 674 1856 ,-
729 1790 808 1848 sic
862 1798 917 1844 et
961 1788 1141 1846 omnia
1203 1787 1363 1856 hujus
1422 1787 1813 1858 coniugationis
1847 1787 1888 1844 Β
1918 1796 2048 1842 cunt
2071 1787 2455 1861 pcnultimam,
2486 1799 2546 1842 ut
2577 1789 2723 1859 Virg.
2757 1789 2807 1844 in
2840 1790 3139 1848 Bucolicis:

238 1881 420 1946 verba,
459 1889 686 1950 excepto
714 1895 821 1934 uno
857 1878 1244 1949 monosyllabo,
1272 1879 1360 1941 do,
1382 1878 1498 1943 das,
1527 1878 1669 1949 quod
1689 1891 1817 1931 con-

234 1985 309 2029 tra
340 1972 631 2047 [regulam]
664 1971 1011 2041 penultimam
1060 1970 1112 2025 in
1142 1970 1411 2040 plerisque
1448 1969 1711 2039 corripit,
1756 1976 1816 2022 ut

230 2084 283 2121 an
310 2065 592 2136 prmterito
623 2062 960 2134 imperfecto,
986 2070 1041 2116 et
1068 2061 1268 2123 futuro,
1300 2068 1356 2114 et
1395 2060 1626 2124 inﬁnito,
1656 2068 1711 2115 et
1759 2059 1811 2113 in

228 2155 514 2227 participio
560 2168 625 2207 ac
671 2152 862 2222 supino
913 2152 1095 2214 verbo,
1149 2150 1249 2205 nisi
1295 2150 1509 2221 quando
1546 2149 1813 2218 positione

228 2245 550 2316 producitur
573 2251 626 2297 et
664 2243 880 2296 nomine
908 2242 1134 2307 verbali,
1171 2250 1231 2295 ιιι
1264 2241 1474 2305 damus,
1508 2242 1664 2301 datis,
1714 2240 1812 2292 da-

225 2337 316 2397 ris,
346 2335 531 2397 datur,
581 2331 792 2395 dabam,
822 2331 981 2395 dabo,
1011 2322 1393 2395 durem,dare,
1437 2333 1613 2395 datus,
1653 2329 1811 2382 datu-

226 2442 336 2489 ius,
371 2426 582 2488 datum,
606 2422 755 2487 datu,
785 2421 956 2485 dator,
994 2431 1050 2475 et
1077 2437 1195 2490 qua:
1241 2435 1305 2474 ex
1335 2420 1418 2474 his
1447 2421 1622 2475 solent
1664 2419 1776 2474 ﬁeri
1796 2460 1809 2485 ,

224 2526 284 2570 ut
302 2515 617 2580 dabamini;
646 2512 844 2583 ubique
868 2512 1013 2566 enim
1039 2511 1093 2566 in
1121 2512 1205 2566 his
1233 2511 1506 2565 breviatur
1541 2511 1625 2564 da.
1661 2509 1807 2579 Virg.

226 2607 323 2660 int
354 2604 578 2659 ᾸΞιιυΗ.
610 2621 624 2657 :

353 2694 448 2742 Vix
476 2709 503 2739 ρ
523 2696 787 2753 cottspevtu
815 2692 988 2743 Siculae
1015 2691 1204 2740 telluris
1226 2693 1272 2741 in
1298 2691 1449 2742 altum

355 2756 482 2805 Vela
506 2757 685 2804 dabant
710 2754 827 2805 laeti.

224 2837 282 2894 lu
307 2837 504 2893 codem
537 2854 552 2891 :

355 2927 498 2978 Adsit
516 2925 698 2976 lmtittae
720 2926 937 2977 Bacchus
960 2925 1097 2976 dator
1123 2933 1174 2976 et
1197 2926 1321 2974 bona
1345 2924 1493 2973 Juno.

224 3013 284 3067 Ιιι
312 3012 511 3069 eodem
541 3028 556 3064 :
1402 3052 1413 3071 ί

354 3103 399 3155 Ο
424 3103 550 3165 passi
574 3103 816 3164 graviora,
839 3101 974 3150 dabit
1002 3100 1135 3151 Deus
1158 3100 1235 3150 his
1252 3112 1447 3163 quoque
1470 3096 1638 3149 linem.

223 3186 379 3243 ldem
404 3185 458 3238 in
485 3184 677 3239 eodem
709 3201 722 3236 :

353 3274 410 3324 Si
433 3274 579 3322 datur
602 3271 787 3323 Italiam
803 3271 951 3321 sociis
975 3277 1027 3320 et
1051 3281 1176 3332 rege
1203 3272 1427 3331 recepto.

226 3354 383 3411 Idem
412 3353 466 3408 in
503 3369 556 3408 γι
586 3370 600 3405 :

357 3443 447 3492 Cui
487 3443 628 3492 datus
652 3440 901 3491 timebam
924 3444 1106 3500 custos,
1129 3450 1399 3502 cursusque
1421 3437 1670 3501 regebam.

224 3527 381 3583 item
410 3525 465 3578 in
493 3540 554 3578 ιιι
585 3537 601 3577 :

362 3612 425 3662 Et
445 3620 587 3675 pater
615 3612 854 3661 Anchises
874 3610 993 3660 dare
1019 3610 1128 3659 t‘atis
1151 3606 1257 3659 vela
1269 3608 1493 3671 iubebat.

226 3693 464 3749 Persius
497 3710 510 3745 :
1274 3714 1283 3719 -

363 3781 494 3840 0qu
511 3782 681 3829 damus
706 3782 751 3828 id
776 3782 969 3842 superis
990 3781 1054 3829 de
1073 3791 1247 3842 magna
1274 3778 1401 3839 quod
1420 3778 1540 3835 dare
1563 3777 1723 3839 lance,

359 3845 468 3894 Non
496 3846 643 3905 possit
665 3845 824 3902 insigni
843 3840 1069 3891 lies-salte
1089 3840 1213 3903 lippa
1241 3852 1470 3902 lnopago.

229 3927 391 3997 Virg.
421 3926 476 3979 in
504 3940 555 3978 tv
587 3941 602 3979 :

363 4015 517 4066 Ferte
535 4015 620 4064 citi
646 4015 877 4073 ﬂammae,
900 4012 1016 4061 date
1039 4010 1159 4071 tela,
1184 4009 1425 4073 impellite
1447 4022 1631 4060 remos.

223 4103 492 4159 Lucanus
527 4099 579 4153 iu
609 4113 661 4152 tv
687 4115 700 4152 :

225 4179 229 4182 ’
361 4190 575 4243 laxima
596 4186 684 4236 sed
707 4185 789 4235 lati
811 4183 1013 4234 ducibus
1040 4187 1285 4232 momenta
1311 4180 1558 4230 daturum.

302 4274 379 4330 Et
404 4270 655 4326 secunda:
680 4265 1069 4337 coniugationis
1098 4264 1279 4327 verba,
1304 4262 1552 4318 similiter
1573 4260 1663 4316 illa
1694 4274 1817 4331 quae

221 4387 255 4425 ι
286 4368 513 4435 longam
563 4377 596 4416 a
638 4354 892 4432 praesenti
940 4358 1251 4424 indicativo,
1305 4371 1534 4426 persona
1580 4354 1815 4411 secunda

223 4453 523 4522 singulari,
576 4449 910 4522 originaliter
938 4447 1191 4539 tulerant,
1245 4447 1552 4516 ubicunque
1593 4460 1712 4501 eam
1739 4445 1815 4539 -iu
1850 4481 1896 4539 υ

227 4544 417 4600 modis
469 4540 556 4595 vel
596 4539 926 4609 temporibus
970 4538 1190 4602 habent,
1220 4550 1431 4604 semper
1459 4549 1579 4590 eam
1620 4533 1820 4603 produ-

227 4642 392 4697 cunt,
416 4639 479 4687 ut
505 4645 537 4684 a
572 4630 745 4693 doces,
772 4628 1035 4689 docemus,
1069 4626 1296 4687 docetis;
1352 4622 1689 4693 imperfecto,
1716 4622 1816 4677 do-

227 4723 455 4785 cebam,
506 4718 761 4783 docebas,
809 4724 866 4773 et
916 4716 1055 4782 rel.;
1115 4714 1328 4779 futuro,
1386 4713 1612 4779 docebo,
1660 4712 1817 4766 doce-

230 4814 339 4876 bis,
397 4818 451 4865 et
498 4808 633 4872 rel.;
688 4806 1001 4877 imperfecto
1052 4819 1282 4874 praesen.
1311 4843 1326 4868 ,
1378 4802 1537 4866 doce,
1598 4802 1819 4865 docete;

232 4905 470 4966 futuro,
520 4899 748 4963 docete,
813 4897 1068 4960 docetote,
1115 4894 1369 4959 docento;
1423 4893 1663 4962 optativa
1717 4890 1819 4946 im-

229 4992 510 5066 perfecto,
560 4988 819 5051 docerem,
847 4986 1084 5049 duceres,
1130 4990 1187 5038 ct
1215 4982 1314 5036 rcl.
1339 4998 1354 5047 ;
1384 4981 1579 5036 inlinit.
1635 4994 1818 5050 prtes.,

231 5084 452 5139 docere.
498 5077 631 5131 Item
676 5074 967 5142 indicativo
1007 5071 1260 5143 praisenti
1323 5070 1522 5140 passivi
1568 5069 1780 5139 generis
1806 5107 1820 5132 ,

232 5173 478 5235 deceris,
517 5167 751 5230 docetur,
781 5164 1049 5227 docentur,
1087 5162 1366 5225 docentini,
1416 5159 1699 5221 docentur;
1725 5158 1826 5212 itu-

238 5261 510 5329 pcrfccto,
562 5255 806 5319 docebar,
841 5252 1132 5316 docebaris,
1174 5257 1231 5304 et
1258 5247 1392 5313 rel.;
1445 5246 1645 5307 futuro.
1678 5246 1830 5301 doce-

240 5358 365 5416 bor,
392 5348 680 5412 docebat-is,
710 5356 766 5401 et
795 5345 916 5408 rel.;
951 5340 1270 5412 imperativo
1303 5336 1580 5409 praesenti,
1609 5336 1824 5402 docere,

235 5442 546 5504 docemini;
599 5439 808 5501 l'utttro,
858 5436 1101 5495 docetor,
1165 5432 1445 5495 docentor,
1497 5427 1822 5482 doceminor.

239 5531 493 5602 oiuativo
518 5527 602 5582 vel
632 5523 972 5596 coniunctivo
994 5519 1328 5588 imperfecto,
1358 5516 1590 5579 docercr,
1616 5515 1829 5569 docere-

246 5627 363 5688 ris,
410 5628 470 5676 ct
495 5616 627 5682 rel.;
671 5614 933 5670 inlinitivo
978 5610 1251 5684 prsesesti,
1297 5607 1491 5663 doceri.
1526 5605 1654 5661 uno
1698 5605 1824 5659 item

245 5732 375 5788 quae
394 5729 426 5768 a
447 5712 620 5783 prima
649 5722 875 5779 persona
905 5702 1196 5764 indicativi,
1225 5709 1492 5773 correpta,
1522 5715 1568 5763 e,
1598 5712 1803 5754 nascuu

738 5797 1009 5857 PATROL.
1055 5790 1217 5855 CXI.

2043 1899 2214 1948 Omnia
2240 1898 2318 1948 vel
2346 1899 2558 1948 medium
2586 1899 2697 1949 ﬁant
2727 1913 2882 1962 mare,
2909 1905 3001 1952 vivl
3028 1915 3056 1952 e
3075 1901 3226 1953 silvis.

1918 1980 2075 2037 lnitio
2106 1980 2292 2056 [Forte
2318 1989 2374 2038 et
2415 1982 2467 2035 in
2496 1980 2601 2054 ius]
2634 1983 2968 2039 terminantis
3005 1987 3224 2056 genitivi
3262 1989 3493 2058 penulti-

1916 2086 2003 2125 ma
2032 2085 2262 2141 auceps,
2313 2070 2456 2127 sicut
2492 2070 2601 2141 iam
2654 2081 2779 2129 ante
2829 2076 3386 2132 commemoravimus.
3435 2077 3491 2136 lu

1912 2160 2118 2217 Gramis
2153 2169 2332 2215 autem
2380 2159 2700 2216 dictionibus
2743 2177 2883 2232 szepe
2929 2163 3031 2218 hoc
3075 2164 3380 2231 invenitur,
3432 2176 3490 2224 ut

1915 2249 2213 2316 Menelaus,
2269 2251 2580 2321 sponda’us,
2650 2251 2973 2306 diacantilla.
3037 2252 3214 2308 Tertia
3275 2269 3488 2324 quoque

1912 2339 2299 2413 coniugatione
2333 2354 2563 2410 persona
2585 2340 2872 2411 singularis
2901 2341 3173 2397 indicativi
3204 2345 3487 2413 praesentis

1915 2435 1965 2490 in
2001 2436 2045 2491 is
2083 2436 2301 2492 brevem
2355 2434 2569 2501 ﬁnitur;
2626 2435 2919 2490 notandum
2949 2436 3090 2505 quod
3118 2436 3297 2494 omnia
3323 2437 3488 2493 verba

1913 2526 2072 2596 huius
2100 2525 2515 2599 coniugationis,
2568 2525 2660 2581 sii
2707 2526 2926 2581 brevem
2968 2525 3022 2583 in
3072 2524 3178 2583 ﬁne
3217 2525 3365 2584 verbi
3406 2524 3489 2580 vel

1914 2617 1966 2672 iu
1997 2616 2174 2672 medio
2203 2616 2255 2670 iu
2282 2632 2310 2669 e
2339 2615 2688 2679 mutaverint,
2723 2615 2918 2685 ubique
2943 2631 3061 2670 eam
3087 2615 3402 2686 corripiant,
3432 2625 3492 2670 ut

1912 2706 2061 2775 legis,
2094 2705 2226 2776 lege,
2257 2704 2443 2775 legere,
2487 2704 2703 2775 leget-er,
2743 2713 2967 2774 excepto
2997 2721 3118 2760 cum
3146 2721 3177 2760 a
3219 2704 3391 2761 tribus
3431 2704 3489 2761 in

1915 2796 2091 2851 medio
2118 2794 2267 2850 verbi
2290 2797 2561 2865 excipitur
2586 2797 3027 2862 consonantibus,
3059 2797 3113 2862 b,
3157 2813 3230 2862 tn,
3257 2796 3398 2863 velt,
3430 2805 3490 2854 ut

1913 2886 2164 2957 legebam,
2193 2885 2417 2956 legebar,
2433 2888 2679 2956 legemus,
2704 2886 2957 2956 legentur,
2978 2886 3193 2957 legetur.
3223 2887 3488 2946 Creterttm

1914 2976 2014 3030 iin
2057 2974 2236 3049 medio
2261 2974 2407 3029 verbi
2435 2974 2662 3044 positam
2714 2974 2911 3044 ubique
2954 2974 3223 3040 breviant,
3253 2984 3312 3032 ut
3355 2973 3485 3046 legi-

1920 3081 2058 3127 mus,
2072 3063 2263 3135 legitis,
2286 3062 2457 3134 legite,
2484 3063 2659 3134 legito,
2674 3064 2881 3134 legitur,
2907 3063 3146 3136 legimur,
3169 3064 3421 3135 legimini,
3436 3075 3491 3123 et

1921 3156 2019 3214 rel.
2065 3155 2196 3224 Qua:
2243 3163 2422 3214 autem
2453 3155 2505 3209 in
2537 3163 2729 3224 quarta
2761 3155 3139 3227 coniugatione
3182 3171 3211 3213 ιι
3252 3158 3489 3217 secunda

1918 3261 2148 3318 persona
2184 3245 2458 3301 indicativi
2486 3245 2765 3317 praesentis
2810 3255 3125 3312 nascuntur,
3157 3246 3299 3306 sicut
3325 3263 3489 3319 supra

1918 3335 2176 3398 diximus,
2206 3335 2222 3388 i
2267 3348 2480 3404 semper
2522 3333 2733 3404 longam
2756 3334 2971 3398 habent,
3010 3343 3068 3390 ut
3096 3336 3146 3390 in
3178 3336 3489 3404 indicativo,

1917 3425 1986 3481 ab
2022 3424 2196 3489 audis,
2239 3424 2499 3484 audimus,
2559 3423 2775 3477 auditis.
2822 3424 3044 3494 Intpcr.,
3096 3424 3251 3491 audi,
3292 3426 3488 3489 audite,

1917 3512 2120 3577 audito,
2158 3513 2408 3566 auditote.
2440 3511 2622 3582 Optat.
2652 3513 2909 3579 audirem,
2938 3514 3169 3581 audires,
3197 3526 3253 3573 et
3276 3517 3374 3572 rel.
3399 3517 3489 3573 ln-

1917 3601 2147 3667 ﬁnitivo,
2195 3603 2398 3668 audire,
2439 3612 2494 3661 et
2540 3603 2593 3661 in
2619 3605 2833 3676 passivo
2863 3607 3143 3681 praesentis
3172 3607 3490 3674 indicativi,

1918 3691 2141 3756 audiris,
2173 3691 2407 3758 auditur,
2454 3693 2726 3759 audimur,
2755 3694 3045 3761 audimini;
3076 3697 3231 3766 imp.,
3281 3697 3491 3763 audire,

1918 3781 2163 3846 auditor;
2184 3790 2297 3851 opt.
2330 3782 2414 3839 vel
2438 3782 2958 3854 coniunc.,audirer,
2985 3786 3268 3855 andireris,
3300 3797 3361 3844 et
3386 3789 3487 3845 rel.

1916 3870 2116 3926 lnﬁnit.
2127 3910 2142 3935 ,
2158 3872 2353 3925 audiri.
2371 3872 2499 3938 Quae
2517 3886 2643 3927 vero
2658 3889 2687 3927 a
2700 3873 2870 3942 prima
2891 3889 3121 3943 persona
3135 3878 3493 3947 generanturi

1918 3977 2136 4032 semper
2156 3964 2371 4020 brevem
2391 3962 2604 4043 habent,
2627 3973 2687 4016 ut
2711 3964 2763 4018 in
2794 3965 3043 4033 pncsenti
3068 3965 3354 4025 indicativo
3376 3974 3487 4021 ter-

1920 4051 1991 4109 tia
2020 4055 2249 4123 persona
2271 4050 2511 4120 pluralis,
2530 4049 2709 4114 audio,
2737 4052 2979 4116 audiunt,
2996 4063 3050 4109 et
3073 4054 3125 4109 in
3151 4052 3330 4112 futuro
3348 4054 3493 4124 eius-

1919 4140 2041 4196 dem
2072 4140 2239 4206 modi,
2269 4139 2505 4205 audiant,
2528 4140 2733 4206 audies,
2760 4150 2815 4195 et
2844 4142 2942 4194 rcl.
2971 4158 2984 4206 ;
3022 4142 3210 4215 imper.
3235 4157 3486 4214 praised,

1919 4230 2118 4294 audiat,
2146 4229 2712 4296 audiatnus,audiatis,
2742 4232 2981 4297 audiant,
3006 4239 3059 4286 et
3086 4230 3210 4298 fut.,
3236 4232 3490 4289 andiunto

1921 4321 2002 4377 vel
2030 4320 2353 4375 audiuntote.
2387 4319 2570 4389 Optat.
2602 4320 2686 4375 vel
2720 4321 2968 4391 coniunc.
3003 4322 3217 4391 impcr.,
3250 4322 3488 4387 audiam,

1921 4411 2129 4476 audias,
2162 4420 2216 4465 et
2240 4410 2336 4466 rel.
2370 4410 2435 4463 Et
2464 4411 2517 4463 in
2560 4410 2797 4479 passivo,
2826 4410 3027 4466 eisdem
3057 4412 3230 4473 modis
3269 4423 3323 4466 et
3355 4422 3493 4467 tem-

1921 4502 2177 4574 poribus,
2236 4507 2298 4554 ut
2349 4500 2659 4566 audiuntur,
2712 4501 2921 4565 audiar,
2991 4502 3243 4567 audieris,
3274 4512 3330 4558 et
3367 4507 3491 4568 νει..

1920 4594 2204 4659 audiatur,
2250 4592 2542 4648 audiamini
2568 4631 2584 4658 ,
2630 4587 2952 4660 audiantur,
3010 4594 3325 4663 audiuntur,
3389 4613 3476 4651 ιω.

1920 4686 2061 4751 diar,
2108 4684 2378 4749 audiaris,
2421 4692 2476 4739 et
2515 4683 2612 4739 rel.
2657 4684 2810 4753 Quod
2837 4686 3071 4741 maxime
3101 4687 3151 4740 in
3179 4686 3264 4743 his
3311 4686 3492 4744 verbis

1921 4786 2126 4850 quartae
2155 4775 2570 4848 coniugationis,
2617 4791 2736 4846 quae
2787 4776 2935 4831 ineo
2982 4775 3035 4833 in
3063 4777 3231 4847 prima
3265 4792 3493 4847 persona

1922 4869 2196 4927 indicativi
2225 4868 2497 4934 desinunt,
2525 4868 2860 4927 ostenditur:
2894 4868 3016 4943 quia
3052 4884 3170 4938 quae
3200 4885 3228 4921 a
3259 4866 3494 4921 secunda

1920 4976 2151 5035 persona
2210 4970 2530 5026 nascuntur,
2568 4960 2830 5030 ilongam
2862 4961 3082 5019 habent.
3130 4968 3187 5012 ut
3213 4960 3276 5021 is,
3321 4959 3491 5021 imus,

1922 5054 2036 5119 itis,
2074 5053 2233 5120 ibam,
2275 5053 2409 5117 ibas,
2455 5051 2547 5117 ivi,
2596 5052 2813 5117 iceram,
2861 5050 2963 5110 ibo.
2996 5051 3086 5112 ite,
3138 5058 3191 5102 et
3220 5047 3316 5101 rel.
3365 5046 3495 5114 Qua:

1925 5151 2105 5199 autem
2153 5157 2184 5196 a
2214 5141 2408 5212 prima,
2452 5156 2480 5193 e
2527 5147 2775 5211 correpta
2834 5136 3272 5208 pronuntiantur,
3320 5144 3377 5189 ut
3410 5151 3494 5198 eo,

1924 5239 2067 5293 eunt,
2113 5245 2249 5294 eam,
2300 5246 2411 5293 eas,
2460 5236 2516 5282 et
2561 5227 2659 5285 rel.
2709 5225 3013 5283 Notandum
3063 5241 3191 5295 ergo
3226 5233 3309 5279 est
3352 5227 3497 5295 quod

1926 5323 2261 5396 praeteritum
2292 5319 2665 5391 imperfectum
2719 5318 2889 5376 tertiae
2930 5316 3024 5372 ‘vel
3061 5324 3267 5383 quartae
3314 5311 3497 5382 couin-

1929 5412 2160 5486 gationis
2188 5409 2475 5466 indicativo
2502 5408 2663 5475 modo
2688 5421 2793 5464 non
2824 5420 2853 5458 a
2899 5404 3130 5462 secunda
3160 5419 3413 5474 persona,
3441 5417 3496 5462 εει

1929 5504 2115 5576 prima:
2144 5501 2229 5557 vel
2251 5499 2496 5556 secundae
2522 5495 2933 5566 coniugationis,
2960 5493 3124 5558 venit,
3149 5502 3207 5547 ut
3232 5492 3495 5560 amabam,

1931 5594 2196 5659 docebam,
2226 5590 2320 5647 sed
2348 5605 2378 5644 a
2399 5590 2594 5660 prima,
2620 5603 2650 5641 ο
2678 5583 2824 5639 ﬁnali
2849 5585 2901 5639 in
2925 5600 2953 5637 e
2973 5583 3187 5653 longam
3213 5596 3493 5645 conversi,

1930 5697 1983 5746 ct
2012 5684 2191 5743 addita
2228 5682 2365 5748 bam,
2402 5688 2460 5734 ut
2503 5678 2780 5751 faciebam,
2812 5674 3114 5737 induebant,
3152 5672 3401 5743 legebam,
3446 5682 3493 5731 ιοι

2990 5764 3061 5831 21
