3950 6192
563 390 659 447 εει

1202 397 1262 452 Β.
1304 396 1557 453 RABANI
1595 394 1811 452 MAUBI
1851 394 2168 451 ARCHIEP.
2212 394 2516 452 MOGUNT.
2558 396 2839 455 OPERUM
2876 396 3056 452 PARS
3094 396 3175 451 ΠΙ.

3631 402 3713 457 €59.

564 512 862 578 audiebam,
892 509 1197 576 seruiebant,
1226 510 1553 574 muniebant;
1583 507 1755 563 vocali
1812 517 1991 561 tamen
2020 507 2137 563 ubi-
2165 512 2210 569 Λ
2239 506 2380 577 cipio
2408 507 2724 576 repetentia,
2768 507 2893 562 siin
2915 507 3163 576 praesenti
3199 507 3513 576 penultimam
3535 512 3713 569 brevem

566 618 775 675 cunque
800 611 925 659 ante
944 619 972 657 e
989 602 1257 668 evenerit,
1282 609 1548 671 correpta.
1580 599 1637 654 Si
1661 607 1838 653 autem
1865 598 1918 652 in
1940 606 2134 668 quarta

564 692 938 763 conjugatione
962 706 990 745 e
1016 705 1114 761 per
1140 705 1427 762 syncopam
1459 690 1729 745 abstracta
1749 687 1938 752 fuerit,
1963 688 1982 740 i
2011 703 2134 757 pro—

564 781 797 847 ducitur,
852 786 913 834 ut
961 777 1229 843 audibam,
1276 777 1534 842 venibam,
1588 776 1749 830 ibam.
1793 775 2129 830 Prasteritnm

563 887 693 944 ergo
716 869 1012 940 perfectum
1059 869 1111 922 in
1164 867 1323 921 activi
1354 865 1506 922 verbi
1548 866 1929 930 declinatione,
1957 865 2131 936 prima

564 976 789 1031 persona
838 957 1131 1022 indicativi,
1160 957 1211 1010 in
1257 957 1517 1027 ilongam
1556 958 1829 1023 terminat,
1870 971 2032 1027 quam
2078 963 2133 1010 ct

562 1060 755 1105 natura
789 1048 1103 1119 productam
1142 1047 1303 1101 habet
1330 1048 1516 1103 eodem
1547 1056 1788 1117 tempore
1808 1048 1873 1100 'in
1900 1046 2132 1117 penulti-

562 1158 648 1199 ma
675 1142 922 1198 secundm
962 1139 1248 1208 singularis
1297 1146 1459 1209 atque
1497 1138 1739 1209 pluralis,
1771 1147 1827 1191 ut
1857 1135 2094 1189 amaristi
2113 1176 2128 1201 ,

562 1232 845 1287 optavistis.
880 1229 936 1282 ιιι
962 1229 1115 1282 tertia
1142 1242 1354 1297 quoque
1378 1242 1611 1297 persona
1644 1227 1903 1299 singulari
1931 1268 1946 1292 ,
1980 1236 2037 1280 nt
2075 1227 2127 1279 in

562 1324 737 1395 prima
766 1322 955 1391 plurali
984 1335 1103 1375 eam
1135 1320 1376 1389 corripit,
1401 1327 1460 1374 ut
1489 1320 1702 1385 amavit,
1738 1320 2045 1373 amavimus.
2070 1317 2129 1372 lu

561 1416 718 1470 tertia
741 1429 873 1469 vero
899 1413 1114 1484 plurali,
1141 1412 1383 1465 eamdem
1410 1411 1763 1479 iprodnctam
1788 1410 1839 1463 in
1863 1426 1889 1463 e
1914 1409 2129 1480 longam

559 1506 617 1559 in
660 1504 953 1576 penultima
982 1502 1268 1564 convertit,
1301 1509 1361 1555 ut
1399 1510 1699 1555 amaverunt
1734 1502 1819 1555 vel
1870 1514 2127 1564 amovere,

557 1592 842 1647 docuerant
867 1591 950 1646 vel
974 1591 1215 1645 docuere.
1242 1590 1308 1643 Et
1333 1589 1608 1643 sciendum
1629 1588 1772 1658 quod
1794 1587 2130 1658 praeteritum

556 1682 838 1752 plusquam
887 1679 1184 1751 perfectum
1212 1679 1483 1734 indicativi
1515 1678 1677 1745 modi,
1709 1686 1763 1733 et
1797 1678 2129 1749 praeteritum

557 1772 853 1844 perlectum
900 1770 1223 1841 subjunctivi
1276 1770 1438 1834 modi,
1484 1777 1641 1838 atque
1686 1766 1924 1822 futurum
1954 1782 2020 1821 ex
2047 1781 2134 1821 su-

2232 596 2542 655 habnerint.
2582 597 2636 651 in
2684 597 2961 666 prteterito
2991 611 3199 665 quoque
3229 597 3502 668 corripiunt
3523 615 3643 668 eam,
3673 614 3718 658 ιιι

2230 688 2382 751 cado,
2417 687 2611 751 cecidi;
2653 703 2806 751 cano,
2834 687 3030 751 cecini;
3067 687 3231 756 pario,
3275 690 3450 757 peperi.
3478 688 3561 744 Sin
3593 691 3717 763 longa

2231 781 2303 835 sit
2333 780 2385 833 in
2414 779 2666 849 praesenti
2708 778 3001 848 penultima
3047 778 3370 847 naturaliter,
3415 780 3463 834 in
3500 785 3722 851 prteterito

2230 884 2444 939 quoque
2471 869 2804 938 producitur,
2831 876 2892 922 ut
2918 866 3083 932 cendo,
3112 867 3299 932 cecidi;
3323 868 3459 938 pede,
3482 871 3651 941 pepedi.
3675 869 3719 926 Si

2228 960 2496 1030 positione
2525 959 2594 1013 sit
2610 958 2910 1029 penultima
2938 958 2990 1011 in
3011 956 3442 1027 praesenti‘louga,
3464 967 3539 1015 est
3551 960 3722 1029 quando

2230 1057 2479 1104 servatur
2520 1049 2573 1103 in
2618 1047 2930 1119 praeterito;
2969 1046 3183 1116 quando
3212 1044 3451 1115 abiecerit
3478 1062 3722 1102 consonan-

2232 1150 2359 1207 tem,
2401 1141 2711 1209 corripitur.
2763 1138 3024 1221 Servatur
3061 1138 3116 1192 in
3160 1137 3242 1193 his
3285 1155 3297 1191 :
3337 1154 3498 1208 posco,
3532 1139 3724 1208 poposci;

2228 1250 2407 1304 parco,
2449 1232 2684 1303 peperci;
2714 1230 2862 1298 fallo,
2893 1228 3092 1300 fefelli;
3124 1228 3306 1294 tendo,
3337 1228 3539 1293 tetendi;
3572 1229 3723 1298 pendo,

2228 1325 2480 1398 pependi;
2518 1341 2708 1390 curro,
2754 1323 3006 1377 cucurri:
3058 1320 3263 1390 abjeeta
3312 1331 3604 1377 consonante
3635 1336 3728 1376 eor-

2230 1416 2425 1485 ripitur
2454 1415 2505 1469 in
2543 1414 2648 1479 his,
2686 1413 2851 1479 disco,
2900 1411 3102 1478 didici;
3154 1410 3285 1480 pello
3307 1451 3320 1473 ,
3362 1409 3548 1482 pepuli;
3580 1420 3727 1480 tango,

2230 1509 2374 1578 tetigi
2385 1523 2405 1573 ;
2416 1523 2606 1578 pango,
2619 1505 2789 1577 pepigi
2800 1523 2819 1571 ;
2830 1520 3023 1575 pungo,
3039 1502 3265 1574 pupugi;
3279 1502 3449 1568 tundo,
3462 1499 3730 1567 tutudiQue

2230 1607 2409 1654 autem
2426 1598 2477 1652 in
2496 1597 2599 1652 line
2612 1604 2878 1667 repetunt,
2900 1595 3249 1666 penultimam
3263 1591 3728 1664 sempercorripiunt.

2230 1687 2475 1750 utcredo,
2493 1686 2689 1741 credidi
2707 1703 2725 1750 ;
2745 1686 2930 1749 vendo,
2949 1683 3156 1738 vendidi
3175 1701 3192 1749 ;
3213 1682 3385 1754 perdo,
3402 1682 3583 1751 perdidi
3605 1697 3620 1744 ;
3640 1697 3733 1751 pro-

2231 1777 2298 1831 do
2311 1776 2576 1845 ,prodidi;
2598 1774 3035 1839 condo,condidi;
3057 1774 3222 1839 addo,
3240 1772 3445 1837 addidi;
3469 1771 3605 1836 abdo,
3624 1771 3736 1825 abdi-

558 1866 801 1936 pra'dicto
829 1874 1070 1935 tempore
1097 1863 1355 1929 nascitur,
1380 1862 1398 1915 i
1425 1862 1579 1930 longa
1606 1861 1660 1914 in
1687 1877 1715 1914 e
1743 1862 1957 1915 brevem
2004 1874 2131 1914 con-
2158 1847 2204 1905 Β
2235 1865 2318 1931 (ιτς
2337 1865 2617 1929 abscondo,
2635 1863 2961 1918 abscondidi.
2978 1860 3022 1916 Α
3042 1863 3193 1933 pario
3225 1876 3348 1917 vero
3373 1860 3630 1932 composita
3656 1860 3733 1913 tria

557 1969 712 2009 versa
739 1969 837 2024 per
876 1967 1067 2008 omnes
1112 1949 1536 2022 coniugationes,
1576 1957 1631 2003 ct
1667 1949 1916 2003 omnibus
1948 1962 2130 2017 perso-

556 2043 641 2097 nis
675 2051 836 2112 atque
874 2050 1102 2111 utroque
1149 2055 1397 2105 numero,
1441 2047 1502 2093 ut
1547 2038 1741 2103 natavi,
1792 2054 2123 2103 amareram,

555 2131 857 2198 amaverim,
910 2146 1171 2185 amovere.
1226 2128 1338 2184 Nec
1380 2144 1487 2183 non
1536 2137 1591 2184 et
1637 2127 1969 2197 praeteritum
2008 2126 2128 2196 plus

553 2239 714 2296 quam
736 2223 1035 2294 perfectum
1062 2223 1285 2295 Optativi
1330 2223 1442 2277 sive
1472 2220 1818 2289 conjunctivi,
1854 2227 1906 2274 ct
1949 2234 2013 2273 ex
2047 2218 2128 2273 eis

553 2315 775 2371 veniens
803 2314 1134 2385 praeteritum
1161 2310 1431 2373 inﬁnitivi,
1461 2326 1529 2366 ex
1553 2310 1739 2364 eodem
1764 2318 2002 2378 tempore
2031 2322 2127 2360 na-

554 2413 797 2468 scuntur,
827 2404 1100 2457 ututinam
1129 2402 1213 2458 vel
1238 2418 1354 2456 cum
1381 2401 1707 2465 amovissent,
1732 2400 2015 2463 amovisse;
2032 2398 2129 2451 do-

553 2493 799 2557 cuissem,
828 2490 1099 2557 docuisse;
1132 2492 1247 2545 haec
1268 2496 1325 2545 et
1369 2498 1563 2544 natura
1591 2496 1645 2544 et
1660 2488 1935 2557 positione
1965 2486 2126 2541 iton-

550 2596 671 2651 gam
701 2580 921 2636 habent.
961 2578 1304 2635 .Penultimas
1352 2579 1519 2649 igitur
1547 2577 1777 2649 syllabas
1815 2591 1979 2645 supra
2014 2590 2127 2630 me-

552 2671 746 2726 morati
774 2670 1051 2741 temporis,
1081 2670 1136 2724 id
1161 2679 1265 2735 est,
1292 2669 1551 2740 praeteriti
1577 2666 1802 2737 perfecti
1841 2666 2123 2720 indicativi

552 2759 695 2815 modi
720 2759 906 2831 prima:
930 2773 1175 2830 personae
1199 2757 1505 2828 singularis,
1537 2756 1703 2811 antei
1731 2755 1967 2820 finalem,
1993 2769 2123 2824 qua-

548 2851 626 2907 les
646 2851 775 2917 sint,
817 2866 923 2905 non
958 2864 1150 2920 parum
1175 2849 1331 2920 juvat
1367 2861 1713 2920 cognoscere,
1737 2846 1969 2900 maxime
1997 2860 2120 2900 cum

547 2939 614 2994 ad
649 2938 912 3013 originem
937 2939 1054 3008 ejus
1077 2948 1394 2994 cancrorum
1423 2938 1703 2993 modorum
1726 2936 1905 2992 omnia
1924 2943 2123 3006 plante-

552 3031 654 3085 rita
693 3028 932 3101 perfecta
977 3031 1091 3086 sive
1110 3030 1402 3101 plusquam
1428 3028 1667 3100 perfecta
1710 3028 2023 3097 respiciant,
2067 3037 2120 3082 ct

544 3121 664 3191 ejus
692 3119 1008 3190 qualitatem
1036 3122 1091 3175 in
1136 3122 1221 3176 his
1249 3121 1487 3192 syllabis,
1517 3135 1652 3192 quas
1681 3120 2018 3189 incorruptus
2050 3120 2118 3173 ab

2228 1956 2405 2024 quarti
2435 1955 2641 2009 ordinis
2666 1952 2853 2019 verba,
2885 1960 2945 2007 ut
2972 1955 3197 2024 reperio,
3245 1951 3516 2024 comperio,
3540 1950 3735 2020 deperio,

2226 2044 2524 2115 corripiunt
2551 2042 2895 2114 penultimam
2926 2042 2978 2096 in
3006 2043 3303 2111 pneterito,
3348 2050 3406 2095 ut
3426 2038 3593 2110 reperi,
3629 2054 3737 2091 com-

2223 2134 2356 2205 peri,
2385 2134 2580 2203 deperi,
2608 2148 2707 2187 nec
2735 2148 2841 2187 non
2876 2142 2932 2187 et
2956 2133 3061 2187 ista
3091 2142 3148 2187 et
3173 2132 3348 2187 omnia
3378 2146 3489 2200 qua:
3508 2144 3565 2184 ex
3591 2129 3740 2184 eodem

2224 2225 2390 2279 verbo
2424 2224 2674 2279 videntur
2719 2237 2839 2278 esse
2886 2223 3215 2293 composita,
3264 2231 3449 2276 natura
3493 2234 3674 2287 semper
3693 2235 3740 2287 pe

2224 2315 2482 2387 syllabam
2513 2314 2730 2368 brevem
2762 2312 2982 2379 habent,
3014 2312 3069 2366 in
3098 2325 3423 2383 quocunque
3462 2310 3526 2364 sit
3550 2308 3677 2372 loco,
3697 2316 3742 2359 ut

2223 2406 2426 2477 aperio,
2490 2405 2703 2476 aperui;
2745 2404 2983 2474 cooperio
3007 2443 3022 2468 ,
3066 2403 3346 2474 cooperui;
3387 2401 3616 2471 experior,
3652 2413 3742 2467 ape-

2224 2497 2351 2550 rior.
2378 2493 2624 2550 Lucanus
2647 2494 2699 2547 in
2729 2509 2783 2548 tv
2810 2510 2824 2547 :

2346 2583 2600 2632 Tradimus
2622 2581 2890 2644 Hesperias
2912 2588 3113 2645 gentes,
3146 2582 3389 2646 aperimus
3407 2580 3540 2633 ans.

2814 2683 2891 2738 De
2915 2685 3198 2738 (inauratis.

2290 2774 2347 2829 In
2373 2773 2636 2829 anomalis
2666 2788 2858 2843 nempe
2890 2775 3157 2830 rationem
3203 2772 3520 2845 producendi
3552 2769 3622 2824 vel
3656 2783 3745 2822 cor-

2220 2866 2471 2936 ripiendi,
2501 2872 2663 2935 prout
2700 2878 3006 2934 possumus,
3034 2881 3184 2920 nunc
3222 2865 3455 2920 breviter
3480 2861 3740 2934 pandemus.

2221 2954 2403 3022 Fero,
2466 2956 2691 3010 verbum
2744 2955 3034 3025 inzequale,
3074 2957 3297 3025 generis
3338 2954 3512 3018 activi,
3554 2952 3744 3021 primam

2221 3046 2482 3120 syllabam
2503 3062 2720 3117 semper
2743 3047 2962 3102 brevem
2996 3048 3167 3103 habet
3191 3049 3245 3102 in
3276 3046 3514 3101 omnibus
3536 3042 3685 3098 modis
3704 3049 3745 3093 et

2221 3133 2593 3203 temporibus,
2638 3143 2865 3202 excepto
2907 3135 3128 3203 quando
3175 3135 3441 3205 positione
3468 3131 3745 3203 producitur.

544 3225 609 3267 eo
642 3218 984 3281 acceperant,
1020 3184 1358 3267 serv°aat.'ln
1388 3211 1436 3267 ei
1463 3184 1592 3283 ergo
1621 3210 1881 3283 syllabam
1899 3184 2108 3265 *ιρι-ηιξ-

2225 3184 2547 3203 ---Ἰὼ-η
2578 3184 2593 3198 ,
2914 3184 3123 3203 «πω---
3175 3184 3439 3205 r----_____
3468 3184 3574 3203 rm

2216 3223 2273 3278 In
2300 3224 2540 3279 secunda
2567 3223 2711 3278 enim
2734 3239 2966 3293 persona
2995 3225 3259 3296 singulari
3283 3224 3552 3297 prazsentis
3577 3221 3745 3275 indica-

544 3302 787 3356 nautium
815 3301 993 3357 omnis
1030 3301 1324 3373 penultima
1362 3301 1520 3374 longa
1546 3310 1645 3367 cst,
1681 3300 1761 3356 vel
1786 3309 2000 3364 natura,
2023 3299 2109 3355 vel

543 3391 830 3462 positione,
869 3400 929 3447 ut
961 3392 1153 3456 amavi,
1181 3391 1302 3456 lari,
1332 3392 1459 3457 rari,
1496 3391 1647 3455 movi,
1674 3390 1862 3460 supini,
1891 3389 2107 3453 muniri,

545 3482 739 3538 audivi.
772 3481 952 3539 Tertia
978 3498 1107 3539 vero
1141 3491 1195 3538 et
1222 3492 1413 3552 quarta
1437 3481 1809 3553 conjugatiene
1850 3481 1902 3535 in
1929 3480 1997 3533 iri
2020 3480 2112 3534 de-

544 3573 777 3627 sinentia
809 3573 992 3639 verba,
1022 3574 1068 3628 si
1113 3590 1139 3628 v
1182 3588 1487 3629 consonans
1535 3572 1895 3642 iutcrcipitur,
1936 3570 2108 3627 corri-

546 3664 696 3735 piunt
717 3665 735 3719 i
758 3665 1131 3735 pcnultimam,
1164 3674 1222 3720 ut
1247 3667 1434 3735 cupivi,
1471 3666 1645 3736 cupii;
1675 3665 1948 3727 arcessiri;
1979 3664 2107 3728 sivi,

540 3756 606 3809 sii
620 3771 639 3820 ;
659 3755 866 3818 munivi,
887 3757 1083 3822 munii;
1101 3756 1478 3821 audivi,audii.
1499 3756 1554 3809 ln
1577 3756 1631 3807 ui
1653 3754 1852 3809 divisas
1870 3754 2110 3808 omnium

542 3844 975 3916 conjugationum
1007 3846 1169 3900 verba
1201 3845 1548 3901 inveniuntur
1585 3844 1972 3899 terminantia:
1998 3843 2111 3921 pri-

543 3952 661 4003 inte,
688 3945 748 3991 ut
771 3938 939 4003 tonui,
974 3939 1113 3991 serui
1129 3953 1151 4003 ;
1196 3937 1463 4000 secundat,
1503 3944 1560 3990 ut
1587 3936 1749 4000 tenui,
1781 3935 1972 4001 habui;
2002 3944 2111 3990 ter-

542 4029 648 4086 tize.
693 4038 751 4084 ut
790 4030 977 4095 annui,
1016 4030 1201 4101 posui;
1247 4041 1473 4098 quartae,
1524 4037 1583 4082 ut
1627 4029 1829 4099 aperui,
1868 4028 2106 4098 prosilui.

538 4119 727 4175 Omnis
770 4129 948 4176 autem
972 4120 1266 4191 penultima
1309 4117 1466 4187 hujus
1497 4118 1704 4183 forma),
1742 4117 1796 4172 id
1824 4126 1925 4182 est,
1961 4118 2012 4172 in
2055 4121 2111 4173 ui

538 4210 738 4266 divisas
771 4210 1128 4265 dcsinentium
1173 4210 1484 4281 corripitur.
1528 4210 1584 4264 ln
1635 4210 1680 4264 si
1707 4210 2110 4265 terminantium

537 4302 892 4373 perlectorum
948 4303 1273 4375 penultima,
1324 4303 1408 4358 vel
1450 4312 1662 4367 natura,
1706 4302 1791 4357 vel
1842 4302 2113 4372 positione

537 4395 902 4462 producuntur
930 4412 941 4447 :
976 4402 1190 4460 natura,
1218 4401 1277 4448 ut
1304 4392 1467 4459 rideo,
1500 4393 1623 4457 risi;
1664 4391 1882 4455 suadeo,
1922 4392 2109 4456 suasi;

535 4482 715 4548 evado,
764 4484 935 4548 evasi;
979 4483 1191 4549 Itaurio,
1238 4483 1425 4546 hausi;
1453 4482 1739 4552 positione,
1786 4489 1847 4534 ut
1895 4495 2101 4543 maneo,

536 4574 744 4637 mansi;
775 4588 917 4642 repo,
970 4572 1125 4641 repsi.
1166 4571 1234 4626 Et
1270 4571 1324 4625 in
1366 4571 1421 4625 εἰ
1450 4569 1795 4625 terminantia
1829 4569 2104 4638 pmterita

535 4663 881 4734 penultimam
912 4679 1125 4733 seraper
1145 4664 1463 4734 producunt,
1488 4672 1548 4718 ut
1566 4663 1747 4734 frigeo,
1775 4663 1936 4734 frixi;
1964 4662 2109 4734 pelli-

532 4772 641 4822 ceo,
669 4753 856 4827 pellexi
877 4771 896 4819 ;
931 4771 1106 4824 pergo,
1139 4771 1376 4825 perrexi;
1419 4755 1604 4825 diligo,
1654 4755 1848 4821 dilexi;
1887 4757 2099 4821 sancio,

531 4844 720 4907 sanxi;
742 4843 927 4908 rincio,
959 4843 1121 4895 vinxi.
1156 4842 1287 4896 Bibo
1312 4858 1525 4914 quoque
1551 4843 1677 4910 bibi,
1713 4844 1886 4899 tertia:
1910 4842 2099 4912 conju-

532 4934 763 5008 gationis
796 4931 1039 4995 verbum,
1068 4939 1122 4986 et
1142 4946 1208 4985 ex
1234 4946 1300 4986 eo
1324 4932 1642 5000 composita,
1670 4940 1730 4987 ut
1751 4932 1917 4997 ebibo,
1958 4939 2015 4987 et
2044 4933 2098 4988 in

527 5024 775 5098 praesenti
830 5031 884 5079 et
931 5022 983 5077 in
1035 5023 1309 5091 praeterito
1359 5022 1665 5094 corripiunt
1713 5023 2087 5092 peuultimam.

524 5116 716 5172 Scindo
748 5113 889 5170 enim
920 5122 974 5169 et
1010 5113 1176 5183 ﬁndo,
1210 5112 1418 5167 etiamsi
1464 5113 1515 5168 in
1548 5113 1800 5184 praesenti
1828 5114 2094 5185 positione

522 5208 631 5262 sint
666 5205 843 5276 longa,
883 5205 937 5259 in
987 5205 1260 5275 praeterito
1309 5213 1485 5260 tamen
1530 5205 1883 5276 penultimam
1924 5205 1944 5259 i
1980 5220 2096 5261 cor-

524 5297 741 5366 ripiunt,
770 5305 830 5350 ut
872 5295 1027 5361 scidi,
1052 5296 1168 5365 ﬁdi.
1218 5294 1309 5351 Sic
1352 5304 1405 5349 et
1447 5297 1711 5365 contingo,
1749 5297 1971 5366 conligi;
2018 5305 2096 5349 at-

521 5387 685 5456 tingo,
713 5386 880 5456 attigi.
913 5384 1107 5439 Primae
1142 5386 1356 5454 quidem
1405 5384 1794 5456 conjugationis
1830 5386 1935 5441 duo
1976 5402 2092 5440 mo-

522 5474 815 5547 nosyllaba,
854 5486 932 5530 sto
960 5486 1015 5531 ct
1051 5476 1141 5543 do,
1183 5477 1483 5548 corripiunt
1511 5477 1830 5547 penultimas
1854 5477 1906 5531 in
1948 5492 2090 5546 pne-

524 5565 703 5629 tcrilo,
733 5576 791 5618 ut
816 5565 953 5630 steti,
994 5565 1133 5620 dedi.
1168 5565 1258 5622 Sic
1281 5578 1337 5623 et
1366 5583 1431 5623 ex
1465 5567 1544 5622 eis
1569 5568 1886 5637 composita,
1919 5577 1979 5621 ut
2013 5583 2091 5622 re-

522 5663 623 5719 sto,
654 5656 849 5721 restiti;
880 5655 1061 5721 reddo,
1089 5656 1313 5712 reddidi.
1339 5657 1534 5714 Tertia:
1556 5666 1734 5712 autem
1765 5658 2007 5730 quaedam
2035 5660 2088 5714 in

524 5742 783 5812 principio
806 5744 1036 5814 syllabas
1066 5755 1331 5814 repetunt,
1359 5735 1601 5816 quaedam
1628 5750 1681 5803 in
1714 5746 1838 5803 line.
1863 5747 1920 5801 In
1941 5749 2084 5818 prin.

2214 3316 2309 3369 tivi
2335 3329 2627 3386 syncopam
2650 3314 2799 3379 facit,
2824 3314 2876 3369 id
2899 3324 3001 3382 est,
3026 3317 3420 3382 concisionem,
3448 3324 3502 3370 ut
3517 3313 3629 3383 fere,
3650 3310 3752 3379 fers,

2210 3416 2266 3462 ct
2293 3408 2363 3462 ob
2391 3408 2492 3461 hoc
2513 3407 2694 3461 omnia
2720 3422 2839 3476 quae
2867 3422 2899 3460 a
2929 3410 3171 3463 secunda
3212 3423 3442 3480 persona
3472 3411 3738 3463 nascuntur,

2215 3504 2439 3552 servant
2474 3497 2592 3567 ejus
2634 3498 3014 3563 coneisionem,
3048 3507 3111 3553 ιιι
3144 3501 3276 3571 fers,
3317 3501 3437 3570 fert,
3480 3498 3640 3569 fertis;
3670 3494 3745 3563 [ιν.

2214 3587 2364 3658 ferte,
2409 3587 2564 3657 ferto,
2608 3588 2813 3659 fertote,
2859 3587 3012 3658 ferre.
3074 3591 3146 3644 Et
3196 3592 3312 3646 haec
3336 3592 3743 3655 cuncta,cxccplu

2211 3693 2320 3733 uno
2363 3677 2446 3746 fer
2477 3680 2759 3749 praesentis
2802 3679 3107 3749 imperativi
3160 3681 3487 3754 singularis,
3532 3678 3751 3750 positione

2211 3768 2369 3836 longa
2397 3777 2539 3823 sunt.
2577 3769 2635 3823 In
2676 3769 2795 3823 aliis
2822 3786 3035 3840 quoque
3063 3774 3326 3827 omnibus
3362 3772 3554 3836 modis,
3584 3779 3749 3836 tempo-

2215 3856 2362 3912 ribus
2389 3866 2443 3911 ct
2470 3858 2714 3926 personis
2744 3861 2913 3914 tertia:
2942 3861 3350 3933 eonjugationis
3378 3861 3628 3918 rationem
3656 3871 3751 3912 ser-

2211 3960 2322 4015 vat,
2356 3950 2603 4005 videlicct
2647 3952 2773 4021 quia
2819 3968 2939 4021 quze
2985 3969 3015 4007 a
3046 3956 3231 4025 prima
3256 3972 3487 4026 persona
3526 3954 3752 4022 accipiunt

2213 4039 2482 4109 regulam,
2526 4048 2726 4095 rectam
2766 4040 3191 4098 declinationem
3218 4053 3540 4115 sequuntur,
3567 4053 3622 4097 nt
3646 4041 3752 4111 fere.

2211 4127 2439 4197 ferebam
2463 4168 2477 4194 ,
2521 4128 2711 4198 feram.
2760 4129 2895 4184 Nam
2924 4135 3267 4200 prmteritum
3293 4137 3582 4206 perfectum
3607 4129 3750 4185 abusio

2212 4232 2336 4271 vum
2369 4218 2551 4284 balet,
2584 4217 2636 4273 id
2684 4229 2796 4285 cst,
2833 4221 2953 4287 tuli,
2978 4224 3124 4291 quod
3175 4224 3409 4281 alterius
3438 4224 3580 4279 verbi
3619 4217 3751 4292 pcrle

2213 4318 2357 4364 ctum
2381 4318 2481 4373 est,
2511 4311 2562 4365 id
2599 4318 2702 4377 est,
2729 4311 2878 4378 tollo,
2908 4313 3069 4379 totlis,
3109 4315 3237 4382 tuli,
3278 4316 3442 4383 facit;
3487 4318 3583 4371 hoc
3610 4324 3754 4368 tamen

2212 4401 2541 4468 praeteritum
2590 4411 2645 4456 et
2684 4403 2864 4456 omnia
2902 4418 3023 4473 qua:
3051 4420 3081 4459 a
3113 4421 3177 4461 se
3208 4416 3526 4469 nascuntur,
3561 4404 3755 4473 primam
3826 4428 3835 4439 ο

2214 4491 2471 4561 syllabam
2492 4493 2826 4563 corripiunt,
2858 4502 2917 4549 ut
2956 4495 3074 4561 tuli,
3099 4496 3314 4564 tulisti;
3342 4506 3398 4554 et
3451 4498 3673 4559 tuleram,
3694 4501 3758 4544 tu-

2210 4583 2370 4648 leras,
2414 4584 2667 4647 tulissem,
2713 4584 2941 4651 tulisses,
2967 4585 3200 4651 tulerim,
3233 4588 3453 4654 Hilaris;
3496 4588 3576 4645 vel
3600 4585 3755 4644 tulero.

2209 4674 2415 4740 tuleris,
2453 4676 2651 4731 tulisse.
2710 4676 2768 4731 In
2798 4680 3011 4748 passivo
3037 4694 3263 4752 quoque
3290 4685 3543 4739 similiter
3565 4678 3756 4748 corripi-

2209 4774 2320 4837 tur,
2365 4767 2467 4822 nisi
2506 4767 2722 4837 quando
2770 4768 3040 4838 positione
3086 4774 3423 4841 producitur
3465 4781 3519 4828 et
3559 4769 3682 4826 redit
3705 4764 3761 4820 ad

2206 4857 2544 4930 analogiam,
2598 4859 3002 4931 declinaturque
3048 4865 3361 4920 secundum
3404 4864 3630 4938 regulam
3655 4875 3759 4931 prte-

2205 4947 2360 5003 dicta:
2400 4946 2814 5020 coniugationis,
2856 4951 2959 5005 nisi
3011 4956 3157 5022 quod
3204 4955 3263 5010 in
3312 4956 3585 5026 praeterito
3611 4960 3658 5009 ct
3689 4949 3757 5004 his

2198 5056 2316 5110 quas
2340 5055 2407 5096 es
2431 5041 2534 5097 hoc
2558 5051 2870 5109 nascuntur,
2895 5043 3268 5101 litteraturam
3303 5059 3500 5103 mutat.
3550 5047 3670 5103 Nam
3696 5041 3758 5095 la-

2197 5128 2271 5182 cit
2315 5128 2604 5184 indicativo
2652 5132 2925 5200 prresenti,
2973 5132 3137 5203 feror,
3181 5135 3397 5206 fereris,
3452 5138 3630 5208 fertur,
3655 5130 3757 5203 feri-

2196 5233 2334 5284 mur,
2381 5218 2631 5289 ferimini,
2670 5219 2942 5289 feruntur;
2990 5225 3342 5293 praeteritum
3396 5225 3756 5299 imperfectum.

2197 5307 2418 5377 ferebar,
2460 5308 2738 5376 ferebaris,
2792 5321 2847 5367 et
2892 5312 3023 5379 rel.;
3068 5318 3422 5384 praeteritum
3473 5319 3757 5390 perfectum.

2195 5396 2333 5452 latus
2358 5416 2494 5463 sum,
2526 5416 2601 5465 es,
2629 5411 2725 5464 est,
2758 5409 2810 5455 et
2839 5403 2935 5457 rel.
2979 5402 3070 5459 Sic
3089 5408 3287 5463 omnia
3320 5414 3613 5466 secundum
3648 5418 3757 5460 ana-

2193 5488 2385 5560 logiam
2419 5492 2783 5560 declinantur;
2831 5495 2975 5550 istud
3013 5505 3200 5553 tamen
3231 5503 3574 5571 prteteritum
3597 5496 3760 5569 primis

2192 5580 2415 5653 syllabis
2477 5582 2875 5653 producendum
2943 5602 3063 5644 esse
3123 5593 3383 5649 ostendit
3446 5580 3761 5666 participium

2191 5670 2518 5739 prieteritum
2537 5712 2551 5736 ,
2580 5686 2609 5725 a
2638 5687 2745 5742 quo
2772 5681 2857 5728 est
2888 5677 3283 5746 compositum.
3319 5682 3569 5739 Lucanus
3610 5680 3661 5734 in
3685 5690 3760 5732 tv:

2317 5779 2466 5831 Orant
2488 5781 2732 5845 Cerrepiae
2753 5781 2948 5845 praglata
2971 5783 3143 5836 fronde
3173 5787 3442 5845 Minerva.
