3950 6192
259 415 364 469 6³35

262 524 328 580 Ει
355 521 409 576 in
433 519 624 575 eodem
649 533 663 568 :

383 607 450 658 Et
473 614 582 670 post
597 605 850 655 translatas
873 607 1065 654 exusta
1097 598 1336 650 Phocidos
1367 609 1524 648 arces.

265 711 570 767 Notandum
610 722 740 763 vero
775 704 919 775 quod
961 701 1166 772 aufero,
1191 701 1378 770 affero,
1403 698 1590 768 infero,
1617 695 1832 764 suffero,

265 803 498 872 confero,
522 799 750 871 profero,
780 794 1024 867 pra'fero,
1065 794 1342 862 transfero,
1381 788 1710 863 circumfero,
1742 804 1839 840 au-

267 891 450 961 tefero,
496 899 552 943 et
603 886 783 942 omnia
813 899 932 953 qute
982 898 1049 938 ex
1091 883 1194 937 hoc
1239 882 1402 936 verbo
1448 879 1697 932 videntur
1720 891 1839 930 esse

268 981 567 1050 composita
595 1017 612 1042 ,
658 977 776 1046 ejus
823 974 1236 1030 declinationem
1284 971 1336 1024 in
1367 979 1596 1037 utroque
1643 981 1839 1034 genere

269 1079 508 1138 servant.
546 1067 676 1122 Volo
707 1081 920 1136 quoque
945 1064 1168 1118 verbum
1197 1061 1459 1125 neutrale,
1498 1060 1611 1114 sive
1641 1058 1840 1127 primas

269 1163 502 1234 syllabas
530 1162 584 1215 in
627 1176 656 1215 ο
693 1165 895 1222 mutet,
927 1155 1041 1210 sive
1069 1170 1191 1209 cum
1221 1170 1251 1208 ο
1281 1158 1481 1216 servet,
1517 1153 1730 1205 easdem
1761 1157 1842 1200 ta-

269 1267 391 1308 men
417 1264 632 1322 semper
659 1247 881 1316 corripit
904 1253 1116 1308 natura,
1143 1251 1199 1297 ut
1225 1242 1360 1305 volo,
1391 1238 1645 1301 volumus,
1683 1234 1839 1300 volui,

272 1343 558 1405 volueram,
590 1339 861 1399 voluerim,
888 1336 1118 1401 voluero,
1162 1342 1295 1399 etc.,
1323 1331 1495 1396 relim,
1516 1328 1661 1391 relis,
1691 1327 1840 1390 velit;

271 1445 325 1490 ct
350 1435 449 1490 rel.
502 1433 559 1490 ln
584 1433 777 1502 quibus
827 1439 1006 1484 tamen
1047 1444 1074 1482 e
1115 1427 1379 1497 positione
1422 1421 1754 1494 producitur,
1785 1425 1846 1471 ut

273 1526 476 1587 vellem,
522 1523 694 1586 velles,
736 1529 790 1576 et
837 1520 934 1576 rel.
996 1519 1246 1574 Secunda
1296 1529 1527 1584 namque
1568 1509 1842 1567 indicativi

275 1631 503 1686 persona
554 1612 844 1683 singularis
894 1611 946 1664 in
989 1608 1236 1679 prmsenti
1282 1603 1596 1675 producitur
1629 1609 1840 1664 natura,

275 1711 456 1768 idest,
501 1707 599 1760 vis.
657 1705 721 1758 Et
760 1704 814 1756 in
857 1703 1096 1770 optativo
1127 1699 1330 1761 futuro,
1366 1696 1478 1751 sive
1506 1691 1844 1760 coniunctivo

510 1796 523 1808 ο
839 1808 880 1816 ,,
973 1807 976 1810 .
1116 1804 1131 1814 ,
1689 1787 1699 1792 '
1817 1806 1841 1817 _
1951 1787 2027 1789 ""
2174 1787 2346 1804 'l""‘
2396 1787 2454 1788 ""
2499 1787 2537 1790 ’⁷
2584 1787 2612 1806 υ
2790 1787 3273 1806 l"“""""""'d
3367 1787 3386 1788 "
3497 1787 3508 1802 1

1872 1797 1926 1912 B‘
1946 1837 1998 1880 et
2030 1827 2081 1879 in
2113 1827 2282 1896 prima
2327 1835 2487 1894 atque
2517 1827 2747 1884 secunda
2780 1825 2968 1895 plurali
2998 1824 3388 1898 vpenultimam.
3433 1824 3510 1886 Fit

275 1888 425 1949 laris,
454 1892 506 1937 et
533 1883 884 1953 penultituatu
911 1880 1096 1950 prima:
1119 1886 1173 1930 et
1200 1875 1448 1930 secundae
1495 1871 1736 1942 pluralis,
1770 1869 1844 1924 si-

277 1976 387 2030 mili
416 1977 576 2029 modo
601 1985 792 2026 natura
819 1969 1085 2040 producit,
1113 1966 1254 2027 relis,
1290 1964 1523 2029 relimus,
1558 1961 1755 2022 velitis;
1791 1960 1845 2014 in

278 2066 491 2122 caeteris
520 2055 650 2118 vero
677 2061 894 2133 pluralis
925 2059 1156 2123 numeri,
1186 2057 1302 2111 sive
1340 2073 1393 2118 u,
1437 2055 1507 2109 sit
1531 2052 1845 2122 penultima,

275 2165 337 2210 ut
382 2155 656 2216 rolumus,
704 2153 816 2206 sive
861 2151 898 2214 i,
948 2159 1005 2203 ut
1049 2148 1390 2208 voluerimus,
1424 2158 1634 2211 semper
1660 2142 1851 2200 breves

278 2253 443 2297 sunt:
481 2242 571 2296 ubi
607 2251 783 2295 autem
818 2241 986 2294 fortua
1035 2239 1103 2301 sit
1141 2238 1328 2310 primae
1354 2232 1762 2303 coujugationis,
1794 2238 1853 2284 ut

279 2332 509 2386 rolebam
533 2372 546 2393 ,
582 2333 841 2384 volueram
869 2370 882 2393 ,
921 2328 1002 2382 vel
1047 2329 1322 2392 secundm,
1366 2334 1424 2378 ut
1449 2324 1646 2387 vellera,
1680 2322 1850 2385 velles,

277 2421 579 2481 roluissem,
610 2420 889 2484 roluisscs,‘
918 2419 1126 2472 illarum
1156 2415 1587 2486 coniugationum
1615 2413 1850 2484 regulam

283 2519 589 2578 sequuntur
631 2523 860 2577 quarum
907 2506 1137 2563 formam
1184 2503 1506 2560 babent.Ex
1547 2503 1648 2557 hoc
1693 2502 1854 2575 igitur

284 2600 453 2656 verbo
473 2599 768 2669 composita
795 2607 920 2652 sunt
941 2597 1042 2651 alia
1077 2597 1182 2651 duo
1205 2596 1388 2656 verba.
1437 2594 1489 2648 id
1510 2602 1624 2659 est,
1652 2593 1772 2649 uolo
1799 2599 1854 2645 et

282 2690 445 2750 ntalo.
475 2688 608 2744 Nolo
633 2705 759 2744 vero
785 2705 852 2744 ex
880 2705 982 2751 non
1009 2697 1063 2743 ct
1100 2687 1241 2749 rolo,
1285 2694 1341 2741 et
1383 2686 1503 2741 ideo
1525 2683 1676 2753 juxta
1699 2700 1852 2738 suum

282 2783 512 2852 simplex
542 2783 594 2835 in
618 2783 789 2851 prima
814 2791 966 2851 parte
991 2795 1204 2850 semper
1230 2778 1562 2850 producitur.
1596 2775 1854 2832 Martialis

285 2877 337 2928 iu
369 2873 784 2944 Epigmtntnatis
808 2891 821 2926 :

423 2983 480 3032 L't
508 2984 710 3030 recitem
736 2983 823 3030 tibi
848 2987 1007 3031 rostra
1030 2985 1376 3042 epigrammata
1394 2978 1522 3040 nolo,

471 3043 577 3091 Non
600 3045 768 3093 ain-sire
791 3044 944 3104 celer,
965 3044 1051 3092 sed
1073 3046 1283 3092 recitare
1306 3043 1460 3104 cupis.

287 3128 355 3190 lit
382 3125 624 3180 Albanus
653 3126 704 3177 in
741 3124 1087 3179 Monasticis:

408 3216 585 3264 Omnia
609 3227 718 3274 qua:
742 3214 904 3264 dicunt
932 3213 1171 3273 homines,
1190 3219 1238 3260 tu
1263 3211 1471 3262 credere
1497 3213 1610 3260 noli.

291 3319 435 3376 Malo
460 3334 673 3387 quoque
703 3334 767 3372 ex
799 3320 962 3387 arrigis
999 3327 1053 3371 et
1097 3317 1212 3371 volo
1260 3318 1610 3386 compositum
1639 3326 1742 3380 cst,
1776 3333 1858 3370 mo

293 3421 472 3464 tamen
507 3413 786 3478 producta.
823 3410 967 3477 \‘irg.
1007 3409 1058 3462 in
1083 3407 1277 3476 Georg.
1307 3422 1364 3460 ιιι
1398 3425 1412 3460 :

422 3519 483 3569 lit
507 3531 625 3580 quos
654 3527 736 3567 aut
765 3519 927 3580 pecori
952 3517 1118 3566 maiint
1136 3517 1439 3564 summittere
1461 3514 1701 3564 habendo.

296 3620 412 3674 Edo
468 3622 682 3689 quidem
726 3621 972 3676 anoutale
1042 3618 1395 3692 [anomalum]
1444 3619 1656 3690 generis
1702 3615 1866 3672 activi

293 3715 588 3774 secundum
614 3731 896 3784 personam
923 3715 1236 3785 corrumpit,
1268 3722 1326 3767 ut
1347 3731 1419 3778 es,
1449 3731 1476 3766 e
1508 3722 1682 3768 tamen
1709 3713 1864 3785 longa

294 3813 422 3858 ante
447 3821 498 3870 s,
527 3812 580 3859 et
610 3805 662 3858 in
693 3806 942 3860 munibus
976 3805 1220 3875 personis
1259 3803 1342 3857 vel
1391 3804 1714 3874 temporibus
1747 3819 1866 3873 qua:

293 3897 470 3950 Solent
498 3911 562 3950 ex
591 3898 691 3950 hac
719 3896 952 3951 secunda
985 3897 1131 3952 nasci
1164 3911 1414 3966 persona,
1445 3905 1746 3965 corruptam
1787 3897 1867 3950 in-

293 3987 482 4040 venies
513 3985 748 4055 regulam
782 3985 1195 4056 conjugationis,
1232 4003 1284 4038 es
1311 3994 1487 4038 toturn
1529 3988 1865 4054 productam,

292 4091 457 4143 quam
484 4089 513 4127 a
545 4075 776 4128 secunda
807 4083 1129 4144 acceperunt
1158 4088 1418 4144 persona,
1456 4084 1720 4127 servatam
1750 4072 1868 4126 ubi-

291 4179 398 4231 que
427 4180 542 4227 :es,
564 4173 659 4228 est,
691 4174 817 4228 este,
848 4174 971 4226 esto,
997 4173 1178 4228 estote,
1205 4173 1392 4228 essent,
1417 4178 1524 4216 esse
1557 4176 1575 4214 .'
1604 4171 1780 4216 tamen
1815 4161 1865 4214 in

291 4254 489 4326 plurali
541 4269 767 4308 nmnero
794 4255 1074 4323 praesentis
1105 4255 1375 4309 indicativi
1408 4263 1587 4309 servat
1627 4253 1865 4323 regulam

293 4342 472 4401 tertias
515 4342 954 4412 conjugationise
987 4343 1182 4412 ubique
1230 4351 1496 4412 correpta,
1543 4350 1603 4397 ut
1645 4342 1864 4404 edimus,

289 4433 448 4486 editis
475 4472 490 4496 ,
539 4433 718 4487 edunt.
781 4432 1041 4488 Similiter
1083 4433 1136 4486 in
1176 4434 1448 4504 prteterito
1475 4431 1786 4504 imperfecto
1815 4443 1870 4485 et

291 4524 494 4616 futuro,
530 4522 761 4616 edebam,
806 4522 998 4616 edam,
1040 4530 1094 4576 et
1131 4522 1182 4575 in
1221 4523 1468 4616 omnibus
1491 4537 1608 4590 qua:
1637 4519 1806 4616 solent
1838 4533 1866 4572 a
1895 4533 1946 4593 ι)

289 4615 468 4686 prima
516 4614 663 4668 nasci
701 4629 950 4684 persona,
981 4613 1084 4671 hoc
1115 4623 1216 4679 est,
1246 4614 1298 4667 in
1326 4613 1482 4666 tertia
1510 4627 1734 4682 persona
1764 4611 1864 4665 im-

290 4704 549 4776 perativi,
572 4712 633 4757 ut
656 4705 796 4769 edat,
826 4712 880 4759 et
926 4705 977 4759 in
1005 4703 1184 4758 futuro
1220 4703 1442 4774 optativi
1468 4703 1558 4772 qui
1593 4711 1675 4757 est
1702 4701 1863 4756 etiam

289 4794 699 4864 subiunctivum
726 4809 986 4864 prazsens,
1015 4794 1185 4858 edam,
1221 4794 1364 4855 edas,
1385 4793 1526 4857 edat,
1549 4801 1605 4848 et
1631 4792 1729 4847 rel.
1751 4792 1864 4864 pri-

283 4899 378 4940 ma
405 4881 612 4952 syllaba
640 4891 910 4953 correpta,
938 4891 998 4936 ut
1025 4882 1285 4936 Martialis
1318 4881 1382 4936 de
1411 4880 1656 4950 palum’be
1681 4898 1693 4934 :

420 4973 626 5036 Inguina
650 4975 892 5036 torquenti
917 4973 1105 5036 tardant
1128 4972 1456 5036 hebetantque
1478 4971 1708 5036 palumbi,

508 5035 585 5082 iou
610 5035 723 5082 edat
744 5033 866 5083 hanc
891 5035 1158 5095 volucrem,
1181 5035 1264 5095 qui
1283 5033 1415 5095 cupit
1434 5046 1544 5082 esse
1565 5033 1718 5083 salax.

279 5115 370 5172 Ει
423 5114 530 5168 hoc
574 5115 761 5183 utique
802 5115 968 5170 verbo
1019 5115 1332 5170 derivantur
1356 5115 1588 5178 comedo,
1625 5115 1863 5179 ambedo,

279 5205 483 5270 abedo,
527 5206 842 5271 circumedo,
887 5216 944 5262 et
977 5206 1094 5274 ejus
1124 5206 1532 5266 declinationem
1564 5206 1616 5264 in
1640 5214 1867 5276 utroque

273 5311 493 5367 genere
523 5307 759 5357 servant.
801 5296 1089 5355 Sciendum
1113 5308 1292 5354 tamen
1321 5297 1462 5368 quod
1490 5307 1697 5353 veteres
1726 5299 1866 5353 istud

277 5389 524 5445 verbum
573 5405 678 5443 non
722 5400 992 5462 corrupte,
1041 5391 1135 5446 sed
1180 5392 1386 5462 integre
1437 5394 1725 5448 secundum
1756 5404 1866 5450 ter-

278 5479 431 5535 tiam
453 5476 883 5548 conjugationcm
935 5479 1276 5535 declinabant
1294 5521 1307 5544 ,
1346 5489 1406 5535 ut
1441 5481 1560 5548 edo,
1583 5482 1712 5548 edis,
1737 5484 1866 5548 edit,

275 5577 547 5640 correpta
598 5571 769 5638 prima
815 5571 1055 5642 syllaba,
1103 5581 1157 5627 et
1207 5572 1302 5626 rel.
1333 5571 1466 5626 Cato
1496 5573 1564 5627 ad
1592 5571 1760 5627 ﬁlium
1800 5576 1868 5631 de

274 5670 514 5715 oratore
547 5678 560 5713 :
600 5658 764 5729 Lepus
802 5661 1021 5716 multum
1053 5663 1221 5720 somni
1253 5662 1424 5732 affert,
1451 5663 1540 5734 qui
1569 5662 1716 5718 illum
1736 5663 1864 5721 edit.

277 5751 359 5806 Et
391 5752 540 5820 Virg.
577 5752 630 5807 in
653 5769 701 5807 tv
729 5751 917 5824 Georg.
955 5773 968 5809 :

1076 397 1464 456 EXCERPTlO
1501 397 1587 452 DE
1627 393 1814 449 ARTE
1850 391 2301 448 GRAMMATICA
2339 391 2692 446 PRISCIANI.

1860 506 1905 563 Α

3383 388 3483 450 65in

2057 500 2178 608 aulas.
2198 500 2426 550 dubitet?
2449 513 2555 549 nam
2581 513 2712 560 saepe
2731 499 2862 547 favos
2887 499 3083 559 ignotus
3107 497 3274 548 abedit

2057 595 2080 608 ._
2115 578 2124 607 ι
2167 575 2226 608 to.

2056 575 2226 609 blllll‘).

1933 660 2000 716 Et
2027 660 2286 716 Martialis
2311 682 2322 715 :

2060 752 2167 814 ipse
2191 767 2305 801 suas
2325 765 2563 814 nunquam
2591 754 2707 800 Imb
2722 766 2820 801 u-us
2837 753 2940 808 edit
2960 763 3108 802 aves:

1935 852 1962 888 e
1988 836 2182 904 ubique
2225 835 2398 906 longa.
2452 834 2578 895 Sum
2626 837 2806 905 itaque
2846 833 3066 890 verbum
3109 832 3497 888 substantivnnt

1937 925 2181 980 anomale
2221 942 2315 994 per
2362 942 2551 980 omnes
2594 927 2808 990 modos,
2855 940 3108 980 numeres
3142 933 3194 978 et
3221 939 3498 994 personas,

1937 1015 2138 1083 primas
2167 1014 2398 1083 syllabas
2428 1016 2618 1071 breves
2670 1025 2860 1070 natura
2891 1015 3072 1076 habet,
3108 1024 3166 1066 ut
3187 1029 3323 1076 sum,
3346 1029 3422 1076 cs,
3453 1023 3498 1064 et

1937 1121 2152 1169 sumus;
2178 1103 2514 1174 imperfecto,
2541 1122 2706 1168 erant,
2725 1114 2929 1169 eras,et
2953 1105 3084 1169 rel.;
3112 1103 3378 1174 perfecto,
3405 1103 3502 1172 fui,

1939 1194 2108 1264 fuisti,
2145 1194 2266 1263 fuit,
2298 1196 2517 1264 fuimus,
2547 1204 2601 1249 et
2625 1195 2757 1260 rel.;
2798 1194 3078 1264 plusquam
3112 1193 3370 1264 perfecto,
3397 1191 3506 1262 fuc-

1945 1301 2076 1345 ram,
2106 1285 2303 1353 fueras,
2345 1292 2399 1339 ct
2426 1283 2521 1338 rel.
2557 1302 2570 1348 ;
2603 1283 2802 1350 futuro,
2831 1300 2941 1348 ero,
2976 1285 3100 1348 eris,
3131 1283 3246 1347 erit,
3277 1291 3332 1337 et
3365 1281 3462 1336 rel.
3488 1299 3502 1347 ;

1942 1377 2198 1444 optativo,
2231 1375 2464 1444 fuissem,
2513 1375 2725 1446 fuisses,
2757 1385 2812 1429 et
2846 1373 2979 1439 rel.;
3027 1371 3350 1442 conjunctivi
3386 1387 3510 1444 per-

1945 1462 2066 1525 fec.,
2101 1463 2311 1532 fuerim,
2355 1464 2634 1533 plusquam
2674 1463 2875 1533 perfec.
2913 1465 3161 1534 fuissem;
3188 1463 3286 1517 fut.
3322 1461 3509 1530 fuero;

1943 1563 2171 1623 excepto
2216 1569 2322 1609 uno
2369 1554 2552 1610 futuro
2603 1563 2807 1609 tantum
2865 1554 3088 1625 optativi
3134 1553 3216 1610 vel
3257 1553 3508 1624 praesenti

1944 1645 2290 1715 subjnnctivi,
2320 1653 2382 1700 ut
2411 1647 2530 1712 sim,
2571 1647 2662 1710 sis,
2700 1645 2786 1711 sit,
2821 1647 3006 1711 simus,
3045 1645 3180 1709 sitis,
3213 1643 3333 1707 sint,
3369 1643 3509 1714 quod

1946 1735 2179 1789 secunda
2225 1750 2456 1804 persona
2497 1735 2751 1806 singulari
2789 1735 3034 1806 producit
3063 1733 3510 1804 monosyllabum,

1951 1929 2127 1973 tamen
2171 1929 2224 1973 et
2252 1921 2303 1972 in
2335 1921 2436 1973 hoc
2470 1920 2630 1973 verbo
2667 1918 2932 1988 aliquibus
2959 1918 3204 1988 personis
3233 1918 3515 1986 productio

1949 2010 2252 2079 positionis,
2285 2019 2338 2062 et
2379 2009 2429 2063 in
2457 2018 2610 2063 tertia
2645 2023 2872 2077 persona
2903 2007 3184 2078 przesentis
3220 2006 3513 2069 indicativi,

1953 2108 2011 2153 ut
2037 2109 2188 2161 sunt;
2227 2099 2340 2152 sive
2387 2097 2619 2154 secunda
2652 2111 2879 2166 persona
2919 2095 3159 2165 pluralis,
3204 2104 3262 2147 ut
3299 2095 3438 2156 estis,
3464 2106 3516 2155 et

1953 2190 2200 2259 imperat.
2231 2188 2326 2242 fut.
2360 2187 2590 2242 secunda
2622 2201 2874 2255 persona,
2903 2195 3030 2247 esto,
3069 2193 3259 2248 estote;
3293 2192 3347 2236 et
3383 2197 3516 2251 pra:-

1953 2278 2090 2332 senti
2120 2287 2308 2348 optat,
2351 2293 2536 2341 essem,
2573 2293 2739 2340 csscs,
2777 2284 2929 2340 esset,
2970 2283 3024 2327 ct
3067 2273 3207 2338 rel.;
3259 2271 3519 2328 inlinitin

1953 2375 2226 2435 praesent.,
2269 2383 2397 2419 esse.
2444 2365 2702 2420 Similiter
2744 2372 2798 2420 et
2843 2379 2962 2434 qua:
3007 2363 3076 2418 ab
3121 2377 3186 2418 eo
3227 2360 3516 2430 composita

1954 2458 2070 2526 ejus
2094 2458 2447 2513 declinatione
2472 2459 2856 2528 dignoscuutur
2885 2455 2966 2512 vel
2996 2457 3254 2527 producta
3293 2452 3374 2508 vel
3403 2469 3520 2507 θοιτ

1957 2559 2106 2622 repta
2131 2565 2270 2614 esse,
2293 2556 2353 2604 ut
2393 2565 2600 2619 possum
2625 2589 2639 2611 ,
2678 2564 2875 2610 assum,
2902 2563 3148 2618 pra’sum,
3191 2545 3403 2608 desum,
3433 2543 3522 2605 abs

1957 2657 2092 2703 sitm,
2147 2639 2418 2702 intersum,
2462 2653 2693 2706 prosum,
2749 2651 3053 2706 supersum;
3096 2635 3238 2702 quod
3279 2630 3524 2702 plurimis

1957 2728 2215 2799 exemplis
2241 2729 2454 2797 probari
2479 2737 2677 2797 potest.
2711 2725 2968 2782 Martialis
2989 2726 3041 2779 in
3067 2725 3340 2796 Epigram.
3367 2739 3382 2778 :

2147 2833 2356 2887 Ethelle
2381 2842 2563 2898 cantas,
2586 2844 2635 2898 et
2659 2836 2822 2894 saltas,
2843 2837 3025 2894 Attice,
3048 2834 3178 2898 belle
3201 2847 3216 2879 :

2201 2898 2364 2947 Bellus
2391 2910 2448 2947 es
2464 2895 2567 2948 arte
2591 2897 2722 2961 lyra},
2747 2899 2902 2947 bellus
2921 2909 2977 2946 cs
2993 2904 3097 2945 arte
3120 2895 3257 2958 lyrn.

1958 3003 2100 3058 idem
2129 3003 2181 3056 in
2208 3002 2396 3056 eodem
2423 3016 2436 3055 :

2081 3091 2304 3154 Nunquid
2327 3105 2532 3146 securus
2555 3104 2648 3142 non
2677 3099 2818 3156 potes
2841 3094 3083 3154 arrigere.

1882 3195 1930 3260 ο
1962 3170 2108 3244 Virg.
2142 3172 2194 3225 in
2217 3171 2400 3226 Bucol.
2428 3185 2444 3224 :

2089 3260 2195 3311 lluc
2219 3263 2352 3319 ades,
2383 3273 2413 3310 ο
2446 3260 2665 3318 Galatea,
2690 3261 2800 3324 quis
2816 3269 2894 3312 est
2918 3275 3025 3310 nam
3047 3261 3189 3308 ludus
3213 3263 3257 3309 iu
3287 3258 3426 3309 undis
3443 3259 3466 3299 ‘?

1964 3344 2027 3399 Et
2057 3342 2195 3397 idem
2220 3359 2234 3396 :

2086 3435 2192 3483 lluc
2216 3435 2350 3496 ades,
2383 3435 2534 3485 insani
2557 3433 2755 3498 feriant,
2778 3435 2906 3496 sine,
2937 3433 3089 3483 littora
3121 3434 3314 3483 iiut-tus.

1963 3514 2104 3569 Idem
2136 3515 2188 3568 in
2216 3516 2400 3570 eodem
2427 3534 2438 3568 :

2209 3605 2246 3654 Ν
2253 3619 2313 3654 οη
2338 3609 2495 3656 omnia
2522 3619 2774 3669 poswtnus
2797 3619 2982 3658 omnes.

1965 3686 2031 3742 Et
2059 3688 2196 3742 idem
2221 3706 2234 3742 :

2091 3777 2205 3825 lla-c
2227 3777 2317 3826 t-lii
2339 3791 2496 3838 sumpt
2516 3791 2541 3826 r
2563 3786 2727 3838 erunt,
2755 3784 2806 3826 et
2827 3790 2935 3826 cum
2954 3776 3186 3826 solemn’a
3207 3777 3349 3827 dona.

1966 3858 2095 3914 Item
2123 3877 2136 3912 :

2092 3950 2182 4001 Hic
2207 3958 2368 3998 tamen
2397 3951 2483 4000 hac
2506 3963 2696 4000 mecum
2720 3952 2904 4012 poteris
2922 3951 3237 4014 requiescere
3257 3955 3418 4001 nocte.

1966 4033 2096 4087 Item
2121 4051 2133 4085 :

2097 4120 2362 4172 Fortunate
2386 4135 2529 4184 puer,
2555 4129 2604 4171 tu
2628 4134 2755 4172 nunc
2778 4125 2877 4171 eris
2897 4123 3021 4172 alter
3042 4124 3102 4171 ab
3127 4123 3226 4173 illo.

1972 4203 2186 4256 Memini
2214 4219 2426 4272 quoque
2465 4212 2520 4258 et
2564 4204 2652 4257 odi
2696 4204 2750 4258 in
2797 4204 3084 4259 indicativo
3116 4214 3221 4259 tam
3254 4205 3535 4274 prmsentis

1971 4293 2230 4362 temporis
2259 4307 2417 4362 quam
2445 4292 2703 4362 praeteriti
2729 4292 2835 4348 vim
2852 4293 3013 4348 habet
3045 4292 3232 4347 ultima
3255 4294 3530 4363 producta.

1971 4382 2025 4434 ιιι
2055 4382 2266 4435 cmteris
2316 4388 2491 4435 autem
2526 4381 2856 4450 temporibus
2880 4390 2936 4435 et
2973 4382 3147 4437 modis
3174 4383 3384 4437 tertiam
3409 4397 3534 4438 con-

1966 4469 2300 4542 jugationcm
2353 4479 2673 4542 sequuntur.
2755 4469 2890 4526 Nam
2942 4471 3059 4526 novi
3099 4487 3337 4541 praesens
3380 4488 3536 4527 nosco

2561 4648 2637 4704 De
2659 4649 2943 4720 gerundiis.

2037 4760 2345 4826 Gcrundia,
2399 4760 2484 4814 vel
2540 4761 2822 4833 participia
2849 4803 2862 4826 ,
2909 4763 2990 4817 vel
3033 4763 3261 4834 supina,
3303 4763 3541 4834 quinque

1967 4858 2095 4905 sunt
2144 4849 2196 4902 in
2247 4849 2552 4919 bujusmodi
2598 4849 2839 4914 vocibus,
2901 4860 2958 4904 ut
3003 4851 3240 4917 amandi,
3286 4849 3536 4916 amando,

1967 4939 2272 5005 amandum,
2304 4950 2561 5005 amatum,
2604 4951 2800 4997 amata.
2833 4941 2908 4996 De
2935 4942 3136 4996 ultimis
3166 4956 3351 4997 eorum
3375 4939 3536 5010 sylla-

1967 5031 2052 5085 bis
2070 5031 2184 5100 jam
2211 5031 2474 5098 diximus;
2504 5047 2649 5087 nunc
2673 5049 2802 5088 vero
2827 5034 2894 5088 de
2919 5032 3226 5103 pcnultimis
3253 5031 3533 5094 dicendum

1969 5129 2070 5182 est,
2103 5120 2229 5189 quia
2257 5137 2363 5176 non
2391 5122 2672 5176 minimum
2701 5122 2917 5191 adjuvat
2949 5138 3041 5177 eas
3071 5122 3229 5185 sciri,
3266 5137 3388 5176 cum
3416 5135 3536 5190 par-

1970 5212 2155 5281 ticipia
2183 5211 2444 5280 praeteriti
2474 5222 2532 5266 et
2560 5212 2726 5267 futuri
2757 5212 3012 5281 temporis
3038 5211 3162 5266 inde
3187 5210 3437 5276 veniant,
3481 5222 3539 5264 ut

1969 5309 2187 5362 amata,
2229 5308 2434 5351 amatus
2464 5299 2549 5354 vel
2593 5310 2883 5361 amaturus,
2934 5307 2990 5353 et
3031 5299 3248 5354 nomina
3280 5297 3536 5366 verbalia,

1973 5399 2032 5444 ut
2057 5389 2286 5453 auditor,
2336 5389 2557 5443 auditio.
2611 5388 2816 5459 Regula
2863 5390 3005 5442 enim
3038 5389 3281 5459 quaedam
3312 5387 3536 5450 aliarum

1972 5485 2206 5554 partium
2241 5483 2367 5538 ltinc
2397 5483 2608 5537 videtur
2634 5483 2786 5546 oriri,
2824 5499 2942 5552 qum
2980 5482 3046 5536 ad
3087 5481 3288 5535 medias
3308 5478 3541 5550 syllabas

1975 5573 2376 5641 cognoscendas
2425 5572 2822 5642 promptissima
2861 5573 2968 5637 sit,
3021 5579 3075 5626 et
3115 5570 3276 5626 totius
3317 5567 3543 5628 rationis

1973 5664 2436 5734 perspicacissima
2489 5679 2707 5728 norma,
2755 5663 2820 5718 de
2864 5679 2971 5734 quo
3008 5661 3344 5719 manifestius
3375 5660 3429 5720 in
3453 5675 3542 5719 sc—.

1977 5754 2262 5828 quentibus
2288 5755 2545 5811 dicemus.
2573 5754 2697 5816 Tria
2728 5755 2892 5831 igitur
2920 5757 3098 5829 priora
3134 5754 3322 5831 supina
3352 5751 3540 5831 pontii:
