3950 6192
504 428 511 434 ·
538 410 652 463 ἳᾶῗίῧ

1153 405 1238 461 ⁵13.
1281 406 1530 462 MBAN!
1570 406 1784 462 MAURI
1828 404 2145 459 ARClllEP.
2196 402 2501 459 MOCUNT.
2544 403 2822 461 OPERUM
2862 403 3039 459 PARS
3074 402 3157 457 lil.
3624 406 3703 461 638

541 524 710 578 'Iimas
734 522 997 593 positione
1023 535 1235 592 semper
1260 523 1565 591 pmjueunt
1588 564 1602 586 ,
1658 522 1778 574 licet
1808 518 2007 573 vocalis
2030 533 2122 570 na—
2152 521 2195 576 Α
2228 514 2454 579 duobus,
2502 516 2552 569 id
2594 526 2696 578 est,
2737 516 2891 569 datus
2917 524 2967 569 et
2999 524 3186 574 status,
3214 514 3276 568 ab
3296 529 3392 567 uno
3417 515 3558 569 verbo
3580 517 3704 587 depo-

552 624 671 670 tura
701 618 773 672 sit
800 623 1043 684 correpta
1069 615 1148 668 vel
1172 615 1429 684 producta
1461 628 1556 683 per
1583 628 1773 666 omnes
1796 611 2124 682 roriingatio-

554 722 671 773 nes,
699 714 757 763 ut
787 707 1021 769 amandi,
1059 706 1308 768 autando,
1350 704 1664 766 amandum;
1719 702 1978 765 monendi,
2010 717 2121 754 mo-

553 800 742 866 nendo,
777 797 1122 858 monendum;
1156 795 1412 864 gemendi,
1448 795 1728 865 ‘gemeudo,
1782 792 2122 861 gemendum;

555 888 836 953 nutriendi,
868 885 1163 947 nutriendo,
1205 884 1557 938 nutriendum.
1603 881 1902 952 Sequentia
1942 891 2122 936 autem

554 982 656 1035 duo
678 974 873 1035 deliine
903 980 1255 1045 exponentur.
1301 973 1490 1030 Omnia
1513 975 1703 1045 primze
1728 972 2123 1044 coniugationis

558 1072 714 1125 verba
754 1082 873 1138 qua:
916 1068 970 1122 in
1012 1067 1062 1120 vi
1098 1066 1429 1136 prseteritum
1463 1065 1757 1119 terminant
1783 1105 1798 1130 ,
1845 1064 1895 1118 vi
1930 1064 1982 1117 in
2011 1073 2119 1115 tum

553 1156 923 1212 mnvertentia
986 1153 1194 1210 faciunt
1252 1154 1441 1223 supina
1494 1151 1788 1222 penultima
1820 1152 2120 1221 producta,

554 1249 744 1313 amavi,
772 1256 1036 1310 amatum;
1095 1242 1306 1308 donavi,
1350 1244 1633 1308 donatum;
1676 1244 1838 1306 oravi,
1881 1251 2122 1308 oratum;

555 1340 695 1403 ﬂavi,
721 1339 940 1407 ﬂatum;
958 1334 1095 1406 juvi,
1123 1336 1311 1401 intum,
1342 1341 1398 1388 et
1433 1349 1503 1388 ex
1534 1343 1600 1388 eo
1628 1333 1829 1403 udju‘vi,
1855 1332 2119 1402 adiutum,

556 1442 657 1482 nec
694 1441 798 1481 non
830 1423 968 1480 etin
1010 1423 1220 1479 caeteris
1268 1421 1733 1492 coniugationibus
1787 1433 2122 1491 quaecunque

556 1520 609 1573 in
633 1519 908 1589 prmterito
955 1517 1010 1571 in
1056 1533 1217 1590 supra
1259 1517 1456 1572 dictam
1501 1516 1759 1588 syllabam
1809 1517 2119 1581 terminant,

556 1609 608 1664 id
636 1619 738 1677 est,
772 1612 815 1666 vi
840 1610 925 1666 vel
950 1611 989 1665 ii
1013 1611 1193 1667 omnia
1213 1610 1562 1681 penultimam
1590 1609 1889 1680 producunt
1934 1611 1988 1663 in
2035 1625 2124 1663 su-

542 1702 706 1771 fpino,
752 1709 813 1756 ut
842 1702 1010 1767 movi,
1040 1709 1270 1765 motum;
1303 1700 1438 1765 nevi,
1475 1710 1684 1766 netum;
1716 1699 1851 1769 favi,
1886 1700 2123 1767 fautum;

555 1791 748 1862 cupivi,
781 1791 1044 1861 cupitum;
1072 1789 1219 1854 solvi,
1253 1790 1513 1855 solutum;
1552 1788 1709 1854 volui,
1740 1786 2003 1853 volutum;
2036 1803 2126 1841 ca-

2226 604 2373 658 nenti
2394 605 2644 659 secundm
2669 604 3080 675 coniugationis,
3118 602 3169 656 id
3193 611 3288 666 est,
3317 619 3437 669 reor,
3467 614 3610 668 ratus,
3642 616 3699 660 at-

2221 707 2327 761 que
2354 708 2462 747 uno
2490 694 2662 747 tertia:
2690 692 3106 762 coniugationis,
3138 692 3334 755 activo,
3376 709 3497 756 sero,
3520 695 3624 759 seri,
3642 712 3703 749 sa-

2222 791 2355 846 tum,
2377 792 2543 836 satus.
2582 782 2804 837 Difficile
2831 783 2975 836 enim
3002 781 3255 845 invenies,
3278 798 3304 835 e
3328 782 3461 835 verbi
3487 782 3532 835 in
3555 800 3583 836 a
3610 799 3710 838 con-

2225 874 2358 927 verti
2389 874 2728 943 participium
2760 874 2875 928 sive
2906 872 3177 943 supinum,
3206 872 3301 925 nisi
3331 871 3380 934 in
3400 887 3542 942 supra
3566 874 3708 928 dictis.

2221 960 2278 1015 ln
2330 963 2719 1032 compositione
2762 978 2892 1017 vero
2944 976 3107 1031 supra
3162 962 3409 1016 dictorum
3453 963 3714 1032 supinat-um

2222 1052 2335 1107 sive
2373 1038 2781 1122 participiorum
2823 1053 2877 1107 in
2916 1053 3292 1108 iconvertitur
3316 1062 3601 1120 correptam,
3643 1072 3713 1108 sa-

2228 1150 2338 1206 tus,
2366 1142 2577 1207 insitus,
2609 1142 2826 1197 obsitus.
2850 1141 2998 1211 Virg.
3023 1142 3077 1195 in
3099 1157 3139 1195 ιι
3162 1139 3396 1211 Georgio.
3419 1159 3433 1195 :

2347 1255 2558 1319 genere
2585 1257 2634 1303 in
2660 1254 2885 1319 alterius,
2912 1262 3241 1318 mutatamque
3262 1254 3393 1303 insita
3416 1253 3525 1303 mals

2346 1315 2500 1366 Ferre
2523 1330 2713 1378 pyrum.

2222 1414 2279 1468 In
2303 1414 2360 1469 di
2384 1414 2683 1470 desinent-ia
2704 1415 2982 1484 prteterita
3010 1414 3094 1469 vel
3140 1415 3193 1469 in
3224 1431 3334 1469 sum
3367 1412 3621 1468 terminant
3649 1427 3718 1465 su-

2216 1504 2431 1574 pinum,
2459 1513 2515 1559 et
2546 1505 2812 1574 positione
2845 1506 3195 1575 penultimam
3218 1506 3517 1576 producunt,
3543 1512 3595 1555 ut
3617 1501 3720 1569 fodi.

2210 1592 2457 1661 fossam;
2479 1592 2691 1663 prandi,
2726 1610 3013 1664 pransum;
3055 1594 3235 1664 pandi,
3273 1607 3509 1661 pansum;
3534 1590 3720 1660 defendi.

2213 1681 2527 1752 defensum;
2565 1684 2841 1749 momordi,
2876 1699 3146 1747 morsum;
3189 1682 3316 1745 sedi,
3356 1695 3562 1743 sessum;
3599 1677 3721 1740 sridi,

2226 1771 2482 1835 scissum;
2530 1770 2647 1840 ﬁdi,
2676 1772 2893 1840 ﬁssum;
2919 1771 3003 1826 vel
3048 1772 3102 1826 in
3127 1771 3275 1836 itum,
3300 1769 3438 1824 brevi
3464 1767 3721 1837 penultima.

554 1883 650 1949 lui,
678 1881 942 1946 calutum;
970 1881 1148 1935 audivi
1174 1879 1256 1934 vel
1279 1879 1443 1944 audii,
1476 1879 1749 1944 auditum;
1776 1877 1990 1942 munivi,
2011 1892 2121 1930 mu-

2226 1866 2281 1913 et
2302 1860 2538 1914 maxime
2560 1861 2613 1915 in
2644 1861 2730 1916 bis
2753 1861 2936 1916 verbis
2962 1877 3083 1931 qua:
3118 1861 3442 1915 iterationem
3474 1857 3726 1912 novissima:

556 1975 753 2037 uitum;
801 1961 1187 2041 exceptis°'bis,
1233 1969 1349 2036 liri,
1397 1967 1581 2035 litum;
1626 1968 1763 2033 sivi,
1806 1968 2001 2032 situm;
2034 1967 2123 2032 ivi,

555 2072 720 2133 itum;
762 2067 919 2139 quivi,
959 2068 1193 2137 quitum;
1242 2066 1365 2131 civi,
1405 2065 1599 2130 citum;
1639 2063 1766 2129 sevi,
1800 2070 2006 2128 satum;
2041 2077 2125 2115 co-

554 2158 734 2228 gnovi,
764 2159 1061 2229 cognitum;
1090 2155 1599 2228 agnori,-agnitum,
1623 2162 1678 2210 et
1702 2170 1767 2209 cx
1799 2154 1879 2209 eis
1905 2166 2125 2222 compo-

554 2248 677 2311 sita,
709 2246 1163 2312 obitum,aditum,
1190 2247 1531 2315 pra'teritum,
1556 2246 1835 2317 aequitum.
1853 2243 1935 2299 Ah
1954 2244 2126 2298 ambio

558 2352 767 2407 quoque
798 2337 1047 2407 supinum
1090 2335 1175 2391 vel
1216 2336 1555 2407 participium
1606 2327 1857 2404 producit
1897 2333 2127 2405 penulti-

559 2442 698 2480 mam
725 2427 762 2478 i.
794 2424 1015 2481 Ovidius
1042 2425 1096 2479 in
1125 2442 1139 2480 l
1169 2424 1667 2495 Metamorphoseon
1692 2441 1706 2478 :

683 2533 833 2585 Jussit
854 2542 904 2584 et
929 2536 1119 2584 ambitae
1140 2534 1440 2585 circumdare
1466 2534 1621 2585 littora
1646 2542 1825 2599 teme;

558 2638 772 2707 quando
807 2652 1001 2693 nomen
1024 2646 1128 2703 est,
1149 2637 1392 2693 eamdem
1413 2637 1655 2707 corripit.
1677 2636 1808 2705 Quae
1834 2651 1965 2691 vero
1988 2637 2041 2691 in
2072 2637 2128 2690 ui

557 2727 759 2782 divisas
787 2727 838 2781 in
857 2728 1143 2797 praeterito
1166 2727 1448 2794 desinunt,
1495 2728 1540 2782 si
1581 2742 1686 2783 non
1715 2727 1982 2798 positione
2003 2742 2129 2798 pro.

558 2820 825 2873 ducuntur
864 2818 917 2871 in
956 2817 1167 2888 supino,
1212 2827 1267 2873 ut
1295 2818 1471 2883 secui,
1494 2828 1725 2884 sectum;
1752 2818 1909 2882 mico,
1942 2818 2124 2884 micui,

555 2909 802 2973 mictum;
849 2908 1038 2972 docui,
1061 2908 1306 2975 doctum;
1335 2909 1499 2974 tenui,
1548 2917 1777 2973 tentum;
1827 2910 2009 2979 rapui,
2041 2925 2129 2963 ra-

553 3009 730 3068 ptum;
779 2999 979 3070 aperui,
1011 3008 1284 3070 apertum;
1338 2999 1423 3055 vel
1458 3016 1493 3054 u
1524 2999 1877 3070 penultimam
1903 3001 2123 3067 habent,

555 3102 613 3149 ut
638 3096 781 3162 acui,
804 3104 1046 3161 acutum;
1073 3094 1242 3161 indui,
1264 3094 1540 3161 indutum;
1576 3104 1771 3150 caetera
1804 3095 1983 3150 omnia
2005 3109 2126 3149 cor-

555 3184 841 3255 ripiuntur,
869 3192 929 3240 ut
962 3186 1131 3249 vetui,
1173 3184 1415 3250 vetitum;
1452 3185 1649 3254 crepui,
1679 3183 1965 3253 crepitum;
1997 3200 2121 3238 can-

554 3275 677 3341 dui,
702 3274 1002 3341 conditum;
1041 3273 1254 3340 studui,
1293 3273 1579 3339 studitum;
1617 3274 1809 3339 habui,
1851 3273 2120 3340 habitum;

554 3364 752 3430 monui,
781 3364 1069 3430 monitum;
1108 3364 1298 3429 vomui,
1328 3364 1609 3429 vomitum;
1629 3364 1825 3434 gemui,
1847 3364 2124 3434 gemitum;

557 3451 770 3520 fremui,
818 3450 1119 3521 fremitum;
1161 3452 1382 3519 tremui,
1430 3453 1728 3517 tremitum;
1770 3460 1827 3507 et
1878 3468 2042 3506 unum
2092 3470 2126 3507 u

557 3541 903 3612 penultimam
952 3542 1156 3597 habens
1202 3542 1444 3608 brevem,
1488 3543 1591 3605 rui,
1636 3551 1929 3607 rutum;et
1959 3557 2023 3597 ex
2061 3558 2127 3597 eo

554 3630 876 3700 composita,
904 3638 965 3685 ut
992 3629 1159 3697 obrui,
1193 3630 1470 3693 obrutum;
1498 3631 1662 3697 dirui,
1691 3630 1962 3695 dirutum;
1990 3633 2124 3697 erui,

561 3730 789 3776 erutum.
826 3720 885 3775 ιιι
910 3722 955 3776 si
975 3736 1189 3792 quoque
1214 3721 1298 3777 vel
1327 3722 1379 3776 in
1404 3723 1460 3776 ari
1487 3722 1828 3776 terminantia
1855 3723 2127 3791 prmterita

555 3810 899 3882 penultimam
930 3812 1107 3883 supini
1140 3820 1231 3867 aut
1273 3821 1468 3869 natura
1510 3822 1604 3867 aut
1624 3812 1889 3883 positione
1916 3828 2129 3884 semper

554 3903 873 3972 producunt,
901 3911 963 3959 ut
987 3904 1101 3970 risi,
1131 3904 1330 3972 risum;
1354 3903 1572 3970 indulsi,
1603 3903 1889 3971 indultum,
1937 3904 2020 3959 vel
2042 3906 2126 3960 in-

482 4010 485 4015 '
553 3994 800 4062 dulsum;
826 3992 1175 4063 lusi,-lusum;
1203 3994 1337 4062 lwsi,
1361 3994 1575 4062 la'sum;
1602 3996 1730 4062 ussi,
1762 4005 1970 4061 ustum;
1991 3995 2123 4062 luxi,

556 4089 788 4156 luctum;
819 4090 968 4154 auxi,
996 4098 1240 4156 auctum;
1283 4089 1428 4155 duxi,
1459 4090 1705 4156 ductum;
1733 4090 1866 4157 dixi,
1893 4091 2125 4155 dictum;

554 4180 716 4247 viuxi,
745 4179 1005 4246 vinctum;
1032 4180 1204 4245 sanxi,
1235 4190 1504 4245 sanctum;
1529 4180 1673 4250 ﬂexi,
1702 4181 1931 4250 flexum;
1970 4182 2125 4251 fluxi,

555 4273 778 4340 fluxum.
818 4268 951 4327 Steti
998 4285 1127 4326 vero
1156 4279 1348 4326 statum
1375 4272 1643 4342 supinum,
1682 4272 1974 4343 penultima
2000 4288 2129 4343 pro-

554 4363 732 4427 ducta,
765 4361 925 4418 debet
946 4358 1145 4427 facere,
1175 4361 1316 4416 unde
1345 4360 1597 4416 Lucanus
1632 4361 1686 4416 in
1714 4377 1768 4417 xi
1796 4380 1809 4415 :

682 4509 696 4524 .
738 4508 753 4526 .
797 4509 813 4524 .
849 4512 863 4526 .
897 4474 1600 4538 Constaturalidessuperum,

2228 1946 2447 2019 syllaba:
2487 1948 2540 2003 in
2573 1949 2846 2018 praeterito
2871 1949 3093 2016 faciunt,
3144 1957 3202 2003 ut
3237 1947 3450 2013 reddidi,
3486 1946 3726 2007 redditum;

2226 2039 2451 2104 credidi,
2472 2040 2759 2105 creditum;
2797 2040 3025 2112 perdidi,
3038 2041 3335 2111 perditum;
3355 2038 3562 2100 condidi,
3587 2036 3728 2089 condi-

2224 2140 2369 2206 tum;
2417 2128 2647 2194 vendidi,
2693 2129 2976 2184 venditum.
3051 2128 3175 2184 Vidi
3193 2145 3399 2201 quoque
3416 2136 3470 2182 et
3493 2127 3594 2197 eius
3617 2141 3731 2180 com-

2227 2220 2397 2289 posita
2423 2219 2625 2288 providi
2665 2227 2718 2273 et
2776 2220 2939 2273 invidi
2960 2260 2977 2285 ,
3014 2220 3362 2291 penultimam
3392 2220 3442 2273 iu
3467 2218 3633 2287 supino
3659 2230 3730 2268 na-

2228 2320 2346 2366 tura
2368 2312 2688 2382 producunt,
2718 2312 2903 2378 visum,
2925 2313 3216 2382 provisum,
3242 2313 3486 2377 invisum;
3525 2308 3642 2380 fudi,
3668 2306 3732 2375 fn-

2229 2420 2366 2469 sum,
2390 2421 2423 2457 u
2445 2403 2622 2473 longa.
2655 2404 2709 2458 lu
2729 2404 2783 2474 gi
2808 2419 3021 2475 quoque
3048 2404 3201 2459 [inita
3230 2404 3386 2461 verba
3411 2403 3460 2456 in
3486 2400 3731 2472 praaterito,

2226 2493 2611 2564 ipenultimam
2656 2496 2708 2549 in
2740 2494 2933 2569 supino
2966 2494 3242 2559 breviant,
3290 2506 3350 2547 ut
3392 2490 3514 2562 fugi,
3536 2497 3584 2544 et
3608 2502 3665 2542 ex
3685 2502 3733 2538 ro

2184 2624 2189 2631 .
2226 2585 2543 2654 composita,
2573 2584 2804 2655 confugi,
2826 2584 3049 2655 perfugi,
3071 2584 3264 2654 refugi,
3292 2582 3501 2645 faciunt,
3534 2579 3735 2649 fugitant.

2225 2674 2569 2745 confugimus,
2598 2673 2935 2744 perfugitum,
2974 2674 3291 2744 refugitum;
3326 2671 3422 2741 legi
3458 2682 3646 2741 quoque
3679 2665 3735 2718 le-

2227 2775 2369 2821 ctum
2397 2765 2547 2830 facit,
2572 2765 2672 2835 egi,
2697 2773 2894 2831 actum,
2927 2765 3077 2836 fregi,
3103 2764 3350 2835 fractum,
3373 2770 3425 2817 et
3451 2777 3513 2816 ex
3533 2760 3602 2814 eis
3626 2771 3736 2812 com-

2227 2858 2398 2928 posita
2428 2868 2490 2914 ut
2511 2857 2713 2929 collegi,
2745 2858 3036 2913 collectum.
3097 2859 3158 2913 In
3181 2858 3232 2912 bi
3256 2858 3497 2912 desinens
3536 2849 3734 2924 prseteri—

2227 2957 2362 3013 tum,
2393 2948 2618 3020 corripit
2661 2948 3010 3019 penultimam
3041 2948 3098 3003 in
3128 2948 3343 3018 supino,
3384 2946 3506 3011 bibi,
3532 2943 3735 3001 bibilum,

2224 3038 2379 3103 ebibi,
2403 3037 2681 3104 ebibitum;
2711 3054 2977 3109 compesco
2998 3046 3054 3093 et
3071 3040 3318 3110 deposco,
3356 3046 3409 3093 et
3432 3051 3587 3107 posco,
3611 3040 3656 3086 et
3673 3030 3736 3082 di-

2224 3146 2336 3195 sco,
2362 3145 2392 3184 a
2413 3130 2665 3200 praesenti
2694 3141 2937 3201 tempore
2980 3129 3196 3185 faciunt
3230 3133 3474 3200 supinum
3498 3123 3741 3180 mutatione

2148 3210 2193 3272 C
2224 3238 2254 3275 ο
2277 3222 2329 3276 in
2356 3222 2375 3275 i
2403 3230 2708 3291 correptam
2739 3230 2793 3276 et
2824 3221 3108 3277 additi‘one
3134 3231 3281 3287 tum;
3314 3236 3481 3292 posce,
3504 3215 3740 3282 poscitum;

2224 3328 2510 3382 compesco,
2541 3313 2929 3384 compescitum,
2970 3321 3026 3368 et
3062 3314 3319 3384 deposco,
3347 3309 3661 3383 deposcitum.‘
3683 3304 3742 3355 (θ’

2224 3416 2334 3466 sco,
2374 3400 2637 3455 discitum.
2689 3398 2908 3472 Peperci
2935 3416 3065 3457 vero
3094 3403 3182 3457 vel
3210 3403 3376 3472 parsi,
3409 3413 3600 3471 prmum
3624 3393 3739 3447 facit.

2225 3488 2352 3543 Feci
2374 3499 2429 3545 ct
2446 3492 2577 3561 jeci,
2603 3490 2801 3560 factum
2827 3500 2881 3546 et
2899 3492 3145 3562 justum;
3168 3493 3261 3560 ici,
3283 3493 3436 3547 ictum
3448 3507 3467 3555 ;
3484 3485 3631 3557 reperi
3649 3496 3745 3536 vero

2224 3588 2282 3635 et
2302 3581 2529 3651 comperi
2550 3621 2565 3647 ,
2597 3589 2652 3636 et
2677 3591 2873 3637 caetera
2908 3581 3157 3652 ejusdem
3190 3582 3413 3653 originis
3448 3577 3683 3650 positione
3705 3574 3743 3623 iu

2226 3671 2418 3740 supino
2444 3671 2744 3742 producunt
2765 3672 3120 3742 penultimam
3139 3715 3153 3738 ,
3186 3682 3249 3728 ut
3277 3679 3593 3743 compertum.
3620 3678 3748 3733 reper-

2218 3769 2358 3825 tum,
2405 3769 2689 3829 expertum,
2740 3769 2995 3830 opertum.
3084 3761 3419 3832 Deponentia
3461 3768 3649 3828 quoque
3685 3746 3747 3802 vel

2226 3848 2530 3903 communia
2553 3850 2794 3917 quietam
2817 3858 2961 3915 sunt,
2995 3867 3120 3921 quae
3148 3852 3202 3906 in
3233 3851 3425 3921 supino
3458 3844 3748 3918 penultimam

2228 3947 2421 3993 natura
2452 3941 2773 4009 producunt,
2798 3943 3043 4011 quamam
3066 3954 3271 3999 natura
3302 3940 3605 4010 corripiunt,
3640 3942 3751 4000 ψιτ-

2227 4031 2351 4086 dam
2384 4031 2651 4102 positione
2686 4040 2919 4097 tantum,
2950 4035 3205 4103 qumdam
3230 4044 3427 4089 natura
3450 4027 3661 4086 simulet
3680 4035 3752 4091 p0-

2226 4122 2424 4176 sitione
2476 4137 2594 4177 eam
2626 4122 2838 4195 longam
2869 4123 3110 4192 habent,
3151 4126 3248 4180 sed
3289 4123 3483 4195 positio
3509 4119 3646 4189 plana
3671 4117 3749 4165 est.

2227 4212 2492 4268 Caeterum
2523 4227 2643 4282 qua:
2690 4222 2883 4268 natura
2920 4213 3002 4268 vel
3039 4215 3300 4285 producit
3342 4212 3427 4268 vel
3455 4206 3657 4276 corripit
3677 4215 3748 4254 ex.

2226 4318 2504 4375 ponemus.
2563 4302 2754 4359 Omnia
2789 4312 2966 4359 autem
2996 4305 3328 4374 deponentia
3358 4303 3442 4360 vel
3480 4292 3755 4356 communia,

2228 4412 2347 4467 qua‘
2374 4397 2721 4468 penultimam
2745 4413 2777 4449 a
2799 4396 2853 4451 in
2875 4396 3070 4467 supino
3091 4398 3318 4461 habent,
3340 4395 3755 4467 producunteam.

2231 4496 2290 4542 ut
2316 4488 2535 4553 irascor,
2585 4486 2812 4551 iratum;
2851 4486 3126 4551 criminor,
3188 4479 3759 4543 criminatummxteplo

555 4591 679 4631 cum
725 4579 907 4633 datum
945 4586 1001 4634 et
1038 4557 1228 4644 datus,
1278 4579 1420 4635 sicut
1470 4580 1717 4650 superius
1763 4581 2121 4649 ostendimus,
2155 4552 2206 4612 θ
2233 4578 2515 4647 uno,quod
2530 4593 2690 4649 supra
2712 4579 3289 4642 commemoravimus,
3310 4591 3449 4640 reor,
3470 4566 3758 4631 ratum-Qum

554 4667 811 4738 corripiat
847 4685 879 4721 a
912 4667 1281 4738 penultimam.
1309 4668 1434 4725 -Est
1465 4677 1644 4725 tamen
1686 4671 1739 4725 in
1772 4671 1874 4726 hoc
1909 4687 2125 4741 quoque

556 4756 849 4812 notandum
898 4758 1043 4827 quod
1094 4760 1310 4814 nomina
1337 4762 1405 4816 ab
1442 4761 1775 4818 eoderivata
1816 4781 1849 4817 a
1886 4764 2122 4833 penulti-

555 4859 697 4899 mam
722 4843 807 4901 vel
835 4847 1312 4917 antepenultimam
1354 4850 1685 4922 corripiunt,
1720 4861 1780 4907 ut
1803 4861 1991 4921 status,
2021 4864 2127 4909 sta-

554 4947 627 5003 ta,
650 4946 864 5005 statum,
887 4937 1109 4993 stabilis.
1146 4937 1398 4995 Lucanus
1426 4941 1482 4995 in
1507 4957 1542 4995 ι
1582 4956 1597 4996 :

798 5046 1013 5107 Quorum
1031 5053 1159 5099 stata
1183 5054 1402 5111 tempora
1424 5049 1586 5101 ﬂatus.

550 5131 697 5186 idem
725 5130 781 5186 in
815 5146 847 5185 v
868 5149 884 5186 :

679 5222 830 5280 Quam
850 5232 947 5273 non
968 5221 1131 5273 stabili
1151 5221 1365 5273 tremulo
1380 5223 1468 5275 sed
1491 5223 1705 5277 culmine
1723 5232 1898 5276 cuncta

680 5283 992 5346 Despiceret.

559 5386 864 5459 Composita
915 5390 984 5445 ab
1032 5404 1100 5447 eo
1151 5391 1318 5447 varia:
1365 5393 1715 5449 vetustissimi
1764 5394 2124 5465 protulerunt,

557 5491 693 5549 asto,
714 5484 927 5538 astitum
956 5492 1012 5539 et
1038 5495 1301 5550 astutum;
1346 5495 1559 5557 prwsto,
1596 5488 1885 5557 praestitum
1908 5497 1964 5542 et
1985 5504 2124 5558 prte-

558 5584 772 5641 statum,
796 5577 814 5630 i
842 5587 1111 5649 correpta,
1144 5587 1196 5633 et
1225 5596 1256 5633 α
1282 5579 1564 5650 producta.
1597 5578 1663 5633 Et
1687 5579 1962 5634 sciendum
1986 5579 2127 5648 quod

561 5663 615 5716 in
639 5662 782 5718 nullo
810 5663 916 5719 alio
942 5666 1135 5735 supino
1162 5668 1276 5724 sive
1308 5669 1593 5739 participio
1625 5684 1718 5724 seu
1750 5668 1966 5723 nomine
2006 5685 2128 5738 par-

566 5752 785 5819 ticipiali
814 5770 844 5805 a
872 5754 1160 5822 peuultima
1195 5759 1505 5827 corripitur,
1555 5759 1654 5813 nisi
1699 5760 1749 5813 in
1778 5774 1937 5825 supra
1971 5760 2127 5815 dictis

2225 4685 2355 4725 vero
2378 4671 2579 4725 habent
2610 4670 2628 4722 i
2658 4657 3045 4738 correptam'in
3068 4669 3396 4740 penultima,
3419 4662 3646 4723 secunda:
3664 4660 3758 4711 sunt

2227 4758 2309 4814 vel
2329 4760 2501 4814 tertia:
2528 4757 2940 4828 oonjugationis,
2984 4767 3044 4813 ut
3070 4776 3277 4824 vereor,
3305 4758 3552 4818 veritum;
3576 4753 3759 4804 ἐνείκεον»

2226 4849 2506 4913 intuitum;
2544 4848 2813 4919 polliceor,
2853 4848 3189 4919 pollicitum;
3232 4849 3522 4918 adipiscar,
3561 4834 3762 4908 adipisci-

2230 4949 2375 5004 tum;
2406 4939 2701 5003 obliviscor,
2734 4953 2945 5008 quoque
2974 4938 3165 4993 debuit
3224 4938 3408 4992 facere
3451 4929 3760 4990 obliviscitunt.

2235 5027 2329 5084 sed
2352 5043 2447 5097 per
2482 5028 2774 5099 symeresin
2800 5026 2927 5081 facit
2952 5026 3206 5093 oblitum,
3236 5028 3255 5081 i
3283 5027 3562 5099 producta.
3599 5019 3762 5075 (iam

2233 5119 2377 5174 enim
2399 5134 2519 5187 qua:
2543 5118 2560 5170 i
2588 5120 2915 5189 producunt,
2963 5127 3179 5187 quartae
3227 5128 3359 5173 sunt
3383 5107 3760 5185 coniugationis.

2233 5216 2293 5262 ut
2336 5208 2576 5270 mentior,
2632 5207 2938 5271 mentitum;
3000 5208 3220 5274 metior,
3273 5207 3540 5269 molitum;
3586 5196 3764 5268 largior.

2232 5298 2499 5368 largitum.
2539 5297 2668 5363 Quae
2713 5304 2891 5351 autem
2939 5297 3102 5351 dubia
3158 5307 3293 5353 sunt
3342 5300 3480 5352 inter
3507 5295 3692 5349 tertiam
3726 5292 3768 5339 ei

2232 5396 2479 5458 quartam
2501 5387 2952 5457 coniugationem,
2999 5387 3304 5457 aliquando
3345 5396 3587 5443 auctores
3608 5377 3769 5452 ρτοάυο

2231 5486 2379 5543 cunt,
2405 5476 2691 5547 aliquando
2715 5477 3049 5546 corripiunt,
3084 5487 3148 5531 ut
3170 5481 3369 5548 potior,
3395 5479 3552 5539 orior,
3591 5468 3766 5524 morior-

2231 5569 2378 5640 Virg.
2407 5569 2461 5624 in
2487 5583 2547 5622 ut
2577 5566 2791 5622 Aineid.
2819 5586 2833 5621 :

2355 5685 2448 5795 {fas
2470 5695 2615 5794 03::
2647 5682 2906 5748 abrumpit,
2931 5683 3233 5748 Polydorum
3264 5691 3534 5749 obtruncat,
3558 5688 3602 5734 et
3623 5687 3721 5728 auro

2399 5761 2410 5795 I
2434 5760 2493 5795 ΩΟ
2519 5759 2530 5792 l
2609 5775 2629 5795 ι

2399 5761 2410 5795 I
2433 5759 2629 5808 potitur.
