3950 6192
311 312 411 364 657

311 433 449 485 lieni
485 428 539 483 in
578 445 615 482 ιι
646 447 661 483 :

430 581 716 638 Nostrorum
736 580 1000 643 obruimur,
1022 581 1273 643 oriturque
1293 520 1764 632 ("haediliae

311 664 559 718 Lucanus
584 662 637 716 in
662 678 713 715 ιν
741 679 755 715 :

431 754 535 805 Non
558 756 710 816 gratis
733 754 956 813 moritur,
978 752 1146 816 jugulo
1162 754 1251 815 qui
1271 763 1496 814 provocat
1515 755 1701 802 hostem

310 836 505 891 Nevius
527 836 581 889 in
612 835 793 889 Iliadis
828 850 864 887 ιι
893 852 905 888 :

432 927 661 975 Penetrat
687 926 898 986 penitus,
924 923 1226 986 thalamoque
1252 925 1449 986 potitur.

311 1006 544 1060 Lucilius
580 1005 629 1059 in
661 1020 718 1057 ιιι
742 1021 759 1063 γε
1690 1062 1695 1067 Ξ

428 1097 727 1146 ι’ἶοιιιιιτιιπε
752 1096 958 1143 animant
982 1095 1105 1156 potis
1129 1099 1224 1153 est,
1249 1095 1432 1157 quicun
1448 1107 1532 1157 inc
1553 1095 1790 1143 adoritur.

309 1180 510 1235 Ennius
535 1180 588 1232 in
616 1193 706 1232 xxv
732 1176 1052 1230 Annalium:

426 1268 564 1319 Nunc
589 1276 664 1317 est
683 1269 760 1316 illa
783 1269 907 1327 dies,
928 1281 1033 1316 cum
1058 1267 1211 1328 gloria
1232 1268 1437 1315 maxima
1458 1280 1572 1315 sese

424 1331 575 1379 Nobis
595 1331 834 1390 ostendat,
857 1331 900 1378 si
924 1330 1139 1387 vivimus,
1161 1331 1268 1377 sive
1292 1332 1541 1377 morimur.

305 1413 506 1482 Supina
529 1427 717 1466 eorum
741 1420 886 1474 sunt,
912 1420 1102 1474 ortum,
1145 1412 1389 1480 potitum,
1418 1412 1681 1476 maritum,
1711 1413 1730 1464 i
1772 1426 1871 1480 pe-

305 1504 524 1558 nultima
552 1502 637 1557 vel
684 1502 974 1556 secundum
1018 1502 1233 1555 tertiam
1267 1501 1699 1571 conjugationem
1745 1517 1867 1557 cor-

305 1602 473 1661 repta,
497 1592 583 1647 vel
608 1591 904 1646 secundum
933 1600 1182 1659 quartam
1210 1590 1492 1660 producta.
1529 1591 1670 1662 Ergo
1693 1606 1811 1660 qua:
1835 1609 1868 1646 ιι

301 1683 649 1754 penultimam
678 1683 878 1737 habent
918 1681 972 1736 in
1026 1682 1237 1751 supino,
1268 1682 1512 1737 eamdem
1543 1683 1867 1752 producunt,

301 1780 351 1825 ιιι
383 1772 589 1842 loquor,
617 1770 881 1835 locutum;
910 1787 1115 1841 sequor,
1144 1781 1409 1836 secutum;
1436 1783 1585 1838 utor,
1600 1791 1784 1838 usum;
1812 1786 1867 1831 et
1898 1770 1941 1828 Β

301 1878 366 1916 ex
389 1863 472 1916 eis
500 1860 816 1930 composita,
848 1868 908 1914 ut
928 1859 1184 1929 alloquor,
1213 1860 1534 1928 allocutum;
1557 1880 1866 1934 consequor,

300 1961 671 2014 consecutura;
712 1950 916 2013 abutar,
958 1951 1194 2003 abusum.
1251 1950 1593 2021 Qntecunqne
1620 1953 1762 2007 enim
1800 1955 1866 2007 de

299 2042 560 2096 anomalis
583 2042 785 2096 iaciunt
813 2042 1018 2111 supina,
1044 2050 1139 2095 ant
1162 2058 1222 2096 ea
1255 2043 1518 2111 positione
1545 2045 1863 2112 producunt,

298 2136 351 2181 ιιι
382 2138 513 2192 tero,
544 2138 777 2193 tersum;
822 2128 957 2192 volo,
1006 2128 1240 2191 vultum;
1265 2138 1358 2184 aut
1397 2139 1613 2195 natura,
1643 2141 1699 2185 ut
1732 2134 1851 2198 edo,

296 2236 437 2283 esus,
469 2228 524 2272 et
551 2219 617 2272 ab
648 2235 712 2272 eo
735 2220 1060 2289 composita,
1092 2230 1151 2275 ut
1175 2222 1407 2287 comedo,
1435 2240 1704 2288 comestis;
1747 2242 1862 2279 am-

292 2310 446 2375 bedo,
485 2310 760 2372 ambesas;
790 2310 977 2374 odedo,
1002 2312 1208 2365 adesus.
1246 2311 1389 2383 Virg.
1416 2329 1471 2368 xr
1499 2329 1513 2368 :
1678 2318 1681 2319 ⁷

480 2437 495 2451 .
533 2438 550 2451 .
584 2438 598 2450 .
639 2434 650 2447 .
688 2402 746 2451 Et
765 2404 981 2463 postibus
1005 2403 1143 2452 lia-sit
1162 2404 1342 2453 adesis.

292 2506 434 2559 IIem
463 2504 516 2556 in
550 2520 606 2556 ιιι
639 2522 651 2557 :

416 2595 656 2643 Ambvsas
676 2594 870 2654 subigat
893 2595 1027 2644 malis
1053 2609 1341 2646 consumere
1361 2610 1568 2648 mensas.

292 2676 461 2748 llujus
489 2686 667 2730 tamen
697 2679 843 2731 verbi
888 2687 943 2732 et
982 2679 1125 2733 aliud
1156 2681 1404 2749 supinum
1437 2682 1727 2747 invenitur,
1756 2686 1859 2736 esi-

288 2772 392 2831 tus,
420 2769 439 2820 i
466 2775 740 2835 correpta,
763 2767 904 2836 quod
930 2769 998 2822 ab
1030 2768 1149 2833 edo,
1176 2769 1304 2833 edis,
1330 2769 1456 2839 edit,
1478 2771 1621 2825 venit
1652 2772 1860 2842 integra

287 2858 664 2913 declinatione.
694 2857 982 2912 Sciendum
1018 2866 1196 2914 autem
1230 2862 1369 2930 quod
1406 2863 1459 2916 in
1488 2880 1573 2916 um
1609 2864 1860 2920 desinens

286 2948 537 3016 supinum
558 2989 573 3012 ,
619 2957 841 3018 accepto
885 2950 1051 3004 verbo
1080 2949 1288 3005 inﬁnito
1308 2952 1449 3021 quod
1491 2961 1577 3008 est
1602 2954 1831 3023 ire,l‘acit

282 3036 558 3091 inﬁnitum
596 3037 783 3099 futuri.
809 3046 871 3092 ut
892 3049 1096 3093 oratum
1129 3041 1225 3105 ire,
1270 3042 1478 3096 doctum
1505 3043 1602 3110 ire,
1655 3044 1847 3100 lectum

284 3131 376 3194 ire,
394 3131 637 3184 auditum
658 3131 770 3196 ire;
794 3130 1105 3201 frequenter
1139 3141 1316 3213 tamen
1338 3134 1697 3205 antiquissimi
1720 3153 1855 3192 neu-

283 3232 366 3276 tro
386 3223 676 3292 participio
714 3222 876 3277 futuri
902 3224 1165 3279 addebant
1192 3240 1302 3278 esse
1325 3266 1341 3289 ,
1370 3234 1426 3281 et
1457 3226 1726 3287 inﬁnitum
1768 3227 1853 3282 fu-

284 3312 387 3365 turi
419 3311 815 3381 siguilicabant,
868 3321 930 3368 ιιι
966 3323 1235 3374 oraturum
1257 3332 1387 3381 esse,
1416 3331 1512 3386 pro
1538 3314 1743 3371 ora'tum
1782 3319 1857 3374 ire

281 3404 563 3471 dicentes,
599 3414 655 3460 et
678 3407 941 3475 [acturum
962 3423 1071 3461 esse
1099 3424 1195 3477 pro
1227 3407 1425 3477 factum
1449 3410 1540 3463 ire.

879 3515 957 3571 De
994 3517 1269 3573 adverbiis.

356 3621 746 3677 Adverbiorum
797 3639 926 3694 ergo
978 3640 1078 3694 per
1146 3626 1385 3697 singulas
1449 3630 1853 3687 terminationes

280 3726 508 3767 necesse
532 3720 615 3767 est
644 3712 718 3766 ita
748 3711 949 3768 formas
987 3714 1276 3783 inspicere,
1300 3724 1359 3770 ut
1386 3732 1505 3785 qua:
1526 3719 1636 3773 sint
1666 3721 1853 3790 primi-

282 3803 414 3866 tiva,
445 3816 634 3871 quazve
659 3802 973 3867 derivativa,
998 3804 1235 3872 diligenti
1267 3821 1394 3860 cura
1419 3807 1763 3873 intimemus,
1792 3821 1850 3865 ut

276 3894 407 3948 inde
456 3894 826 3963 productionis
874 3894 1054 3964 regula
1097 3895 1181 3950 vel
1223 3898 1578 3965 correptionis
1623 3901 1851 3956 manife-

245 3972 250 3977 ’
275 3983 417 4036 stins
443 3980 671 4037 eluceat.
689 3982 729 4036 Α
757 3982 920 4053 igitur
946 3984 1286 4039 terminantia
1306 3984 1674 4055 velprimitiva
1700 3998 1848 4053 sunt,

277 4086 342 4130 ut
369 4073 468 4137 ita,
495 4074 636 4142 quod
661 4073 834 4128 solum
853 4091 883 4128 a
911 4081 1212 4144 correptam
1239 4075 1418 4141 habet,
1449 4077 1697 4145 quamvis
1722 4078 1846 4146 qni-

277 4163 406 4218 dam
432 4173 560 4233 puta
585 4179 796 4233 quoque
819 4164 1129 4219 adverbium
1149 4179 1271 4220 esse
1298 4165 1588 4236 accipiant,
1620 4167 1849 4237 ideoque

277 4252 528 4307 Persium
554 4254 608 4307 id
637 4254 981 4322 corripuisse,
1006 4261 1066 4308 ut
1091 4271 1106 4307 :

402 4363 506 4414 Hoc
527 4372 637 4426 puta
661 4378 752 4414 non
782 4365 963 4427 justum
984 4374 1081 4428 est,
1106 4364 1220 4414 illud
1242 4365 1385 4427 male,
1415 4368 1602 4416 rectius
1622 4366 1760 4418 illud.

273 4464 370 4518 Vel
401 4468 693 4534 composita
717 4507 732 4530 ,
763 4475 822 4520 ut
846 4477 1097 4537 prteterea
1114 4507 1130 4533 ,
1175 4469 1371 4523 interea
1394 4510 1409 4533 ,
1432 4480 1610 4540 postea
1628 4512 1644 4537 ,
1669 4483 1842 4539 antea,
1879 4447 1925 4506 θ

271 4575 395 4626 qua:
441 4559 620 4611 omnia
664 4562 963 4627 producunt
1012 4577 1045 4613 a
1090 4562 1459 4630 terminalem,
1496 4564 1580 4620 vel
1626 4566 1845 4621 ablativi

269 4657 401 4701 sunt
420 4649 694 4701 nominum
717 4651 806 4718 qui
829 4666 927 4720 pro
947 4650 1219 4706 adverbiis
1239 4652 1697 4722 accipiuntur,ut,
1718 4673 1844 4722 una,

268 4752 397 4805 qua,
423 4751 610 4805 nequa,
632 4735 814 4800 Roma,
843 4753 963 4807 qua:
987 4755 1019 4792 a
1046 4737 1256 4810 longam
1286 4755 1445 4796 nemo
1475 4742 1673 4798 habere
1693 4744 1847 4799 dubi—

272 4832 369 4877 tat.
397 4823 454 4877 ln
475 4840 503 4877 e
532 4834 855 4894 correptam,
872 4826 956 4881 vel
974 4829 1243 4897 primitiva
1266 4838 1413 4896 sunt,
1444 4839 1505 4885 ut
1526 4849 1681 4901 pone,
1697 4850 1845 4902 pene,

268 4931 449 4984 prope,
478 4931 675 4984 nempe,
697 4915 903 4984 quippe,
929 4934 1083 4987 stupe,
1108 4917 1246 4985 inde,
1274 4932 1330 4973 et
1350 4934 1419 4974 ex
1442 4936 1507 4976 eo
1528 4924 1842 4991 composita,

270 5001 479 5068 deinde,
504 5003 742 5069 subinde,
766 5005 973 5071 exinde,
999 5007 1237 5076 proinde,
1270 5024 1389 5079 quae
1416 5011 1845 5082 omniaantepe-

268 5090 556 5146 nultimam
588 5093 789 5148 habent
818 5104 1051 5162 acutam,
1076 5097 1188 5153 sive
1210 5100 1335 5169 quia
1361 5116 1458 5170 per
1491 5101 1842 5171 adjectionem

270 5177 473 5235 habent
501 5179 601 5246 de,
632 5189 691 5235 ut
716 5181 1034 5249 quibusdam
1070 5186 1302 5253 videtur,
1351 5189 1491 5244 unde
1533 5188 1845 5261 frequenter

266 5266 577 5325 invenimus
600 5272 719 5324 exin
743 5280 797 5325 et
817 5272 953 5327 dein.
986 5274 1133 5346 Virg.
1162 5276 1216 5331 in
1246 5293 1321 5331 vn
1345 5293 1363 5334 :

421 5359 549 5411 Exin
574 5365 838 5424 gorgoneis
861 5365 1036 5416 allecto
1053 5365 1230 5419 infecta
1257 5373 1490 5435 venenis;

265 5475 363 5517 seu
406 5464 578 5531 magis
623 5465 746 5533 quia
785 5468 1190 5537 praepositiones
1222 5482 1484 5541 separata:
1512 5486 1832 5546 gravantur;

266 5559 330 5604 ut
349 5560 530 5605 autem
555 5551 853 5621 conjunctae
877 5571 999 5610 esse
1019 5559 1389 5622 ostendantur,
1423 5572 1639 5616 acutum
1672 5565 1724 5618 in
1753 5567 1837 5620 his

265 5655 677 5711 assumpserunt
719 5656 997 5701 accentuum
1025 5665 1037 5699 :
1068 5649 1335 5716 quomodo
1370 5653 1679 5722 conjunctio
1708 5658 1752 5709 si
1780 5668 1833 5711 et

1115 310 1498 366 EXCERPTIO
1537 313 1621 367 DE
1653 312 1839 368 ARTE
1873 313 2323 372 GRAMMATICA
2363 317 2719 375 PRISCIANI.

1902 433 1955 492 Α
1981 445 2044 483 ne
2076 431 2413 498 adverbium,
2438 447 2561 488 cum
2581 441 2961 504 praeponuntur
2993 437 3224 505 quando,
3254 446 3310 491 ιιι
3327 437 3546 511 siquan-

3437 324 3540 381 058

1980 520 2080 585 do,
2104 522 2398 592 nequando.
2439 521 2574 577 Nam
2596 522 2904 593 aliquando,
2933 525 3248 583 diderentia:
3286 545 3446 586 causa
3477 535 3544 590 ab

1979 610 2269 680 aliquanto,
2290 612 2433 688 quod
2454 613 2788 668 consimilem
2816 629 3007 669 sonum
3048 615 3245 672 habere
3274 619 3545 688 videntur,

1979 702 2126 757 acuit
2162 687 2657 771 antepenultimam.
2683 702 2778 757 Vel
2804 702 3101 759 derivativa
3132 717 3311 762 sunta
3343 687 3542 776 verbis,

1976 803 2037 849 ut
2062 809 2309 864 peragro,
2322 810 2533 864 peregre
2548 812 2567 858 ;
2583 795 2767 865 punio,
2794 796 3003 865 impune
3016 814 3034 861 ;
3046 796 3511 865 abundo,,abuude
3526 822 3544 869 ;

1978 883 2103 949 rite,
2127 884 2269 938 unde
2288 884 2464 949 irrito,
2491 886 2604 938 rite.
2635 883 2857 939 Nomina
2886 902 3098 955 quoque
3136 903 3234 955 pro
3276 889 3545 947 adverbiis

1976 971 2029 1025 in
2060 986 2088 1024 e
2106 972 2731 1040 corrcptamdesinentia
2758 973 3167 1040 invenimus,_ut
3190 976 3370 1044 facile,
3389 977 3540 1047 forte,

1973 1060 2221 1125 sublime,
2263 1061 2510 1131 quamvis
2547 1060 2703 1129 facile
2747 1070 2803 1118 et
2835 1062 3052 1117 sublime
3091 1065 3380 1120 accusativi
3411 1067 3537 1132 sitit,

1973 1150 2106 1218 forte
2127 1159 2306 1205 autem
2335 1151 2600 1206 ablativus
2626 1170 2638 1205 :
2670 1152 2748 1207 sic
2779 1153 2941 1207 etiam
2968 1163 3146 1224 sponte
3167 1171 3264 1235 sua
3304 1164 3357 1209 ct
3390 1173 3542 1211 mane

1971 1242 2137 1310 primo
2164 1241 2376 1295 nomina
2397 1257 2517 1297 esse
2540 1242 2893 1298 ostenduntur
2912 1245 3287 1314 conjunctione
3311 1246 3537 1301 aliorum

1971 1332 2288 1395 casnalium,
2302 1339 2361 1384 ut
2373 1332 2515 1386 domi
2533 1350 2677 1397 sum;
2696 1343 2812 1403 pote
2822 1335 2965 1389 enim
2990 1334 3057 1389 ab
3071 1351 3135 1391 eo
3155 1337 3296 1406 quod
3309 1345 3394 1393 est
3403 1340 3538 1408 potis

1973 1419 2117 1474 nasci
2126 1428 2231 1484 tur,
2249 1427 2308 1474 nt
2326 1419 2409 1473 hic
2422 1429 2476 1474 et
2493 1420 2603 1475 htec
2629 1423 2763 1490 potis
2787 1432 2840 1474 et
2858 1422 2956 1475 hoc
2972 1431 3110 1492 pote.
3125 1422 3277 1478 Unde
3289 1423 3533 1480 Persius:

2125 1530 2218 1589 Qui
2246 1538 2357 1593 pote
2380 1532 2450 1580 vis
2465 1530 2620 1580 dicam
2643 1533 2840 1595 nugaris
2856 1546 2964 1582 cum
2988 1534 3093 1593 tibi,
3116 1533 3255 1585 calve
3277 1550 3291 1596 ;

1972 1633 2025 1689 id
2048 1642 2153 1699 est,
2183 1614 2451 1703 quomodo
2476 1634 2766 1704 possibile?
2787 1635 2871 1689 Ab
2894 1650 2959 1689 eo
2979 1644 3159 1691 autem
3181 1638 3322 1707 quod
3347 1646 3431 1693 est
3454 1639 3538 1693 hic

1969 1733 2025 1779 et
2056 1725 2166 1777 ha'c
2195 1726 2329 1794 potis
2366 1733 2423 1779 et
2469 1728 2567 1779 hoc
2593 1738 2742 1797 pote,
2790 1726 2850 1781 lit
2888 1726 3345 1797 comparativum,
3371 1726 3455 1780 hic
3484 1735 3537 1781 et

1968 1815 2080 1868 htec
2104 1817 2391 1885 potior,-et-
2413 1816 2510 1869 hoc
2533 1818 2728 1886 potius,
2755 1826 2810 1872 et
2830 1819 3217 1889 superlativus,
3244 1826 3304 1873 ut
3329 1818 3538 1888 potissi«

1968 1920 2115 1969 mus,
2145 1920 2210 1959 ex
2237 1906 2432 1975 quibus
2454 1907 2612 1961 etiam
2640 1908 2889 1962 adverbia
2913 1949 2926 1974 ,
2967 1910 3139 1978 potius
3179 1916 3236 1963 et
3272 1910 3536 1978 potissima

1967 2004 2123 2060 sunt,
2151 2004 2205 2050 et
2232 2011 2265 2049 a
2299 2004 2423 2064 pote
2460 2006 2631 2066 utpote
2665 1999 3017 2067 compositum
3063 2000 3394 2054 adverbium.
3424 2000 3482 2055 In
3506 2018 3533 2056 e

1966 2087 2278 2155 productam
2313 2089 2584 2157 primitiva
2627 2105 2732 2145 non
2777 2090 2955 2146 inveni
2979 2131 2994 2157 ,
3031 2092 3126 2146 sed
3178 2092 3470 2146 derivativa
3501 2107 3533 2147 a

1967 2177 2271 2232 nominibus
2293 2178 2541 2233 secunda:
2561 2179 2932 2236 declinationis
2949 2221 2965 2247 ,
2986 2196 3211 2250 quorum
3241 2182 3450 2238 dativus
3477 2182 3530 2236 in

1964 2284 1994 2320 ο
2020 2267 2292 2335 desinens,
2318 2269 2369 2323 in
2391 2286 2419 2323 e
2443 2268 2653 2340 longam
2679 2272 2924 2338 vertitur,
2952 2280 3008 2327 et
3033 2272 3163 2328 facit
3184 2272 3493 2328 adverbium
3514 2314 3529 2338 ,

1964 2366 2024 2411 ut
2049 2357 2175 2413 huic
2197 2359 2364 2423 claro,
2392 2358 2564 2425 clare;
2592 2360 2762 2431 pigro,
2793 2362 2970 2431 pigre;
3002 2362 3226 2433 pulchro
3243 2404 3257 2428 ,
3283 2362 3528 2433 pulchre;

1964 2465 1993 2502 a
2015 2450 2212 2516 valido,
2231 2451 2376 2505 valde
2399 2467 2497 2521 per
2520 2468 2829 2523 syncopam,
2851 2470 2878 2507 a
2898 2452 3078 2519 fabro,
3107 2454 3337 2523 aﬂ'abre;
3365 2469 3495 2510 sano
3511 2495 3528 2522 ,

1961 2556 2120 2606 sane;
2150 2540 2281 2606 fore,
2308 2541 2433 2611 fere.
2463 2524 2817 2613 E'xcipinntnr
2842 2546 2967 2598 bene
2993 2553 3048 2600 et
3070 2546 3221 2610 male,
3253 2561 3282 2599 a
3305 2546 3446 2602 bono
3471 2554 3529 2603 et

1964 2629 2125 2695 malo,
2156 2631 2208 2686 in
2238 2649 2265 2685 e
2293 2633 2508 2687 brevem
2535 2634 2852 2696 desinentia,
2880 2650 2997 2703 qua:
3030 2635 3361 2706 inmqnaliter
3378 2651 3531 2693 com-

1961 2734 2238 2790 parantur,
2262 2732 2320 2777 ut
2345 2723 2488 2789 bene,
2516 2724 2699 2778 melius
2717 2764 2732 2790 ,
2764 2725 2983 2795 optime;
3012 2735 3066 2781 et
3092 2742 3210 2797 qua:
3238 2728 3289 2781 in
3315 2743 3528 2797 compa-

1961 2813 2168 2868 ratione
2190 2815 2480 2879 delicinnt,
2508 2824 2567 2870 ιιι
2591 2817 2704 2887 pie,
2731 2817 3002 2887 piissime;
3041 2817 3259 2873 ulterius
3277 2859 3291 2884 ,
3320 2819 3526 2886 ultime,

1961 2904 2258 2958 novissime.
2290 2904 2452 2961 Multa
2492 2916 2670 2962 autem
2710 2924 2776 2963 ex
2820 2924 2981 2983 supra
3024 2910 3180 2966 dictis
3225 2912 3528 2968 nominibus

1959 2992 2072 3062 ipsa
2098 2995 2473 3050 terminatione
2499 2997 2662 3051 dativi
2687 3013 2784 3067 pro
2803 3000 3068 3056 adverbiis
3089 3003 3446 3073 accipiuntur,
3469 3011 3526 3059 ut

1885 3117 1930 3178 Ο
1960 3082 2128 3151 falso,
2158 3084 2428 3152 consulto,
2465 3098 2755 3155 postremo,
2786 3089 2999 3155 sedulo,
3025 3092 3321 3161 auspicato,
3350 3110 3524 3165 augu-

1961 3183 2109 3239 rato,
2138 3176 2453 3247 manifesta,
2476 3179 2713 3248 privato,
2744 3181 2980 3250 precario
3000 3223 3013 3248 ,
3041 3184 3248 3248 merito,
3290 3193 3345 3242 et
3381 3201 3524 3258 θωνα

1953 3265 2253 3334 corripiunt
2282 3285 2314 3322 ο
2339 3270 2671 3324 terminalem
2692 3311 2707 3336 ,
2742 3272 2961 3341 quando
3000 3273 3053 3328 in
3089 3275 3327 3330 adverbii
3355 3276 3526 3348 signi-

1956 3354 2257 3410 licationem
2294 3365 2603 3424 transeunt,
2640 3368 2700 3416 ut
2735 3362 2866 3429 cito,
2903 3379 3051 3429 sero,
3092 3364 3265 3419 modo.
3289 3363 3527 3422 Juvenal.

1954 3444 2021 3501 lis
2045 3445 2098 3500 in
2128 3463 2232 3501 nt:

2103 3555 2177 3606 Et
2196 3558 2293 3605 cito
2316 3564 2543 3619 rapturus
2561 3561 2623 3610 de
2644 3562 2890 3613 nobilitate
2918 3576 3109 3614 comesa

2103 3618 2241 3677 Quod
2262 3618 2508 3680 superest.

1956 3699 2096 3769 Virg.
2126 3700 2178 3754 in
2207 3716 2258 3754 tv
2289 3700 2546 3758 Aineidos
2572 3718 2587 3757 :

2074 3786 2146 3836 'l‘n
2174 3788 2314 3837 modo
2339 3802 2482 3851 misce
2504 3791 2625 3840 deos
2656 3794 2845 3842 veniam
2865 3798 3112 3859 sacrisque
3135 3796 3302 3848 litatis.

1951 3868 2157 3924 Statius
2192 3869 2244 3923 in
2276 3870 2619 3927 Thebaidos:
2655 3892 2668 3927 :

2071 3962 2199 4021 Sero
2222 3975 2407 4010 memor
2442 3963 2633 4012 thalami
2659 3973 2832 4015 inueste
2853 3966 3022 4017 solatia
3044 3970 3215 4021 mortis

2071 4019 2260 4070 Pbmbe
2285 4034 2439 4083 paras.

1950 4118 2260 4176 Necessario
2285 4122 2505 4191 dicitur,
2533 4133 2588 4182 et
2616 4144 2818 4184 necesse
2836 4138 2958 4200 eget
2976 4131 3141 4188 verbo
3156 4132 3513 4191 Substantivo.

1946 4207 1993 4261 A
2015 4209 2215 4279 quinta:
2234 4228 2448 4283 quoque
2472 4216 2843 4275 declinationis
2868 4220 3175 4279 nominibus
3199 4225 3516 4296 composita,

1946 4315 1975 4353 e
2000 4300 2323 4369 producunt,
2351 4305 2539 4373 pridie,
2561 4307 2735 4373 hodie,
2758 4311 3040 4379 postridie;
3060 4314 3286 4381 meridie
3305 4329 3518 4386 quoque

1950 4409 2048 4463 pro
2076 4395 2329 4451 adverbio
2354 4398 2635 4468 accipitur,
2665 4417 2787 4455 cum
2829 4403 2900 4457 sit
2928 4420 3146 4460 nomen.
3174 4406 3231 4460 in
3259 4408 3279 4460 i
3308 4423 3517 4478 quoque
3552 4472 3565 4488 .

1947 4486 2265 4554 productam
2278 4489 2575 4544 desinentia
2595 4490 2938 4546 inveniuntur
2952 4494 3225 4563 adverbia,
3242 4499 3334 4551 sed
3346 4513 3515 4567 pauca

1946 4575 2215 4643 primitiva
2234 4619 2258 4642 ι
2284 4588 2343 4633 ιιι
2369 4580 2503 4633 heri.
2535 4579 2651 4633 Alia
2687 4597 2816 4637 vero
2846 4584 3060 4639 nomina
3105 4597 3232 4640 sunt
3276 4588 3391 4643 loco
3418 4590 3513 4645 ad-

1946 4665 2116 4719 verbii
2144 4667 2316 4734 posita
2341 4684 2437 4738 per
2461 4669 2755 4739 genitivum
2782 4672 3067 4743 pleraque,
3095 4685 3154 4729 ut
3176 4677 3345 4742 domi,
3379 4677 3513 4732 Tau-

1948 4756 2177 4820 rominii,
2209 4756 2347 4825 Laut
2374 4762 2503 4823 soci,
2538 4760 2683 4831 Tyri,
2709 4762 2920 4831 Ephesi,
2948 4765 3099 4831 belli;
3130 4782 3226 4836 per
3255 4770 3509 4838 dativum,

1948 4854 2007 4899 ut
2034 4849 2250 4917 vesperi,
2271 4852 2432 4915 sorti;
2465 4867 2562 4906 nec
2586 4869 2690 4907 non
2720 4855 2881 4909 etiam
2903 4871 3000 4925 per
3023 4858 3334 4922 ablativum,
3354 4871 3409 4915 ut
3425 4863 3514 4931 qui

1944 4953 2042 5006 pro
2060 4942 2316 5009 quomodo
2347 4943 2432 4996 vel
2458 4944 2596 4998 inde.
2621 4943 2677 4999 ln
2709 4947 2727 4999 i
2768 4956 3069 5017 correptam
3098 4949 3203 5003 duo
3232 4950 3512 5004 inveniun-

1947 5036 2053 5094 tur,
2087 5030 2171 5083 ubi
2199 5039 2256 5086 et
2282 5031 2375 5098 ibi,
2398 5042 2452 5087 et
2472 5049 2539 5087 ex
2563 5035 2645 5088 eis
2666 5038 2985 5105 composita,
3014 5045 3072 5090 ut
3094 5037 3431 5097 sicubi.inibi.
3456 5039 3511 5092 ln

1944 5134 1975 5172 ο
2010 5118 2278 5187 primitiva
2311 5122 2547 5190 quidem,
2579 5131 2639 5177 ut
2663 5125 2896 5193 quando,
2930 5124 3243 5192 temporale,
3277 5133 3332 5180 et
3356 5140 3421 5180 ex
3449 5140 3513 5181 co

1943 5210 2261 5278 composita,
2286 5211 2565 5280 siquando,
2598 5214 2870 5282 nequando
2888 5254 2904 5277 ,
2932 5212 3233 5284 aliquando,
3265 5232 3385 5285 qua:
3415 5235 3511 5273 an-

1945 5297 2343 5366 tepenultimam
2374 5300 2574 5355 habent
2602 5311 2836 5367 acutam,
2865 5317 2933 5357 ne
2957 5302 3078 5357 duae
3101 5315 3303 5373 partes,
3336 5315 3394 5361 ut
3418 5323 3509 5363 sn-

1940 5400 2037 5455 pra
2067 5387 2267 5441 dictum
2291 5396 2394 5451 est,
2423 5403 2545 5444 esse
2565 5398 2820 5457 putentur
2844 5392 3028 5447 divisze
3044 5432 3059 5457 ,
3081 5394 3163 5449 vel
3194 5394 3509 5453 dill‘ercntiae

1939 5489 2122 5530 causa.
2147 5476 2451 5531 Derivativa
2481 5494 2608 5533 vero
2627 5494 2658 5533 a
2682 5479 2843 5547 facto,
2868 5482 3092 5550 fatuilo;
3123 5485 3190 5539 ab
3208 5489 3376 5555 omni,
3401 5506 3511 5543 om-

1942 5564 2095 5626 uiuo;
2120 5579 2151 5617 a
2175 5562 2447 5629 fortuitus,
2479 5567 2729 5635 fortuito;
2775 5585 2807 5624 a
2848 5572 2949 5635 cis,
2978 5574 3108 5628 citro
3143 5584 3199 5630 et
3224 5577 3393 5643 citra;
3438 5580 3506 5634 ab

1943 5654 2016 5717 in,
2045 5655 2181 5709 intra
2205 5664 2260 5710 et
2284 5656 2446 5724 intra,
2483 5658 2643 5728 infra.
2668 5659 2805 5717 Sunt
2835 5665 2996 5719 etiam
3026 5670 3347 5741 composita,
3377 5690 3525 5741 prum
