3950 6192
427 304 528 367 839

1023 302 1084 361 Β.
1128 305 1377 361 RABANI
1421 305 1635 362 MAURI
1675 306 1992 361 AllCillEP.
2037 306 2341 363 MOGUNT.
2383 305 2667 365 OPERUH
2704 306 2885 363 PARS
2923 308 3012 363 Ill.

3558 309 3671 368 6'30

425 436 527 489 sto,
549 421 793 493 perfecto.
823 419 938 474 Alia
973 433 1101 473 vero
1138 419 1350 473 nomina
1390 429 1515 474 sunt
1556 419 1638 474 vel
1678 421 1990 490 pronomina
2025 423 2068 481 Α
2100 419 2259 475 tionis
2287 419 2510 474 veniunt
2540 420 2593 474 in
2623 430 2700 473 ter
2719 421 3009 486 exeuntia,
3032 420 3123 476 sed
3155 414 3202 476 si
3234 422 3286 476 in
3327 440 3418 478 ens
3460 427 3672 485 desinat

427 510 804 567 adverbialiter
837 508 1074 580 prolata,
1119 517 1178 562 ut
1221 523 1384 579 supra
1422 509 1790 575 ostendimus,
1826 510 1991 579 falso,

428 601 632 667 merito,
658 599 831 663 solito,
862 597 1064 664 sedulo,
1083 600 1206 662 cito,
1238 614 1373 664 sero,
1400 607 1520 653 vero
1538 639 1553 661 ,
1579 608 1696 653 utro
1713 639 1727 665 ,
1756 611 1991 671 utroque,

428 691 631 763 aliqua,
656 707 716 744 eo
734 730 749 755 ,
770 687 883 744 illo.
923 687 1030 743 Sed
1056 688 1271 759 quando
1294 702 1391 757 pro
1429 690 1698 745 adverbiis
1722 691 1995 760 accipiun-

429 791 551 846 tur,
595 782 939 838 inveniuntur
978 780 1248 835 interdum
1298 781 1648 850 corripienda
1680 798 1741 847 ο,
1778 784 1904 851 quia
1939 783 1993 837 in

427 874 591 957 ve;bo
611 874 739 929 etin
762 871 1015 929 adverbio
1038 889 1069 927 ο
1091 866 1400 928 ἰιιάἰπετειιε
1420 874 1668 928 habetur.
1691 874 1748 929 ln
1771 891 1803 929 ιι
1826 890 1992 945 pauca

429 965 772 1020 inveniuntur
794 962 1215 1028 denominativa,
1248 970 1307 1017 ut
1335 963 1448 1027 diu,
1472 972 1526 1017 et
1550 979 1618 1019 ex
1640 978 1704 1020 eo
1730 964 1997 1036 composi-

430 1067 540 1111 tum
568 1055 816 1121 interdiu,
847 1062 903 1110 et
937 1068 968 1109 a
1000 1061 1175 1117 nocte,
1206 1063 1381 1118 noctu,
1406 1070 1528 1108 nam
1549 1065 1667 1109 asta
1691 1071 1883 1111 nomen
1913 1062 1997 1111 est

427 1142 800 1203 indeclinabile
824 1145 1090 1215 quomodo
1129 1161 1310 1198 cornu.
1348 1144 1404 1198 ln
1433 1161 1477 1198 re
1502 1146 1867 1215 diphthongon
1900 1160 1999 1199 no-

428 1236 571 1290 mina
613 1242 744 1289 sunt
789 1234 1008 1305 genitivi
1057 1248 1216 1288 casus
1257 1233 1374 1289 loco
1416 1234 1652 1289 adverbii
1706 1236 1907 1304 posita,
1937 1245 1996 1289 ut

432 1326 629 1390 Romw,
653 1342 807 1390 casm,
830 1322 1046 1396 Capuae.
1073 1325 1130 1379 lu
1157 1341 1185 1378 c
1209 1325 1482 1395 primitiva
1507 1325 1875 1392 inveniuntur,
1897 1328 1992 1390 sic,

425 1420 609 1482 donec,
632 1416 774 1486 quod
800 1416 965 1471 etiam
993 1415 1238 1469 donicion
1268 1416 1473 1484 antiqui
1513 1416 1789 1482 dicebant;
1822 1425 1875 1471 et
1904 1418 1997 1473 de-

429 1507 649 1560 rivativa
678 1505 1052 1575 pronominum
1071 1544 1085 1568 ,
1114 1503 1222 1558 illic
1241 1544 1255 1568 ,
1286 1504 1405 1559 istic
1425 1545 1440 1570 ,
1468 1505 1604 1569 huc,
1635 1504 1793 1570 illuc,
1825 1507 1956 1561 istuc
1976 1547 1992 1573 ,

426 1600 568 1665 hinc,
592 1597 757 1664 illinc,
786 1598 959 1662 istinc,
987 1598 1106 1662 hac,
1130 1597 1293 1663 istac,
1321 1597 1445 1652 illac
1463 1638 1478 1664 ,
1507 1602 1561 1653 et
1593 1598 1773 1654 omnia
1793 1597 1876 1653 vel
1901 1613 1992 1652 na«

431 1691 548 1741 tura
585 1685 667 1739 vel
705 1685 970 1755 positione
1010 1686 1312 1756 producunt
1353 1694 1653 1742 extremam
1702 1684 1992 1759 syllabam,

2097 511 2483 576 nominativus,
2514 511 2559 564 is
2588 511 2807 582 genitivi
2842 511 2895 566 in
2923 529 2951 565 r
2983 519 3322 576 convertunt,
3352 525 3411 568 ut
3437 519 3667 588 sapiens,

2095 601 2347 670 sapientis
2370 640 2385 665 ,
2432 601 2715 671 sapienter;
2756 600 3017 672 prudens,
3050 601 3335 671 prudentis.
3367 608 3665 674 prudenter.

2094 689 2213 744 Alia
2235 706 2364 746 vero
2389 699 2671 746 assumunt
2705 693 2883 747 dativo
2916 702 3014 756 ter,
3051 693 3345 763 penultima
3382 709 3668 770 correpta,

2096 790 2156 835 ut
2184 779 2356 851 fortis,
2382 780 2529 850 forti,
2557 781 2796 850 fortiter;
2818 781 2982 846 utilis,
3016 781 3155 849 utili,
3184 783 3420 851 utiliter;
3455 790 3664 852 audax,

2097 869 2309 936 audaci,
2331 868 2620 933 audaciter,
2642 869 2726 923 vel
2753 884 2852 940 per
2871 885 3186 942 syncopam,
3213 872 3482 928 audacter.
3510 876 3669 932 Esaia

2097 960 2243 1029 pitur
2270 958 2472 1029 facilis.
2502 959 2643 1028 quod
2670 976 2768 1030 pro
2794 960 3037 1030 faciliter,
3067 956 3255 1031 facile,
3284 964 3521 1021 adverbii
3551 967 3669 1023 loco

2098 1040 2285 1104 habuit
2310 1050 2364 1105 in
2396 1066 2494 1105 usu
2515 1091 2531 1116 ,
2572 1067 2599 1105 e
2627 1052 2797 1107 brevi.
2822 1051 3054 1122 Difﬁcilis
3081 1061 3260 1108 autem
3299 1056 3572 1126 difﬁculter
3595 1058 3673 1115 fa-

2097 1140 2188 1194 cit.
2231 1139 2534 1209 Aliquando
2563 1148 2742 1195 autem
2785 1141 3001 1197 nomina
3054 1150 3242 1198 neutra
3277 1159 3378 1214 pro
3399 1147 3671 1204 adverbiis

2097 1236 2305 1282 veteres
2336 1228 2685 1299 usurpabant,
2704 1229 2991 1285 utsublime
3018 1231 3219 1298 volans,
3242 1250 3339 1303 pro
3360 1234 3669 1302 subllnir'ter,

2096 1325 2150 1372 et
2179 1317 2325 1381 utile,
2357 1317 2557 1382 acuile,
2583 1328 2683 1387 pro
2708 1319 2927 1383 utiliter,
2959 1320 3218 1375 acuiliter.
3244 1320 3550 1379 Notandum
3577 1341 3672 1379 aus

2097 1415 2205 1463 tem
2236 1408 2378 1477 quod
2423 1408 2476 1461 in
2512 1408 2615 1463 hac
2656 1409 3035 1465 terminatione
3075 1426 3138 1466 ea
3191 1413 3445 1469 adverbia
3484 1432 3606 1485 qua:
3639 1434 3670 1471 ιι

2095 1495 2326 1551 secunda
2357 1496 2712 1553 declinatione
2737 1498 2978 1561 veniunt.
3002 1509 3157 1554 extra
3185 1500 3326 1557 hanc
3352 1504 3592 1574 regulam
3617 1505 3669 1560 in

2095 1587 2451 1656 eproduetam
2476 1584 2613 1642 sicut
2631 1590 2686 1642 et
2710 1587 2763 1642 in
2788 1598 3130 1658 reorreptam
3152 1590 3423 1655 desinunt,
3442 1602 3552 1646 uta
3572 1592 3673 1648 du-

2097 1692 2181 1741 ro,
2207 1677 2361 1741 dure,
2384 1677 2617 1741 duriter;
2643 1692 2674 1731 a
2708 1676 2877 1748 largo,
2900 1677 3077 1749 large,
3104 1679 3355 1750 largiter;
3384 1683 3454 1735 ab
3475 1683 3668 1738 buma-

426 1781 649 1844 exeepto
668 1773 847 1841 donec,
872 1782 930 1829 et
953 1773 1007 1828 in
1033 1772 1139 1829 line
1161 1773 1671 1841 circumﬂectantur,
1695 1775 1738 1830 si
1757 1774 1998 1829 vocalem
2029 1767 2074 1827 B
2101 1780 2190 1828 n0.
2217 1767 2443 1821 humane
2468 1775 2523 1820 et
2548 1767 2877 1831 humaniter;
2909 1767 2978 1822 ab
3020 1768 3345 1837 inhumano,
3393 1771 3674 1827 inhumane

431 1859 639 1935 longam
667 1869 861 1919 natura
905 1862 1223 1930 habuerint;
1265 1865 1560 1935 composita
1593 1881 1805 1935 quoque
1844 1865 1994 1919 inve-

431 1953 671 2019 niuntur,
713 1962 775 2009 ut
816 1953 1024 2020 adhuc,
1068 1954 1277 2019 abhinc,
1319 1954 1524 2010 dehinc.
1562 1950 1617 2010 In
1648 1956 1666 2009 ι
1692 1965 1993 2026 correptam

427 2050 595 2118 pauca
620 2047 977 2110 inveniuntur,
1005 2057 1065 2103 ut
1093 2047 1268 2113 semel,
1298 2048 1384 2119 pol
1400 2091 1414 2109 ,
1440 2048 1638 2119 (edepol
1652 2089 1667 2112 ,
1693 2057 1749 2104 et
1769 2049 1842 2102 rel
1868 2064 1996 2102 con-

426 2135 652 2206 iunctio,
674 2138 887 2208 quando
909 2153 1005 2207 pro
1033 2136 1180 2193 ualde
1207 2137 1486 2207 accipitur.
1512 2138 1645 2191 Nam
1675 2138 1852 2191 omnia
1875 2152 1995 2207 qua:

429 2225 483 2279 in
505 2241 555 2277 ιιι
581 2225 861 2290 desinunt,
886 2224 1138 2279 adverbia
1164 2225 1348 2280 brevia
1375 2235 1500 2280 sunt
1519 2265 1533 2291 ,
1563 2225 1798 2295 qualibet
1825 2224 1994 2279 vocali

427 2315 796 2380 antecedente,
826 2316 1060 2380 utinam;
1086 2315 1378 2385 primitiva,
1408 2316 1571 2377 clam,
1601 2334 1811 2382 coram;
1848 2316 1993 2371 deri-

429 2411 549 2458 vata
575 2403 654 2458 vel
674 2405 994 2474 composita,
1030 2407 1368 2476 nequicquam
1393 2447 1409 2473 ,
1440 2424 1784 2479 nequaquam,
1808 2408 1995 2478 penul-

430 2492 560 2546 tima
587 2492 877 2562 producta;
898 2503 1179 2561 praeterea,
1197 2510 1374 2565 quam,
1399 2496 1615 2565 quando
1636 2505 1722 2551 est
1743 2496 1996 2551 similitu-

428 2581 569 2635 dinis
597 2581 679 2636 vel
717 2582 1134 2652 comparationis
1177 2583 1291 2639 sive
1332 2584 1640 2652 electionis,
1684 2585 1994 2640 adverbium

429 2670 709 2740 accipitur.
741 2670 889 2740 Virg.
919 2670 971 2724 in
1002 2687 1079 2725 xu
1112 2688 1126 2723 :

554 2780 706 2839 Quam
731 2779 871 2831 facile
893 2782 1124 2844 accipitur
1144 2795 1261 2833 saxo
1281 2795 1425 2834 sacer
1452 2783 1554 2834 ales
1580 2784 1641 2834 ab
1657 2784 1771 2837 alto.

430 2876 717 2933 Sallustius
740 2897 752 2933 :
785 2878 934 2935 Mare
965 2882 1230 2959 ponticam
1255 2882 1461 2937 dulcius
1486 2899 1644 2954 quam
1670 2892 1858 2939 cratera
1884 2901 1997 2939 rna-

430 2967 531 3020 ria.
580 2965 842 3036 Bifariam
882 2968 1044 3023 etiam
1092 2978 1147 3025 et
1194 2970 1492 3039 trifariam,
1536 2980 1592 3027 et
1624 2974 1997 3043 omnifariam,

430 3056 723 3126 composita
750 3066 875 3112 sunt
901 3073 933 3112 a
960 3060 1174 3126 ferendo
1210 3068 1266 3114 et
1301 3063 1604 3130 praepositis
1644 3063 1991 3120 dictionibus.

433 3146 489 3201 ln
517 3163 597 3201 em
622 3148 915 3218 primitiva,
940 3148 1083 3215 item,
1111 3152 1351 3217 tandem;
1380 3153 1676 3223 composita
1696 3194 1711 3220 ,
1739 3162 1800 3209 ut
1825 3156 1959 3209 idem
1976 3194 1992 3221 ,

431 3238 652 3306 ibidem,
681 3240 908 3294 indidem
926 3278 941 3304 ,
970 3241 1269 3295 identidem.
1301 3241 1358 3296 ιιι
1388 3244 1459 3296 im
1485 3245 1880 3300 denominativa
1917 3247 2000 3300 in-

435 3329 718 3383 veniuntur
738 3338 794 3384 et
821 3329 1056 3384 verbalia
1102 3331 1220 3386 sive
1251 3333 1601 3402 participialia
1625 3372 1640 3400 ,
1672 3347 1732 3390 ut
1753 3351 1784 3389 a
1813 3344 1996 3406 parte,

431 3421 661 3492 partim;
694 3436 724 3474 a
749 3420 897 3485 viro,
939 3421 1164 3488 viritim;
1197 3436 1228 3475 a
1257 3422 1403 3489 vice,
1437 3423 1697 3489 vicissim;
1724 3426 1794 3481 ab
1822 3425 1998 3491 ostio,

432 3512 699 3577 ostiatim;
728 3527 758 3565 a
787 3519 953 3577 statu,
983 3513 1195 3575 statim;
1233 3528 1263 3567 a
1291 3522 1464 3584 raptu,
1490 3516 1717 3586 raptim;
1759 3531 1789 3570 a
1819 3516 1957 3572 saltu
1981 3556 1997 3584 ,

431 3602 735 3668 saltuatim;
783 3617 815 3656 a
864 3615 1046 3665 cursu,
1094 3602 1323 3669 cursim;
1366 3620 1395 3657 a
1440 3604 1659 3669 stricto,
1687 3604 1938 3670 strictim;
1968 3620 2000 3659 a

435 3711 620 3762 sensu,
643 3696 867 3759 sensim;
890 3712 919 3749 a
940 3693 1182 3765 singulis,
1198 3694 1536 3766 singillatim;
1557 3711 1589 3750 a
1612 3695 1746 3763 fatu,
1772 3698 1999 3766 affatim,

436 3786 520 3841 vel
550 3785 721 3857 magis
751 3801 782 3839 a
811 3784 998 3840 Grmco
1048 3781 1251 3857 ἄφενος,
1287 3785 1339 3839 id
1383 3794 1467 3841 est
1507 3786 1746 3851 abunde,
1774 3787 1915 3841 unde
1948 3795 2005 3842 et

434 3874 724 3943 corripitur
744 3873 883 3944 fa;a
907 3874 1134 3944 privato,
1157 3875 1433 3945 privatim;
1458 3890 1487 3929 a
1512 3876 1687 3945 paulo,
1710 3876 1964 3946 paulatim
1978 3894 2000 3943 ;

435 3978 466 4017 a
488 3961 753 4032 singulto,
778 3961 1079 4032 singultim;
1127 3978 1157 4016 a
1195 3970 1368 4017 tractu
1388 4003 1402 4028 ,
1443 3964 1684 4028 tractim;
1725 3981 1753 4019 a
1780 3974 1999 4036 carpto,

434 4054 685 4122 carptim;
716 4068 747 4106 a
778 4053 937 4107 ducto
957 4092 972 4118 ,
1003 4036 1219 4118 ductim,
1256 4055 1541 4123 prtesertim
1564 4094 1579 4119 ,
1616 4056 1902 4125 confestim.
1941 4056 2000 4111 In

438 4160 522 4197 um
554 4143 826 4212 primitiva
850 4158 1019 4214 pauca
1049 4150 1195 4208 sunt,
1224 4142 1432 4208 iterant,
1461 4160 1690 4209 sursum,
1708 4161 1922 4198 rursum
1947 4153 2002 4199 et

437 4249 637 4294 rursus.
654 4249 867 4303 prorsus
891 4243 945 4287 et
970 4248 1231 4303 prorsum.
1248 4232 1553 4288 Derivativa
1578 4233 1655 4289 vel
1671 4235 1994 4304 composita,

435 4323 789 4389 dextrorsum,
813 4325 1189 4389 sinistrorsum,
1218 4323 1491 4390 deorsum,
1521 4338 1723 4388 orsum,
1751 4325 1998 4379 orientem

2097 1866 2152 1913 et
2178 1857 2565 1922 inhumaniter;
2585 1872 2615 1910 a
2648 1856 2825 1921 ﬁrmo,
2853 1855 3033 1924 firme,
3076 1855 3315 1924 firmiter.
3364 1857 3456 1913 Sic
3481 1867 3537 1915 et
3569 1860 3671 1914 alia

2098 1944 2460 2007 inveniuntur,
2486 1953 2545 1999 ut
2577 1946 2798 2010 insane,
2828 1944 3118 2011 insaniter;
3142 1961 3361 2013 severe,
3392 1948 3673 2015 severiter;

2095 2037 2357 2107 benigne,
2404 2035 2729 2107 benigmter;
2769 2052 2996 2106 aspere,
3048 2038 3331 2106 aspcrilcr;
3380 2047 3670 2108 proterve,

2095 2128 2396 2197 proteraiter
2415 2140 2434 2178 :
2458 2142 2576 2196 quae
2599 2135 2778 2181 tamen
2804 2144 2932 2182 usus
2960 2128 3030 2181 ita
3057 2129 3234 2183 dicere
3263 2130 3422 2184 mo:lo
3449 2131 3669 2201 respuit.

2095 2215 2361 2271 Praeterea
2392 2231 2422 2269 a
2447 2216 2611 2270 tribus
2656 2224 2711 2271 et
2744 2225 2970 2287 quatuor
2995 2226 3290 2271 nascuntur
3317 2218 3574 2273 adverbia
3600 2228 3675 2272 ter

2097 2312 2151 2359 et
2176 2314 2390 2376 quater;
2433 2313 2554 2359 sunt
2597 2311 2653 2359 et
2695 2305 3022 2373 composita.
3062 2314 3123 2360 ut
3162 2307 3346 2370 obiter,
3384 2306 3672 2376 paulisper.

2096 2395 2375 2465 tantisper,
2418 2412 2717 2466 parumper.
2764 2394 2823 2448 In
2873 2413 2933 2450 as
2973 2397 3288 2466 productam
3340 2399 3671 2467 primitivum

2096 2502 2237 2553 cras,
2268 2495 2324 2542 et
2354 2486 2749 2542 denominativa
2787 2488 2841 2541 in
2880 2487 2985 2542 bac
3024 2488 3411 2542 terminatione
3456 2488 3674 2542 invenio

2096 2586 2337 2633 extrema
2389 2576 2732 2633 circumﬂexu
2759 2617 2775 2643 ,
2822 2586 2883 2631 ut
2926 2577 3081 2632 alios.
3118 2576 3175 2631 ln
3216 2594 3270 2631 es
3313 2578 3670 2648 productam:

2098 2671 2275 2735 sodes,
2309 2669 2592 2735 Hercules,
2623 2678 2679 2725 et
2715 2670 2923 2726 numeri
2948 2668 3230 2735 adverbia,
3262 2670 3315 2724 id
3349 2679 3469 2735 est,
3502 2683 3622 2740 qua:
3642 2684 3675 2727 a

2097 2763 2341 2819 numeris
2387 2771 2713 2828 nascuntur,
2763 2761 2972 2817 scilicet
3017 2777 3048 2815 a
3092 2761 3327 2832 quinque
3379 2779 3556 2833 usque
3606 2759 3674 2816 ad

2099 2852 2367 2918 mille,ut
2388 2852 2696 2922 quinquies,
2744 2852 2942 2917 sexies,
2989 2851 3176 2918 decies,
3226 2852 3399 2918 vicies,
3457 2855 3668 2919 centies,

2098 2942 2449 3013 quingenties,
2472 2941 2678 2995 millies.
2711 2941 2769 2996 ln
2809 2941 2855 2994 is
2886 2949 3188 3010 correptam
3209 2981 3225 3007 ,
3272 2940 3349 2996 bis
3389 2950 3450 2996 et
3488 2941 3670 3006 nimis,

2100 3031 2243 3102 quod
2272 3031 2434 3086 etiam
2465 3032 2682 3085 nimium
2705 3026 2950 3087 dicimus.
2979 3027 3157 3098 Satis,
3180 3034 3319 3101 quod
3346 3034 3520 3088 etiam
3557 3033 3679 3089 loco

2026 3103 2070 3165 ί)
2103 3119 2335 3175 nominis
2350 3119 2566 3190 positivi
2590 3120 2871 3190 accipitur,
2893 3128 2948 3176 et
2969 3121 3111 3190 quod
3138 3123 3573 3191 comparativum
3594 3138 3675 3180 re-

2100 3209 2251 3280 cipit,
2282 3217 2342 3263 ut
2364 3210 2528 3264 satius
2554 3225 2650 3280 pro
2671 3209 2875 3264 melius.
2901 3207 3175 3266 Iuvenalis
3197 3211 3251 3265 in
3283 3227 3344 3266 ιιι
3371 3229 3385 3266 :

2283 3339 2389 3390 Hoc
2408 3344 2561 3391 satius
2581 3354 2724 3403 quam
2746 3342 2785 3391 si
2809 3341 2942 3392 dicas
2966 3356 2979 3393 :
3004 3343 3106 3394 Sub
3122 3343 3283 3405 judice
3309 3345 3427 3395 vidi.

2099 3444 2158 3503 ln
2195 3461 2258 3501 us
2285 3462 2449 3502 unum
2474 3447 2692 3518 longum
2713 3488 2727 3513 ,
2756 3443 3117 3518 primitivum,
3145 3449 3281 3520 plus.
3313 3444 3371 3504 ln
3397 3468 3460 3505 us
3483 3465 3670 3507 corrc-

2099 3544 2246 3608 ptam
2272 3537 2567 3607 primitiva,
2599 3546 2661 3593 ut
2686 3539 2910 3608 penitus,
2950 3557 3162 3606 rursus,
3204 3558 3453 3612 prorsus,
3491 3556 3671 3607 secus;

2103 3629 2397 3685 derivativa
2423 3667 2437 3696 ,
2466 3637 2526 3685 ut
2555 3645 2586 3684 a
2607 3631 2746 3686 caelo
2766 3671 2780 3692 ,
2811 3631 3047 3698 crclitus;
3074 3648 3104 3686 a
3134 3632 3613 3707 stirpe,stirpitus';
3639 3647 3667 3685 a

2100 3716 2303 3783 fundo,
2334 3718 2604 3787 funditus;
2646 3734 2678 3773 a
2722 3720 2931 3785 radice,
2964 3722 3248 3788 radicitus;
3283 3737 3352 3776 an
3390 3721 3669 3789 humano,

2104 3807 2443 3873 humanitus;
2469 3808 2686 3873 divino,
2733 3809 3012 3874 diuinitus;
3057 3811 3255 3865 dicitur
3286 3818 3468 3866 tamen
3502 3820 3558 3866 et
3592 3810 3671 3866 di-

2101 3898 2248 3964 vine,
2284 3908 2339 3952 et
2383 3898 2639 3965 humane,
2665 3908 2722 3954 et
2753 3900 3068 3954 humaniter.
3111 3900 3333 3954 Eminus
3374 3916 3594 3972 quoque
3620 3907 3672 3957 et

2099 3988 2332 4041 cominus
2360 3986 2549 4042 localia
2589 3996 2733 4042 sunt.
2770 3988 3028 4043 Adversus
3053 4004 3295 4059 quoque,
3323 3991 3471 4061 quod
3510 3993 3669 4047 etiam

2099 4077 2461 4132 nominativus
2488 4085 2600 4144 est,
2631 4078 2900 4147 quomodo
2942 4078 3149 4144 nullus,
3197 4094 3295 4148 pro
3335 4080 3584 4147 minime,
3620 4088 3673 4138 et

2102 4167 2283 4222 omnia
2310 4167 2674 4235 comparativa
2715 4182 2834 4237 qute
2875 4168 3151 4223 nominum
3178 4171 3667 4253 comparativa-um

2100 4255 2312 4327 generis
2322 4255 2498 4310 neutri
2521 4256 2713 4310 similia
2735 4264 2879 4320 sunt,
2896 4265 2954 4310 ut
2972 4255 3197 4322 doctius,
3220 4255 3438 4322 clonus,
3451 4259 3672 4327 pruden-

2102 4348 2225 4413 tius,
2249 4347 2413 4412 ocius,
2441 4347 2607 4401 satius
2623 4386 2636 4412 ,
2661 4346 2863 4415 felicius
2880 4388 2894 4412 ,
2916 4347 3222 4417 sapientius,
3244 4361 3344 4402 nec
3366 4361 3478 4402 non
3503 4356 3559 4403 et
3584 4346 3668 4402 illa

372 4441 384 4453 -
436 4433 660 4483 uersum,
682 4417 991 4472 occidentem
1012 4434 1229 4482 versum,
1258 4417 1536 4473 deorsum:
1564 4419 1676 4472 haec
1691 4417 1833 4472 enim
1853 4433 2004 4473 com-
2025 4436 2079 4497 ῃ
2105 4448 2223 4505 qua:
2242 4475 2258 4500 ,
2289 4436 2535 4504 quamvis
2560 4451 2587 4489 a
2619 4435 2922 4491 nominibus
2963 4451 3069 4491 non
3109 4436 3442 4502 deriventur,
3489 4445 3669 4491 tamen

438 4505 611 4575 posita
637 4504 884 4559 videntur
911 4522 1048 4568 esse,
1075 4522 1195 4562 cum
1222 4508 1319 4560 sub
1344 4522 1448 4561 uno
1476 4515 1698 4561 accentu
1722 4506 2001 4577 proferan-

439 4611 556 4665 tur;
582 4598 774 4653 melius
798 4607 976 4654 tamen
998 4600 1225 4653 dicimus
1252 4602 1390 4667 quod
1419 4599 1679 4653 inclinant
1708 4598 1808 4653 sibi
1838 4614 2000 4668 supra

437 4686 612 4756 posita
643 4684 879 4740 nomina.
913 4684 1171 4739 Similiter
1199 4696 1428 4738 actutum
1453 4686 1749 4739 derivatum
1774 4687 1841 4741 ab
1858 4696 2000 4754 actu,

439 4777 490 4832 id
527 4782 609 4831 est
633 4774 931 4830 celeritate.
962 4772 1108 4844 Virg.
1139 4775 1191 4829 in
1224 4786 1274 4828 ts
1307 4792 1320 4828 :

1110 4883 1228 4932 Tam
1251 4891 1428 4933 cetera
1455 4885 1631 4935 reddet

559 4946 786 4994 Actutum
809 4944 917 5006 pius
939 4941 1136 5005 Eleas,
1165 4954 1313 5005 atque
1338 4946 1532 5006 integer
1562 4946 1659 4997 aevi

558 5010 820 5060 Ascanius.

438 5104 665 5165 Nomina
692 5123 904 5178 quoque
931 5107 1107 5162 neutri
1143 5106 1357 5176 generis
1388 5107 1505 5163 loco
1533 5107 1907 5162 adverbiorum
1949 5110 2001 5163 in

437 5199 627 5254 eadem
642 5196 1399 5260 terminationeinveniuntur,
1414 5205 1469 5249 ut
1483 5195 1703 5248 multum
1714 5235 1728 5260 ,
1744 5196 1971 5265 primum
1981 5237 1996 5263 ,

442 5290 656 5344 nimium
682 5329 697 5353 ,
726 5305 915 5361 parum
944 5303 1042 5358 pro
1066 5303 1303 5358 parvum.
1336 5286 1392 5340 ln
1432 5303 1464 5340 ιι
1505 5288 1610 5341 duo
1653 5286 2001 5342 inveniuntur

441 5379 785 5450 productam,
811 5386 871 5433 ut
896 5394 1033 5443 non,
1063 5393 1157 5444 en;
1196 5378 1249 5432 in
1289 5394 1322 5432 n
1355 5387 1660 5448 correptam
1686 5386 1916 5441 ctetera,
1943 5387 2005 5432 ut

440 5471 640 5541 forsan,
663 5471 905 5541 forsitan.
946 5470 1005 5525 ln
1044 5487 1071 5523 r
1095 5470 1394 5526 desinentia
1419 5472 1602 5524 omnia
1642 5469 2004 5539 corripiuntur

440 5560 731 5626 priunuva,
757 5573 851 5611 cur
878 5567 933 5612 et
950 5575 1043 5629 per
1063 5560 1280 5629 quando
1313 5573 1411 5628 pro
1436 5557 1584 5613 valde
1607 5558 1887 5628 accipitur.
1912 5558 2005 5612 De-

443 5648 667 5703 rivativa
702 5663 731 5701 a
762 5648 1065 5704 nominibus
1101 5649 1185 5704 vel
1218 5649 1515 5721 participiis
1554 5649 1725 5703 tertia:
1771 5648 2007 5703 det-lina-

2106 4524 2304 4578 habent
2330 4524 2691 4593 comparativa
2711 4523 2793 4577 vel
2822 4523 3159 4587 diminutiva,
3181 4532 3241 4577 ut
3261 4539 3419 4591 saepe,
3448 4524 3639 4593 sepius
3654 4560 3668 4587 ,

2103 4615 2416 4683 smpissime;
2444 4613 2613 4678 ultra,
2642 4612 2888 4676 ulterius,
2916 4613 3116 4678 ultime,
3161 4613 3399 4679 ulterior,
3434 4614 3666 4668 ultimus.

2102 4704 2218 4759 Non
2240 4703 2383 4759 enim
2404 4702 2771 4771 hujuscemodi
2798 4703 3048 4759 adverbia
3076 4719 3106 4758 a
3132 4701 3462 4767 nominibus,
3490 4702 3585 4758 sed
3604 4701 3671 4755 ab

2105 4794 2373 4850 adverbiis
2403 4793 2619 4848 nomina
2643 4801 2956 4858 nascuntur,
2986 4808 3169 4862 supra,
3191 4792 3455 4857 superius,
3484 4804 3665 4853 supre.

2103 4900 2206 4949 me,
2228 4883 2483 4953 superior,
2511 4893 2815 4953 supremus;
2849 4882 3003 4947 citra,
3039 4881 3283 4946 citerius,
3331 4880 3526 4945 citima,
3551 4879 3668 4933 cite-

2104 4974 2233 5038 rior,
2260 4974 2498 5037 citimus;
2526 4982 2695 5035 extra,
2720 4972 2977 5035 exterius,
3003 4982 3258 5035 extreme,
3291 4970 3543 5033 exterior,
3578 4982 3667 5020 es:-

2103 5073 2328 5124 tremus;
2370 5061 2532 5131 infra,
2578 5062 2829 5130 inferius,
2870 5060 3077 5130 inﬂate,
3134 5058 3376 5128 inferior,
3421 5056 3667 5126 inﬁmus;

2104 5152 2219 5215 diu,
2246 5150 2462 5213 diutius,
2500 5150 2790 5204 diutissime
2812 5189 2827 5213 ,
2857 5147 3076 5213 diutior,
3099 5148 3462 5212 diutissimus;
3488 5158 3666 5215 nuper,

2108 5242 2369 5310 nuperius,
2397 5241 2708 5309 nuperrime.
2737 5238 3008 5293 Positione
3027 5238 3186 5306 longa
3209 5236 3556 5292 inveniuntur
3579 5230 3670 5288 ad-

2108 5331 2313 5398 verbia,
2339 5331 2394 5385 in
2422 5347 2474 5386 rs
2496 5337 2557 5385 ut
2578 5330 2707 5401 fors.
2731 5329 2880 5400 Virg.
2908 5330 2963 5384 in
2987 5345 3026 5384 ιι
3052 5346 3066 5383 :

2232 5455 2351 5505 Fors
2373 5460 2427 5504 et
2449 5461 2555 5504 vola
2583 5452 2712 5515 facit,
2737 5452 3044 5514 cumuhtque
3069 5448 3237 5501 altaria
3257 5448 3397 5501 donis
3411 5483 3428 5513 ,

2109 5557 2249 5625 quod
2282 5556 2527 5610 similiter
2556 5554 2698 5608 sicut
2719 5552 2921 5620 forsan,
2949 5551 3197 5620 forsitan,
3231 5550 3399 5619 forte,
3423 5550 3661 5620 fortasse.

2112 5648 2371 5717 fortassis,
2411 5662 2440 5699 a
2470 5645 2605 5715 forte
2632 5643 2847 5698 nomine
2882 5641 3178 5708 derivatur,
3210 5651 3264 5695 et
3308 5642 3416 5711 fors
3455 5641 3665 5711 qui.me
