3950 6192
233 363 330 420 66!

1054 358 1441 416 EXCERPTIJ
1480 359 1568 415 DE
1607 358 1792 415 Al‘uTE
1830 357 2681 417 GRAMMATICA.PRISCIANI:

3388 362 3495 417 663

230 486 287 533 et
330 476 547 547 forsan,
597 482 648 526 et
699 471 941 541 forsitan,
974 470 1253 525 dubitandi
1294 478 1452 533 sunt;
1493 470 1628 539 forte
1655 484 1817 531 vero,
1849 475 1893 531 Α
1921 480 2049 527 sus;
2077 480 2238 534 pesti,
2263 481 2461 535 pexus;
2484 464 2686 528 auditu,
2718 463 2965 529 auditus;
3009 479 3041 519 a
3080 465 3494 522 communibus;

231 574 479 627 eventus,
508 578 610 635 pro
646 563 863 631 fortuito
883 580 901 626 ;
925 561 1147 632 fortasse
1176 570 1354 615 autem
1378 570 1432 616 et
1454 560 1694 630 fortassis
1725 576 1821 630 pro

232 668 442 710 temere.
467 655 524 708 In
556 671 636 709 ns.
661 663 718 706 ut
740 653 944 714 totiens,
972 652 1229 722 quotiens,
1257 650 1556 705 multatiens
1579 690 1593 714 ,
1617 649 1822 718 aliquo-

231 749 375 800 tiens.
398 745 455 799 ιιι
478 761 535 807 .r,
560 754 617 797 ut
644 746 746 807 vix,
774 760 915 808 mor,
941 743 1221 813 pax,qnod
1236 750 1317 795 est
1337 741 1582 797 Graecum
1606 741 1820 810 quando

232 839 505 909 signiﬁcat
526 834 906 889 tantummodo.
931 835 986 888 ιιι
1006 851 1089 901 nc,
1115 850 1269 899 nunc,
1286 834 1423 897 hinc,
1450 832 1615 892 illinc.
1642 834 1815 885 istinc.

234 932 285 983 ln
325 947 407 998 ps,
434 929 703 998 deinceps.

825 1017 902 1071 De
938 1015 1236 1088 participio.

303 1110 720 1180 Participiorum
764 1107 930 1177 igitur
968 1107 1209 1160 omnium
1250 1104 1557 1158 novissinne
1598 1101 1817 1173 syllabae

234 1201 535 1255 secundum
562 1196 911 1271 [sequuntur]
933 1196 1173 1265 regulam
1204 1195 1480 1249 nominum
1514 1209 1609 1264 per
1628 1208 1817 1248 omnes

232 1307 411 1351 castis,
441 1291 497 1345 id
519 1300 603 1346 est
630 1289 889 1360 pneteriti
919 1288 1180 1359 temporis
1209 1295 1263 1340 et
1285 1285 1483 1350 futuri,
1521 1284 1814 1339 secundum

236 1380 451 1434 mobilia
484 1382 722 1442 nomina,
749 1389 809 1431 ut
844 1378 1037 1445 iustus,
1072 1377 1260 1446 jnsta,
1296 1375 1536 1445 justum;
1575 1384 1812 1436 amatus,

491 1480 757 1529 amatum;
808 1477 1101 1529 amaturus,
1154 1474 1430 1527 amatura,
1477 1474 1814 1529 antaturum;

236 1560 519 1622 amandus,
545 1561 795 1622 amanda,
824 1559 1143 1620 animalum;
1168 1558 1447 1625 praesentis
1474 1571 1601 1610 vero
1624 1572 1816 1611 secun-

238 1653 359 1704 dum
410 1649 519 1703 ﬁxa
558 1648 914 1711 declinantur,
956 1655 1015 1700 ut
1058 1645 1267 1713 infans,
1309 1646 1564 1714 infantis;
1608 1662 1814 1710 emens,

237 1740 487 1801 ementis;
510 1754 696 1791 amans
713 1778 724 1799 ,
755 1738 1017 1798 amantis;
1046 1736 1236 1789 docens
1254 1776 1267 1797 ,
1304 1737 1487 1789 docent
1511 1751 1570 1799 s;
1609 1734 1810 1805 legens,

236 1484 435 1533 amata,

236 1830 488 1898 legentis;
533 1828 775 1891 audiens,
825 1826 1119 1892 audientis;
1172 1837 1225 1880 et
1270 1842 1335 1879 ex
1380 1840 1566 1879 eorum
1610 1825 1817 1879 ratione
1850 1830 1892 1887 Β

238 1920 519 1989 participia
550 1936 645 1988 per
672 1934 831 1973 casus
867 1927 922 1973 et
959 1934 1156 1989 genera
1196 1918 1521 1987 producendi
1557 1927 1612 1971 et
1650 1918 1819 1972 corri-

238 2012 415 2080 piendi
455 2010 691 2081 regulam
737 2019 972 2064 sumunt.
1020 2008 1438 2063 Perniltimarum
1491 2022 1722 2076 namque
1763 2019 1818 2062 et

237 2111 555 2155 ceterarum
584 2099 912 2169 syllabarum
954 2098 1187 2168 cognitio
1231 2114 1261 2151 a
1307 2097 1485 2151 verbis
1524 2097 1819 2166 percipitur

238 2190 381 2243 unde
416 2190 749 2243 derivantur.
793 2187 876 2241 Fit
924 2198 1103 2240 autem
1149 2187 1493 2256 participium
1540 2187 1821 2255 pnesentis

239 2280 501 2348 temporis
547 2296 577 2332 a
630 2280 904 2348 praeterito
955 2279 1267 2348 imperfecto
1315 2279 1587 2332 indicativi
1633 2278 1816 2343 modi,

238 2370 539 2423 nutatione
577 2380 833 2423 extremae
876 2369 1117 2439 syllabas,
1158 2368 1210 2422 id
1250 2377 1365 2432 est,
1396 2369 1515 2422 bam
1554 2368 1606 2422 in
1634 2385 1722 2433 ns,
1765 2376 1817 2421 ιιι

237 2459 519 2522 amabam,
541 2473 761 2521 amans;
778 2458 1057 2522 docebam,
1081 2459 1304 2522 docens;
1332 2458 1595 2527 legebam,
1615 2458 1820 2529 legens;

240 2549 529 2612 ludebam,
557 2547 794 2615 faciens;
827 2547 1164 2611 muniebant,
1204 2549 1439 2602 muniens
1460 2590 1475 2613 ,
1499 2551 1738 2618 exceptis
1769 2551 1819 2603 in

236 2657 293 2692 ro
342 2640 719 2694 desinentibus
750 2648 958 2708 quarta:
1002 2640 1397 2712 etmjngalionis
1426 2642 1637 2709 verbis,
1668 2659 1818 2713 quae,

236 2738 430 2783 «mura
456 2730 685 2783 aliorum
717 2730 952 2801 regulam
973 2771 985 2793 ,
1018 2732 1035 2784 i
1065 2732 1266 2786 habent
1303 2740 1427 2787 ante
1452 2733 1566 2787 bam
1587 2773 1601 2798 ,
1629 2735 1823 2805 produ-

238 2833 413 2880 ctam,
451 2827 509 2873 ιιι
540 2818 710 2883 ibant,
754 2819 1001 2889 quibam,
1041 2822 1181 2889 quod
1226 2822 1384 2875 etiam
1419 2822 1470 2875 in
1495 2822 1615 2877 aliis
1645 2825 1822 2880 vertis

238 2912 377 2965 saich
409 2912 558 2976 ﬁeri;
589 2920 647 2965 nt
668 2911 891 2979 polibam
919 2928 1014 2980 pro
1042 2910 1300 2980 poliebant
1320 2953 1334 2976 ,
1358 2912 1699 2982 insignibam,
1724 2930 1823 2985 pro

238 3002 614 3071 imigniebam;
663 3016 760 3054 nec
800 3010 979 3055 tamen
1030 3001 1082 3055 id
1116 3002 1389 3070 prohibuit
1418 3004 1705 3074 participia
1755 3007 1823 3060 ad

240 3089 606 3159 perlecturum
630 3089 868 3159 regulam
894 3089 1083 3143 nasci:
1115 3089 1344 3144 dicimus
1377 3093 1518 3147 enim
1562 3093 1695 3158 iens,
1727 3112 1825 3148 au-

1923 554 2233 618 criminatu,
2257 553 2601 618 criminatus;
2627 553 2907 621 osculatu,
2933 553 3232 621 osculatus;
3269 570 3301 609 a
3338 557 3503 629 depo-

1923 643 2176 698 nentibus
2204 662 2217 697 :
2253 643 2356 708 for,
2383 642 2516 709 fatu,
2542 641 2722 711 fatus;
2751 642 2959 712 loquor,
2978 643 3184 710 locutu,
3209 643 3433 700 locutus.
3455 648 3501 701 A

1921 736 2392 806 neutro—passivis:
2415 737 2622 807 gavisu,
2640 738 2883 808 gavisus;
2908 736 3073 804 factu,
3090 738 3302 808 factus;
3327 753 3356 792 a
3379 755 3504 795 neu-

1923 827 2024 882 tris
2039 842 2167 882 vero
2196 829 2383 897 paucis
2401 828 2733 896 praeteritum
2759 828 3001 882 nascitur
3027 843 3041 881 :
3071 836 3308 894 ccenatu,
3338 846 3507 884 cwna-

1922 926 2037 981 tus;
2050 933 2271 986 pransu,
2287 932 2509 986 pransus
2522 935 2545 982 ς
2565 916 2785 987 placitu,
2798 916 3024 988 placitus
3040 935 3060 984 ;
3082 926 3271 987 nuptu,
3289 930 3498 991 nuptus.

1919 1007 2198 1077 Excipitur
2245 1017 2542 1062 rnortuus'a
2569 1008 2787 1075 morior,
2815 1009 2958 1076 quod
2988 1011 3284 1065 secundum
3319 1011 3503 1068 anulo-'-

1918 1098 2058 1167 giain
2080 1098 2293 1162 moritu,
2316 1096 2556 1162 maritus,
2578 1107 2632 1152 et
2651 1097 2778 1152 hinc
2796 1098 3080 1155 moriturus
3101 1097 3286 1154 debuit
3300 1098 3501 1167 facere;

1918 1188 2012 1243 sed
2056 1189 2389 1257 praeteritum
2436 1199 2676 1244 mortuus
2717 1205 2827 1245 non
2863 1191 3087 1246 maritus
3126 1191 3288 1258 facit;
3320 1203 3500 1265 potum

1917 1291 2132 1345 quoque
2157 1292 2253 1346 per
2286 1292 2576 1350 syncopam
2620 1293 2720 1352 pro
2748 1287 3018 1350 potatum,
3063 1288 3119 1336 et
3152 1280 3274 1336 inde
3308 1291 3497 1351 potus,

1918 1367 2286 1435 participium.
2314 1367 2464 1437 Virg.
2498 1368 2551 1420 in
2577 1365 2708 1422 Bue.
2742 1385 2765 1439 ε¹

2042 1454 2102 1504 Et
2126 1465 2288 1517 potum
2312 1463 2471 1519 pastas
2493 1469 2608 1518 age,
2633 1455 2827 1521 'l'ityre,
2853 1467 2904 1510 et
2925 1461 3051 1511 inter
3074 1461 3340 1525 agendum.

1916 1536 1983 1590 Et
2014 1537 2152 1592 ilexn
2178 1538 2231 1592 in
2254 1538 2449 1612 Georg.
2477 1559 2491 1594 :

2049 1626 2254 1688 Quoque
2279 1628 2419 1676 modo
2447 1637 2587 1691 potus
2614 1629 2888 1694 gauderent
2905 1630 3057 1681 intiba
3076 1629 3228 1682 ﬁbris.

1916 1701 2168 1758 Lucanus
2190 1703 2247 1760 in
2274 1722 2307 1759 v
2335 1723 2348 1758 :

2042 1777 2293 1846 :tryinous
2318 1778 2628 1846 siege-ﬁdum
2654 1780 2823 1829 bruma
2850 1780 3068 1844 pellente
3091 1781 3378 1846 relinquunt

2044 1834 2233 1885 Poturae
2257 1845 2325 1892 te,
2351 1834 2483 1901 sue,
2508 1854 2672 1902 grues.

1920 1914 2139 1981 Lautus,
2175 1916 2440 1983 Iauturus,
2468 1936 2567 1988 pro
2590 1921 2812 1989 (ovatus,
2841 1922 3141 1989 lavaturas,
3172 1925 3226 1980 in
3253 1939 3353 1981 usu
3380 1934 3496 1993 est,

1919 2016 2056 2068 ortu,
2090 2019 2256 2070 ortus,
2281 2017 2336 2061 et
2365 2010 2598 2062 orituri-s
2622 2008 2771 2064 facit.
2797 2010 2855 2064 in
2882 2012 3146 2068 anomalis
3174 2029 3388 2084 quoque
3409 2030 3500 2071 su-

1919 2111 2016 2164 pra
2064 2096 2222 2151 dictae
2260 2098 2455 2168 regula:
2493 2109 2817 2154 servantur:
2848 2100 2997 2167 latu,
3044 2102 3222 2169 latus,
3260 2103 3496 2169 laturus;

1922 2188 2121 2251 ferens,
2150 2188 2392 2254 ferentis,
2421 2190 2699 2258 ferendus;
2726 2208 2843 2257 esu,
2869 2207 3026 2258 esus,
3057 2208 3269 2259 esurus,
3301 2196 3465 2249 edens
3486 2234 3500 2258 ,

1917 2278 2147 2331 edendas
2160 2319 2174 2341 ,
2192 2279 2271 2333 sic
2286 2289 2339 2333 et
2357 2294 2420 2334 ex
2445 2281 2524 2335 eis
2544 2282 2858 2350 composita.
2876 2280 2921 2335 A
2933 2297 3049 2336 sum
3065 2296 3279 2352 quoque
3294 2292 3501 2338 veteres

1920 2369 2260 2438 participium
2300 2370 2654 2439 proferebant
2690 2388 2812 2438 ens,
2844 2372 2985 2428 unde
3030 2373 3377 2443 componitur
3415 2389 3503 2444 po-

1920 2472 2064 2528 tens,
2094 2479 2217 2516 nam
2258 2463 2472 2519 futurus
2508 2465 2736 2537 magian
2769 2466 2840 2535 fio
2866 2466 3033 2522 verbo
3069 2466 3281 2522 videtur
3315 2465 3500 2531 nasci,

1921 2552 2072 2621 cujus
2095 2556 2423 2622 praeteritum
2448 2566 2534 2611 cst
2555 2556 2748 2625 factus,
2783 2567 2838 2613 et
2861 2572 3099 2628 presens
3130 2557 3263 2627 ﬂens
3284 2572 3304 2613 :
3324 2565 3503 2628 potest

1923 2653 2103 2699 tamen
2128 2660 2159 2698 a
2188 2646 2267 2714 fui
2292 2646 2453 2701 etiam
2476 2662 2596 2701 esse
2617 2646 2939 2702 existimari.
2965 2646 3153 2714 Facio,
3178 2647 3345 2717 factu,
3367 2662 3505 2718 pra:-

1926 2737 2140 2791 leritum
2163 2739 2333 2806 factus
2360 2738 2540 2803 habet,
2563 2746 2618 2792 et
2645 2737 2885 2792 futurum
2908 2737 3171 2805 facturus,
3201 2746 3256 2793 et
3277 2737 3501 2807 faciens,

1923 2842 2179 2898 ριιεδριιε.
2205 2826 2379 2881 Pindo
2405 2843 2615 2897 quoque
2640 2829 2866 2896 findens,
2896 2829 3076 2897 ﬁssus,
3101 2828 3324 2898 ﬁssurus
3351 2827 3501 2885 facit.

1923 2918 1991 2973 Et
2018 2918 2294 2973 sciendum
2315 2920 2455 2987 quod
2488 2920 2531 2973 si
2556 2919 2813 2974 deﬁciant
2827 2920 3038 2989 supina,
3062 2919 3319 2975 deﬁciunt
3337 2919 3507 2975 etiam

1923 3010 2207 3079 participia
2256 3017 2363 3062 tam
2412 3009 2577 3063 futuri
2631 3009 2886 3079 temporis
2932 3009 2985 3064 in
3039 3026 3127 3064 rus
3171 3010 3502 3075 desinentia,

1927 3116 2086 3169 quam
2115 3100 2398 3170 praeteriti,
2417 3116 2536 3170 qua:
2565 3116 2630 3155 ex
2664 3101 2795 3170 ipsis
2819 3110 3150 3157 nascuntur:
3175 3102 3319 3172 quod
3350 3103 3500 3158 inve-

240 3184 414 3247 aiens,
444 3185 628 3253 quiens
645 3221 660 3246 ,
683 3182 882 3252 poliens
900 3222 914 3247 ,
940 3182 1242 3252 insigniens.
1270 3181 1395 3237 [Lee
1428 3194 1608 3239 tamen
1633 3186 1822 3241 eadem

1930 3196 2015 3249 nis
2043 3195 2095 3248 in
2118 3194 2369 3249 munibus
2396 3194 2726 3249 meditativis
2752 3208 2807 3250 et
2846 3193 3197 3261 inchoativis,
3221 3194 3278 3249 in
3309 3192 3507 3265 quibus

241 3272 557 3342 participia,
588 3287 708 3341 qua:
743 3288 773 3325 a
821 3269 998 3326 verbis
1026 3272 1077 3326 in
1113 3288 1172 3326 eo
1213 3273 1582 3330 desinentibus
1617 3286 1829 3345 quarta:

243 3362 641 3433 conjugationis
670 3371 988 3427 nascuntur,
1009 3363 1255 3417 anomale
1282 3378 1380 3432 per
1400 3363 1646 3434 obliquos
1667 3380 1829 3422 casus

245 3469 339 3521 pro
364 3454 413 3506 ie
436 3469 500 3505 eu
526 3452 831 3507 habuerunt
858 3471 871 3507 ε
903 3453 1020 3508 iens
1040 3494 1054 3519 ,
1083 3457 1252 3508 euntis
1266 3472 1287 3520 ;
1310 3456 1500 3524 quiens
1517 3498 1531 3522 ,
1555 3461 1794 3529 queuntis
1809 3477 1827 3525 ;

244 3557 295 3596 et
313 3561 378 3598 es
402 3546 484 3598 eis
499 3544 821 3615 composita,
840 3554 897 3599 ut
913 3546 1187 3614 prodiens,
1200 3550 1523 3620 prodeuntis,
1543 3553 1827 3620 nequiens,

246 3636 579 3707 ueqneuntis.
613 3635 800 3691 Futuri
830 3652 958 3691 vero
989 3639 1246 3707 temporis
1280 3641 1596 3710 participia,
1634 3642 1679 3696 si
1720 3644 1830 3698 sint

246 3746 272 3779 ιι
301 3726 487 3782 verbis
516 3726 710 3781 activis
742 3726 824 3781 vel
857 3728 1063 3781 neutris
1083 3769 1098 3789 ,
1124 3728 1210 3783 vel
1234 3728 1659 3800 deOIlclllibUS,
1695 3731 1830 3787 ﬁunt

248 3817 314 3869 :zh
340 3826 591 3872 extremo
626 3817 939 3886 supinorum
965 3858 979 3883 ,
1011 3818 1190 3873 addita
1219 3837 1306 3874 rus
1330 3836 1348 3875 :
1374 3831 1555 3875 aniatn
1581 3864 1595 3884 ,
1625 3834 1830 3879 amatu-

249 3924 369 3969 rus;
393 3907 582 3970 doctu,
610 3908 892 3974 docturus;
923 3908 1083 3974 lectu,
1105 3909 1366 3978 lecturus;
1395 3912 1602 3979 auditu,
1625 3915 1833 3968 auditu-

250 4014 369 4062 rus;
398 4005 571 4060 statu,
604 4008 872 4062 staturus;
904 4013 1088 4065 cursu,
1112 4017 1405 4067 cursurus;
1432 4003 1614 4057 molitu
1638 4044 1656 4069 ,
1681 4004 1832 4058 moli-

249 4098 399 4139 turus
415 4104 436 4150 ;
474 4086 699 4152 vertitn,
728 4088 1001 4142 rertiturus
1043 4088 1225 4161 [Forte
1253 4093 1467 4158 verritu,
1498 4094 1826 4167 verr-iturus].

249 4178 288 4228 Α
320 4176 601 4231 communi
632 4191 845 4246 quoque
875 4179 1059 4243 verbo,
1086 4179 1228 4248 quod
1272 4179 1327 4233 in
1372 4180 1557 4236 futuro
1590 4190 1829 4252 tempore

251 4274 355 4321 duo
378 4266 545 4320 habet
565 4267 872 4336 participia,
900 4284 1063 4322 unum
1090 4269 1302 4339 quidem
1329 4272 1583 4338 activum,
1613 4289 1721 4337 rus,
1754 4271 1833 4328 al-

254 4368 431 4410 terum
461 4370 593 4410 vero
623 4356 894 4425 passivum
929 4358 981 4411 in
1008 4358 1139 4423 dus,
1168 4359 1295 4413 illud
1320 4362 1465 4429 quod
1494 4362 1546 4414 in
1576 4379 1666 4415 rus
1691 4362 1833 4418 desi-

252 4448 331 4501 nit
374 4447 674 4501 secundum
720 4449 1028 4517 prauiietam
1071 4448 1128 4503 ﬁt
1166 4450 1405 4519 regulam
1449 4469 1463 4504 :
1517 4452 1829 4519 eriminatu,

251 4539 666 4604 niminaturus;
695 4538 821 4592 illud
845 4548 1023 4592 autem
1051 4540 1193 4610 quod
1224 4541 1277 4594 in
1308 4541 1426 4608 dus,
1460 4544 1659 4611 passivi
1686 4543 1829 4599 futu-

254 4644 374 4680 rum
409 4628 675 4695 sequitur.
703 4627 924 4683 Passiva
956 4643 1084 4682 vero
1119 4628 1359 4696 ejusdem
1407 4633 1666 4701 temporis
1707 4649 1834 4703 par-

255 4718 441 4787 ticipia
475 4716 613 4770 ﬁunt
640 4732 669 4770 a
701 4719 972 4787 praeterito
1014 4720 1281 4789 participii
1310 4723 1594 4790 praesentis
1637 4732 1839 4794 tempo-

253 4810 368 4873 ris,
419 4809 488 4861 tis
536 4807 679 4861 ﬁnali
727 4808 778 4861 in
815 4809 911 4861 dus
961 4824 1261 4864 conversa:
1295 4826 1518 4877 amans,
1573 4816 1832 4879 amantis,

253 4904 557 4967 ωηαηάυε;
582 4905 802 4969 docens,
826 4904 1086 4969 docentis,
1111 4906 1407 4972 docendus;
1432 4908 1636 4979 legens,
1663 4911 1840 4980 leget]-

256 4997 351 5057 t-is,
380 4993 665 5064 legendus;
695 4995 936 5059 audiens,
981 4994 1271 5062 audientis,
1305 4998 1634 5067 audiendus;
1659 5012 1837 5057 trans-

258 5087 403 5146 iens,
440 5086 788 5145 transeuntis,
821 5088 1203 5151 transeundas;
1242 5091 1572 5157 praeteriens,
1619 5102 1841 5161 proster-

261 5174 449 5230 euntis
468 5214 485 5240 ,
510 5176 918 5245 pra’tereundus.
963 5176 1227 5232 Pra'teriti
1256 5180 1397 5234 enim
1435 5183 1690 5250 temporis
1721 5199 1843 5253 par-

261 5267 475 5338 ticipia,
502 5282 621 5337 qua:
646 5267 698 5320 in
725 5276 830 5328 tus,
858 5268 940 5320 vel
966 5285 1085 5332 sus,
1111 5268 1192 5323 vel
1217 5285 1337 5335 :rus,
1379 5271 1651 5337 desinunt,
1694 5275 1839 5330 simi-

262 5358 396 5414 liter
421 5374 454 5412 a
481 5359 672 5428 supino
699 5367 944 5413 extremo
973 5358 1128 5423 ﬁunt,
1157 5362 1338 5415 addita
1367 5378 1392 5416 s
1417 5370 1472 5416 et
1497 5374 1745 5433 correpta
1780 5383 1836 5419 u.

263 5448 578 5502 Nascuntur
604 5454 783 5501 autem
814 5461 845 5501 a
887 5448 1066 5502 verbis
1086 5449 1335 5519 passivis,
1363 5457 1417 5503 et
1443 5453 1838 5517 communibus,

261 5552 319 5595 et
359 5538 769 5608 deponentibus,
810 5546 865 5592 et
905 5540 1393 5609 neutro-passivis,
1424 5548 1481 5594 et
1521 5542 1840 5610 quihusdam

264 5629 519 5685 uentris:
552 5644 580 5681 ιι
609 5628 857 5698 passivis,
886 5638 945 5682 ut
973 5640 1175 5691 amatn,
1206 5641 1443 5693 amatus;
1469 5631 1671 5686 domitu
1695 5673 1712 5695 ,
1743 5634 1839 5688 sto-

269 5724 464 5782 mitns;
492 5718 673 5782 doctu,
701 5718 921 5783 (lactus;
952 5718 1148 5779 deletu,
1180 5716 1412 5781 deletus;
1441 5733 1615 5772 mersit
1640 5761 1653 5784 ,
1696 5737 1838 5773 mer-

1929 3284 2182 3339 deﬁciunt
2217 3283 2406 3352 supina
2435 3283 2541 3337 duo
2567 3290 2843 3349 extrema;
2875 3283 3073 3353 quibus
3094 3282 3504 3349 deﬁcientibus,

1928 3395 2089 3450 supra
2123 3379 2386 3434 dictorum
2414 3394 2625 3449 quoque
2653 3387 2956 3449 temporum
2989 3377 3249 3433 deﬁciunt
3284 3377 3507 3448 partici-

1928 3469 2015 3538 pia
2036 3508 2050 3533 ,
2085 3478 2143 3523 nt
2179 3470 2446 3539 purlurio,
2474 3468 2677 3534 esurio,
2712 3467 2987 3533 horresco,
3014 3467 3254 3532 calesco;
3277 3466 3422 3536 quod
3452 3473 3529 3521 et-

1929 3558 2245 3630 plerumque
2287 3559 2340 3612 in
2379 3558 2587 3615 neutris
2624 3557 2805 3612 verbis
2846 3557 3094 3613 secundm
3114 3554 3508 3626 coniugationis

1929 3650 2012 3705 vel
2039 3651 2210 3705 tertiae
2243 3649 2295 3703 in
2326 3665 2391 3703 uo
2414 3648 2815 3714 desinentibus,
2851 3656 2911 3703 ut
2932 3658 3111 3719 tepeo,
3141 3663 3263 3719 egeo
3282 3687 3296 3709 ,
3324 3644 3503 3711 calca,
3563 3694 3571 3702 .

1931 3742 2121 3812 ferveo,
2148 3752 2350 3811 stupeo,
2379 3740 2536 3804 (meo,
2563 3739 2790 3806 candeo,
2818 3738 2977 3805 niteo,
2999 3748 3183 3805 wstuo,
3212 3736 3323 3791 luo.
3355 3735 3506 3792 Invo-

1933 3832 2157 3886 ninutur
2185 3839 2363 3885 tamen
2392 3829 2666 3884 rarissime
2707 3830 2759 3883 in
2788 3828 3107 3898 quibusdam
3136 3825 3508 3897 hujuscemodi

1934 3920 2146 3990 supina,
2173 3919 2253 3974 vel
2288 3918 2450 3972 futuri
2486 3919 2744 3988 temporis
2767 3917 3073 3987 participia,
3094 3925 3161 3971 ut
3175 3914 3510 3981 doleo,.doli—

1932 4021 2081 4064 turns
2107 4026 2126 4074 ;
2153 4025 2335 4075 careo,
2363 4010 2655 4073 cariturus,
2680 4024 2781 4071 nec
2807 4024 2912 4063 non
2940 4016 3005 4063 eL
3025 4007 3129 4063 alia
3160 4006 3327 4062 multa
3362 4006 3511 4064 inve.

1934 4100 2154 4153 niuntur
2179 4099 2500 4153 deﬁcientia.
2542 4098 2597 4152 In
2632 4098 2752 4153 aliis
2780 4114 2993 4171 quoque
3030 4097 3511 4172 signiﬁcationibus

1932 4189 2017 4245 vel
2050 4190 2340 4260 generibus
2380 4190 2665 4243 verborum
2688 4228 2703 4253 ,
2757 4198 2865 4242 tam
2910 4189 3099 4260 supina
3130 4203 3292 4260 quam
3321 4203 3389 4243 ex
3422 4187 3505 4243 eis

1933 4278 2238 4342 nascentia,
2273 4286 2332 4331 nt
2361 4293 2550 4347 urgeo,
2600 4294 2731 4348 spuo
2754 4317 2770 4341 ,
2814 4288 3022 4344 metuo,
3057 4279 3243 4344 linteo,
3280 4279 3502 4343 medior,

1934 4368 2168 4438 ambigo,
2207 4368 2422 4433 scindo,
2458 4382 2640 4437 oergo,
2687 4383 2862 4433 arceo,
2908 4367 3123 4434 mando,
3172 4368 3378 4423 manilis
3402 4381 3420 4419 :
3447 4377 3503 4421 et

1936 4473 2257 4529 quocunque
2294 4466 2533 4527 tempore
2571 4456 2833 4512 defectiva
2874 4464 3001 4511 sunt
3027 4459 3225 4524 verba,
3251 4458 3507 4513 deﬁciunt

1934 4549 2099 4604 etiam
2123 4545 2425 4616 participia.
2457 4543 2646 4599 Ferior
2668 4560 2881 4615 quoque
2909 4555 2963 4601 et
2983 4563 3157 4601 vescor
3179 4549 3510 4618 pmteritnm

1942 4651 2152 4710 tempus
2179 4655 2285 4707 non
2314 4638 2526 4700 habent,
2553 4655 2652 4694 nec
2679 4638 2918 4708 ejusdem
2939 4642 3194 4711 temporis
3206 4644 3509 4713 participia.

1942 4729 2085 4801 Coepi
2127 4746 2231 4784 non
2264 4731 2426 4783 habet
2448 4744 2693 4798 ,pratscns
2733 4738 2788 4784 et
2831 4731 3104 4796 futurum,
3153 4748 3251 4788 nec
3296 4735 3514 4803 partici-

1944 4823 2113 4892 pium,
2141 4823 2234 4876 sed
2263 4829 2467 4874 tantum
2498 4822 2755 4889 praeteriti
2785 4823 3070 4890 temporis,
3102 4835 3314 4891 carptus.
3345 4824 3510 4878 Simi-

1946 4912 2090 4975 liter,
2121 4912 2228 4977 odi,
2259 4912 2392 4974 novi,
2427 4926 2579 4976 osus,
2610 4925 2674 4964 ex
2703 4927 2810 4981 quo
2835 4929 3051 4982 perosus
3078 4922 3134 4967 et
3167 4929 3355 4967 exosus
3377 4951 3393 4978 ,
3422 4930 3512 4967 nco

1944 5013 2049 5068 tus,
2075 5010 2129 5057 et
2151 5004 2383 5067 memini,
2407 5004 2686 5056 meminens
2707 5043 2722 5068 ,
2744 5004 2869 5073 quia
2897 5004 3109 5058 memini
3147 5012 3254 5057 tam
3284 5018 3515 5070 prasen-

1945 5094 2015 5148 tis
2040 5109 2202 5163 quam
2225 5094 2484 5163 prmteriti
2518 5093 2624 5148 vim
2653 5094 2836 5158 habet,
2862 5093 3131 5163 quomodo
3155 5093 3262 5156 odi,
3300 5101 3360 5145 ut
3390 5100 3514 5147 ante

1938 5182 2051 5252 jam
2080 5184 2348 5237 diximus:
2383 5199 2566 5245 nosco,
2598 5197 2811 5237 noscens
2837 5182 2987 5236 facit.
3020 5180 3283 5235 Similiter
3314 5181 3515 5248 imper-

1942 5271 2148 5325 sonalia
2178 5255 2435 5325 deﬁciunt
2460 5271 2511 5324 in
2540 5272 2747 5339 supinis
2770 5279 2826 5325 et
2857 5270 3156 5340 participiis
3180 5286 3298 5339 qua:
3323 5286 3392 5325 ex
3429 5287 3518 5325 su-

1943 5361 2083 5431 pinis
2104 5370 2420 5421 nascuntur,
2444 5368 2503 5412 ut
2533 5362 2703 5430 piget,
2729 5361 2920 5429 pudet,
2957 5360 3142 5424 (cedet,
3178 5361 3387 5429 paenitet
3407 5400 3423 5425 ,
3452 5360 3518 5414 li-

1942 5459 2084 5520 quet,
2113 5448 2254 5513 licet,
2279 5448 2434 5510 libet,
2459 5458 2691 5517 oportet;
2719 5449 2814 5502 sed
2855 5449 3209 5519 compositum
3238 5459 3515 5519 perttcsum

1944 5538 2232 5601 invenitur,
2257 5545 2313 5591 et
2338 5537 2588 5605 paenitens
2606 5575 2622 5601 ,
2653 5537 2794 5590 unde
2826 5537 3126 5604 pmnitentia
3142 5554 3162 5604 ;
3186 5548 3241 5594 et
3271 5539 3434 5596 libens
3464 5552 3519 5596 et

1945 5630 2135 5693 licens',
2177 5629 2319 5683 unde
2356 5628 2564 5680 licentia
2588 5667 2603 5694 ,
2641 5626 2833 5681 licitas.
2862 5627 3260 5700 Sciendumqne
3287 5633 3429 5701 quod
3471 5634 3516 5687 si

1947 5720 2239 5788 composita
2270 5719 2377 5773 sint
2409 5718 2602 5782 verba,
2644 5719 2711 5772 ab
2751 5720 2831 5774 eis
2872 5722 3171 5791 composita
3206 5724 3521 5780 dcrivcntur
3568 5754 3571 5755 ν
