3962 6198
485 286 589 345 603

1151 286 1211 339 Β.
1253 280 1500 339 ltABANl
1541 280 1755 338 MAUItI
1793 276 2063 335 Αιιειιιει

2161 274 2449 330 ilOGUNT.
2488 273 2768 330 OPERUM
2807 272 2985 330 ΡΜιὸ
3021 270 3106 331 Ill.
3589 279 3679 340 ως

481 406 795 480 participia,
827 411 887 458 ut
926 402 1107 473 epeia,
1147 399 1388 470 efﬁciens.
1434 397 1493 452 Si
1540 396 1684 451 enim
1727 394 1842 464 ipsa
1870 404 1968 462 per
1991 402 2050 446 se
2077 389 2124 447 Α
2154 384 2485 480 Apollonius.
2517 392 2671 453 pater
2694 384 3006 480 Heracliam.
3034 382 3349 480 inaniaque
3376 392 3569 480 species
3608 393 3681 452 di-

481 504 892 568 componantur,
918 508 1022 547 non
1049 491 1202 561 prius
1230 487 1542 557 compositis
1567 484 1749 540 verbis
1769 489 2050 537 transeunt

483 580 538 645 ln
563 583 840 642 nominum
869 583 976 638 vim
1021 589 1077 636 et
1112 578 1560 650 significationem
1592 593 1605 630 :
1632 576 1773 631 sicut
1811 573 1975 628 etiam
2004 571 2050 625 si

484 685 892 747 comparentur,
931 679 993 727 ut
1028 686 1229 727 nocens
1250 711 1265 735 ,
1303 671 1583 733 innocens;
1627 666 1842 736 sapiens
1863 704 1879 730 ,
1916 663 2050 717 insi-

482 762 648 837 piens.
677 764 799 819 flzec
819 763 982 835 igitur
1008 761 1132 816 licet
1157 758 1593 816 extraordinario
1622 757 1809 810 videar
1835 767 2052 823 compo-

482 868 637 919 nere,
660 870 781 909 cum
805 853 871 907 de
890 851 1213 924 syllabarum
1236 855 1500 918 potestate
1519 845 1756 902 scribere
1779 844 1909 899 mihi
1933 858 2056 913 pro-

483 946 716 1016 positum
740 944 831 1007 sit,
848 952 1025 997 tamen
1047 955 1151 995 non
1180 938 1443 994 inutiliter
1463 939 1565 992 ista
1588 926 1906 1004 interposui,
1924 933 2049 1004 quia

483 1032 821 1088 manifestior
843 1032 947 1085 erit
969 1030 1199 1100 qualitas
1227 1029 1519 1083 dictionum
1546 1067 1561 1092 ,
1592 1027 1637 1082 si
1675 1026 1828 1096 origo
1864 1034 2051 1079 earum

485 1140 643 1184 antea
692 1129 998 1198 diligentius
1057 1124 1427 1195 investigctur.
1478 1118 1786 1177 Notandum
1840 1132 2054 1188 quoque

486 1220 626 1292 quod
650 1221 829 1276 omnia
858 1217 1140 1289 participia
1163 1213 1421 1286 praeteriti
1446 1211 1703 1280 temporis
1739 1209 1855 1263 slve
1888 1207 2053 1262 futuri

489 1312 541 1365 in
567 1310 873 1380 pcnultimis
901 1308 985 1363 vel
1022 1303 1456 1376 antcpenultimis
1490 1302 1602 1358 suis
1638 1299 1875 1368 regulam
1910 1297 2055 1366 supi-

488 1414 679 1453 norum
704 1399 843 1452 unde
869 1397 1108 1452 derivata
1134 1402 1279 1456 sunt,
1310 1400 1624 1460 sequuntur,
1656 1387 1896 1457 exceptis
1918 1401 2053 1455 pau-

489 1492 590 1555 cis,
617 1499 675 1544 ut
697 1499 913 1552 statuat,
946 1497 1105 1549 statu,
1131 1484 1272 1554 quod
1297 1481 1649 1552 penultimam
1677 1496 1709 1533 a
1733 1476 1907 1548 supini
1932 1491 2056 1547 pro-

491 1584 656 1638 ducit.
688 1582 745 1636 ln
768 1578 1053 1652 participio
1078 1590 1292 1647 quoque
1331 1588 1424 1629 seu
1464 1572 1681 1627 nomine
1707 1568 1908 1626 verbali
1940 1583 2058 1622 car-

2153 474 2304 535 vidit,
2331 488 2466 542 quas
2491 487 2652 543 supra
2674 474 3026 541 ostendimus,
3055 476 3109 531 id
3151 485 3255 543 est,
3300 479 3682 552 continuatim,

2152 563 2663 628 subcontinuativas,
2693 561 3052 632 adjunctivas,
3100 566 3363 634 causales,
3415 567 3684 637 ell'ectivas,

2152 661 2372 722 propter
2395 653 2681 722 quamdam
2709 653 3019 708 distantiam
3046 670 3205 725 quam
3232 656 3372 712 inter
3408 673 3466 714 se
3506 659 3684 716 habere

2153 742 2421 797 videntur.
2454 741 2802 796 Inveniuntur
2828 751 3005 798 tamen
3034 751 3089 798 et
3113 745 3348 809 nomina,
3386 746 3468 801 vel
3515 763 3686 817 prono-

2153 832 2319 897 mina,
2360 831 2443 885 vel
2480 832 2646 886 etiam
2683 831 2956 898 adverbia,
3002 834 3082 890 vel
3127 836 3538 904 praepositiones,
3585 851 3688 907 quat

2154 922 2271 977 loco
2300 921 2593 977 causalium
2618 922 2954 991 accipiuntur
2976 918 3440 990 coniunctionum;
3467 927 3685 980 nomina:

2151 1029 2255 1084 qua
2283 1028 2464 1076 causa,
2488 1027 2593 1079 qua
2616 1011 2805 1081 gratia,
2832 1028 2936 1078 qua
2957 1023 3184 1081 propter,
3210 1030 3363 1083 quam
3387 1015 3446 1067 ob
3488 1031 3604 1081 rem,
3643 1024 3690 1071 et

2152 1118 2281 1172 quas
2306 1101 2368 1155 ob
2393 1100 2880 1170 res;pronomina:
2912 1108 2973 1154 ut
3015 1101 3152 1167 ideo,
3200 1118 3291 1166 eo;
3343 1103 3597 1167 adverbia,
3640 1112 3691 1158 ut

2152 1192 2384 1263 quando,
2409 1191 2603 1256 etiam;
2627 1190 3032 1262 prmpositiones
3059 1206 3180 1245 cum
3203 1192 3608 1260 pronominibus,
3642 1202 3689 1246 ιιι

2152 1292 2423 1353 prwterea,
2436 1283 2651 1345 interea,
2668 1296 2787 1351 qua:
2800 1289 3118 1350 potestatem
3134 1282 3353 1353 originis
3366 1296 3471 1337 suae
3487 1298 3691 1352 sequun-

2156 1378 2244 1423 tur
2280 1369 2335 1422 in
2387 1369 2735 1437 temporibus.
2774 1367 3151 1438 Approbativaa
3195 1377 3321 1424 sunt
3371 1385 3483 1438 quae
3531 1385 3693 1440 appro-

2154 1460 2288 1514 bant
2310 1473 2443 1513 rem.
2470 1458 2618 1528 Virg.
2654 1458 2708 1513 in
2732 1474 2809 1514 xu
2836 1475 2850 1512 :

2282 1567 2343 1618 Et
2362 1567 2562 1629 quidem
2586 1568 2766 1630 merui,
2790 1579 2884 1618 nec
2906 1567 3168 1631 deprecor,
3192 1569 3366 1631 inquit.

490 1674 638 1742 ripit,
664 1680 721 1727 ut
743 1648 929 1734 status,
964 1648 1101 1724 stata
1121 1708 1136 1733 ,
1156 1666 1390 1729 stabilis,
1423 1664 1524 1719 nisi
1554 1662 1607 1717 in
1637 1661 2050 1716 futuro-tantum
2090 1728 2130 1742 ﬂ
2157 1650 2440 1742 Terentius
2460 1650 2515 1705 in
2543 1648 2912 1742 Phormione:

487 1728 805 1831 ptirticipio,
841 1766 900 1811 ut
923 1767 1187 1818 staiurus,
1228 1764 1431 1808 statura
1451 1791 1466 1816 ,
1495 1759 1790 1813 staturum,
1831 1748 1974 1817 quod
2003 1756 2057 1801 et
2090 1728 2133 1785 Β

2407 1737 2477 1788 fta
2500 1746 2752 1801 cognatam
2777 1739 2993 1801 quidem,
3017 1749 3066 1791 at
3090 1753 3198 1789 nos.

489 1820 816 1904 nomen-est.
868 1846 1018 1900 Sicut
1064 1845 1129 1900 de
1171 1842 1447 1915 gerundiis
1482 1840 1566 1895 vel
1607 1839 1799 1895 mediis
1842 1837 2059 1910 syllabis

2161 1824 2225 1879 Et
2243 1821 2486 1879 causales
2510 1837 2610 1892 pro
2635 1821 3017 1893 approbativis.
3050 1823 3200 1893 Virg.
3228 1824 3280 1877 in
3304 1839 3341 1878 ιι
3363 1820 3635 1881 Aﬂneidos:

489 1937 789 1992 scribentes
811 1950 970 2003 supra
1002 1934 1370 1995 ostendimus,
1403 1946 1502 1987 nec
1536 1931 1699 1987 etiam
1734 1930 1787 1985 id
1814 1938 2059 2000 repetere

489 2042 710 2083 necesse
731 2034 832 2091 est,
863 2026 1095 2080 maxime
1122 2040 1243 2079 cum
1277 2025 1340 2079 ad
1370 2024 1474 2078 alia
1497 2022 1850 2099 festinemus.

1042 2156 1118 2212 De
1142 2156 1523 2227 conjunctione.

559 2290 1005 2363 Coiijunctionum
1036 2304 1253 2360 quoque
1278 2288 1497 2344 ultimas
1526 2288 1762 2360 syllabas
1786 2288 1914 2346 licet
1936 2289 2059 2345 bre-

489 2381 631 2436 viter
657 2380 946 2449 explanare
972 2380 1260 2450 possimus,
1286 2387 1487 2444 tamen,
1511 2387 1571 2432 ut
1602 2387 1841 2448 potestas
1871 2393 2056 2434 earum

491 2465 830 2522 manifestius
869 2466 1113 2531 eluceat,
1161 2465 1319 2520 simul
1361 2481 1482 2521 cum
1524 2466 1802 2535 speciebus
1846 2466 2057 2522 illarum

489 2558 899 2629 productionem
946 2573 1039 2612 seu
1085 2557 1478 2626 correptionem
1525 2557 1747 2611 indicari
1790 2558 2061 2614 credimus

489 2654 759 2716 oportere.
788 2645 1007 2715 Species
1031 2645 1175 2700 enim
1201 2646 1637 2717 coniunctionum
1661 2655 1786 2701 sunt
1804 2654 2061 2717 quatuor-

491 2735 687 2800 decitn,
744 2734 797 2788 id
825 2746 932 2801 est,
976 2736 1298 2807 copulativa,
1342 2737 1725 2801 continuativa,
1782 2738 2057 2795 subeunti-

491 2825 730 2891 nuativa,
754 2824 1075 2893 adjunctiva,
1109 2825 1360 2891 causalis,
1387 2825 1655 2892 effectiva,
1688 2828 2057 2898 approbativa,

492 2915 835 2987 disiunctiva,
865 2914 1303 2985 subdisjunetiva,
1328 2915 1607 2970 dissertiva
1679 2916 1762 2974 vel
1809 2917 2032 2973 electiva

489 3005 576 3062 vel
603 3005 1004 3075 prmsumptiva,
1026 3004 1380 3070 adversativa,
1407 3004 1747 3077 abnegativa,
1778 3006 2059 3063 collectiva

489 3095 577 3152 vel
628 3094 923 3160 rationalis,
970 3094 1308 3164 completiva.
1357 3094 1670 3165 Copulativa
1723 3098 1931 3168 species
1981 3108 2065 3155 est

491 3201 614 3257 qua:
652 3185 864 3256 copulat
888 3197 997 3240 tam
1025 3186 1189 3241 verba
1213 3199 1374 3254 quam
1406 3201 1647 3253 sensum,
1677 3196 1827 3254 utet,
1847 3205 1965 3260 que,
1979 3206 2063 3256 ac,

494 3290 666 3353 atque,
692 3279 922 3352 quidem,
948 3294 1163 3350 quoque.
1195 3277 1405 3349 quando
1427 3293 1524 3348 pro
1545 3279 1684 3349 quod
1712 3282 1959 3349 ponitur;
1986 3290 2063 3347 at,

494 3385 594 3439 ast,
623 3374 734 3440 sed,
756 3383 949 3437 autem,
976 3390 1116 3438 vero,
1151 3374 1362 3443 quando
1388 3389 1487 3444 pro
1539 3383 1712 3427 autem
1759 3372 2022 3442 accipitur
2048 3386 2064 3437 ;

493 3468 612 3522 lucc
637 3465 779 3521 enim
806 3463 1060 3535 copulant
1104 3478 1227 3518 cum
1271 3463 1675 3519 confirmatione
1715 3461 2065 3529 intellectum,

493 3567 549 3614 et
565 3571 753 3613 omnes
778 3555 1164 3625 corripiuntur,
1189 3563 1410 3624 excepta
1438 3570 1545 3610 una
1567 3562 1669 3620 ast,
1714 3568 1876 3623 quam
1916 3554 2066 3623 posi-

495 3648 575 3703 tio
602 3645 867 3717 producit.
893 3645 1282 3701 Continuativze
1308 3656 1433 3699 sunt
1459 3660 1580 3714 quze
1628 3643 1934 3715 significant
1979 3658 2068 3699 or-

498 3739 678 3793 dinem
706 3736 1059 3806 praecedentis
1081 3735 1156 3791 rei
1185 3736 1251 3790 ad
1297 3742 1634 3804 sequentem,
1679 3742 1738 3790 ut
1786 3735 1836 3789 si
1876 3735 2066 3801 stertit,

497 3828 728 3892 dormit;
757 3826 1003 3881 similiter
1029 3826 1152 3892 sive,
1179 3827 1281 3891 sin,
1309 3843 1419 3890 seu,
1460 3840 1684 3896 quarum
1716 3832 1824 3880 tres
1865 3825 2067 3895 produ-

496 3926 715 3981 cuntur,
745 3916 813 3981 si,
842 3916 943 3979 sin,
973 3932 1103 3982 seu;
1134 3930 1237 3970 una
1285 3917 1599 3987 corripitur,
1648 3917 1774 3971 sive.
1827 3915 2069 3971 Suhcun-

499 4006 775 4061 tinuativte
805 4020 933 4061 vero
951 4019 1166 4061 causam
1194 4005 1609 4060 continuationis
1625 4006 1913 4061 ostendunt
1935 4021 2067 4060 eon-

498 4106 808 4168 sequentem
844 4112 967 4151 cum
992 4095 1223 4151 essentia
1258 4111 1456 4161 rerum,
1478 4104 1536 4149 ut
1560 4113 1685 4166 quo,
1708 4096 1987 4167 quia,que,
2014 4106 2070 4153 et

500 4188 694 4244 breves
730 4196 877 4244 sunt.
905 4184 1237 4255 Adjunctiva:
1264 4195 1391 4240 sunt
1412 4200 1531 4254 qua:
1552 4186 1728 4240 verbis
1770 4184 2067 4255 subiuncti-

501 4280 584 4335 vis
609 4278 990 4348 adiunguntur,
1022 4283 1079 4329 ut
1101 4291 1238 4339 cum,
1288 4283 1345 4329 ut
1381 4275 1529 4341 dum,
1564 4286 1837 4346 quatenus,
1882 4292 2070 4332 omnes

503 4369 711 4424 breves.
743 4368 809 4420 Et
835 4367 936 4420 hoc
965 4367 1189 4420 interest
1215 4365 1357 4419 inter
1391 4364 1725 4435 adjunctivas
1761 4372 1815 4420 ct
1854 4365 2067 4435 proprie
2097 4406 2146 4465 Β

499 4459 766 4521 causales,
790 4456 930 4526 quod
959 4458 1038 4510 hae
1063 4471 1182 4510 cum
1210 4454 1582 4520 afﬁrmatione,
1610 4458 1713 4511 illae
1756 4473 1877 4511 eum
1911 4458 2066 4512 dubi-

501 4551 701 4606 tatione
723 4548 1085 4617 proferuntur.
1112 4545 1365 4602 Causales
1401 4558 1666 4618 suntquae
1692 4564 1909 4602 causam
1957 4565 2067 4603 rem

497 4638 904 4695 antecelentem
958 4635 1174 4706 [rerum
1219 4636 1689 4709 antecedentium]
1746 4638 2065 4706 significant,

500 4739 559 4783 ut
583 4730 646 4790 si,
676 4727 791 4789 etsi,
817 4727 1042 4790 etiamsi,
1071 4726 1344 4797 siquidem,
1372 4728 1601 4795 quando,
1627 4730 2065 4797 quandoquidem,

494 4820 644 4890 quin,
659 4819 786 4889 quin
805 4816 985 4880 etiam,
998 4833 1139 4881 nam,
1157 4832 1399 4885 namque,
1424 4817 1497 4882 ui,
1518 4817 1639 4881 nisi,
1661 4818 1829 4882 uisisi,
1848 4819 1893 4871 si
1907 4820 2065 4884 enim,

496 4910 706 4974 etenim,
755 4907 865 4970 sed,
913 4907 1134 4971 interea,
1179 4905 1530 4976 quamobrem,
1577 4909 1881 4976 pra'sertim,
1927 4911 2070 4974 item,

498 5002 739 5071 itemque,
770 5010 1036 5064 cwterum,
1087 4998 1339 5067 alioquin,
1393 5009 1639 5067 pra'terca
1671 5012 1688 5049 :
1717 5015 1834 5068 qua:
1885 5015 2073 5055 omnes

498 5091 883 5161 corripiuntur,
913 5089 1171 5160 exceptis,
1201 5089 1247 5142 si
1272 5089 1490 5153 interea,
1521 5098 1573 5142 et
1591 5098 1863 5155 pra'terea,
1884 5099 1935 5143 et
1953 5105 2073 5159 qua:

499 5184 664 5238 iante
691 5200 725 5236 η
753 5183 806 5237 in
828 5182 1014 5236 ultima
1035 5181 1235 5253 syllaba
1264 5181 1482 5242 habent,
1500 5190 1556 5233 ut
1585 5180 1709 5250 quin
1737 5188 1789 5233 et
1814 5179 2068 5250 alioquin.

500 5273 772 5330 Eﬂ'ectivtn
802 5283 928 5330 sunt
959 5289 1094 5344 pene
1127 5274 1325 5328 eaedem
1362 5288 1481 5341 quin
1503 5282 1558 5327 et
1579 5271 1837 5331 causales,
1869 5271 1961 5326 sed
1989 5272 2070 5326 ef-

501 5360 708 5418 fectiva:
733 5372 909 5417 tamen
935 5365 1218 5433 quemdam
1245 5363 1492 5417 effectum
1542 5361 1748 5431 plenius
1787 5361 1839 5415 in
1885 5377 1944 5416 se
1988 5378 2072 5417 os-

502 5451 746 5515 tendunt,
778 5461 838 5505 ut
864 5452 908 5506 si
938 5452 1113 5506 dicam
1143 5471 1155 5504 :
1183 5463 1433 5513 movetur,
1464 5451 1694 5504 ambulat
1743 5451 1913 5513 enim;
1952 5452 2071 5515 qui-

500 5544 649 5605 escit,
695 5543 833 5611 sedet
869 5543 1028 5595 enim.
1077 5540 1379 5595 Notandum
1427 5541 1591 5595 etiam
1640 5541 1782 5608 quod
1826 5540 2071 5596 causales

502 5629 923 5699 conjunctiones,
975 5646 1111 5699 quas
1152 5630 1239 5684 alii
1289 5631 1340 5683 in
1385 5645 1489 5684 una
1531 5630 1708 5697 specie
1756 5638 2069 5697 posuerunt,

2282 1915 2363 1975 Di,
2384 1918 2426 1964 si
2447 1926 2539 1977 qua
2565 1922 2644 1965 est
2666 1912 2792 1964 caelo
2817 1915 2979 1976 pietas
3001 1925 3110 1977 quae
3135 1914 3254 1965 talia
3276 1923 3425 1966 curat.

2157 1997 2303 2054 fdem
2323 1998 2376 2053 in
2406 2011 2423 2051 ι
2452 2014 2467 2050 :

3067 2089 3119 2139 Si
3142 2088 3261 2153 quid

2406 2149 2611 2214 Usquam
2632 2149 2830 2212 iustitia
2855 2157 2946 2200 est.

2157 2259 2226 2314 Et
2248 2258 2521 2314 sciendum
2545 2257 2686 2327 quod
2706 2257 2921 2327 quando
2956 2256 3319 2327 approbativa:
3358 2264 3494 2325 sunt,
3522 2255 3697 2317 indica.

2158 2351 2268 2406 tivo
2294 2351 2453 2405 modo
2466 2347 2784 2419 junguntur.
2808 2346 3151 2417 Disjunctivaa
3173 2358 3300 2404 sunt
3328 2363 3460 2418 quae,
3487 2346 3697 2417 quamvis

2158 2440 2419 2497 dictiones
2439 2438 2785 2508 conjungant,
2816 2452 3037 2494 sensum
3070 2447 3254 2496 tamen
3303 2438 3612 2509 disiungunt,
3651 2444 3696 2492 et

2158 2525 2379 2585 alteram
2406 2529 2619 2599 quidem
2649 2543 2764 2583 rem
2792 2542 2933 2595 esse,
2957 2528 3187 2585 alteram
3221 2543 3351 2584 vero
3378 2544 3477 2584 non
3495 2542 3603 2583 esse
3638 2525 3694 2583 si-

2157 2620 2431 2693 gnificant,
2465 2627 2525 2674 ut
2550 2634 2631 2686 ve,
2661 2618 2758 2685 vel,
2780 2627 2871 2673 aut
2900 2633 2919 2674 :
2948 2619 3003 2674 in
3025 2635 3131 2689 qua
3156 2620 3341 2691 specie
3370 2619 3595 2690 qutcdam
3613 2617 3695 2673 du-

2158 2708 2396 2767 bitativa:
2415 2709 2497 2767 vel
2520 2709 2916 2780 interrogativae
2944 2706 3349 2780 coniunctiones
3377 2711 3696 2774 inveniuntur,

2158 2809 2354 2867 utaut,
2385 2818 2473 2868 an,
2496 2818 2576 2866 ne,
2601 2808 2848 2872 correpta
2895 2809 3162 2864 necne;et
3205 2812 3288 2858 est
3338 2801 3539 2872 quando
3585 2798 3696 2854 indi-

2160 2891 2335 2947 cative
2361 2890 2631 2955 dicuntur,
2664 2899 2747 2945 est
2802 2890 3017 2960 quando
3068 2886 3697 2952 dubitativeziudicative.

2161 2990 2332 3037 utaut
2356 2980 2450 3036 lua:
2477 2990 2573 3047 est,
2606 2979 2685 3035 uel
2708 2997 2851 3048 nox;
2876 2981 3195 3050 dubitative,
3253 2992 3458 3040 utzaut
3504 2983 3695 3055 prodest,

2090 3068 2134 3129 C
2165 3083 2254 3128 aut
2284 3089 2389 3128 non
2431 3072 2639 3144 prodest
2681 3072 2890 3129 divitias
2937 3092 3193 3146 querere.
3245 3076 3582 3147 Subjunclivte
3596 3081 3697 3128 sunt

2162 3178 2282 3235 qua:
2305 3177 2437 3219 voce
2471 3161 2915 3232 disjunctivarum
2960 3172 3254 3237 utrumque
3291 3175 3462 3223 tamen
3497 3177 3602 3219 esse
3640 3159 3698 3215 si-

2163 3252 2440 3325 gnificant,
2467 3253 2552 3309 vel
2572 3254 2749 3321 simul,
2775 3262 2838 3311 ut
2873 3257 3203 3327 copulative,
3248 3269 3308 3314 ut
3326 3267 3398 3314 est
3441 3251 3697 3311 Alexander

2163 3344 2243 3401 uel
2266 3340 2443 3411 Paris,
2473 3361 2572 3415 pro
2593 3345 2892 3401 Alexander
2913 3348 3006 3419 qni
3031 3358 3078 3403 et
3106 3346 3267 3405 Paris
3289 3350 3493 3405 dicitur.
3529 3336 3698 3401 Simili-

2166 3441 2251 3491 ter
2282 3431 2565 3502 Mars,sive
2584 3433 3084 3503 Mavors,Gradivus
3113 3438 3195 3493 vel
3217 3439 3491 3509 Maspiter;
3511 3433 3585 3491 vel
3602 3432 3695 3489 dis-

2163 3533 2312 3581 crete
2362 3522 2540 3593 simul,
2568 3535 2647 3591 ut,
2684 3535 2790 3581 toto
2812 3525 2896 3582 die
2916 3528 2996 3583 vel
3023 3527 3144 3600 legit
3173 3529 3290 3596 iste,
3314 3528 3388 3584 vel
3405 3529 3605 3598 cogitat;
3632 3520 3694 3577 sic

2166 3614 2388 3685 gnificat
2426 3615 2570 3670 enim
2596 3621 2651 3671 et
2680 3614 2857 3686 legere
2898 3623 2956 3672 et
2996 3617 3263 3688 cogitare,
3304 3618 3395 3675 sed
3430 3630 3526 3671 non
3568 3606 3695 3668 simul

2166 3704 2453 3774 utrumque
2468 3704 2666 3771 facere,
2689 3705 2785 3761 sed
2808 3704 2927 3761 aliis
2948 3705 3096 3762 boris
3118 3705 3319 3778 legere,
3340 3706 3454 3762 aliis
3476 3703 3692 3776 cogitare.

2167 3795 2367 3852 Omnes
2387 3812 2517 3868 ergo
2545 3797 2952 3868 conjunctioncs
2977 3796 3416 3867 disjunctivorum
3444 3795 3695 3868 corripiun-

2169 3895 2278 3951 tur,
2308 3887 2547 3957 exceptis
2576 3887 2661 3942 his
2697 3904 2816 3958 quae
2844 3888 3192 3960 diphthongis
3225 3897 3480 3954 constant,
3528 3896 3582 3942 ut
3603 3891 3695 3946 aut.

2166 3993 2276 4033 seu.
2308 3977 2586 4032 Disertiva:
2630 3977 2715 4032 vel
2762 3978 3002 4034 electiva:
3050 3989 3200 4043 sunt,
3244 3982 3467 4051 quando,
3506 3973 3696 4033 diversis

2169 4067 2478 4138 propositis,
2512 4066 2710 4137 aliquid
2740 4084 2805 4124 ex
2829 4069 2908 4125 eis
2930 4084 3028 4124 nos
3053 4070 3257 4139 eligere
3275 4070 3605 4132 ostendimus,
3621 4071 3692 4118 ut:

2168 4162 2308 4217 dives
2330 4178 2438 4216 esse
2460 4159 2568 4216 volo
2599 4179 2752 4232 quam
2769 4179 2983 4233 pauper.
3017 4163 3112 4217 Est
3153 4174 3333 4219 autem
3381 4178 3527 4235 quam
3556 4169 3604 4216 et
3625 4171 3697 4212 ac-

2169 4252 2468 4307 cusativum
2508 4268 2624 4323 qua:
2651 4251 2843 4306 infiniti
2882 4253 3129 4317 nominis,
3159 4262 3217 4309 et
3242 4255 3537 4310 alvcrbium
3576 4247 3697 4306 simi-

2169 4338 2429 4407 litudinis,
2452 4348 2511 4395 ut
2541 4337 2825 4397 Terentius
2850 4342 2901 4396 in
2927 4338 3253 4400 Phormione
3279 4362 3292 4397 :

2422 4455 2574 4512 Quam
2600 4454 2764 4515 inique
2782 4463 3107 4515 comparatum
3129 4463 3203 4505 est
3225 4455 3237 4505 l

2173 4560 2226 4608 et
2251 4554 2630 4622 duplicativum
2654 4570 2751 4623 pro
2778 4555 3152 4624 conjunctione
3179 4558 3504 4613 adversativa
3530 4548 3696 4621 accipi-

2174 4650 2281 4707 tur,
2314 4652 2372 4696 ut
2410 4660 2728 4712 quanquam.
2758 4643 3124 4700 Adversativa:
3154 4656 3281 4701 sunt
3312 4661 3429 4716 qua:
3451 4645 3694 4699 adversum

2171 4733 2506 4787 convenienti
2533 4733 2859 4803 significant,
2887 4746 2946 4789 ut
2974 4744 3169 4802 tamen,
3197 4751 3506 4807 quanquam,
3540 4742 3693 4800 ᾳιισηιο

2170 4822 2264 4887 vis,
2296 4824 2411 4889 etsi,
2437 4824 2660 4888 etiamsi,
2687 4825 2900 4890 saltent;
2925 4835 2980 4881 et
3005 4827 3198 4884 breves
3231 4836 3378 4894 sunt,
3400 4825 3616 4894 exceptis
3630 4819 3694 4875 hi3

2172 4929 2293 4983 qua:
2314 4915 2587 4970 vocalibus
2610 4916 2983 4971 terminantur.
3014 4917 3356 4989 Abnegativaa
3377 4925 3514 4980 sunt,
3555 4921 3605 4966 ut
3625 4924 3689 4971 ne.

2172 5012 2226 5059 et
2254 5020 2437 5075 neque,
2460 5006 2668 5060 breves.
2687 5005 2989 5061 Collectivze
3012 5006 3098 5061 vel
3120 5006 3406 5062 rationales
3431 5011 3689 5068 ειιιιι,ει’9οο

2171 5094 2349 5163 igitur,
2387 5094 2579 5164 itaque,
2626 5095 2867 5166 quando;
2918 5094 3211 5165 penultima
3254 5095 3691 5163 acuiturupiapro-

2170 5193 2299 5251 pter,
2328 5184 2475 5254 quin,
2498 5183 2749 5255 alioquin,
2773 5184 2896 5249 imo,
2923 5185 3116 5256 utique,
3141 5186 3235 5248 ita,
3282 5184 3478 5257 quippe,
3525 5174 3688 5247 atqui“.

2170 5271 2394 5337 scilicet;
2421 5274 2534 5327 [nec
2562 5288 2658 5342 per
2684 5274 2974 5328 illationem
3008 5273 3265 5343 colligunt
3308 5287 3462 5343 supra
3505 5269 3689 5323 dictum.

2173 5361 2274 5414 hoc
2291 5368 2393 5423 est,
2436 5362 2639 5415 ratione
2664 5361 3002 5426 confirmant,
3041 5370 3097 5417 et
3139 5359 3529 5430 conjunctioncs
3571 5356 3690 5408 sunt.

2174 5450 2551 5521 licetqu:edam
2574 5453 2824 5507 adverbia
2851 5452 2923 5508 ibi
2953 5467 3072 5508 esse
3121 5451 3417 5514 vidcantur,
3469 5436 3690 5509 ccl'l‘cf“is

2173 5539 2396 5603 ultimis,
2418 5541 2619 5609 absque
2644 5540 2728 5595 his
2762 5557 2880 5609 qua:
2900 5542 2918 5594 i
2941 5550 3067 5597 ante
3091 5559 3123 5594 ιι
3145 5534 3362 5601 habent,
3391 5532 3521 5605 quod
3556 5537 3689 5595 sui)”

2173 5630 2522 5684 ostenr'imus.
2550 5630 2890 5700 Complctivm
2916 5639 3059 5697 sunt,
3092 5646 3223 5693 vero,
3269 5638 3454 5689 autem,
3493 5616 3686 5692 quidem.
