3962 6198
265 332 371 395 668

1080 328 1465 393 EXCERPTIO
1505 335 1592 390 DE
1630 330 1817 389 ARTE
1853 327 2305 389 GlllllilA'l‘lCA
2345 328 2704 390 PRISCIANI.

3403 332 3511 391 σω

264 448 525 519 equidem,
555 461 781 519 neque,
820 447 980 511 enim,
1021 462 1162 511 nam,
1191 461 1411 517 namque
1457 462 1637 516 porro,
1687 458 1841 513 porro
1872 445 1917 502 Α
1944 451 1999 496 et
2025 441 2307 505 ablativus,
2328 442 2469 514 longi
2497 453 2642 506 sunt,
2670 452 2727 498 et
2754 458 2944 500 omnes
2996 459 3165 500 casus.
3188 442 3419 515 plurales
3451 447 3508 503 in

264 549 464 602 autem,
517 544 577 591 et
640 535 754 592 fere
796 551 1127 605 quzecunque
1175 535 1579 605 coniunctiones
1622 541 1846 587 ornatus

263 642 428 681 causa
452 624 542 681 vel
570 626 753 691 metri,
775 624 918 679 nulla
947 624 1352 694 signiﬁcationis
1391 623 1730 685 necessitate,
1749 636 1846 690 po-

264 726 471 771 nuntur
494 733 507 770 :
537 717 640 770 hoc
663 715 881 769 nomine
908 722 1284 784 nuneupantur
1307 727 1515 778 omnes,
1545 721 1723 765 tamen
1763 710 1846 766 bat

265 808 409 861 inter
432 806 569 861 alias
594 806 803 877 species
832 805 1196 870 inveniuntur,
1225 814 1286 859 ut
1322 806 1367 859 si
1398 804 1574 858 dicam
1599 820 1612 856 :
1641 800 1844 856 .Eneas

263 914 381 950 rero
406 907 455 949 et
477 898 598 966 pius
619 905 669 949 et
694 895 845 964 [ortis
858 895 974 963 fuit,
1004 896 1322 965 completiva
1342 903 1445 959 est,
1475 894 1602 963 quia
1648 892 1696 947 si
1739 890 1842 947 ωι-

266 986 412 1039 latur
433 999 576 1050 vero,
597 982 919 1054 signiﬁcatio
943 983 1153 1054 integra
1174 990 1376 1038 manet.

760 1095 839 1150 De
865 1094 1336 1166 praepositionibus.

335 1208 751 1278 Pnepositiones
799 1218 978 1262 autem
1027 1207 1315 1262 accusativi
1360 1223 1517 1263 casus
1559 1207 1688 1263 sunt
1738 1204 1841 1271 hae,

263 1302 358 1364 ad,
386 1299 550 1367 apud,
589 1309 728 1365 ante,
750 1299 1021 1364 adversus,
1052 1298 1144 1363 cis,
1170 1298 1326 1364 citra,
1352 1314 1494 1369 ergo,
1528 1308 1725 1360 contra,
1754 1313 1844 1351 ea:-

261 1401 369 1455 tra,
398 1392 553 1455 inter,
580 1390 743 1456 intra,
766 1388 926 1460 infra,
943 1391 1121 1459 juxta,
1146 1407 1257 1460 per,
1285 1406 1462 1460 prope,
1498 1398 1724 1460 prapter,
1756 1389 1840 1453 ob,

261 1498 421 1547 pone,
442 1481 748 1544 secundum,
764 1490 898 1550 post,
923 1490 1090 1541 trans,
1117 1478 1280 1541 ultra,
1305 1488 1512 1548 pra'ter,
1542 1494 1724 1547 supra,
1754 1491 1845 1532 us-

262 1587 384 1639 que,
415 1586 590 1638 penes,
612 1582 836 1623 numero
866 1565 1050 1640 viginti
1075 1574 1214 1622 octo.
1244 1566 1472 1622 Ablativi
1498 1583 1627 1622 vero
1655 1567 1755 1630 hae,
1786 1585 1838 1632 a,

265 1661 349 1723 ab,
380 1661 497 1721 abs,
520 1676 570 1724 e,
600 1674 685 1723 ex,
710 1658 791 1719 de,
813 1676 928 1728 pro,
950 1675 1081 1728 pra',
1115 1675 1252 1722 cum,
1300 1656 1455 1722 clam,
1503 1674 1699 1722 coram,
1748 1675 1843 1728 pa-

263 1746 395 1811 lam,
420 1747 556 1810 sine,
586 1745 798 1816 absque,
825 1753 992 1809 tenus,
1018 1759 1239 1799 numero
1258 1744 1580 1816 quindecim.
1627 1745 1732 1800 Sed
1754 1759 1842 1799 ac-

264 1838 521 1891 cusativo:
548 1836 652 1891 hoc
679 1836 835 1891 modo
862 1834 913 1893 in
947 1837 1276 1905 temporibus
1302 1834 1629 1906 syllabarum
1655 1835 1842 1906 digno.

262 1933 522 1990 scuntur;
549 1924 618 1978 ad
647 1924 826 1979 brevis
846 1924 1226 1990 est;adversus
1272 1925 1474 1993 primas
1514 1924 1649 1978 duas
1697 1921 1843 1994 posi-

263 2019 413 2074 tione
436 2018 625 2087 longas
657 2017 1106 2080 habet,ultimam
1154 2016 1401 2082 brevem;
1461 2017 1622 2087 apud,
1674 2017 1844 2071 amba:

268 2106 491 2171 breves;
524 2117 644 2160 ante
683 2107 911 2177 primam
958 2106 1213 2171 syllabam
1265 2106 1535 2175 positione
1576 2106 1842 2176 producit,

270 2210 502 2264 sequens
537 2195 716 2249 brevis
742 2197 955 2261 est;cis
982 2194 1166 2263 longa;
1219 2197 1373 2260 citra,
1425 2194 1475 2247 ci
1516 2194 1712 2255 brevis,
1762 2203 1844 2247 tra

270 2284 456 2352 longa;
491 2300 675 2352 supra,
712 2301 775 2337 su
811 2284 1008 2347 brevis,
1056 2301 1153 2354 pra
1201 2283 1384 2353 longa;
1430 2284 1644 2349 circum,
1696 2284 1847 2355 prior

263 2375 532 2442 positione
561 2374 738 2444 longa,
786 2374 1053 2443 posterior
1102 2374 1279 2429 brevis
1326 2382 1439 2439 est;
1486 2373 1646 2437 circa,
1698 2390 1843 2444 erga,

263 2473 468 2526 contra,
502 2476 670 2529 aura,
704 2464 865 2528 intra,
893 2463 1056 2532 infra,
1076 2462 1255 2533 juxta,
1284 2479 1434 2534 pone,
1463 2477 1651 2517 omnes
1686 2462 1847 2533 sylla-

264 2551 362 2605 bas
385 2550 576 2622 longas
604 2552 830 2618 habent;
859 2552 991 2607 inter
1014 2555 1239 2623 pr'mam
1288 2553 1552 2623 positione
1580 2551 1841 2621 producit,

263 2637 502 2695 Secunda
523 2640 704 2696 brevis
732 2651 847 2706 est;
873 2656 966 2711 per
985 2641 1195 2705 brevis;
1227 2657 1385 2713 prope
1410 2643 1582 2697 amba:
1620 2642 1842 2708 breves;

262 2740 497 2803 propter,
527 2731 677 2801 prior
697 2732 874 2799 longa,
902 2732 1136 2787 secunda
1170 2731 1374 2797 brevis;
1404 2731 1465 2785 ob
1482 2731 1687 2795 brevis;
1712 2746 1849 2801 pra:-

265 2824 724 2895 ter,priorlonga,
761 2840 991 2894 sequens
1026 2823 1234 2889 brevis;
1275 2838 1453 2895 usque,
1490 2823 1637 2894 prior
1665 2822 1846 2894 longa,

265 2913 536 2983 posterior
546 2913 754 2979 brevis;
777 2931 929 2985 penes
945 2916 1115 2970 amba:
1138 2915 1346 2969 breves.
1380 2911 1610 2969 Ablativi
1637 2925 1848 2981 quoque

265 3007 677 3077 praepositiones
693 3006 825 3062 liunt
839 3007 1009 3075 hte,a,
1038 3008 1122 3071 ab,
1155 3008 1267 3073 abs,
1297 3023 1436 3073 cum,
1469 3024 1667 3063 coram.
1690 3006 1847 3073 clam,

264 3098 416 3163 de,e,
434 3114 519 3161 ex,
535 3098 1144 3170 pro,prw,palam,sine,
1170 3102 1377 3170 absque,
1402 3110 1550 3153 tenus
1563 3116 1584 3165 ;
1606 3099 1700 3154 sed
1717 3117 1770 3165 a,
1794 3108 1848 3153 et

266 3187 381 3251 abs,
400 3188 750 3253 etde,ete,el
772 3205 855 3254 ex,
893 3196 949 3243 et
960 3206 1089 3259 prrc,
1127 3205 1339 3259 semper
1370 3189 1538 3262 longae
1560 3198 1705 3255 sunt,
1735 3188 1848 3243 sive

265 3275 373 3330 sint
390 3277 443 3329 in
457 3276 789 3347 appositione
808 3292 900 3331 seu
916 3277 968 3331 in
984 3279 1388 3348 compositione,
1401 3288 1621 3348 excepto
1634 3279 1774 3349 quod
1787 3278 1851 3332 de

267 3364 320 3419 in
335 3365 724 3435 compositione
738 3365 921 3419 dehinc
934 3365 1249 3437 corripitur;
1282 3368 1345 3421 ab
1362 3408 1377 3433 ,
1402 3374 1605 3432 etcum,
1633 3375 1687 3421 et
1713 3366 1850 3421 clam

266 3470 483 3526 semper
495 3456 710 3522 breves,
725 3454 825 3510 nisi
839 3456 1031 3526 positio
1047 3457 1319 3527 sequentis
1342 3474 1434 3513 cas
1459 3460 1626 3529 partis
1655 3459 1853 3530 produ-

269 3556 386 3607 cat;
404 3565 498 3616 pro
513 3547 796 3617 aliquando
810 3550 1096 3620 corripitur
1108 3549 1160 3606 in
1175 3552 1579 3621 compositione.
1609 3552 1851 3623 aliquan-

270 3640 337 3693 do
360 3638 1031 3709 produeiturmorripilur,
1069 3647 1126 3694 ut
1152 3656 1395 3709 proavus,
1434 3657 1702 3711 pronepos,
1754 3641 1847 3696 sed

271 3725 373 3780 hoc
399 3725 618 3796 quidam
647 3726 715 3781 ab
761 3726 1014 3783 adverbio
1056 3728 1237 3798 procul
1279 3730 1629 3800 compositum
1655 3728 1850 3785 contir-

272 3825 443 3880 mant,
475 3817 618 3871 unde
646 3826 700 3872 et
725 3818 1012 3887 corripitur
1040 3819 1297 3879 etomnia
1327 3819 1577 3876 similiter
1594 3836 1689 3891 pro
1730 3834 1850 3877 cor-

272 3908 770 3975 reptambabentia,
787 3916 844 3961 ut
861 3908 1122 3978 profatur,
1148 3917 1435 3978 protervus,
1465 3920 1569 3965 etc.
1594 3910 1696 3964 Alii
1720 3924 1849 3966 vero

274 3998 341 4050 ad
373 3996 728 4051 imitationem
762 3997 1095 4064 Grzecorum,
1119 3999 1259 4067 apud
1284 4013 1418 4068 quos
1440 4016 1533 4070 pro
1560 4000 1850 4070 corripitur

272 4085 603 4156 praepositio,
633 4095 844 4141 nostros
869 4102 1082 4157 quoque
1120 4087 1172 4141 in
1229 4089 1580 4157 quorumdam
1628 4104 1846 4159 compo-

273 4178 468 4231 sitione
499 4179 599 4231 hoc
629 4175 821 4232 fecisse
845 4178 1047 4232 dicunt.
1084 4177 1295 4242 Coram,
1326 4186 1382 4233 et
1426 4180 1623 4249 palam,
1647 4188 1700 4234 et
1729 4179 1848 4234 abs-

273 4282 367 4337 que
412 4265 619 4336 primas
644 4265 873 4334 syllabas
896 4267 1081 4337 longas
1110 4275 1166 4321 et
1197 4268 1527 4337 posteriores
1546 4269 1738 4324 breves
1759 4268 1850 4322 ha-

276 4357 429 4420 bent;
453 4357 568 4409 sine
588 4364 643 4409 et
663 4366 834 4421 tenus,
863 4356 1049 4411 ambas
1083 4357 1292 4412 breves.
1327 4356 1431 4413 Sed
1466 4357 1588 4413 licet
1612 4357 1679 4413 de
1715 4368 1849 4413 tem-

275 4447 495 4514 poribus
523 4445 955 4515 pra‘positionum
983 4445 1115 4499 satis
1143 4445 1342 4500 dictum
1361 4460 1480 4501 esse
1503 4447 1844 4511 arbitremur,
1877 4458 1925 4517 ι)

277 4537 403 4593 libet
429 4548 633 4600 tamen,
679 4538 801 4606 quia
843 4554 968 4593 usus
1014 4555 1138 4594 raro
1183 4554 1370 4594 eorum
1416 4540 1553 4610 apud
1601 4549 1850 4596 auctores

277 4627 514 4696 perfecte
544 4627 882 4689 describitur,
914 4625 1341 4682 manifestiorem
1386 4628 1453 4683 de
1497 4628 1628 4699 ipsis
1671 4628 1849 4684 facere

276 4732 605 4772 εει-1110110111.

477 4889 555 4945 De
578 4889 914 4961 productione
940 4909 1031 4946 seu
1056 4891 1374 4962 correptione
1410 4906 1646 4946 casuum.

349 5029 406 5083 In
431 5029 604 5099 prima
635 5028 988 5085 declinatione
1014 5030 1391 5093 nominativus,
1416 5038 1471 5085 et
1493 5031 1850 5095 accusativus,

280 5127 336 5173 ct
361 5119 643 5172 vocativus
664 5120 951 5189 singularis
978 5122 1165 5176 breves
1186 5128 1327 5176 sunt.
1351 5119 1656 5186 Genitivus,
1710 5122 1851 5177 dati-

281 5224 406 5273 vus,
432 5208 698 5264 ablativus
718 5210 860 5280 longi
885 5219 1027 5273 sunt,
1058 5219 1113 5264 et
1132 5225 1318 5264 omnes
1348 5210 1397 5263 in
1422 5210 1614 5278 plurali
1633 5227 1853 5265 numero

282 5298 429 5370 longi
456 5309 600 5365 sunt,
626 5300 727 5354 nisi
752 5302 1035 5369 genitivus,
1061 5301 1270 5354 dativus
1301 5308 1353 5354 et
1382 5299 1666 5362 ablativus,
1713 5301 1756 5354 si
1798 5301 1851 5355 in

281 5392 380 5447 bus
408 5401 625 5459 exeunt,
656 5402 875 5463 pmptcr
903 5393 1258 5447 dill'erentiam
1293 5394 1482 5446 breves
1509 5401 1653 5446 sunt.
1684 5391 1737 5445 In
1769 5408 1852 5447 se-

284 5484 461 5538 cunda
487 5483 840 5538 declinatione
863 5485 1222 5538 nominativus
1254 5482 1560 5552 singularis,
1596 5491 1650 5536 et
1692 5499 1852 5538 voca-

287 5573 449 5637 tivus,
487 5583 541 5628 et
566 5575 903 5629 accusativus
923 5574 1112 5629 breves
1138 5583 1282 5629 sunt.
1320 5572 1614 5634 Geniivus,
1643 5572 1856 5626 dativus

357 5676 384 5703 ⁸
425 5662 598 5718 Locus
630 5676 934 5734 corruptus.

1944 532 2239 586 masculino
2263 540 2318 586 ct
2350 530 2607 586 leininino
2634 519 2833 601 genere
2859 531 2999 604 longi
3030 542 3179 598 sunt,
3209 534 3326 589 nisi.
3356 536 3509 604 geni-

1944 622 2102 677 tivus.
2127 622 2181 676 ln
2206 632 2397 677 neutro
2426 637 2623 692 genere
2671 622 3052 686 nominativus,
3096 624 3430 680 accusativus
3456 633 3512 680 et

1941 712 2219 768 vocativus
2241 711 2559 781 singulares,
2588 711 2810 776 breves;
2850 712 2939 765 alii
2967 720 3075 766 tres
3114 712 3276 782 longi,
3303 722 3355 767 et
3409 729 3511 768 (xe-

1942 803 2043 858 teri
2063 817 2252 859 omnes
2276 802 2330 857 in
2351 802 2541 871 plurali
2564 817 2786 857 numero
2806 802 3015 867 breves,
3058 803 3160 857 nisi
3202 803 3414 858 dativus
3458 813 3515 857 et

1941 890 2223 945 ablativus.
2247 889 2303 944 ln
2338 890 2494 945 tertia
2513 889 2869 944 declinatione
2896 890 3259 946 nominativus
3277 901 3330 947 et
3354 907 3514 947 voca-

1943 981 2083 1035 tivus
2122 980 2407 1050 aliquando
2442 981 2652 1045 breves,
2710 980 2997 1050 aliquando
3035 981 3206 1050 longi;
3247 983 3515 1053 genitivus

1941 1086 2156 1140 semper
2180 1073 2358 1127 brevis
2387 1080 2490 1138 est,
2520 1080 2577 1127 et
2596 1072 2861 1127 ablativus
2887 1072 2987 1127 nisi
3016 1073 3068 1125 in
3100 1074 3119 1126 ἰ
3135 1089 3155 1136 ;
3192 1081 3248 1127 et
3288 1088 3513 1128 accusa-

1943 1162 2104 1226 tivns,
2130 1162 2344 1217 dativus
2377 1162 2662 1233 singularis
2683 1163 2873 1234 longus
2898 1173 3001 1219 est.
3052 1160 3313 1231 Plurales,
3340 1166 3516 1220 nomi-

1940 1251 2171 1309 nativus,
2190 1251 2526 1305 accusativus
2550 1259 2606 1305 et
2637 1253 2913 1306 vocativus
2942 1253 3106 1323 longi,
3136 1254 3190 1308 in
3219 1254 3516 1311 masculino

1940 1351 1996 1398 et
2020 1340 2276 1396 feutinino
2304 1357 2519 1413 genere,
2551 1344 2763 1398 dativus
2786 1353 2838 1399 et
2864 1346 3130 1402 ablativus
3164 1347 3377 1404 breves.
3405 1348 3515 1405 No—

1942 1430 2229 1484 minativus
2248 1437 2303 1484 et
2325 1433 2658 1487 accusativus
2680 1441 2732 1486 et
2755 1434 3033 1490 vocativus
3063 1434 3296 1505 plurales
3311 1438 3366 1493 in
3381 1453 3516 1494 neu-

1942 1529 2028 1576 tro
2061 1535 2259 1590 genere
2289 1522 2478 1577 breves
2502 1530 2647 1578 sunt.
2699 1521 2757 1576 In
2779 1532 2970 1593 quarta
3014 1524 3371 1582 declinatione
3414 1544 3515 1585 no-

1941 1613 2234 1668 minativus
2260 1620 2314 1668 et
2340 1612 2620 1669 vocativus
2649 1614 2969 1685 singulares,
2998 1625 3055 1671 et
3081 1619 3418 1674 accusativus
3456 1620 3513 1675 in

1944 1701 2242 1757 masculino
2258 1709 2314 1757 et
2329 1700 2590 1758 feminino
2610 1717 2806 1773 genere
2831 1704 3022 1759 breves
3041 1712 3182 1761 sunt.
3212 1704 3512 1774 Genitivus,

1869 1772 1916 1832 Β
1941 1791 2153 1848 dativus
2169 1802 2226 1847 et
2245 1792 2511 1849 ablativus
2529 1772 2670 1865 longi
2691 1801 2835 1848 sunt.
2865 1792 3107 1850 Plurales
3129 1772 3513 1863 nominativus,

1943 1883 2300 1950 accusativus,
2327 1883 2604 1939 vocativus
2632 1882 2770 1953 longi
2795 1892 2940 1949 sunt,
2970 1884 3252 1953 genitivus,
3280 1885 3513 1952 dativus,

1944 1974 2208 2031 ablativus
2227 1976 2438 2031 breves.
2467 1974 2527 2031 In
2547 1976 2774 2039 neutris,
2822 1974 3204 2039 nominativus,
3253 1976 3515 2032 accusati-

1942 2080 2065 2132 vus,
2083 2066 2359 2122 vocativus
2393 2065 2585 2122 breves
2607 2072 2749 2131 sunt,
2796 2065 2885 2120 alii
2915 2075 3025 2120 tres
3074 2065 3214 2137 longi
3262 2075 3406 2122 sunt.
3453 2066 3514 2123 In

1944 2156 2133 2226 plurali
2163 2172 2385 2212 numero
2414 2172 2601 2213 omnes
2633 2158 2840 2212 breves.
2869 2157 2924 2212 ln
2946 2157 3133 2227 quinta
3162 2157 3515 2214 declinatione

1944 2247 2239 2316 singulares
2265 2262 2450 2302 omnes
2475 2248 2616 2314 longi
2659 2256 2805 2313 sunt,
2846 2248 2946 2302 nisi
2989 2248 3346 2303 accusativus.
3396 2248 3518 2304 Plu-

1945 2340 2105 2404 rales,
2132 2340 2512 2406 nominativus,
2552 2339 2913 2405 accusativus,
2959 2346 3014 2394 et
3061 2339 3341 2396 vocativus
3368 2337 3512 2409 longi

1945 2437 2100 2496 sunt;
2128 2428 2215 2484 alii
2247 2439 2355 2485 tres
2378 2430 2587 2484 breves.

2220 2567 2294 2622 De
2327 2567 2375 2621 ri
2415 2584 2477 2622 ac
2509 2567 2654 2623 varia
2685 2574 2934 2639 potestate
2966 2575 3269 2622 metrorum.

2018 2699 2161 2756 Sane
2190 2699 2315 2771 quia
2347 2698 2400 2754 in
2430 2697 2705 2771 superiore
2729 2697 2908 2755 libello
2932 2698 2997 2754 de
3019 2704 3285 2769 potestate
3312 2697 3518 2753 littera-

1949 2806 2066 2847 rum
2094 2799 2149 2847 et
2174 2790 2499 2862 syllabarum
2528 2798 2688 2861 atque
2713 2787 2880 2844 variis
2906 2788 3144 2843 omnium
3173 2773 3407 2858 partium
3429 2802 3519 2844 so-

1948 2880 2055 2945 nis,
2078 2894 2179 2935 nec
2198 2894 2300 2934 non
2323 2887 2378 2933 et
2406 2879 2599 2948 pedum
2631 2878 2847 2950 regulis,
2876 2885 3136 2947 quantum
3177 2877 3242 2930 ad
3285 2875 3517 2946 primam

1947 2968 2332 3026 institutionem
2392 2966 2627 3021 metricae
2686 2967 2819 3022 artis
2856 2964 3099 3022 sullicere
3145 2964 3372 3031 credidi,
3417 2978 3517 3035 pro

1949 3059 2205 3130 qualitate
2257 3056 2475 3130 ingenii,
2523 3056 2656 3113 satis
2681 3073 2767 3112 me
2802 3056 2923 3122 tibi,
2978 3056 3305 3120 dulcissime,
3348 3069 3517 3126 expo-

1951 3147 2125 3204 suisse
2139 3146 2349 3202 aestimo
2371 3164 2385 3200 :
2414 3153 2658 3217 superest
2671 3155 2729 3200 ut
2743 3145 2909 3215 ipsius
2923 3145 3078 3201 metri
3095 3145 3199 3199 vim
3212 3153 3267 3199 et
3280 3143 3519 3200 subtilis-

1950 3240 2143 3295 simam
2172 3237 2511 3309 positionem,
2539 3245 2701 3307 atque
2724 3238 2793 3293 ob
2817 3253 2975 3306 quam
3004 3251 3246 3303 causam,
3296 3234 3520 3306 quibus-

1950 3342 2054 3399 que
2084 3328 2391 3384 auctoribus
2421 3327 2692 3381 inventum
2724 3325 2807 3382 vel
2832 3326 3133 3381 institutum
3156 3325 3248 3392 sit,
3271 3333 3327 3381 et
3346 3340 3377 3379 a
3399 3324 3521 3396 qui-

1948 3420 2050 3476 bus
2073 3426 2334 3473 mutatum
2362 3416 2445 3473 vel
2473 3416 2737 3471 variatum
2760 3416 3081 3486 reperiatur,
3112 3425 3271 3488 prout
3290 3415 3516 3485 possim,

1949 3509 2003 3564 in
2027 3508 2131 3564 hoc
2155 3507 2316 3563 etiam
2340 3505 2582 3575 sequenti
2614 3504 2791 3560 libello
2839 3504 3118 3575 explicem.
3172 3503 3520 3573 Primumque

1948 3597 2238 3652 notandum
2261 3594 2403 3666 quod
2429 3595 2566 3650 sicut
2589 3609 2619 3648 a
2648 3592 3016 3648 disertissimis
3053 3602 3109 3649 et
3156 3590 3521 3647 veracissimis

1949 3688 2293 3743 historiarum
2319 3685 2707 3742 scrutatoribus
2739 3684 3064 3753 exquisitum
3112 3692 3216 3747 est,
3246 3682 3520 3753 antiquio-

1950 3794 2062 3833 rem
2104 3778 2242 3847 apud
2293 3775 2543 3831 Hebraeos
2570 3791 2727 3846 quam
2754 3775 2894 3845 apud
2937 3774 3163 3846 gentiles
3193 3773 3359 3829 fuisse
3400 3787 3523 3827 car-

1948 3869 2149 3923 minum
2178 3883 2395 3932 curam;
2427 3882 2548 3921 nam
2581 3866 2788 3937 Moyses
2806 3867 2896 3935 qui
2936 3865 3105 3921 Exodi
3154 3874 3212 3922 et
3258 3866 3521 3920 Deutcro—

1949 3960 2111 4014 nomii
2142 3959 2345 4014 cantica
2372 3974 2437 4013 ex
2465 3966 2669 4013 ametro
2703 3957 2872 4028 (sicut
2891 3955 3153 4025 Iosephus
3181 3963 3237 4011 et
3265 3954 3523 4025 Origenes

1947 4051 2218 4121 scribunt)
2247 4049 2567 4119 composuit,
2598 4049 2667 4103 ab
2698 4048 2947 4102 omnibus
2977 4062 3113 4116 quos
3157 4044 3331 4101 Gratei
3380 4043 3519 4098 anti-

1947 4142 2233 4213 quissimos
2290 4149 2496 4211 putant,
2551 4139 2732 4195 senior
2773 4138 3190 4213 deprehenditur
3229 4151 3245 4190 :
3288 4134 3520 4190 llomero

1946 4235 2151 4290 scilicet
2177 4243 2229 4288 et
2255 4229 2502 4298 llesiodo,
2532 4230 2871 4303 Trojanoque
2900 4230 3061 4294 bello,
3084 4245 3148 4285 ac
3204 4226 3370 4284 multo
3424 4243 3520 4283 su-

1946 4324 2127 4395 perius
2170 4321 2416 4387 Hercule,
2445 4321 2664 4388 Musam,
2707 4320 2858 4385 Lino,
2903 4319 3153 4385 Chirone,
3197 4318 3347 4381 Zeto,
3400 4315 3524 4371 Am-

1948 4414 2161 4483 phione,
2192 4411 2408 4473 Perseo,
2428 4411 2659 4481 Orpheo,
2683 4411 2924 4476 Castore,
2942 4409 3174 4473 Polluce,
3193 4407 3521 4479 IEsculapi0,

1949 4506 2166 4570 Libero,
2195 4504 2476 4567 Mercurio,
2519 4504 2784 4574 Apolline,
2811 4512 2861 4558 et
2890 4502 3100 4559 exteris
3128 4500 3231 4556 diis
3259 4500 3521 4572 gentium,

1951 4595 2226 4665 sacrisque
2271 4595 2353 4650 vel
2399 4593 2627 4658 vatibus,
2674 4594 2842 4664 ipsius
2880 4607 3092 4661 quoque
3137 4589 3284 4647 Jovis
3334 4591 3524 4663 gestis,

1951 4700 2111 4755 quem
2133 4683 2338 4741 Graecia
2363 4682 2416 4738 in
2446 4698 2570 4738 arce
2594 4682 2888 4739 divinitatis
2910 4682 3210 4738 collocavit.
3244 4681 3525 4753 Siquidem

1952 4783 2007 4829 et
2024 4772 2143 4838 Job,
2174 4788 2333 4843 quem
2363 4772 2515 4828 multi
2545 4772 2711 4844 Moysi
2743 4773 3027 4843 adxequant
3056 4772 3407 4842 temporibus,
3427 4770 3525 4825 iis-

1954 4865 2074 4920 dem
2104 4878 2263 4934 supra
2292 4863 2603 4919 memoratis
2629 4863 2986 4934 scriptoribus
3012 4863 3354 4922 testantibus,
3381 4867 3525 4914 totus

1952 4968 2019 5009 ex
2050 4963 2260 5009 ametro
2285 4967 2441 5008 versu
2471 4953 2701 5024 dactylo,
2728 4954 3084 5023 spondaeoque
3114 4950 3382 5013 decurrit;
3429 4946 3525 5003 sed

1953 5045 2019 5099 de
2047 5044 2131 5098 bis
2149 5043 2356 5114 plenius
2383 5044 2436 5097 in
2460 5044 2829 5113 sequentibus,
2863 5059 2987 5098 cum
3014 5043 3079 5096 de
3098 5039 3379 5110 speciebus
3408 5050 3524 5089 me-

1954 5139 2160 5186 trorum
2183 5132 2577 5201 scripserimus.
2615 5132 2872 5187 dicemus.
2928 5127 3291 5196 Tranquillius
3341 5123 3526 5193 igitur,

1954 5230 2175 5274 vetustae
2227 5221 2458 5289 scriptor
2484 5221 2741 5280 historim,
2777 5222 2856 5274 sic
2885 5220 2951 5272 de
2978 5217 3148 5288 poetis
3172 5213 3447 5285 gentilium
3473 5222 3530 5267 et

1958 5310 2024 5363 de
2074 5308 2411 5377 poematibus
2468 5306 2669 5361 refert:
2699 5320 2724 5347 α
2769 5307 2937 5361 «Cum
2984 5303 3213 5373 primum
3259 5300 3529 5366 homines,

1958 5409 2117 5456 exuta
2143 5399 2371 5460 feritate,
2398 5399 2659 5451 rationem
2683 5398 3012 5451 viuebnbere
3035 5394 3340 5462 cmpisscut,
3365 5406 3531 5460 seque

1958 5505 2023 5546 ac
2047 5492 2173 5545 deos
2195 5505 2319 5543 suos
2342 5504 2497 5542 nosse
2543 5488 2744 5542 cultum
2797 5486 3060 5541 modicum
3111 5499 3176 5539 ac
3224 5497 3531 5539 sermonem

1961 5580 2341 5642 necessarium,
2372 5576 2813 5633 convenientibus
2855 5575 2954 5630 sibi
2986 5575 3263 5644 utriusque
3290 5572 3533 5643 magniﬁ-
