3962 6198
277 318 382 377 069
1104 317 1490 383 EXCERPTIO
1528 328 1616 382 DE
1651 326 1841 384 ARTE
1874 325 2324 384 GRAMMATICA
2356 322 2709 388 PRiSClANl.
3425 339 3529 396 670

272 432 427 489 velut
452 449 482 488 ι
513 426 713 506 satyris
735 429 1084 506 proferuntur
1116 445 1174 492 et
1202 438 1356 493 ﬁunt.
1403 438 1529 493 Sive
1555 448 1738 511 satyra
1777 438 1856 493 di-
1884 442 1933 500 Α
1958 448 2272 508 praetextata
2312 448 2553 505 utuntur,
2589 442 2641 497 in
2693 441 2952 511 ejusmodi
2986 444 3182 501 fabulis
3214 458 3332 503 acta
3379 466 3527 506 com-

272 525 419 580 citur
445 540 477 579 a
502 524 681 590 lance,
701 541 822 596 quae
849 526 1048 582 referta
1071 528 1236 583 variis
1261 528 1548 598 multisque
1601 529 1854 599 primitiis
1957 529 2376 600 prehenduntur.
2426 528 2673 584 Secunda
2720 533 2923 600 species
2947 544 3029 587 est
3056 542 3375 606 togatarum,
3407 556 3526 610 qua:

272 617 329 670 in
360 618 535 672 sacris
554 618 697 687 apud
721 618 925 688 priscos
953 617 1326 684 deferebatur;
1355 627 1411 675 et
1436 635 1468 675 a
1495 620 1645 688 copia
1675 636 1738 675 ac
1764 636 1852 675 sa-
1958 618 2274 674 tabernariae
2311 618 2579 682 dicuntur,
2615 628 2669 674 et
2705 621 3003 675 humilitate
3047 639 3423 693 personarum,
3469 641 3525 684 et

272 707 497 761 turitate
526 707 605 762 rei
633 716 814 779 satyra
846 708 1156 772 vocabatur,
1182 707 1333 777 cujus
1364 709 1578 780 generis
1618 709 1859 765 lanciunr
1955 716 2390 778 argumentorum
2425 709 2774 764 similitudine
2797 713 3075 767 commdiis
3102 730 3275 783 pares.
3320 716 3379 770 lu
3405 721 3526 787 qui-

268 803 325 850 et
352 794 613 867 V'irgilius
640 797 693 852 in
736 796 1012 869 Georgicis
1055 794 1318 865 meminit,
1368 815 1489 854 cum
1537 800 1640 854 hoc
1694 801 1860 854 modo
1951 800 2052 854 bus
2078 815 2182 853 non
2211 800 2555 871 magistratus
2599 814 2836 872 regesve,
2880 804 2972 858 sed
3006 805 3233 859 humiles
3279 809 3523 863 homines

266 885 402 940 dicit
432 903 448 941 :

426 993 669 1045 hacibus
687 1001 739 1046 et
762 997 932 1058 pondis
952 996 1185 1047 fumantia
1206 1000 1456 1051 reddimus
1477 1003 1625 1052 exta.‘

268 1075 336 1130 Et
364 1075 509 1129 idem
550 1094 563 1128 :

422 1167 713 1229 Lancesmte
731 1176 781 1216 et
806 1169 901 1217 liba
926 1169 1144 1220 feremus
1163 1184 1178 1232 ;

264 1269 379 1323 sive
406 1284 437 1321 a
462 1269 694 1338 quodam
722 1285 918 1340 genere
939 1270 1237 1327 farciminis
1283 1271 1541 1329 refertum
1588 1273 1842 1351 [referti]

263 1373 318 1414 ct
340 1360 560 1430 polenta
585 1369 641 1415 et
660 1361 862 1415 nucleis
884 1362 1013 1431 pini,
1042 1371 1097 1415 et
1120 1378 1151 1416 a
1177 1363 1350 1418 mulso
1407 1367 1702 1436 conspersi.
1759 1367 1842 1422 Ad

264 1453 385 1507 inec
409 1451 503 1505 alii
533 1451 757 1517 addunt,
787 1461 841 1507 et
866 1454 932 1507 de
958 1453 1100 1509 male
1119 1455 1315 1522 punico
1343 1472 1536 1526 grana.
1589 1459 1696 1512 Alii
1738 1475 1838 1514 au-

265 1553 372 1597 tem
403 1543 604 1599 dictam
631 1553 869 1613 putauta
908 1543 1026 1613 lege
1071 1544 1282 1616 Satyrs,
1337 1562 1458 1617 quae
1497 1563 1605 1602 uno
1648 1559 1838 1619 rogatu

264 1631 431 1685 multa
463 1633 886 1701 comprehendit,
935 1634 1076 1703 quod
1108 1635 1314 1690 scilicet
1333 1643 1387 1691 et
1431 1639 1666 1708 satyrico
1709 1655 1840 1695 cara

264 1720 411 1775 mine
436 1720 606 1774 multa
634 1721 792 1775 simul
818 1735 1067 1790 poemata
1096 1726 1639 1793 comprehenduntur,
1679 1728 1832 1799 cujus

262 1819 458 1881 satyrre
484 1812 615 1881 legis
640 1811 876 1868 Lucilius
899 1816 1142 1870 meminit
1168 1817 1219 1869 in
1244 1816 1436 1885 primo,
1473 1833 1569 1887 per
1593 1828 1831 1888 satyram

260 1903 470 1957 :edilem
495 1901 717 1967 factum,
740 1904 829 1972 qui
856 1904 1063 1975 legibus
1084 1905 1272 1960 solvat.
1305 1906 1503 1974 Quarta
1527 1909 1733 1977 species
1753 1917 1836 1963 est

260 1994 522 2048 dramatis
550 1994 690 2065 apud
717 1995 953 2059 Graecos,
979 2010 1098 2064 quze
1150 1997 1361 2050 mimica
1422 1998 1639 2063 dicitur,
1692 1998 1835 2067 quod

260 2100 443 2139 rerum
472 2086 828 2140 humanarum
866 2084 1122 2141 imitatrix
1151 2088 1251 2153 sit;
1284 2095 1367 2143 est
1389 2103 1519 2159 ergo
1568 2090 1835 2145 sermonis

258 2177 549 2246 cujuslibet
607 2180 724 2233 sine
764 2181 1085 2243 reverentia,
1141 2180 1219 2234 vel
1285 2179 1546 2234 factorum
1600 2180 1831 2248 turpium

256 2286 381 2323 cum
416 2270 632 2324 lascivia
664 2271 911 2335 imitatio,
941 2271 1066 2340 quia
1097 2272 1338 2340 quaedam
1379 2271 1568 2325 fabula:
1616 2288 1646 2325 a
1692 2285 1825 2340 pee—

256 2358 325 2412 tis
346 2356 657 2413 Grzecorum
686 2359 756 2413 ita
778 2361 1253 2429 componebantur,
1276 2367 1334 2416 ut
1355 2362 1641 2429 aptissima:
1653 2369 1835 2416 essent

256 2450 425 2502 motui
456 2450 717 2519 corporis.
758 2450 954 2505 Fabula
998 2453 1140 2506 enim
1175 2468 1205 2506 a
1233 2450 1436 2507 Graecis
1471 2452 1666 2507 dicitur
1689 2456 1831 2528 παρὰ

253 2542 308 2595 τὸ
339 2541 488 2616 Epig»,
520 2543 571 2595 id
596 2551 699 2605 est,
732 2557 910 2612 agere,
946 2544 1087 2613 quod
1117 2557 1214 2612 per
1232 2552 1384 2598 actus
1405 2552 1461 2597 et
1509 2560 1606 2613 per
1654 2554 1833 2599 nauus

254 2632 468 2697 aliquos
499 2635 669 2702 magis
690 2635 1080 2689 ostenderetur.
1109 2633 1241 2689 Nam
1270 2643 1323 2690 et
1352 2636 1435 2706 agi
1491 2635 1671 2690 tabida
1724 2651 1827 2689 non

252 2715 447 2777 referri
475 2723 543 2776 ab
580 2724 849 2779 actoribus
871 2724 1082 2788 dicitur,
1113 2726 1205 2780 sed
1235 2734 1411 2780 tamen
1440 2726 1495 2779 in
1519 2725 1722 2780 Latinis
1752 2724 1830 2779 fa-

252 2816 394 2870 bulis
412 2816 563 2886 plura
592 2825 717 2870 sunt
744 2818 951 2872 cantica
987 2833 1106 2886 qua:
1132 2829 1417 2872 canuntur.
1449 2817 1677 2886 Ideoque
1721 2817 1829 2872 llo:-

252 2905 424 2958 ratius
482 2913 736 2973 utrasque
783 2906 879 2959 has
927 2906 1345 2977 significationes
1418 2906 1823 2976 interpretatur,

250 3008 376 3047 cum
409 2995 478 3048 ita
501 2995 569 3048 de
593 2994 767 3049 fabula
791 2995 918 3049 dicit
946 3011 961 3049 :

380 3105 478 3153 Aut
512 3105 676 3166 agitur
699 3116 779 3153 res
797 3109 842 3152 in
869 3106 1049 3167 scenis,
1077 3111 1159 3155 aut
1183 3112 1288 3155 acta
1306 3104 1543 3158 refertur.

332 3204 500 3275 lgitur
549 3203 721 3258 Latini
779 3204 878 3258 has
919 3214 1149 3274 quatuor
1197 3221 1357 3275 supra
1404 3205 1577 3261 dictas
1619 3204 1825 3276 species

250 3295 365 3349 suis
409 3295 639 3365 propriis
680 3295 1014 3365 appellavere
1045 3297 1371 3361 nominibus,
1413 3298 1552 3352 sicut
1577 3299 1823 3367 superius

246 3384 357 3455 iam
383 3385 940 3448 commemoravimus,
973 3385 1023 3439 id
1050 3392 1151 3450 est,
1184 3387 1440 3456 tragicam
1475 3387 1659 3441 dixere
1693 3402 1826 3457 pra:-

252 3484 535 3539 textatam,
564 3476 932 3544 comicamque
973 3476 1352 3542 tabernariam,
1374 3478 1661 3548 satyricam
1691 3492 1824 3546 quo-

250 3584 353 3636 que
398 3565 731 3630 attellanam,
756 3574 811 3620 et
838 3566 1107 3621 mimicam
1149 3567 1505 3637 planipedm.
1548 3566 1653 3623 Sed
1684 3570 1823 3624 sicut

251 3659 468 3715 Graecas
501 3658 901 3727 appellationes,
932 3658 1061 3728 quid
1084 3659 1324 3714 valerent
1365 3659 1657 3714 secundum
1686 3660 1825 3714 anti-

248 3765 479 3819 quorum
530 3765 768 3813 sensum,
825 3750 1125 3805 edisserere
1164 3751 1500 3816 curavimus;
1547 3752 1625 3806 sic
1652 3753 1817 3807 etiam

252 3841 493 3904 Latinas,
535 3856 655 3910 qua:
696 3841 861 3909 magis
904 3848 1170 3894 nostrates
1207 3848 1350 3904 sunt,
1396 3856 1665 3910 exponere
1712 3858 1821 3897 non

250 3932 739 4002 praetermittamus.
815 3929 1110 4001 Tragoedim
1164 3930 1366 3985 scilicet
1416 3940 1471 3984 et
1545 3933 1822 3987 comoedia:

249 4020 400 4075 initio
414 4015 556 4091 apud
589 4018 809 4075 Latinos
834 4028 1024 4089 togata,-
1047 4020 1382 4086 dicebantur,
1398 4020 1538 4089 quod
1564 4023 1742 4076 omnia
1767 4023 1820 4076 in

250 4111 459 4182 publico
512 4109 716 4165 honore
755 4107 974 4164 confusa
1030 4108 1386 4163 cernebantur
1411 4149 1426 4174 ,
1472 4125 1590 4179 qua:
1629 4116 1821 4178 togata:

248 4213 429 4273 postea
462 4204 517 4258 in
555 4209 897 4272 pnetextatas
950 4211 1006 4255 et
1054 4199 1384 4255 tabernarias
1420 4201 1816 4255 dividebantur.

250 4292 465 4363 Togatae
494 4289 686 4345 fabula:
731 4291 1001 4355 dicuntur,
1046 4304 1162 4358 quae
1203 4290 1417 4358 scriptae
1454 4298 1582 4344 sunt
1630 4305 1821 4343 secun-

249 4386 374 4438 dum
412 4382 552 4435 ritus
599 4388 653 4434 et
698 4379 914 4433 habitus
951 4379 1225 4433 hominum
1275 4387 1598 4449 togatorum,
1650 4378 1701 4431 id
1737 4384 1820 4432 est

252 4470 646 4527 Romanorum:
678 4478 798 4540 toga
826 4483 1053 4537 namque
1079 4468 1316 4522 Romana
1329 4475 1431 4533 est;
1448 4467 1587 4522 sicut
1604 4466 1820 4522 Gnaeus
1845 4456 1896 4515 D

252 4565 459 4620 fabulas
488 4564 555 4618 ab
576 4562 760 4618 habitu
786 4576 936 4630 aeque
962 4559 1205 4630 palliata:
1239 4559 1406 4615 Varro
1431 4559 1507 4613 ait
1530 4560 1816 4615 nominari.

252 4657 354 4712 Sed
378 4666 435 4712 et
459 4655 563 4709 hoc
606 4651 895 4708 notandum
922 4651 1064 4720 quod
1095 4660 1261 4720 togas,
1293 4664 1414 4703 cum
1442 4648 1514 4704 sit
1569 4649 1821 4719 generale

251 4760 467 4808 nomen,
494 4741 797 4812 specialiter
826 4749 1003 4794 tamen
1032 4754 1128 4809 pro
1161 4738 1476 4793 tabernariis
1501 4753 1608 4792 non
1660 4739 1820 4794 modo

246 4833 549 4892 communis
573 4847 724 4887 error
749 4840 984 4901 usurpat,
1015 4831 1138 4900 quia
1164 4829 1308 4883 fauni
1337 4837 1546 4899 togatas
1564 4828 1817 4900 appellat,

247 4927 339 4983 sed
374 4934 428 4979 et
457 4932 645 4994 poetae,
673 4931 727 4977 ut
770 4922 1040 4987 Horatius,
1071 4921 1194 4990 quia
1221 4921 1295 4974 ait
1319 4937 1335 4974 :

371 5036 462 5085 νει
487 5037 566 5099 qui
601 5046 864 5096 praestas
881 5072 895 5095 ,
936 5032 1009 5081 vel
1032 5036 1114 5094 qut
1139 5031 1352 5080 docuere
1377 5038 1502 5091 toga'
1515 5042 1585 5079 as.

320 5138 647 5209 Togatarum
687 5137 983 5191 fabularum
1017 5133 1227 5205 species
1255 5141 1332 5187 tot
1374 5131 1485 5187 fere
1529 5138 1655 5187 sunt
1692 5138 1821 5200 quot

247 5239 302 5284 et
334 5228 695 5299 palliatarum.
728 5225 860 5280 Nam
893 5226 1081 5295 prima:
1105 5222 1313 5293 species
1339 5230 1464 5276 sunt
1492 5229 1816 5292 togatarum,

192 5370 211 5377 -
247 5336 371 5390 qia:
417 5326 746 5389 praetextata;
798 5318 1066 5380 dicuntur,
1103 5315 1159 5370 in
1192 5314 1387 5383 quibus
1431 5312 1815 5383 imperatorum

248 5412 463 5482 negotia
487 5409 779 5482 agebantur
805 5418 859 5464 et
882 5407 1092 5478 publice
1119 5420 1272 5477 reges
1293 5403 1519 5458 Romani
1546 5402 1631 5457 vel
1656 5404 1820 5458 duces

249 5504 597 5566 inducuntur,
657 5514 1009 5571 personarum
1068 5496 1326 5566 dignitate
1369 5502 1423 5548 et
1468 5508 1817 5563 personarum

250 5596 581 5652 sublimitate
632 5592 911 5665 tragtediis
965 5589 1185 5646 similes.
1248 5586 1585 5640 Praetextata:
1635 5593 1816 5637 autem

254 5692 526 5756 dicuntur,
568 5691 692 5761 quia
736 5689 847 5744 fere
897 5700 1083 5757 regum
1120 5682 1205 5738 vel
1259 5679 1688 5751 magistratuum,
1726 5675 1815 5746 qui

1950 897 2005 943 et
2057 889 2281 958 privatae
2325 889 2515 942 domus
2563 888 2991 958 introducuntur,
3046 909 3166 963 quze
3214 910 3334 949 cum
3392 897 3519 950 olim

1950 981 2143 1036 tabulis
2189 989 2514 1051 tegerentur,
2564 981 2883 1036 tabernarite
2928 985 3278 1038 vocabantur.
3332 986 3517 1041 Tertia

1947 1070 2155 1138 species
2188 1077 2273 1125 est
2314 1068 2614 1124 fabularum
2681 1069 3018 1135 Latinarum,
3053 1089 3173 1141 quae
3218 1090 3247 1128 a
3304 1077 3521 1131 civitate

1945 1160 2203 1214 Oscorum
2265 1159 2456 1223 Atella,
2489 1176 2520 1214 a
2549 1175 2653 1228 qua
2701 1162 2931 1231 primum
2980 1173 3191 1232 coeptae,
3243 1166 3521 1234 appellata:

1944 1260 2068 1305 sunt
2100 1251 2360 1316 stellante,
2410 1252 2738 1321 argumentis
2789 1252 3048 1322 dictisque
3085 1253 3415 1323 iocularibus
3439 1258 3518 1311 si-

1943 1340 2098 1394 miles
2141 1340 2388 1409 satyricis
2435 1338 2628 1395 fabulis
2661 1338 2878 1395 Graecis.
2930 1339 3131 1406 Quarta
3181 1344 3385 1412 species
3432 1351 3518 1400 est

1940 1427 2254 1497 planipedis,
2313 1428 2402 1496 qui
2453 1427 2638 1484 Graece
2686 1429 2883 1483 dicitur
2932 1434 3114 1501 μίμος;
3168 1432 3286 1487 ideo
3332 1442 3511 1490 autem

1938 1516 2128 1572 Latine
2152 1517 2392 1587 planipes
2424 1517 2616 1583 dictus,
2645 1519 2784 1586 quod
2825 1529 3037 1578 actores
3065 1521 3290 1589 pedibus
3319 1522 3512 1591 planis,

1937 1606 1990 1661 id
2028 1615 2110 1661 est
2149 1607 2326 1671 nudis,
2353 1608 2695 1675 proscenium
2739 1607 3063 1675 introirent;
3098 1625 3202 1664 non
3235 1618 3293 1663 ut
3322 1612 3512 1682 tragici

1935 1706 2164 1762 actores,
2192 1713 2312 1753 cum
2339 1697 2649 1764 cothurnis;
2675 1706 2918 1768 nequeut
2946 1700 3291 1765 comici,cum
3315 1704 3511 1768 soccis;

1863 1782 1908 1841 B
1936 1788 2049 1844 sive
2086 1789 2227 1859 quod
2268 1787 2394 1843 olim
2432 1804 2536 1843 non
2561 1789 2615 1843 in
2648 1799 2898 1859 suggestu
2932 1805 3127 1856 scenae,
3154 1791 3248 1846 sed
3276 1793 3330 1846 in
3350 1793 3512 1861 plano

1934 1880 2176 1936 orcistrae
2226 1879 2416 1950 positis
2479 1879 2850 1935 instrumentis
2903 1881 3134 1935 mimicis
3194 1882 3507 1937 actitabant.

1934 1970 2101 2041 Cujus
2165 1971 2467 2041 planipedis
2522 1981 2640 2025 acta
2688 1980 2988 2042 togatarum
3047 1973 3279 2044 scriptor
3326 1974 3398 2029 ita
3450 1976 3504 2029 in

1933 2065 2147 2120 aedilitia
2179 2063 2357 2119 fabula
2398 2065 2642 2120 meminit
2670 2082 2682 2118 :
2716 2064 2957 2119 Daturin’
2994 2068 3118 2121 estis
3152 2082 3342 2122 aurum
3366 2067 3392 2120 2
3419 2085 3510 2122 ea:-

1932 2157 2093 2211 sultat
2123 2157 2393 2227 planipes;
2442 2157 2486 2210 si
2533 2172 2668 2226 quas
2723 2166 2899 2211 tamen
2953 2173 3019 2211 ex
3079 2158 3254 2227 soccis
3297 2156 3507 2215 fabulas

1936 2246 2191 2312 fecerant,
2246 2226 2449 2316 palliati
2489 2246 2925 2316 pronuntiabant.
2990 2226 3244 2316 Togataa
3273 2256 3509 2317 prtetex-

1934 2346 2043 2394 tata
2080 2339 2337 2410 tragtedia
2387 2337 2586 2403 dili'ert,
2621 2337 2845 2407 quodin
2892 2337 3154 2408 tragoedia
3202 2339 3395 2396 heroes
3424 2338 3508 2393 in-

1934 2431 2306 2491 troducnntur,
2335 2436 2395 2483 ut
2440 2428 2703 2501 Pacuvius
2746 2428 3035 2498 tragoedias
3078 2429 3505 2483 nominibushe-

1935 2516 2094 2575 rolcis
2134 2518 2368 2588 scripsit,
2398 2515 2664 2584 Orestem,
2695 2518 2940 2583 Chriseu,
2969 2527 3023 2573 et
3056 2518 3142 2574 his
3195 2518 3390 2573 similia
3444 2518 3503 2573 In

1929 2616 2240 2678 prmtextata
2273 2616 2475 2672 autem,
2499 2623 2602 2677 qua
2631 2607 2996 2663 inscribuntur
3032 2608 3248 2662 nomina
3290 2607 3500 2672 Latina,

1930 2710 1990 2755 ut
2014 2699 2213 2754 Brutus
2232 2699 2315 2755 vel
2354 2700 2565 2755 Decius.
2593 2697 2726 2754 Item
2767 2699 3048 2755 Marcellus
3076 2698 3158 2755 vel
3197 2699 3502 2765 Africanus,

1930 2799 1984 2846 et
2015 2791 2100 2845 his
2138 2788 2351 2844 similia.
2385 2787 2584 2859 Togata
2616 2790 2917 2844 tabernaria
2943 2804 2973 2842 a
3001 2789 3262 2844 commdia
3298 2788 3500 2854 dill'ert,

1929 2880 2072 2950 quod
2102 2879 2155 2932 in
2180 2878 2441 2933 commdia
2477 2877 2649 2933 Graeci
2684 2880 2817 2932 ritus
2857 2878 3200 2941 inducuntur,
3231 2894 3502 2946 persona:-

1928 2985 2032 3040 que
2080 2980 2288 3039 grzeem,
2315 2976 2375 3023 ut
2410 2967 2636 3033 Laches,
2688 2967 2955 3033 Sostrata,
3007 2967 3160 3029 Geta,
3214 2967 3497 3038 Demipho;

1930 3060 1983 3114 iu
2011 3058 2100 3114 illa
2130 3073 2255 3113 vero
2283 3056 2505 3112 Latinae.
2538 3057 2769 3128 Togatas
2812 3056 3145 3111 tabernarias
3176 3057 3227 3110 iu
3281 3072 3503 3113 scenam

1924 3151 2241 3203 dataverunt
2274 3147 2540 3217 prmcipue
2568 3146 2693 3210 duo,
2736 3142 3024 3207 Aﬂ‘ranius,
3052 3152 3106 3199 et
3132 3144 3195 3201 G.
3215 3145 3495 3213 Quintius;

1924 3254 2049 3294 nam
2105 3237 2389 3293 Terentius
2440 3247 2496 3291 et
2562 3230 2763 3291 Caelius
2802 3235 3094 3290 comoedias
3146 3236 3497 3305 scripserunt.

1923 3327 2112 3384 Latina
2148 3327 2400 3383 attellana
2435 3342 2465 3380 a
2520 3325 2705 3381 Graeca
2745 3325 2976 3397 satyrica
3027 3324 3224 3392 dill’ert,
3272 3327 3412 3395 quod
3441 3326 3499 3382 in

1923 3422 2154 3492 satyrica
2182 3418 2295 3474 fere
2328 3425 2626 3488 satyrorum
2656 3430 2897 3486 persona:
2940 3415 3289 3481 inducuntur,
3319 3423 3412 3470 aut
3449 3414 3499 3471 si

1923 3526 2042 3582 qum
2069 3517 2196 3566 sunt
2232 3507 2466 3563 ridicula:
2509 3504 2713 3560 similes
2741 3505 2957 3575 satyris,
2990 3512 3046 3558 ut
3077 3503 3278 3568 Olicus,
3337 3504 3493 3560 Bosi-
3543 3502 3551 3513 '

1923 3600 2074 3656 ridis.
2120 3598 2177 3654 lu
2214 3597 2462 3653 attellana
2492 3603 2671 3651 autem
2693 3610 2831 3650 oscrc
2861 3609 3121 3664 personre,
3148 3602 3206 3648 ut
3240 3593 3474 3650 Maccus.

1992 3687 2377 3759 Exegematici,
2408 3686 2459 3739 id
2485 3694 2589 3750 est,
2619 3684 2931 3748 enarrativi,
2980 3686 3241 3754 poematis
3289 3686 3496 3755 species

1921 3790 2047 3837 sunt
2090 3791 2221 3845 tres,
2262 3778 2577 3849 angeliticze,
2628 3776 2919 3839 historiae,
2964 3774 3321 3831 didascalicaz.
3380 3777 3493 3830 Λιι-

1921 3873 2127 3943 gelitica
2158 3879 2258 3933 est,
2302 3853 2405 3939 qua
2448 3866 2726 3922 sententiae
2758 3863 3085 3929 scribuntur,
3129 3872 3184 3918 ut
3211 3872 3295 3918 est
3320 3862 3497 3918 Theo-

1921 3961 2096 4032 gnidis
2134 3961 2286 4022 liber,
2319 3966 2374 4013 et
2412 3955 2706 4011 Monastica
2753 3955 2961 4020 Albini,
3019 3971 3137 4024 qu:e
3181 3955 3388 4025 species
3438 3956 3491 4007 in

1925 4051 2169 4122 plurimis
2192 4047 2530 4120 poematibus
2575 4047 2802 4116 sparsim
2832 4046 3008 4115 posita
3038 4046 3319 4114 reperitur.
3359 4044 3491 4099 item

1922 4141 2085 4195 ebria:
2109 4140 2281 4195 eidem
2319 4138 2661 4207 deputantur.
2712 4136 2972 4190 llistorica
3003 4144 3114 4201 est,
3148 4152 3253 4206 qua
3304 4150 3491 4189 narra-

1922 4230 2082 4284 tionis
2119 4229 2439 4299 genealogim
2484 4237 2896 4297 componuntur,
2939 4237 2997 4282 ut
3035 4236 3119 4282 est
3155 4236 3383 4282 metrum
3424 4229 3491 4281 de

1920 4321 2264 4389 generatione
2304 4320 2508 4383 mundi,
2540 4329 2594 4374 et
2619 4320 2747 4383 situ,
2775 4328 2830 4373 et
2864 4318 3125 4388 qualitate
3157 4318 3489 4373 diversarum

1921 4410 2179 4482 gentium,
2211 4416 2266 4464 et
2295 4409 2432 4464 liber
2460 4408 2675 4473 Alcimi,
2710 4417 2765 4462 et
2790 4408 2875 4462 his
2903 4408 3119 4463 similia.
3163 4405 3488 4462 Didascalica

1920 4512 2023 4569 est,
2047 4518 2152 4574 qua
2180 4503 2650 4572 comprehenditur
2687 4503 3016 4572 philosophia
3054 4503 3389 4574 Empedoclis
3438 4511 3489 4558 ct

1920 4592 2175 4649 Lucretii.
2219 4588 2350 4646 item
2378 4591 2688 4661 astrologia,
2718 4600 2770 4644 et
2823 4593 3181 4660 phmnomeua
3229 4592 3379 4647 Arati
3434 4600 3493 4648 et

1921 4685 2215 4750 Ciceronis,
2247 4693 2305 4738 et
2351 4682 2545 4753 Georg.
2578 4681 2726 4751 Virg.
2755 4691 2807 4737 et
2834 4682 2918 4736 his
2941 4683 3165 4744 similia,
3236 4688 3241 4693 '

1991 4795 2143 4851 Cteni
2173 4794 2258 4849 vel
2283 4794 2584 4849 communis
2617 4803 2891 4863 pocmatos
2931 4794 3139 4863 species
3177 4800 3303 4849 sunt
3351 4794 3488 4848 dum.

1921 4886 2156 4953 Quarum
2196 4886 2345 4955 prior
2381 4884 2617 4949 heroica,
2646 4892 2706 4938 ut
2733 4892 2817 4938 est
2874 4882 3055 4938 lliadis
3087 4891 3144 4937 et
3208 4883 3488 4945 .‘Encidos;

1920 4978 2090 5031 altera
2152 4987 2236 5031 est
2274 4975 2465 5039 eliaca,
2520 4990 2639 5043 qua:
2680 4981 2735 5028 et
2797 4973 2963 5045 lyrica
3019 4966 3236 5036 dicitur,
3300 4978 3359 5023 ut
3404 4973 3487 5023 est

1916 5068 2273 5124 Archilochus
2308 5075 2363 5122 et
2410 5065 2679 5120 Horatius.

2545 5185 2871 5233 INCIPIUNT

1958 5269 2204 5316 GLOSSE
2251 5267 2591 5311 VERBORUM
2635 5267 2693 5308 IN
2742 5260 3047 5308 DONA’I'UM
3089 5255 3416 5305 HAJOREM.

1993 5392 2135 5460 Quot
2174 5388 2514 5443 dilliuitiones
2547 5393 2671 5440 sunt
2710 5384 2850 5453 apud
2891 5381 3305 5453 grammaticus?
3356 5380 3485 5435 Sex.

1922 5482 2099 5537 Prima
2147 5487 2230 5534 est
2272 5475 2634 5533 substantialis
2665 5492 2678 5529 :
2712 5489 2905 5530 nomen
2936 5483 3019 5528 est
3071 5487 3198 5543 pars
3230 5471 3490 5527 orationis

1923 5590 2044 5630 cum
2074 5587 2218 5627 casu.
2249 5568 2492 5623 Secunda
2511 5573 2595 5619 est
2616 5564 2756 5625 soni,
2788 5578 2981 5618 nomen
3007 5564 3207 5619 dictum
3229 5571 3310 5616 est
3335 5560 3488 5631 quasi

1925 5676 2195 5729 uelamen.
2220 5659 2400 5718 Tertia
2424 5665 2505 5713 cst
2531 5654 2846 5720 uumcralis;
2876 5663 3060 5726 partes
3083 5653 3342 5710 orationis
3365 5659 3487 5709 sunt
