3962 6198
435 348 533 410 67!

1110 342 1171 399 Β.
1212 315 1462 397 nsum
1501 336 1718 395 unum
1755 330 2077 392 ancu‘tur.
2121 336 2728 396 MOGUNT.OPERUM
2767 337 2946 395 mus
2986 339 3070 394 ιιι.
3583 336 3693 392 67?.

432 474 578 525 octo.
630 462 854 532 Quarta,
910 455 1288 514 aceidentalis:
1342 452 1547 509 nomini
1584 451 1836 508 accidunt
1890 464 2007 503 sex.
2036 450 2089 509 A
2114 451 2158 507 si
2200 451 2445 508 absolute
2475 453 2678 507 diceret
2700 452 2874 516 dulce,
2907 454 3080 507 minus
3126 453 3247 508 ideo
3272 452 3541 524 significat
3562 454 3694 521 quia

433 557 658 626 Quinta,
712 549 979 622 specialis,
1035 561 1231 617 corpus
1257 552 1352 599 aut
1398 559 1510 599 rem
1565 540 1802 612 proprie.
1843 539 2009 593 Sexta

433 654 521 702 est
547 641 888 716 etymologia:
920 640 1079 693 homo
1105 634 1281 690 dictus
1304 642 1388 689 est
1411 630 1480 686 ab
1508 633 1695 697 humo,
1724 630 1922 685 humus
1943 628 2011 683 ab

436 737 682 791 humore.
712 731 931 793 Verum,
963 727 977 781 i
1006 743 1039 796 p
1074 741 1133 780 se
1155 722 1241 795 d.[
1275 738 1462 778 verum
1511 721 1563 776 id
1607 736 1705 792 per
1757 733 1817 774 se
1872 717 2015 772 desi-

436 822 587 895 gnat]
614 834 809 890 corpus
830 825 923 871 aut
950 830 1083 869 rem.
1118 812 1223 868 Res
1253 811 1467 881 propria
1495 817 1601 875 est,
1622 817 1682 863 ut
1707 806 2014 862 Priscianus

433 916 584 979 dicit,
615 928 726 977 ars,
750 911 817 965 ad
858 906 1151 979 quemlibet
1198 912 1471 958 auctorem
1504 899 1811 970 specialiter
1844 896 2011 968 perti-

442 1020 604 1068 nens,
632 1010 692 1055 ιιι
744 1007 829 1054 εει
870 996 1220 1051 Arithmetica
1256 990 1591 1056 Nicomachi,
1642 986 2013 1045 Grammatlca

432 1089 755 1147 Aristarchi.
799 1088 905 1142 Res
940 1101 1070 1140 vero
1116 1081 1418 1140 communis
1444 1088 1502 1134 ut
1544 1077 1847 1147 disciplina,
1902 1091 2011 1130 ars.

432 1182 539 1236 Alii
567 1182 752 1235 dicunt
781 1194 893 1231 rem
924 1191 1041 1230 esse
1069 1174 1359 1243 propriam,
1407 1178 1467 1225 ut
1495 1178 1616 1224 sunt
1648 1167 1867 1222 nomina
1907 1164 2017 1219 An—

434 1273 676 1344 gelorum
722 1267 970 1332 Michael,
999 1264 1238 1328 Gabriel,
1274 1272 1411 1328 etc.;
1438 1274 1773 1317 communem
1812 1267 2013 1344 autem,

436 1342 657 1415 nomina
687 1356 970 1416 virtutum,
1013 1361 1072 1407 ut
1107 1353 1298 1422 pietas,
1323 1349 1626 1420 prudentia,
1655 1355 1711 1401 ct
1738 1345 1838 1400 rel.
1873 1342 2018 1397 Nou-

436 1448 567 1504 nulli
591 1448 692 1503 hoc
724 1447 883 1501 modo
913 1444 1178 1498 allirmare
1204 1458 1307 1495 non
1347 1441 1611 1495 dubitant.
1652 1437 1759 1492 Res
1800 1436 2018 1507 propria

2111 556 2356 596 amarum
2379 543 2724 599 amaritudiui
2772 551 3136 614 comparatur.
3187 541 3313 596 Iam
3363 547 3540 597 senior
3561 559 3589 597 s
3611 558 3642 597 ε
3660 542 3698 597 d

2112 649 2147 686 u
2187 649 2212 687 s
2239 645 2296 699 λς
2323 647 2450 689 εεεε
2468 633 2866 703 comparativus
2906 651 3004 705 pro
3048 635 3279 703 positivo
3311 635 3595 704 accipitur,
3627 637 3701 689 ad

2113 723 2314 779 nullum
2340 724 2485 780 enim
2510 724 2672 779 alium
2700 723 2912 780 Charon
2942 726 3000 780 llt
3027 727 3378 795 comparatio.

2718 815 2799 870 De
2822 832 3023 886 genere.

2185 900 2312 957 llzcc
2353 917 2525 957 musa.
2556 902 2703 957 Musa
2733 903 3121 973 interpretatur
3167 920 3403 974 qmerens
3428 922 3448 967 ;
3476 919 3509 957 a
3560 905 3704 960 seno

2114 990 2259 1044 enim
2304 991 2599 1058 derivatur,
2631 1000 2685 1047 et
2724 1001 2809 1046 est
2857 993 2953 1046 dea
2986 994 3310 1047 carminum.
3360 992 3561 1049 Novem
3597 1010 3702 1050 no—

2117 1076 2260 1131 mina
2298 1077 2569 1132 Musarum
2597 1090 2722 1133 sunt
2776 1081 2890 1135 hut:
2923 1081 3274 1152 Melpomene,
3307 1083 3560 1153 Euterpe,
3600 1082 3707 1137 Po-

2118 1166 2339 1237 lymnia,
2367 1168 2746 1238 Terpsichore,
2779 1170 2998 1233 Urania,
3036 1172 3169 1237 Clio,
3215 1173 3451 1244 Calliope
3485 1173 3706 1246 [ΕΙ-ευ),

2118 1258 2351 1330 Thalia].
2398 1260 2496 1314 Est
2527 1261 2833 1329 epicatnon,
2865 1262 2916 1316 id
2948 1271 3031 1317 est
3073 1279 3541 1333 supercommune,
3573 1266 3707 1334 quia

2120 1349 2403 1419 utriusque
2444 1352 2658 1422 generis
2706 1352 2962 1406 animalia
3024 1369 3132 1407 uno
3181 1354 3409 1409 articulo
3445 1371 3710 1425 compre-

2124 1441 2426 1497 hendimus.
2478 1442 2581 1497 Alii
2608 1444 2795 1499 dicunt
2841 1446 3372 1515 supercommixtum,
3402 1463 3509 1501 non
3557 1449 3711 1518 quod

438 1541 583 1599 Deus
621 1549 722 1604 est,
761 1538 1062 1593 communis
1106 1543 1283 1589 autem
1325 1532 1566 1603 angelus.
1604 1530 1847 1597 Quatuor
1900 1544 2023 1599 spe-
2123 1531 2240 1600 ipsa
2271 1540 2460 1587 natura
2492 1548 2655 1589 sexus
2696 1535 2989 1590 commixta
3038 1537 3126 1602 sit,
3162 1537 3256 1591 sed
3304 1545 3487 1592 noster
3543 1537 3716 1593 intel-

436 1634 548 1689 cies
591 1641 743 1687 sunt:
778 1630 998 1685 Publius
1032 1642 1336 1699 przenomen
1376 1633 1497 1690 est;
1551 1621 1854 1684 Gemellus,
1897 1635 2023 1689 pro-
2124 1621 2324 1689 lectus;
2355 1623 2608 1680 nonnulla
2636 1625 2780 1679 enim
2801 1626 3056 1681 animalia
3088 1627 3352 1693 videntes,
3378 1638 3562 1682 utrum
3595 1644 3718 1685 ma-

436 1725 644 1796 prium;
675 1722 873 1792 Scipio,
914 1734 1208 1791 cognomen
1234 1733 1248 1781 ;
1282 1714 1566 1770 Africanus
1591 1727 1874 1784 agnomen.
1934 1708 2024 1763 liae
2127 1714 2309 1772 seulus
2328 1715 2401 1770 sit
2426 1731 2494 1770 an
2523 1715 2721 1771 femina
2750 1718 3077 1789 ignoramus.
3111 1718 3395 1774 Eunuchus
3425 1722 3713 1786 conicedia,

438 1826 669 1883 quatuor
732 1812 937 1883 species
994 1809 1270 1864 nominum
1322 1807 1389 1860 ad
1445 1820 1611 1861 unum
1661 1804 1835 1858 virum
1884 1818 2006 1874 per-
2036 1798 2084 1859 B
2111 1804 2164 1860 id
2209 1816 2290 1861 est
2337 1806 2476 1863 liber
2524 1808 2811 1875 Terentii,
2849 1818 2903 1865 et
2945 1820 3031 1865 est
3081 1825 3275 1866 nomen
3316 1813 3444 1867 illud
3490 1814 3720 1883 generis

442 1906 637 1960 tinent.
706 1904 823 1958 Alia
864 1909 990 1958 sunt
1036 1901 1223 1971 prima:
1267 1899 1469 1969 pinon
1529 1896 1743 1952 aliunde
1795 1904 2024 1950 sumunt

442 1994 728 2064 originem,
771 1990 968 2046 crescit
1016 2003 1156 2059 smpe
1190 2003 1223 2041 n
1254 2002 1281 2042 ε
1325 1983 1606 2059 [numerus
1631 1981 2017 2055 syllabarum};

447 2086 484 2141 i.
508 2101 582 2151 e.,
607 2086 730 2155 quia
757 2100 858 2138 non
887 2097 1118 2152 semper,
1147 2088 1324 2134 tamen
1362 2077 1667 2148 aliquando,
1699 2083 1757 2129 ut
1782 2073 2019 2146 paulum,

445 2175 739 2246 paululum,
802 2172 1112 2244 pauxillum,
1180 2167 1550 2240 pauxillulum.
1614 2166 1752 2221 Sunt
1801 2167 2019 2220 nomina

445 2273 559 2322 tota
593 2273 651 2330 8.
682 2266 737 2320 d.
771 2263 865 2337 [F.
896 2262 1096 2318 Graeca:
1133 2258 1565 2330 declinationis];
1598 2259 1700 2313 ista
1746 2264 1869 2310 sunt
1896 2270 2021 2325 pro-

439 2355 560 2425 pria
586 2354 799 2407 nomina
830 2352 971 2422 apud
1012 2351 1249 2414 Gnaeos,
1294 2359 1349 2405 et
1387 2348 1528 2419 apud
1566 2362 1667 2403 nos
1692 2358 1818 2402 sunt
1844 2346 2019 2416 posita

444 2447 589 2502 inter
639 2445 1078 2516 appellativorum
1122 2444 1347 2515 species,
1390 2443 1513 2512 quia
1546 2440 2018 2512 interpretationes

440 2548 631 2588 eorum
658 2532 989 2602 appellativa:
1048 2541 1190 2586 sunt.
1255 2531 1554 2597 Themisto,
1602 2531 2019 2600 interpra'sensi-

437 2622 595 2688 bilis;
638 2622 887 2693 Calypso,
945 2619 1287 2674 rationabilis.
1325 2619 1459 2685 Pan,
1506 2635 1656 2673 omne
1699 2619 1783 2674 vel
1821 2628 2018 2684 totum;

444 2727 565 2782 quae
605 2720 729 2768 sunt
785 2721 893 2767 tota
955 2710 1156 2767 Grates:
1207 2710 1599 2775 declinationis,
1650 2710 1703 2764 id
1762 2718 1846 2765 est
1892 2709 2018 2779 quia

442 2802 634 2858 Latine
663 2800 801 2856 ﬂecti
835 2819 938 2856 non
981 2803 1181 2857 debent
1206 2802 1275 2856 ab
1322 2801 1411 2856 illo
1464 2803 1554 2872 qui
1597 2809 1879 2871 utramque
1924 2817 2016 2855 nos

443 2895 580 2950 verit
628 2893 882 2964 linguam.
915 2893 1043 2961 Quae
1090 2892 1424 2964 appellantur
1469 2892 1653 2957 notha,
1694 2890 1747 2947 id
1798 2899 1902 2955 est,
1950 2906 2018 2945 ex

442 2994 594 3056 parte
629 2985 846 3041 no'..ilia.
899 2984 1031 3040 Nam
1070 2984 1241 3040 Graeci
1279 2983 1579 3050 Achilleios,
1604 2983 1781 3037 Latini
1835 2982 2016 3037 Achil-

440 3077 537 3143 les,
594 3075 1177 3146 GneciAgamemnou,
1221 3075 1397 3130 Latini
1450 3074 1768 3146 Agamemno
1828 3074 2014 3129 dicunt

2126 1892 2386 1950 feminini.
2424 1896 2683 1953 Similiter
2710 1896 2919 1954 Orestes
2957 1909 3012 1954 et
3035 1900 3346 1955 Centaurus.
3391 1900 3621 1968 Poema,
3665 1904 3719 1958 id

2124 1996 2209 2043 est
2246 2002 2382 2058 opus
2408 1998 2581 2059 poeta:
2609 2006 2624 2056 ;
2656 1990 2927 2057 emblema,
2980 1992 3032 2047 id
3060 2002 3145 2048 est
3188 1994 3552 2059 abundantia;
3590 2012 3722 2064 por-

2124 2095 2263 2145 rum,
2294 2079 2345 2133 id
2368 2089 2453 2135 est
2490 2080 2640 2146 olus;
2668 2098 2787 2152 cepe
2815 2082 2991 2137 neutri
3036 2085 3249 2154 generis
3295 2092 3380 2138 est
3418 2084 3473 2137 in
3519 2083 3717 2153 singu-

2123 2169 2223 2225 lari
2268 2185 2512 2236 numero,
2561 2180 2738 2227 etest
2790 2187 2983 2228 nomen
3032 2173 3230 2239 oleris;
3265 2174 3463 2240 fartim,
3515 2174 3572 2228 id
3635 2185 3722 2230 est

2122 2269 2421 2316 mercatum
2468 2277 2563 2316 seu
2594 2262 2831 2317 tabulata
2875 2263 3124 2330 navium;
3164 2264 3340 2333 stirps,
3388 2264 3442 2319 id
3470 2276 3555 2319 est
3601 2267 3720 2320 vir-

2121 2350 2289 2420 gulta,
2319 2366 2438 2422 quas
2460 2350 2618 2419 juxta
2655 2353 2901 2408 arborem
2933 2361 3247 2420 nascuntur,
3282 2354 3361 2409 vel
3386 2356 3720 2425 progenies;

2120 2441 2416 2510 pampinus,
2457 2440 2512 2495 id
2550 2448 2634 2496 est
2674 2440 2858 2498 lolium
2881 2442 3006 2497 vitis
3036 2460 3051 2497 :
3080 2450 3208 2498 sunt
3232 2443 3419 2498 incerti
3467 2446 3721 2512 generis,

2121 2529 2174 2584 id
2207 2540 2291 2585 est
2314 2531 2594 2585 masculini
2619 2532 2909 2597 etneutri;
2951 2532 3139 2601 duplex
3181 2533 3323 2587 enim
3345 2532 3724 2589 nominativus

2119 2620 2393 2675 invenitur
2409 2661 2424 2686 ,
2441 2621 2491 2675 id
2512 2629 2595 2675 est
2607 2621 2785 2690 {renus
2808 2622 3109 2692 etfreuum;
3139 2621 3345 2692 clypeus
3369 2631 3423 2675 et
3446 2623 3718 2691 clypeum.

2135 2709 2327 2781 Vulgus
2369 2721 2547 2766 autem
2586 2721 2642 2767 et
2672 2730 2853 2781 specus
2907 2714 2960 2768 iu
3010 2728 3116 2767 una
3169 2711 3551 2766 terminatione
3603 2727 3726 2767 mae

2118 2800 2314 2857 sculini
2340 2810 2398 2857 et
2433 2803 2607 2857 neutri
2630 2804 2842 2874 generis
2878 2810 3022 2858 sunt.
3079 2801 3388 2865 Feminino,
3422 2801 3476 2865 i,
3500 2816 3530 2854 a
3551 2840 3573 2867 ,
3597 2817 3628 2856 ε
3649 2843 3665 2869 ,
3689 2800 3723 2855 d

2120 2890 2228 2965 [F.
2285 2893 2430 2965 ipsas
2460 2893 2681 2951 arbores
2737 2910 2879 2966 saepe
2930 2892 3217 2966 dicimus],
3244 2894 3370 2963 quia
3414 2893 3725 2964 aliquando

2123 2984 2405 3039 masculini
2454 2986 2670 3054 generis
2700 2986 2971 3040 invenitur
3004 2993 3064 3040 ut
3104 2984 3345 3040 oleaster.
3395 2983 3637 3040 Scutum
3686 3001 3719 3039 a

2123 3072 2453 3128 rotunditate
2481 3072 2698 3127 dicitur.
2743 3072 2964 3128 Femina
2994 3088 3112 3142 qum
3135 3087 3303 3143 panes
3349 3072 3597 3138 coniicit,
3637 3074 3722 3144 pi.

442 3140 607 3223 veluti
646 3140 920 3223 sermo-iet
951 3167 1154 3236 reliqua
1196 3140 1542 3236 homonyma,
1594 3165 1648 3220 id
1698 3174 1784 3221 est
1820 3165 2014 3220 uuino-
2044 3140 2090 3200 Ο
2122 3163 2292 3219 strilla
2321 3164 2537 3229 dicitur,
2564 3180 2657 3219 seu
2685 3180 2781 3220 vas
2810 3164 2864 3221 in
2895 3180 3000 3235 quo
3015 3140 3289 3221 miscetur
3322 3180 3463 3234 aqua
3490 3140 3720 3233 farinae,

440 3257 552 3313 mia
592 3257 672 3312 vel
707 3257 951 3311 univoca.
982 3255 1182 3326 Nepos,
1206 3255 1348 3324 ﬁlius
1395 3255 1535 3322 ﬁlii;
1594 3254 1899 3308 luxuriosus
1937 3252 2020 3308 vel

425 3345 689 3416 prodigus
750 3345 966 3400 dicitur.
1009 3345 1317 3415 Synonyma
1361 3352 1415 3397 et
1462 3343 1804 3414 polyonyma.
1839 3342 1892 3397 id
1937 3350 2021 3397 est

442 3432 765 3505 plurinomia
799 3433 882 3487 vel
928 3432 1234 3487 multivoca.
1282 3432 1438 3487 Aries
1478 3440 1561 3485 est
1591 3431 1815 3495 animal,
1864 3428 2019 3483 Aries

440 3533 530 3581 est
580 3525 792 3594 signum
858 3524 911 3578 in
966 3523 1124 3588 ctelo,
1187 3524 1346 3579 Aries
1402 3525 1890 3579 machinamentum
1949 3527 2017 3579 ad

446 3614 828 3669 destruendum
878 3614 1201 3670 munitiones
1253 3629 1547 3669 murorum.
1617 3614 1776 3669 Acies
1824 3614 2020 3669 dicitur

443 3704 741 3770 oculorum,
791 3706 937 3762 acies
961 3705 1109 3770 l‘erri,
1141 3706 1288 3762 acies
1335 3707 1626 3763 exercitus.
1678 3705 1735 3761 ln
1765 3708 1849 3761 his
1900 3723 2020 3777 qum

445 3792 633 3848 Grates
648 3804 793 3859 sunt,
832 3811 881 3849 m
903 3811 980 3867 gs
1006 3811 1035 3851 r
1080 3797 1398 3851 subauditur
1433 3795 1526 3868 [F.
1557 3797 1726 3868 magis
1773 3796 2017 3852 Graecam

446 3886 778 3941 servabimus
823 3887 1058 3957 regulam
1090 3886 1111 3960 ]
1143 3903 1305 3957 quam
1351 3888 1618 3953 Latinam,
1669 3890 1795 3959 quia
1844 3890 2018 3959 qualis

438 3983 530 4033 est
558 3978 863 4033 terminatio
889 3994 1075 4034 eorum
1104 3980 1243 4049 apud
1283 3979 1518 4044 Grmeos,
1549 3980 1735 4035 eadem
1774 3992 2020 4036 Servatur

442 4074 502 4124 et
520 4068 658 4138 apud
683 4068 895 4123 latinos.
920 4069 1390 4138 Agamemnoniae,
1420 4067 1670 4140 Mycenae,
1690 4070 1742 4124 id
1764 4078 1867 4137 est,
1892 4071 2017 4140 quia

438 4158 772 4231 Agamemno
802 4161 873 4215 ibi
902 4150 1178 4231 regnabat.
1210 4160 1342 4215 Alia:
1371 4162 1559 4217 mediae
1588 4162 2014 4233 signiﬁcationis,

2123 3251 2237 3307 sive
2260 3252 2427 3322 ipsius
2472 3254 2664 3309 domus
2709 3269 2903 3309 nomen
2956 3253 3360 3308 diminutivum.
3419 3253 3721 3319 Tereum,

2123 3343 2177 3399 id
2200 3351 2284 3399 est
2314 3352 2589 3399 tornatam
2614 3385 2629 3410 ,
2663 3345 2747 3400 vel
2768 3344 2909 3399 bulla
2943 3361 3062 3415 qua:
3086 3345 3146 3398 lit
3171 3345 3226 3399 in
3254 3360 3393 3415 aqua
3416 3385 3433 3411 ,
3489 3345 3578 3401 vel
3638 3345 3725 3420 (ut

2120 3434 2338 3503 quidam
2384 3434 2589 3508 dicunt)
2629 3451 2690 3491 so
2731 3451 2793 3490 us
2824 3436 3077 3490 thoracis.
3132 3435 3390 3506 Euterpe,
3420 3435 3476 3490 id
3507 3444 3603 3491 est
3624 3454 3723 3491 no-

2121 3538 2242 3579 men
2283 3540 2469 3579 musm.
2525 3522 2754 3590 Gummi,
2801 3526 2854 3581 id
2915 3535 2999 3581 est
3045 3542 3215 3598 genus
3265 3528 3458 3580 resina:
3518 3536 3721 3597 aptum

2120 3614 2418 3671 medicinae.
2451 3614 2637 3687 Frugi,
2665 3617 2717 3671 id
2747 3625 2829 3672 est
2855 3631 3052 3685 parcus
3079 3616 3161 3671 vel
3191 3617 3487 3671 modestus.
3538 3615 3723 3671 Nihili

2120 3704 2261 3760 idem
2313 3714 2398 3761 est
2440 3707 2584 3777 quod
2631 3706 2784 3761 nihil.
2843 3704 3113 3773 Pumilio,
3144 3722 3339 3778 parvus
3386 3706 3719 3763 humunciu.

2721 3798 2795 3852 De
2837 3814 3074 3853 numero.

2209 3889 2474 3945 Numerus
2519 3890 2717 3945 dicitur
2762 3905 2794 3944 a
2836 3891 3071 3945 nummis
3114 3891 3485 3956 numerandis,
3536 3893 3635 3949 vel
3686 3910 3718 3947 a

2118 3983 2350 4051 quadam
2390 3978 2490 4035 dea
2542 3978 2818 4035 Numeria.
2874 3979 3194 4051 Singularis,
3243 3981 3296 4036 id
3345 3990 3430 4037 est
3479 3985 3723 4040 certitas

2119 4070 2445 4141 quantitatis.
2505 4069 2754 4136 Pluralis,
2790 4070 2844 4125 id
2873 4080 2958 4127 est
2982 4072 3239 4137 incertus,
3276 4074 3378 4129 hoc
3408 4081 3495 4129 est
3521 4076 3727 4138 multi-

2116 4159 2335 4229 plicatio
2373 4159 2658 4214 unitatum.
2715 4159 2811 4215 Est
2852 4160 3024 4216 dualis
3049 4177 3322 4218 numerus.
3374 4164 3568 4220 Dualis
3616 4183 3725 4221 nu-

446 4251 605 4307 idest
641 4253 763 4322 quia
795 4252 1007 4321 quando
1036 4252 1157 4306 dico
1184 4269 1422 4322 magnus,
1463 4253 1639 4307 adhue
1682 4253 1906 4323 pendet;
1937 4252 2018 4307 vel
2119 4267 2299 4307 merus
2342 4252 2540 4308 dicitur
2568 4293 2583 4318 ,
2641 4252 2766 4321 quia
2820 4267 2918 4307 nec
2965 4253 3254 4323 singularis
3306 4256 3517 4309 muneri
3582 4266 3674 4312 est
3702 4299 3721 4323 ,

442 4342 566 4398 ideo
591 4343 779 4398 mediae
807 4341 1233 4413 signiﬁcationis,
1265 4343 1390 4411 quia
1429 4343 1497 4397 ad
1535 4343 1734 4397 bonum
1774 4341 1856 4396 vel
1903 4357 2018 4396 ma-
2118 4360 2219 4400 nec
2256 4344 2477 4415 pluralis
2514 4345 2566 4399 in
2604 4354 2832 4400 tantum.
2894 4345 3137 4400 lllieituzn
3177 4345 3320 4399 enim
3372 4354 3458 4400 est
3496 4347 3720 4412 dicere.

397 4432 555 4487 .lum
609 4432 933 4496 referuntur,
989 4441 1046 4486 ut
1096 4448 1314 4502 magnus
1370 4434 1634 4503 magister,
1690 4439 1747 4486 et
1796 4437 2285 4503 magnusnomuis
2320 4436 2445 4490 duo.
2495 4436 2757 4491 Similiter
2793 4444 2878 4492 est
2934 4434 3315 4491 ineonveuiens
3366 4442 3425 4489 ut
3464 4436 3720 4501 dicatur.

439 4523 601 4578 latro.
630 4523 749 4577 Alia
788 4524 995 4593 patriae,
1026 4523 1080 4577 id
1108 4534 1212 4588 est,
1247 4524 1421 4592 patria
1449 4532 1533 4578 est
1560 4523 1751 4578 civitas
1803 4521 1857 4575 in
1910 4537 2013 4591 qua

444 4617 565 4686 quis
613 4618 883 4680 nascitur,
919 4618 1003 4670 vel
1041 4624 1183 4670 terra
1227 4614 1477 4682 adjacens
1524 4613 1748 4669 civitati.
1805 4611 2015 4666 Primus

443 4705 512 4759 de
553 4704 754 4769 multis,
802 4706 853 4759 id
888 4712 990 4768 est,
1028 4706 1152 4773 quia
1184 4707 1416 4772 speciem
1468 4704 1633 4758 habet
1683 4700 2012 4772 superlativi.

444 4796 606 4850 Prior
628 4796 693 4851 de
718 4795 945 4860 duobus,
994 4795 1046 4848 id
1082 4806 1181 4858 est,
1220 4804 1276 4850 et
1302 4794 1401 4849 iste
1450 4792 1683 4863 speciem
1737 4806 2017 4860 compara-

444 4888 559 4953 tivi,
587 4887 710 4956 quia
741 4889 807 4941 de
832 4887 1039 4941 duobus
1069 4886 1198 4940 facit
1223 4885 1698 4953 comparationem.
1756 4880 2013 4946 Comedo,

441 4980 498 5035 id
530 4988 614 5034 est
640 4995 803 5033 vorax
836 4978 947 5032 sive
978 4979 1138 5031 tinea.
1173 4975 1356 5045 Palpo,
1386 4975 1436 5028 id
1463 4973 1766 5029 estavicula
1794 4971 2012 5041 papilio,

440 5070 527 5126 vel
552 5086 745 5135 caecus,
778 5069 862 5125 vel
897 5070 1052 5124 latro.
1083 5067 1512 5138 Comparationis
1537 5065 1604 5133 gi
1645 5063 1867 5136 [genera
1891 5071 2016 5117 sunt

441 5162 572 5236 tria]
603 5180 617 5216 :
647 5162 979 5231 comparatio
1017 5160 1213 5214 dicitur
1240 5157 1453 5213 collatio
1490 5154 1763 5219 similium,
1797 5168 1915 5221 qua:
1945 5168 2012 5207 ex

442 5253 663 5308 alterius
703 5253 988 5307 collatione
1028 5250 1251 5305 alterum
1282 5246 1515 5319 praefert.
1554 5243 1848 5314 Aliquando
1868 5258 2016 5298 eom-

441 5344 738 5413 parativns,
761 5352 816 5397 et
846 5343 908 5397 si
945 5342 1169 5397 ulterior
1209 5349 1266 5394 et
1304 5339 1547 5407 superior
1599 5345 1757 5404 atque
1791 5333 2014 5389 inferior

443 5435 792 5504 comparativi
831 5435 1143 5489 derivantnr
1165 5434 1233 5486 ab
1257 5431 1544 5494 adverbiis,
1579 5428 1737 5492 ultra,
1765 5445 1921 5497 supra
1960 5436 2015 5481 et

441 5522 602 5591 infra.
659 5522 790 5576 Nam
831 5523 1091 5591 positivus
1114 5538 1147 5591 p
1169 5530 1223 5576 et
1251 5538 1279 5575 a
1305 5522 1317 5575 i
1350 5521 1621 5590 pel-feetus
1651 5525 1733 5570 est
1755 5532 1933 5577 sensu,
1960 5524 2015 5569 et

442 5612 716 5667 absolutus
738 5630 765 5665 a
794 5629 917 5667 casu
954 5631 965 5665 :
1005 5612 1151 5666 Marc
1182 5612 1451 5665 Ponticum
1483 5610 1516 5661 d
1543 5628 1573 5679 (ι
1597 5626 1624 5661 c
1652 5624 1701 5661 ut
1737 5608 1753 5659 i
1786 5605 2012 5677 [dulcius

442 5715 596 5770 git-ut
632 5713 816 5753 «rtem
851 5702 1079 5771 marini;
1131 5702 1301 5769 major
1328 5701 1471 5755 enim
1500 5708 1641 5752 esset
1685 5697 2013 5766 conparatio

2122 4542 2296 4580 omnes
2351 4525 2455 4579 duo
2508 4525 2594 4581 vel
2645 4525 2830 4591 ambo,
2874 4534 2933 4579 ut
2986 4526 3121 4580 solet
3157 4525 3224 4579 de
3266 4524 3480 4579 caneris
3518 4542 3724 4581 nume-

2122 4633 2303 4672 rorum
2340 4618 2645 4672 nominibus
2693 4617 2819 4672 dici.
2860 4616 3098 4671 Dicimus
3149 4616 3325 4680 enim,
3357 4631 3539 4668 omnes
3578 4628 3722 4681 tres,

2120 4726 2295 4764 omnes
2322 4718 2568 4779 quatuor,
2596 4715 2701 4763 etc.
2735 4707 3021 4778 Pompeius
3048 4707 3152 4762 hoc
3170 4707 3328 4759 modo
3353 4705 3485 4759 dicit
3509 4720 3525 4759 :
3559 4706 3722 4760 Dua-

2119 4799 2185 4855 lis
2232 4809 2317 4855 est
2350 4799 2440 4869 qui
2470 4799 2605 4854 duos
2634 4807 2840 4853 tantum
2871 4797 3156 4867 significat;
3180 4797 3394 4866 quando
3423 4796 3551 4851 dico
3576 4797 3721 4861 duo,

2120 4906 2293 4960 neque
2358 4905 2524 4943 unum
2584 4904 2801 4959 possum
2857 4886 3179 4958 signiﬁcare,
3241 4898 3418 4954 neque
3476 4885 3718 4942 multos.

2124 4978 2273 5033 lianc
2300 4988 2476 5031 tamen
2515 4978 2779 5032 rationem
2820 4975 3130 5030 Priscianus
3179 4976 3389 5045 penitus
3442 4975 3716 5030 destruit.

2122 5071 2260 5126 Sunt
2298 5072 2459 5124 etiam
2486 5085 2679 5134 n,n,c,
2713 5067 2734 5141 [
2763 5067 2979 5122 nomina
3004 5081 3228 5120 numero
3252 5065 3563 5120 communia
3589 5064 3615 5138 ]
3642 5083 3720 5122 eo

2120 5161 2259 5230 quod
2288 5159 2495 5228 aliquos
2531 5175 2688 5214 casus
2718 5159 2771 5212 in
2796 5165 3022 5227 utroque
3057 5170 3280 5210 numero
3312 5156 3364 5208 in
3386 5170 3493 5209 una
3518 5154 3718 5211 littera

2122 5250 2335 5304 habent.
2371 5248 2596 5319 Semper
2620 5248 2868 5319 pluralia;
2899 5263 3076 5301 manes
3115 5246 3238 5301 inde
3265 5246 3519 5300 dicuntur
3538 5247 3724 5316 spiri-

2119 5352 2226 5406 tus,
2265 5342 2388 5411 quia
2413 5356 2626 5410 semper
2657 5348 2895 5403 manent,
2926 5339 3007 5394 vel
3030 5338 3153 5408 quia
3181 5353 3278 5406 per
3298 5350 3422 5390 aera
3450 5349 3717 5401 manant,

2120 5433 2171 5487 ill
2192 5441 2274 5487 est
2305 5430 2529 5484 inﬂuunt
2556 5430 2621 5483 ad
2652 5445 2788 5484 nova
2829 5443 3072 5498 corpora.
3106 5427 3335 5492 Quirites
3382 5440 3581 5480 nomen
3619 5436 3718 5482 cst

2118 5523 2286 5594 plebis
2319 5523 2371 5576 in
2424 5521 2580 5576 Creta
2630 5520 2824 5583 insula,
2872 5519 3017 5573 velut
3056 5517 3144 5570 alii
3193 5517 3423 5586 quirites
3462 5515 3719 5572 Romani

2183 5644 2208 5670 ⁸
2234 5642 2340 5689 Jatu
2365 5639 2549 5696 senior,
2574 5634 2661 5681 sed
2686 5647 2771 5681 cru
2792 5633 2830 5677 'a
2863 5630 2958 5696 deo
2977 5631 3021 5677 vi
3053 5628 3238 5696 illisque
3265 5630 3508 5696 semitas.

2855 5695 3045 5754 (Virg,
3065 5688 3328 5745 diuum“,
3348 5690 3477 5740 305.)
