3962 6198
302 380 407 436 675

1116 375 1499 431 EXCERPTlO
1539 375 1625 429 DE
1660 375 1845 430 ARTF.
1879 375 2324 432 GRAMMATICA
2368 377 2724 434 PRISCIANI.

3427 379 3533 437 στι

303 492 427 547 dicti
474 497 621 555 sunt,
665 507 695 544 a
744 492 970 559 quadam
1018 491 1232 544 t‘ivitate
1277 490 1619 550 Sabinorum,
1673 491 1723 543 id
1762 499 1865 552 est,
1896 490 1940 548 A
1969 489 2251 557 septimum
2280 489 2520 544 obtineat
2550 489 2744 545 locum.
2785 489 3102 558 llmwptota,
3132 489 3184 543 id
3211 498 3287 542 est
3314 490 3406 559 qui
3426 506 3533 547 una

305 581 567 638 curribus.
598 578 828 634 Cancelli
858 580 976 633 ideo
1001 579 1219 648 pluralis
1244 579 1453 633 numeri
1478 590 1582 644 est,
1607 579 1729 647 quia
1764 594 1870 633 non

303 679 477 743 potest
508 671 611 724 ista
642 684 730 723 res
754 670 820 723 de
848 685 951 722 una
984 685 1041 723 re
1067 668 1205 732 ﬁeri,
1230 669 1323 723 sed
1352 670 1418 722 de
1446 668 1648 723 multis.
1704 668 1868 723 Sinti-

304 764 424 818 litcr
447 776 643 831 δεῦρ-σε,
699 761 874 824 scalae,
899 761 1188 830 quadriga},
1210 769 1314 815 etc.
1356 759 1607 814 Kalendae
1631 773 1650 811 :
1679 760 1734 815 in
1780 775 1871 815 ac-

302 853 557 905 eensione
619 852 803 921 prima:
854 850 994 904 luna:
1058 850 1308 905 sacerdos
1366 848 1628 904 idolorum
1678 850 1868 904 iterata

304 957 430 996 voce
454 942 633 998 dicere
667 941 887 997 solebat.
919 940 1055 1005 calo,
1084 940 1218 1003 calo,
1253 940 1304 993 id
1332 951 1416 995 est
1439 956 1585 995 voco.
1611 940 1737 995 inde
1759 938 1870 994 Ka-

302 1032 467 1085 lentia!
505 1034 815 1086 vocationes
855 1031 1125 1084 dicuntur.
1166 1030 1450 1094 Nundimr,
1484 1031 1587 1085 hoc
1614 1038 1715 1094 est,
1758 1045 1872 1085 em-

303 1124 530 1192 ptiones.
570 1122 628 1175 ιιι
671 1122 1099 1177 solemnitatibus
1125 1121 1264 1174 enim
1292 1120 1691 1175 sacriﬁciorum
1730 1136 1870 1174 mer-

301 1213 539 1267 ‹·;ιιίοιιεε
585 1211 699 1266 ﬁeri
751 1212 966 1274 solent,
1024 1211 1110 1265 vel
1160 1210 1316 1264 aliter
1354 1210 1625 1274 nundinm,
1682 1210 1734 1263 id
1787 1218 1871 1264 est

302 1318 489 1355 novem
525 1303 641 1357 dies
688 1303 755 1356 ab
798 1302 975 1355 Idibus
1006 1310 1152 1355 retro
1196 1315 1365 1370 usque
1414 1299 1614 1353 Nonas.
1672 1299 1865 1365 Feria',

300 1387 350 1440 id
396 1398 481 1443 est
518 1390 846 1453 vacationes,
873 1389 1077 1444 dictam
1101 1389 1284 1458 fando,
1324 1389 1447 1458 quia
1477 1390 1530 1442 in
1561 1391 1871 1443 conventio-

300 1477 456 1532 nibus
492 1478 703 1535 diversa
736 1478 1168 1549 pronuntiantur.
1198 1476 1501 1547 Quadriga’,
1532 1478 1583 1531 id
1616 1486 1698 1531 est
1713 1478 1867 1547 quasi

299 1566 629 1639 quadrijugze
662 1584 689 1621 a
737 1576 965 1636 quatuor
1018 1566 1173 1635 equis
1224 1567 1579 1633 trahentibus.
1635 1567 1864 1638 Nuptiae,

300 1659 719 1723 matrimonium,
762 1675 867 1712 non
910 1658 1012 1712 nisi
1052 1674 1149 1728 per
1177 1658 1282 1712 duo
1329 1656 1573 1713 eﬂicitur.
1630 1657 1744 1713 Pus
1770 1660 1868 1714 ali-

297 1747 510 1816 quando
534 1747 931 1816 corruptionem
963 1746 1259 1816 sanguinis,
1296 1747 1580 1816 aliquando
1616 1757 1863 1819 stagnum

1970 578 2343 632 terminatione
2366 593 2462 648 pcr
2481 594 2667 633 onmes
2689 594 2851 633 casus
2892 577 3200 647 funguntur,
3254 579 3392 634 sicut
3436 593 3534 635 no-

1968 667 2113 721 mina
2138 682 2479 723 numerorum
2503 678 2559 723 et
2586 669 2900 724 litterarum.
2917 670 3103 738 Aptata
3126 683 3255 724 vero
3284 681 3537 739 suntqua

1971 774 2077 812 non
2121 758 2319 813 habent
2373 759 2475 813 nisi
2526 774 2690 812 unum
2720 775 2926 824 casum,
2958 768 3015 813 ut
3059 770 3257 829 sponte.
3304 760 3534 830 Diptota,

1970 847 2023 901 id
2044 858 2148 911 est,
2188 848 2311 901 bina
2359 848 2612 911 casualia,
2656 857 2713 902 ut
2761 849 2972 917 pascha.
3028 847 3290 917 Triptota,
3330 848 3383 903 id
3431 858 3536 915 est,

1972 937 2108 990 trina
2137 937 2389 1001 casualia,
2416 946 2475 992 ut
2501 954 2668 991 musa.
2703 937 3016 1006 Tetraptota,
3051 938 3101 990 i.l
3127 946 3211 992 est
3252 948 3537 1007 quaterna,

1972 1035 2049 1089 ut,
2107 1026 2368 1093 magister.
2409 1024 2741 1095 Pentaptota,
2770 1026 2822 1079 id
2870 1034 2952 1080 est
2993 1027 3155 1095 quina
3204 1026 3438 1081 casualia
3478 1036 3538 1081 ut

1969 1116 2168 1169 doctus.
2207 1115 2517 1185 [lea-aptata,
2550 1117 2598 1169 id
2630 1127 2712 1171 est
2740 1131 2891 1182 sena,
2928 1132 3046 1186 qua:
3071 1133 3165 1172 sex
3213 1118 3539 1173 mutationes

1970 1220 2188 1259 casuum
2228 1206 2456 1269 habent,
2485 1215 2541 1259 ut
2568 1224 2722 1261 unus.
2772 1205 2969 1277 Frugi,
3009 1208 3057 1261 id
3105 1217 3188 1261 est
3225 1209 3535 1272 abstinens,

1968 1294 2052 1348 vel
2087 1311 2297 1364 parcus,
2322 1296 2447 1364 quia
2484 1298 2655 1365 parcit
2683 1296 2941 1367 frugibus.
2977 1298 3164 1362 Nihili,
3210 1299 3259 1351 id
3302 1306 3383 1352 est
3418 1300 3537 1352 inu-

1970 1385 2110 1446 tilis,
2153 1386 2243 1453 qui
2288 1386 2420 1440 nihil
2449 1387 2606 1441 valet.
2668 1387 2940 1457 Nequam,
2973 1388 3024 1441 id
3053 1397 3133 1443 est
3188 1389 3416 1455 injustas
3452 1390 3533 1443 vel

1969 1475 2201 1544 iniquus.
2231 1474 2359 1540 Fas,
2387 1476 2436 1530 id
2463 1486 2545 1530 est
2568 1477 2705 1545 quod
2736 1478 2953 1547 dignum
2978 1486 3058 1532 est
3098 1477 3216 1532 fari.
3259 1479 3443 1547 Nefas,
3484 1480 3536 1531 izl

1967 1573 2047 1620 est
2073 1565 2212 1633 quod
2244 1564 2346 1618 dici
2384 1564 2646 1618 nefarium
2693 1574 2791 1618 est.
2851 1566 3062 1619 Numeri
3096 1566 3446 1628 declinantur,
3480 1567 3529 1619 id

1966 1664 2051 1709 est
2075 1655 2288 1709 nomina
2318 1671 2686 1709 numerorum.
2737 1655 2889 1709 llunc
2919 1658 3150 1720 la'erent,
3176 1657 3227 1709 id
3248 1666 3329 1711 est
3346 1673 3535 1712 omnes

1970 1762 2131 1801 casus
2164 1747 2305 1800 illius
2348 1747 2586 1801 nominis
2617 1749 2976 1811 inveniuntur,
3008 1749 3245 1817 exceptis
3292 1749 3537 1802 nomina-

296 1853 470 1908 aqum,
517 1837 806 1907 aliquanlo
863 1847 1125 1891 tumorem
1179 1836 1230 1890 in
1279 1853 1522 1906 corpore,
1578 1838 1866 1907 al‘qnanrlo
1894 1830 1939 1887 Β
1970 1837 2079 1890 tivo
2110 1846 2164 1892 et
2187 1839 2451 1890 vocativo.
2508 1837 2731 1900 Ditiuue,
2782 1837 2939 1891 idest
2980 1845 3261 1905 potestate.
3320 1836 3531 1907 Sponte,

294 1928 592 1983 custodiam
636 1926 920 1998 signiﬁcat.
955 1927 1079 1981 Inde
1109 1927 1537 1997 diciturcorpus,
1568 1939 1623 1981 ut
1648 1929 1864 1996 quidam

296 2015 499 2080 volunt,
561 2016 712 2084 quasi
750 2016 928 2070 cordis
982 2016 1245 2078 custodia,
1298 2017 1391 2070 sed
1442 2017 1631 2071 melius
1684 2028 1760 2070 est
1810 2025 1869 2071 ut

294 2120 488 2175 corpus
519 2105 643 2159 inde
669 2105 879 2159 dicatur
914 2105 1036 2179 quia
1069 2106 1340 2174 corrumpi
1368 2114 1561 2174 potest.
1610 2107 1691 2159 Ad
1718 2123 1863 2159 men-

292 2211 494 2259 suram,
523 2194 574 2247 id
596 2202 681 2249 est
706 2194 756 2248 in
779 2194 1014 2262 liquidis.
1053 2192 1142 2246 Vel
1163 2194 1385 2263 pondus,
1414 2194 1465 2248 id
1492 2206 1576 2249 est
1602 2195 1654 2248 in
1676 2196 1863 2250 aridis.

295 2283 509 2347 Maenia,
538 2284 589 2338 id
616 2292 700 2338 est
730 2283 975 2346 mdiﬁcia,
1034 2283 1099 2337 ad
1136 2283 1410 2337 munimen
1436 2282 1669 2338 civitatis
1702 2283 1862 2339 facta.

294 2371 554 2434 Floralia,
584 2372 636 2425 id
657 2382 738 2426 est
767 2372 900 2427 festa
925 2371 1040 2426 dem
1064 2371 1258 2437 Florte,
1287 2387 1406 2443 qua:
1429 2372 1710 2429 fuitverno
1734 2385 1867 2429 tem-

292 2477 442 2531 pore,
470 2461 690 2531 quando
727 2461 907 2517 Terrm
945 2462 1310 2517 immolabant.
1364 2461 1692 2530 Saturnalia,
1731 2466 1865 2522 festa

293 2551 535 2605 Saturni.
581 2550 916 2622 Compitalia,
970 2552 1021 2606 id
1063 2562 1148 2607 est
1196 2552 1412 2609 Cereris
1444 2553 1603 2620 festa,
1648 2558 1791 2612 dicta
1834 2574 1865 2614 ιι

293 2639 561 2708 compitis,
605 2639 655 2692 id
700 2648 783 2693 est
831 2640 1012 2694 multis
1045 2641 1165 2695 viis.
1218 2641 1473 2712 Populus,
1515 2644 1568 2699 id
1592 2640 1863 2715 estquod

291 2742 355 2782 ex
398 2743 508 2782 uno
557 2737 808 2783 constare
848 2745 952 2784 non
992 2739 1187 2799 potest.
1228 2728 1455 2800 Concio,
1486 2733 1539 2789 id
1562 2743 1643 2790 est
1671 2751 1867 2791 convo-

292 2819 453 2884 catio,
506 2819 589 2874 vel
656 2819 769 2889 ipse
814 2835 1011 2875 sermo.
1064 2821 1306 2888 Athenae,
1354 2831 1410 2878 et
1457 2833 1672 2892 caetera,
1733 2828 1865 2882 civi-

295 2915 431 2962 tates
458 2915 586 2961 sunt
628 2906 868 2963 Graecia.

898 3019 976 3074 De
1034 3021 1226 3093 ﬁgura.

361 3133 558 3204 Figura
603 3142 686 3187 est
724 3134 911 3188 tertias
949 3134 1286 3203 quantitatis.
1321 3132 1535 3199 Potens,
1586 3136 1863 3192 derivatur
1891 3166 1935 3227 ρ

292 3225 510 3276 averho
546 3239 778 3292 possunt,
814 3224 925 3277 sive
956 3223 1128 3291 magis
1172 3224 1387 3277 nomine
1433 3227 1589 3295 potis,
1637 3236 1695 3281 ut
1749 3227 1865 3281 Pri-

292 3315 510 3370 scianus
540 3314 687 3367 dicit.
721 3312 1083 3379 Suburbanus;
1107 3314 1467 3368 suburbanum
1498 3326 1579 3370 est
1612 3318 1868 3387 quidquid

292 3405 598 3479 specialiter
637 3402 811 3473 adius
843 3402 990 3457 urbis
1025 3403 1277 3472 pertinet.
1322 3402 1471 3458 Multi
1511 3405 1695 3459 dicunt
1740 3408 1869 3462 sub-

292 3505 557 3556 urbanum
605 3517 745 3565 esse,
792 3500 884 3569 qui
923 3497 1024 3555 sub
1053 3497 1183 3555 urbe
1226 3497 1449 3563 habitat,
1494 3499 1543 3553 id
1586 3508 1669 3553 est
1714 3501 1868 3571 juxta

292 3608 507 3647 murum
542 3592 840 3649 forinsecus
873 3594 1023 3659 :vel,
1057 3604 1116 3650 ut
1148 3596 1258 3661 alii,
1290 3598 1380 3667 qui
1417 3598 1605 3653 subtus
1655 3598 1866 3665 urbem,

292 3679 347 3737 id
376 3690 457 3736 est
488 3681 727 3736 :cdiliciis
762 3683 949 3737 subtus
987 3692 1185 3737 terram
1231 3684 1554 3739 constructis
1603 3697 1864 3742 moratur.

292 3770 513 3841 Enicas,
526 3771 578 3825 id
600 3782 684 3827 est
696 3781 903 3836 acutus,
918 3774 1071 3842 quasi
1086 3774 1366 3829 ell'ectuum
1380 3774 1630 3844 capale
1640 3778 1866 3847 uniceps,

296 3859 348 3913 id
388 3869 473 3914 est
501 3876 718 3914 munera
759 3861 996 3930 capiens.
1032 3863 1268 3934 lueptus,
1306 3865 1357 3917 id
1388 3876 1471 3920 est
1511 3868 1599 3935 qui
1646 3883 1751 3922 non
1785 3877 1871 3923 est

294 3957 470 4019 aptus.
505 3948 765 4014 Insulsus,
808 3952 896 4018 qui
934 3968 1036 4006 non
1073 3962 1155 4007 est
1203 3954 1407 4020 salsus,
1446 3954 1549 4010 hoc
1594 3964 1697 4021 est,
1740 3957 1871 4011 stul-

296 4047 401 4093 tus.
447 4038 808 4111 Pinnipotens,
845 4043 896 4096 id
936 4051 1019 4098 est
1064 4043 1256 4111 pennis
1294 4052 1502 4114 potens,
1556 4054 1615 4099 ut
1670 4044 1865 4115 aquila.

297 4127 676 4198 Nugigeruz'us,
705 4131 756 4185 id
782 4140 859 4186 est
881 4147 1108 4200 nequam
1124 4132 1370 4202 portitor.
1402 4133 1867 4205 Inexpugnabilis;

298 4224 599 4292 pugnabills
633 4224 784 4279 locus
805 4235 885 4279 est
912 4226 1001 4294 qui
1036 4234 1214 4295 potest
1246 4226 1536 4297 expugnari
1565 4242 1580 4291 ;
1610 4242 1872 4296 expugna-

296 4314 435 4378 bilis,
487 4316 536 4367 id
577 4323 657 4369 est
695 4314 848 4370 valde
894 4315 1222 4386 pugnabilis;
1283 4316 1719 4386 inexpugnabilis,
1777 4316 1867 4386 qui

298 4401 442 4456 nullo
479 4404 635 4457 modo
664 4405 807 4460 valet
832 4405 1145 4474 expugnari.
1188 4405 1289 4459 Alii
1338 4406 1544 4470 dicunt,
1576 4406 1870 4474 pugnabilis

296 4500 352 4548 et
397 4495 756 4564 expugnabilis
785 4512 948 4549 unum
994 4506 1096 4559 est,
1125 4498 1263 4564 quod
1310 4497 1500 4565 probat
1559 4496 1864 4567 Pompeius.
1897 4498 1944 4556 D

301 4579 527 4647 Pra'tor,
583 4582 634 4636 id
688 4592 773 4637 est
812 4582 997 4650 iudex.
1054 4583 1597 4649 Senatusconsultum,
1655 4596 1867 4640 senatus

297 4674 565 4744 genitivus
592 4683 798 4744 quarta:
834 4673 1204 4728 declinationis
1242 4682 1356 4737 est;
1399 4674 1692 4729 consultum
1741 4690 1869 4730 vero

298 4764 679 4828 nominativus,
726 4764 778 4818 id
810 4773 894 4819 est
938 4764 1240 4818 consilium.

917 4895 993 4949 De
1042 4896 1267 4950 casibus.

366 5002 473 5057 Sex
513 5002 729 5071 quidem
770 5012 897 5058 sunt
949 5018 1149 5057 casus:
1184 5003 1565 5068 nominativus,
1608 5020 1638 5059 a
1697 5006 1868 5060 nomi-

299 5094 503 5154 nando;
534 5093 820 5162 genitivus,
837 5110 864 5146 a
888 5094 1222 5163 generando;
1247 5094 1475 5157 dativus,
1493 5109 1523 5148 a
1546 5096 1749 5160 dando;
1778 5111 1868 5151 ac-

297 5182 588 5244 cusativus,
608 5180 1337 5247 abaccusando;voeativus,
1356 5199 1386 5237 a
1414 5185 1681 5248 vocando;
1721 5184 1869 5239 abla-

299 5269 461 5333 tivus,
483 5269 553 5322 ab
571 5268 864 5325 auferendo
883 5271 1090 5337 dictus;
1114 5285 1178 5325 ex
1204 5270 1395 5340 quibus
1415 5272 1521 5325 duo
1543 5271 1673 5325 recti
1704 5273 1869 5327 nomi-

299 5369 495 5413 nantur
518 5381 533 5411 ;
562 5360 654 5413 sed
675 5360 777 5414 hoc
803 5368 979 5414 tamen
1002 5375 1107 5414 non
1141 5359 1201 5414 lit
1222 5362 1275 5414 in
1289 5362 1540 5415 omnibus
1562 5361 1870 5417 nominibus

296 5450 546 5504 secundm
598 5450 970 5505 declinationis
1009 5450 1320 5520 qualitatem
1364 5460 1460 5504 aut
1510 5452 1866 5520 quantitatem

293 5539 741 5611 signiﬁcantibus.
770 5541 979 5611 Reliqui
1018 5556 1150 5597 vero
1174 5541 1398 5610 obliqui,
1440 5540 1493 5595 id
1522 5549 1606 5596 est
1653 5532 1864 5596 retorti.

298 5629 516 5702 Insuper
560 5633 721 5688 etiam
756 5647 918 5686 unum
968 5631 1241 5696 Latinum,
1278 5631 1330 5686 id
1360 5630 1593 5700 estquia
1633 5646 1663 5684 a
1715 5630 1863 5685 Lati-

300 5722 381 5778 nis
408 5733 493 5780 cst
515 5724 787 5790 inventus,
816 5725 1053 5779 nonnulli
1092 5724 1375 5795 septimum
1404 5723 1706 5788 nominant,
1736 5723 1861 5793 quia

1970 1925 2021 1979 id
2046 1934 2132 1979 est
2174 1926 2466 1979 voluntate.
2519 1924 2657 1978 Tabo
2684 1965 2700 1989 ,
2740 1926 2790 1978 id
2822 1934 2904 1979 est
2932 1934 3100 1994 peste.
3140 1925 3283 1977 Natu
3310 1966 3324 1990 ,
3357 1926 3408 1978 id
3451 1933 3530 1980 est

1966 2015 2268 2068 nativitate.
2314 2013 2542 2083 Ignarus
2571 2014 2723 2078 belli,
2754 2015 2805 2067 id
2846 2022 2929 2068 est
2971 2014 3062 2082 qui
3113 2030 3384 2084 utinquam
3421 2016 3534 2070 hel-

1964 2103 2077 2156 lum
2112 2112 2368 2171 expertus
2402 2111 2502 2156 est.
2541 2101 2765 2155 Securus
2795 2119 3056 2167 amorum,
3083 2102 3134 2155 id
3170 2114 3253 2156 est
3299 2104 3389 2171 qui
3441 2120 3534 2158 ne-

1967 2195 2164 2249 minem
2199 2201 2361 2247 amat.
2396 2192 2649 2246 Inimicus
2675 2192 2858 2255 malis;
2891 2193 3085 2247 rectius
3113 2192 3330 2257 dicitur,
3358 2194 3537 2247 inimi-

1964 2301 2056 2339 cus
2099 2285 2224 2338 milii
2265 2295 2363 2348 est,
2412 2298 2575 2351 quam
2635 2283 2875 2337 inimicus
2922 2300 3065 2337 meus
3105 2294 3201 2337 est.
3258 2282 3531 2354 Congruus

1962 2375 2197 2445 paribus,
2230 2374 2283 2429 id
2314 2383 2397 2429 est
2429 2373 2756 2428 conveniens
2796 2373 3085 2428 similibus.
3125 2373 3332 2429 Exosus
3374 2373 3527 2440 bella,

1963 2464 2210 2534 prwscius
2234 2463 2434 2533 futura.
2467 2462 2600 2517 Illud
2629 2470 2710 2518 est
2737 2462 2982 2530 ﬁgurate.
3009 2462 3113 2517 hoc
3144 2471 3247 2525 est,
3281 2479 3385 2519 non
3406 2478 3533 2534 pro-

1965 2555 2103 2624 prie,
2133 2569 2256 2609 nam
2274 2553 2485 2623 quando
2512 2554 2649 2614 dico,
2668 2569 2855 2607 exosus
2880 2551 3032 2617 bella,
3061 2553 3309 2622 prtrscius
3327 2553 3532 2623 futura,

1964 2645 2255 2715 genitivum
2293 2643 2609 2699 naturaliter
2639 2652 2836 2707 tenent,
2865 2644 2918 2698 id
2938 2651 3023 2698 est
3057 2645 3304 2712 prwscius
3333 2644 3535 2713 futuro-

1964 2750 2104 2798 rum;
2127 2734 2213 2788 vel
2238 2734 2395 2788 aliter
2425 2733 2648 2802 figurate
2672 2743 2777 2790 est.
2802 2732 2928 2801 quia
2958 2733 3111 2802 quasi
3143 2733 3261 2786 loco
3307 2733 3532 2802 partici-

1964 2825 2174 2893 piorum
2227 2831 2518 2894 ponuntur,
2546 2830 2627 2886 ut,
2677 2822 2855 2877 adiens
2882 2821 2965 2876 vel
2998 2822 3118 2875 odio
3146 2823 3339 2878 habens
3377 2824 3533 2879 bella.

1966 2915 2073 2971 Sed
2107 2932 2191 2980 ea,
2248 2916 2586 2980 subauditur,
2648 2925 2854 2970 tantum
2902 2923 3028 2970 sunt
3075 2932 3195 2986 quae
3248 2933 3352 2972 non
3410 2926 3536 2974 sunt

1966 3016 2165 3077 aptata.
2194 3006 2250 3062 Si
2284 3023 2414 3062 vero
2437 3025 2465 3062 e
2491 3008 2746 3079 producta
2785 3008 2963 3073 fuerit,
2988 3026 3015 3062 ε
3036 3010 3214 3063 littera
3262 3019 3387 3066 tunc
3410 3028 3535 3082 pro-

1967 3096 2197 3159 ducitur,
2246 3112 2366 3151 cum
2425 3097 2482 3151 iit
2512 3114 2705 3153 nomen
2752 3099 2951 3168 quich
2988 3099 3375 3154 declinationis.
3427 3102 3534 3156 Sed

1968 3186 2082 3239 lucc
2113 3185 2294 3255 regula
2328 3187 2380 3249 d,
2414 3185 2454 3251 Τ,
2480 3203 2534 3257 g,
2563 3202 2618 3255 p,
2646 3187 2658 3239 i
2689 3184 2779 3258 [de
2805 3188 3061 3242 lenduiuo
3087 3203 3281 3258 genere
3319 3199 3538 3259 putatur

1968 3274 2244 3347 intelligi],
2290 3277 2414 3346 quia
2458 3280 2639 3332 omnia
2671 3279 2885 3331 nomina
2924 3278 3122 3348 quintae
3163 3279 3535 3334 declinationis

1968 3366 2212 3422 feminini
2264 3377 2389 3422 sunt
2432 3369 2644 3439 generis
2669 3409 2682 3432 ,
2730 3378 2953 3437 excepto
2998 3369 3105 3421 dies
3132 3408 3146 3433 ,
3176 3370 3316 3437 quod
3356 3378 3532 3424 tamen

1968 3466 2269 3527 utrumque.
2301 3458 2605 3523 invenitur;
2636 3468 2690 3514 et
2734 3460 3007 3526 meridies,
3046 3462 3189 3530 quod
3218 3477 3429 3532 semper
3455 3473 3541 3518 est

1970 3545 2348 3601 mas'euliuum.
2394 3545 2617 3617 Propter
2663 3549 3009 3619 dijferentiam
3037 3590 3053 3616 ,
3092 3551 3144 3605 id
3185 3563 3267 3605 est
3299 3591 3315 3618 ,
3358 3560 3417 3607 ut
3466 3555 3539 3607 sit

1969 3637 2266 3694 tlillereutia
2302 3640 2605 3696 accusativo
2634 3639 2827 3711 plurali
2852 3642 2916 3696 ad
2946 3641 3331 3697 nominativum
3361 3651 3416 3699 ει
3446 3659 3539 3697 vo-

1967 3731 2201 3785 cativum
2251 3731 2531 3801 pluralem,
2580 3733 2706 3801 quia
2740 3733 2784 3787 si
2814 3742 2958 3787 esset
2983 3733 3088 3787 illis
3120 3735 3338 3799 similis,
3380 3749 3536 3789 error

1967 3822 2257 3877 dubietatis
2282 3833 2615 3886 nasceretur,
2645 3823 2758 3877 sive
2788 3830 2846 3875 ut
2878 3821 3179 3876 dill‘erentia
3209 3823 3361 3878 ﬁeret
3391 3824 3535 3878 inter

1967 3915 2258 3968 ablativum
2286 3916 2562 3969 nominum
2592 3915 2817 3969 istorum
2852 3923 2909 3969 et
2934 3930 3118 3969 eorum
3148 3931 3266 3985 qua:
3293 3917 3344 3969 in
3376 3933 3403 3969 e
3428 3924 3534 3971 ter-

1968 4005 2175 4057 minaut
2214 4003 2361 4059 illum
2395 4004 2711 4067 ablativum,
2748 4012 2806 4058 ut
2830 4004 2894 4057 ab
2926 4004 3023 4057 hoc
3045 4013 3210 4072 patre.
3268 4004 3399 4059 Nam
3439 4021 3536 4059 no-

1970 4096 2215 4151 minativi
2250 4095 2548 4166 singulares
2581 4094 2851 4150 terminati
2883 4095 2927 4147 is
2966 4092 3189 4162 syllaba,
3220 4092 3311 4162 qui
3347 4093 3536 4148 ablati-

1969 4203 2093 4241 vum
2124 4186 2449 4257 singularem
2478 4187 2533 4240 in
2562 4187 2580 4239 i
2607 4185 2819 4249 ﬁniunt,
2859 4183 3225 4241 accusativum
3272 4182 3533 4252 pluralem

1969 4280 2168 4335 rectius
2204 4295 2301 4350 per
2338 4281 2382 4334 is
2409 4295 2567 4349 quam
2591 4294 2687 4349 per
2711 4295 2764 4333 es
2786 4278 3102 4349 proferunt;
3146 4276 3228 4332 vel
3263 4276 3439 4338 aliter,
3479 4284 3539 4330 ιιι

1970 4370 2339 4440 hujuscemodi
2379 4371 2719 4428 accusativus
2753 4368 3106 4423 dill‘erentiam
3151 4367 3355 4422 faceret
3396 4366 3539 4422 inter

1972 4459 2058 4512 illa
2086 4458 2304 4514 nomina
2343 4475 2463 4529 qua:
2496 4459 2789 4530 genitivum
2822 4456 3082 4527 pluralem
3118 4457 3418 4521 nominum,
3442 4458 3536 4513 sed

1971 4549 2024 4602 iu
2056 4566 2142 4602 um
2186 4550 2405 4605 faciunt.
2442 4550 2581 4621 Ergo
2608 4565 2727 4620 qua:
2756 4550 2809 4604 in
2842 4549 2949 4602 ium
2977 4550 3196 4603 mittunt
3244 4549 3537 4618 genitivum

1970 4639 2250 4708 pluralem,
2280 4640 2470 4696 melius
2506 4644 2868 4697 accusativum
2917 4640 3180 4711 pluralem
3223 4641 3275 4694 in
3307 4641 3351 4694 is
3405 4640 3535 4696 επε-

1971 4738 2117 4782 runt.
2152 4729 2229 4783 Ab
2258 4731 2355 4784 hac
2386 4730 2558 4784 domo.
2590 4728 2697 4785 Nos
2724 4736 2902 4785 tamen
2930 4731 3015 4784 ha‘.
3038 4745 3189 4784 emus
3216 4730 3269 4783 in
3300 4745 3396 4784 usu
3429 4738 3540 4785 tres

1970 4832 2128 4873 casus
2182 4819 2338 4889 juxta
2403 4821 2697 4875 secundam
2758 4820 3188 4885 declinationem,
3250 4818 3539 4876 ablativum
3584 4807 3597 4820 ’

1971 4911 2336 4981 singularem,
2391 4912 2685 4985 genitivum
2726 4920 2781 4967 et
2836 4913 3200 4967 accusativum
3257 4909 3536 4979 pluralem.

1973 5000 2049 5053 Ab
2089 5002 2186 5055 hoc
2205 5002 2414 5071 jugera.
2454 5001 2634 5071 Jugcr,
2666 5004 2716 5056 in
2746 5002 3074 5074 longitudine
3111 5002 3368 5056 ducentos
3414 5013 3541 5069 qua-

1972 5091 2217 5163 draginta
2251 5094 2435 5162 pedes,
2469 5095 2597 5149 etin
2621 5093 2956 5147 latitudinem
2984 5102 3199 5148 centum
3236 5092 3420 5161 viginti
3444 5091 3542 5144 ha-

1973 5185 2082 5241 bet.
2129 5183 2318 5242 Verum
2360 5186 2759 5242 meminerimus.
2805 5186 2999 5260 Verum
3039 5199 3135 5256 pro
3178 5183 3268 5237 sed
3302 5183 3536 5252 ponitur.

1974 5273 2326 5343 Euphoniam,
2370 5275 2423 5329 id
2452 5283 2554 5337 est,
2584 5276 2777 5329 bonam
2803 5275 3171 5329 sonorilatem.
3215 5271 3384 5340 Quam
3412 5288 3542 5325 anu-

1972 5361 2183 5431 logiam,
2209 5362 2262 5416 id
2282 5370 2384 5427 est,
2402 5363 2736 5418 collationem
2761 5362 3033 5426 similium,
3061 5370 3118 5416 ut
3139 5362 3341 5425 doctus,
3364 5369 3538 5429 aptus.

1967 5452 2177 5516 Itumus,
2204 5453 2409 5506 domus.
2462 5453 2591 5520 Qua:
2620 5453 2677 5507 lit
2714 5461 2837 5507 octo
2880 5453 3055 5508 modis
3098 5468 3187 5507 sex
3231 5450 3543 5507 accidentiis

1968 5542 2216 5605 nominis,
2243 5544 2582 5598 extremitate
2606 5551 2659 5598 et
2686 5543 2891 5597 ratione
2929 5552 3246 5614 temporum.
3286 5541 3342 5597 Si
3383 5540 3546 5612 igitur

1967 5632 2155 5686 horum
2184 5633 2360 5687 minus
2386 5631 2588 5701 aliquid
2621 5631 2781 5687 fuerit
2806 5634 3040 5697 nomini,
3070 5633 3137 5688 ad
3164 5634 3306 5703 quod
3331 5630 3546 5686 tollatio

1968 5721 2146 5790 fuerit,
2184 5722 2294 5793 jam
2337 5736 2441 5778 non
2480 5722 2643 5777 stabit
2683 5721 2820 5778 ratio
2855 5722 3144 5796 analogizo,
3190 5732 3248 5779 ut
3278 5732 3359 5780 est
3390 5723 3541 5789 lupus
