3962 6198
473 313 588 367 »(ἶῖὄ

1115 314 1175 368 Β.
1216 314 1464 370 RABAN]
1508 316 1725 374 MAURI
1762 317 2081 373 ARCillEP.
2123 318 2731 375 MOGUNT.OPERUM
2773 319 2952 374 PARS
2994 319 3076 374 lll.

3613 322 3710 380 676

467 435 533 480 et
583 425 760 495 lepus;
804 425 961 496 lupus
999 424 1129 481 facit
1163 425 1324 496 lupa,
1377 427 1526 496 lepus
1571 428 1735 483 ﬁxum
1784 438 1883 482 est.
1946 428 2053 482 Ne-
2083 432 2133 490 Α
2228 427 2614 491 Tribracbum,
2654 427 2862 481 macula
2886 452 2918 483 υ
2946 471 2958 481 .
2987 450 3064 482 υυ

468 533 660 588 quam,
709 516 880 570 nihili.
933 516 1058 570 Haec
1108 517 1324 571 nomina
1379 519 1671 572 secundum
1723 517 2055 572 Priscianum

483 615 798 676 monoptota
847 615 990 660 sunt.
1031 605 1326 671 Emblema,
1381 607 1433 661 id
1475 617 1578 672 est,
1616 607 1942 664 abundantia
1973 608 2056 662 vel

481 699 657 766 ﬁgura
707 697 968 752 naturalis
995 697 1046 750 in
1085 713 1384 764 marmore;
1412 705 1650 763 stemma,
1683 699 1734 751 id
1763 707 1866 763 est,
1897 713 2057 753 orna-

473 798 719 843 mentum
745 805 758 854 ;
788 805 989 858 poema,
1023 789 1074 842 id
1109 797 1210 852 est,
1257 805 1388 857 opus
1431 797 1620 857 poclm.
1664 788 1733 841 In
1770 789 1850 842 his
1881 799 2054 842 autem

473 879 692 948 regulis,
727 877 776 931 id
803 887 908 942 est,
932 878 1170 932 ablativi.
1197 879 1480 949 Analogia,
1525 879 1577 933 id
1615 886 1718 943 est,
1751 889 2049 952 proportio.

483 967 791 1034 Trieterida,
817 968 870 1022 id
906 977 1006 1032 est,
1051 969 1216 1022 trium
1248 984 1513 1023 annorum
1541 969 1826 1024 sacriﬁcia.

975 1083 1048 1137 De
1078 1084 1240 1136 verbis
1279 1083 1556 1140 anomalis.

549 1193 905 1264 Interrogatio
937 1193 1063 1262 quid
1091 1193 1161 1246 sit
1189 1193 1326 1246 inter
1356 1191 1626 1256 anomala,
1653 1199 1709 1246 et
1741 1189 2052 1260 inaequalia,

475 1295 535 1340 et
579 1283 864 1338 defectiva.
917 1283 1197 1337 Anomalia
1244 1283 1517 1346 dicuntur,
1572 1296 1690 1350 qua:
1737 1280 1806 1334 ab
1850 1280 2051 1334 eisdem

480 1376 672 1430 litteris
701 1375 979 1444 incipiunt,
1011 1376 1104 1429 sed
1137 1389 1242 1428 non
1274 1374 1326 1426 in
1365 1373 1552 1427 eadem
1586 1373 1755 1426 forma
1775 1411 1790 1435 ,
1818 1379 1878 1424 ut
1900 1369 2012 1424 volo
2033 1410 2048 1436 ,

480 1469 571 1523 vis.
617 1467 899 1536 lnmqualia
931 1467 1202 1528 dicuntur,
1246 1480 1367 1532 quin
1409 1479 1516 1518 non
1562 1463 1629 1515 ab
1675 1462 1875 1516 eisdem
1922 1459 2051 1513 inci-

478 1561 959 1628 piunt,ntsum,es,
989 1564 1043 1607 et.
1073 1554 1293 1622 reliqua.
1321 1551 1591 1605 Defectiva
1615 1559 1741 1606 sunt
1769 1547 2052 1616 aliquando

479 1651 530 1702 in
579 1647 773 1708 modis,
819 1645 1106 1713 aliquando
1152 1644 1204 1696 in
1261 1642 1593 1710 temporibus
1624 1680 1638 1705 ,
1674 1639 1962 1708 aliquando
1997 1637 2052 1692 in

479 1739 746 1810 personis,
781 1746 836 1792 ut
871 1737 1019 1801 cedo,
1046 1737 1230 1800 cedite,
1259 1745 1312 1788 et
1343 1734 1568 1802 reliqua.

1094 1846 1170 1902 De
1192 1846 1427 1915 pedibus.

550 1960 795 2031 Syzygize
845 1966 970 2014 sunt
998 1957 1162 2027 pedes
1190 1955 1584 2026 pentasyllabi,
1634 1963 1694 2009 et
1732 1952 1861 2009 dicti
1911 1953 2051 2023 apud

477 2048 695 2102 Graecos
717 2047 965 2118 syzygim,
991 2045 1143 2115 quasi
1166 2045 1410 2114 quazdam
1439 2043 1843 2098 declinationes.
1865 2041 1970 2096 Sed
1998 2041 2053 2098 hi

481 2155 582 2192 non
607 2147 733 2194 sunt
761 2139 926 2208 pedes
950 2178 963 2200 ,
993 2137 1087 2191 sed
1114 2135 1453 2207 appellantur
1475 2133 1858 2205 pentasyllabi,
1889 2132 2053 2186 hexa-

480 2228 689 2299 syllabi,
731 2229 856 2298 quia
888 2229 1028 2282 ultra
1060 2228 1299 2296 quinque
1321 2234 1376 2281 et
1415 2241 1508 2280 sex
1537 2225 1771 2296 syllabas
1797 2238 1903 2277 non
1929 2237 2054 2292 pro-

478 2305 674 2373 cedunt
702 2337 714 2371 :
745 2318 887 2373 unde
924 2334 1030 2372 non
1062 2324 1275 2387 oportet
1299 2317 1352 2370 in
1397 2315 1638 2370 carmine
1678 2314 1778 2368 has
1821 2312 2054 2383 syllabas

480 2410 755 2479 quodlibet
801 2407 1065 2462 excedere
1111 2421 1308 2461 nomen
1342 2445 1358 2472 ,
1406 2414 1468 2459 ut
1517 2401 2052 2473 Carthaginiensium,

489 2496 1108 2566 llierosolymitanorum,
1135 2505 1190 2550 et
1216 2492 1927 2576 Constantinopolitanorum.
1958 2490 2059 2548 Ac-

489 2590 670 2644 cidunt
695 2589 981 2656 unicuique
1005 2589 1125 2658 pedi
1153 2588 1292 2642 arsis
1314 2595 1369 2641 et
1396 2585 1586 2649 thesis,
1615 2585 1669 2638 id
1695 2592 1796 2649 est,
1828 2581 2056 2639 elevatio

474 2684 535 2732 et
561 2677 754 2746 positio
781 2677 960 2741 voeis;
1009 2691 1183 2744 neque
1223 2677 1366 2729 enim
1396 2673 1538 2727 inter
1566 2671 1712 2726 vocis
1734 2671 1897 2740 pedes
1927 2669 2058 2723 diri-.-

479 2782 608 2841 gere
634 2776 906 2837 poterunt,
951 2767 1054 2822 nisi
1095 2767 1302 2821 alterna
1342 2763 1458 2818 vice
1499 2762 1764 2826 leventur,
1795 2767 1853 2814 ut
1882 2774 2052 2822 arma,

478 2876 543 2916 ar
565 2860 790 2914 clevatio
818 2869 920 2925 est,
950 2875 1035 2913 ma
1062 2857 1276 2929 positio.
1325 2857 1382 2910 lu
1423 2855 1510 2909 his
1548 2853 1760 2908 duobus
1786 2867 1881 2920 per
1919 2849 2058 2904 divi-

479 2951 684 3007 sionem
717 2953 880 3022 pedes
916 2951 1136 3021 legitimi
1173 2949 1516 3019 colliguntur.
1555 2945 1729 3013 Aiqua
1758 2941 1950 2996 divisio
1974 2948 2060 2997 est

476 3044 688 3115 quoties
735 3042 873 3097 arsis
913 3051 969 3095 et
1000 3041 1166 3095 thesis
1203 3039 1392 3106 mquali
1441 3047 1741 3105 temporum
1792 3031 2053 3086 divisione

477 3135 770 3198 ceduntur;
798 3134 979 3202 dupla,
1010 3132 1221 3201 quoties
1245 3146 1309 3185 ex
1339 3130 1422 3184 liis
1447 3142 1611 3182 unum
1639 3125 1862 3179 alterum
1893 3122 2056 3192 duplo

481 3226 668 3279 vincit.
727 3223 991 3292 Sextupla
1038 3237 1166 3276 vero
1216 3230 1318 3285 est,
1361 3219 1573 3288 quoties
1617 3231 1779 3270 unum
1827 3214 2055 3268 alterum

478 3315 733 3382 suouplo
763 3320 1002 3380 superat.
1051 3311 1110 3363 In
1161 3310 1351 3378 simpla
1381 3309 1525 3364 enim
1577 3305 1691 3374 ejus
1731 3315 1884 3376 parte
1915 3317 2055 3359 unus

479 3403 598 3474 plus
637 3405 931 3465 invenitur,
969 3403 1021 3455 in
1068 3401 1226 3470 dupla
1259 3415 1394 3453 unus
1422 3399 1599 3452 minus
1629 3395 1856 3449 habetur
1885 3409 2054 3450 :.sex-

479 3495 691 3565 cuplum
719 3495 864 3549 enim
892 3493 1170 3548 dimidium
1200 3491 1414 3546 dicitur.
1450 3487 1689 3556 Triplum
1711 3493 1810 3548 est,
1841 3482 2055 3553 q'uando

480 3587 652 3655 major
680 3602 810 3656 pars
850 3595 930 3639 ter
957 3584 1194 3639 continet
1232 3590 1401 3635 totum
1444 3577 1639 3639 minus,
1663 3575 1715 3628 id
1742 3583 1844 3637 est,
1879 3573 1977 3626 tria
2001 3579 2055 3625 et

479 3693 680 3740 unum;
727 3674 1002 3744 epitritum
1056 3679 1168 3734 est,
1219 3670 1434 3737 quando
1472 3665 1654 3719 minus
1677 3663 1987 3717 continetur
2022 3677 2052 3714 a

483 3766 716 3835 majore,
768 3773 822 3818 et
851 3765 968 3834 ejus
1003 3763 1157 3816 tertia
1191 3775 1334 3836 pars.
1386 3758 1659 3812 Ceduulur
1685 3767 1810 3808 vero
1859 3752 2053 3822 pedum

483 3857 727 3911 membra
780 3855 863 3908 vel
908 3869 1002 3924 per
1042 3851 1424 3922 mqualitatem,
1454 3847 1535 3901 vel
1564 3861 1660 3916 per
1688 3843 1905 3913 duplum
1932 3883 1945 3906 ,
1970 3841 2052 3896 vel

481 3961 576 4016 per
605 3945 938 4014 sexcuplum,
980 3943 1064 3998 vel
1100 3958 1197 4012 per
1243 3939 1456 4009 triplum
1479 3979 1492 4003 ,
1515 3937 1599 3992 vel
1631 3952 1726 4006 per
1754 3934 2049 4004 epitritum.

480 4037 753 4092 Pal-timus
792 4051 918 4105 ergo
966 4036 1018 4089 in
1063 4049 1215 4103 atqua
1258 4033 1357 4087 hos
1398 4050 1410 4084 :
1453 4031 1784 4099 spondmum,
1817 4035 2048 4090 restans;

481 4129 808 4199 pyrrichium
839 4168 853 4193 ,
903 4126 1024 4198 fuga
1052 4167 1068 4192 ,
1121 4142 1187 4180 ex
1231 4139 1383 4194 inqua
1437 4123 1731 4184 divisione;
1771 4121 2050 4182 iambum,

481 4233 704 4290 parens,
732 4232 798 4272 ex
823 4217 1013 4286 dupla;
1042 4216 1354 4280 trochaeum,
1377 4221 1541 4277 meta,
1565 4226 1628 4265 ex
1654 4207 1832 4278 dupla.

827 4325 1096 4385 Partimus
1121 4342 1241 4396 ergo
1273 4327 1326 4379 in
1355 4340 1557 4396 a'quam
1586 4323 1718 4380 hos;

560 4440 865 4510 Spondeum
886 4480 901 4505 ,
930 4449 988 4494 ut
1012 4452 1186 4494 testas.
1210 4469 1296 4492 -.-

552 4529 891 4602 Pyrricbium
913 4571 926 4596 ,
969 4531 1094 4600 fuga
1115 4553 1147 4587 υ
1175 4569 1189 4584 .
1214 4555 1244 4585 υ

553 4618 832 4690 Dactylum
857 4660 872 4684 ,
909 4621 1141 4674 carmina
1163 4649 1189 4660 —
1217 4660 1231 4673 .
1267 4645 1298 4675 υ
1328 4643 1359 4680 υ

552 4707 883 4777 Anapestum
909 4748 923 4774 ,
961 4719 1107 4763 erato
1131 4732 1161 4762 υ
1188 4732 1219 4764 υ
1251 4751 1264 4764 .
1294 4739 1321 4750 -

558 4798 916 4869 DiSpuudeum
948 4839 963 4864 ,
1004 4810 1235 4855 oratores
1255 4832 1309 4842 --
1324 4831 1348 4841 -
1368 4833 1389 4841 -

553 4887 1096 4944 Proccleusmaticum
1124 4927 1138 4953 ,
1180 4889 1380 4942 avicula
1408 4911 1437 4942 υ
1456 4911 1484 4941 υ
1504 4929 1515 4942 .
1539 4909 1604 4945 w

555 4977 848 5050 Dyambum
878 5019 890 5044 ,
925 4979 1282 5050 prapinquitas
1307 5000 1338 5032 υ
1363 5009 1388 5018 -
1407 5001 1502 5033 ,υ-

555 5072 937 5137 Ditrochceum,
979 5070 1237 5126 cantilena
1259 5102 1284 5111 -
1303 5094 1334 5127 υ
1351 5095 1444 5126 .-υ

553 5164 926 5219 Antisbastum
951 5203 966 5229 ,
1004 5162 1234 5216 solonius
1255 5187 1285 5218 υ
1308 5193 1333 5203 -
1353 5206 1364 5217 .
1384 5186 1450 5217 -υ

553 5256 898 5312 Curiambum
917 5296 931 5321 ,
972 5256 1287 5326 armipotens
1317 5285 1336 5295 -
1351 5278 1382 5310 υ
1404 5296 1415 5308 .
1433 5278 1464 5311 υ
1478 5287 1499 5298 ο

548 5363 682 5419 Item
710 5383 804 5435 per
825 5366 1039 5436 duplam
1067 5366 1368 5422 divisionem
1394 5371 1648 5439 partimus
1673 5371 1763 5423 llos
1795 5370 1950 5438 pedes
1978 5383 1997 5421 :

557 5474 870 5530 'l'rochazum
889 5517 902 5539 ,
945 5484 1003 5530 ut
1039 5488 1174 5531 meta
1197 5507 1224 5518 -
1245 5503 1308 5535 ,υ

558 5565 820 5632 lumbum,
858 5585 1046 5637 parens
1077 5591 1106 5622 υ
1135 5600 1192 5622 .-

557 5659 845 5716 Molossum
871 5702 886 5730 ,
929 5662 1132 5720 Encas
1147 5695 1168 5705 -
1186 5705 1199 5719 .
1215 5695 1241 5706 -
1257 5694 1282 5706 -

2076 1765 2125 1828 Β

2225 517 2461 572 Ionicum
2502 518 2763 572 minorem
2789 557 2804 582 ,
2844 517 3117 572 Diomedes
3143 543 3174 572 υ
3201 542 3231 573 υ
3248 559 3261 572 .
3291 550 3311 562 -

2224 607 2461 664 Ionicum
2491 607 2781 677 majorem,
2817 606 3082 664 Iunonius
3095 637 3153 649 --
3168 648 3182 660 .
3197 631 3228 664 υ
3241 631 3271 663 υ

2228 717 2405 788 Tripla
2429 717 2680 770 divisione
2701 717 2978 770 dividimus
3000 717 3169 771 solum
3205 719 3648 789 amphibrachum.

2223 829 2680 899 Amphibracbum
2698 869 2713 896 ,
2749 837 2809 882 ut
2832 829 3010 883 carina
3032 852 3063 886 υ
3091 869 3104 883 .
3127 854 3191 886 -υ

2422 942 2697 1014 Sexcupla:
2722 953 2895 996 autem
2918 943 3183 997 divisionis
3207 954 3328 997 sunt
3355 943 3409 998 hi
3436 956 3462 998 ἔ

2164 1098 2166 1100 -
2221 1058 2662 1127 Amphimacrus,
2695 1063 2754 1110 ut
2783 1057 3013 1112 insulie-
3044 1096 3057 1110 .
3088 1079 3152 1116 υς

2221 1145 2472 1209 Baebius,
2505 1145 2771 1200 Achatesu
2785 1177 2806 1187 -
2825 1173 2847 1184 -

2165 1241 2168 1245 ’
2222 1233 2606 1297 Anlibacliius,
2648 1244 2841 1287 natura
2869 1257 2993 1288 --.u

2221 1326 2364 1380 Peon
2401 1326 2605 1395 primus
2623 1365 2637 1388 ,
2677 1325 2937 1394 legitimus
2957 1349 3022 1380 -υ
3042 1365 3054 1378 .
3076 1351 3106 1381 υ
3123 1351 3152 1380 υ

2221 1417 2365 1470 Peon
2403 1417 2700 1479 secundus,
2741 1416 2945 1470 colonia
2972 1440 3003 1471 υ
3022 1441 3165 1471 -.υυ

2225 1505 2368 1560 Peon
2407 1507 2597 1561 tertius
2616 1545 2630 1571 ,
2676 1505 3006 1560 Menedemus
3034 1531 3064 1566 ν
3088 1531 3118 1561 υ
3147 1547 3159 1560 .
3179 1533 3245 1565 -υ

2221 1595 2366 1648 Peon
2405 1603 2657 1662 quartus,
2695 1595 2931 1650 celeritas
2969 1618 3074 1653 υυ.
3099 1620 3165 1651 υ-

2239 1705 2476 1769 Restant,
2503 1723 2633 1776 quos
2667 1707 2875 1776 epitrita
2910 1709 3190 1778 partitione
3217 1708 3516 1776 dividimus,
3548 1715 3641 1773 In:

2222 1820 2486 1890 Epitritus
2519 1820 2725 1889 primus
2744 1861 2758 1885 ,
2801 1820 3097 1875 sacerdotes
3119 1844 3282 1876 u—.-.-

2223 1910 2485 1980 Epitritus
2523 1911 2820 1976 secundus,
2858 1912 3153 1965 conditores
3181 1936 3250 1967 -υ
3273 1943 3361 1966 .--

2224 1998 2486 2067 Epitritus
2525 1999 2748 2063 tertius,
2788 1998 3157 2055 Demosthenes
3183 2025 3312 2060 ην.
3333 2032 3359 2041 -

2224 2089 2485 2159 Epitritus
2522 2099 2747 2160 quartus
2767 2131 2780 2157 ,
2824 2090 3142 2150 Fescennius
3170 2124 3266 2148 --.
3293 2117 3323 2147 υ
3343 2118 3374 2148 υ

2223 2202 2298 2257 Hi
2327 2204 2480 2275 pedes
2509 2214 2736 2275 quatuor
2758 2205 3022 2275 geminati,
3051 2206 3144 2260 hos
3169 2207 3392 2260 sedecim
3416 2208 3652 2264 reddunt.

2225 2313 2540 2386 Pyrrichius
2565 2331 2686 2369 cum
2732 2316 3025 2386 pyrrichiio
3056 2316 3306 2388 junctus,
3334 2320 3704 2388 proceleusma-

2155 2404 2294 2460 ticus
2326 2413 2431 2468 est,
2463 2414 2522 2459 ut
2549 2405 2752 2460 avicula
2783 2427 2976 2462 ,υυυυ

2224 2495 2538 2568 Pyrriehius
2576 2512 2698 2551 cum
2738 2498 2976 2572 spondeo
3031 2497 3242 2558 ionicus
3293 2507 3378 2559 est
3420 2499 3627 2564 minor,
3661 2508 3711 2560 ut

2153 2583 2427 2643 Diomedes
2456 2611 2486 2641 ν
2502 2610 2534 2642 υ
2545 2615 2567 2626 ο
2584 2617 2603 2628 ο

2226 2676 2542 2747 Pyrricliius
2575 2692 2699 2732 cum
2729 2677 2908 2734 iambo
2935 2694 3071 2749 peon
3104 2691 3330 2750 quartus
3361 2692 3446 2736 est
3470 2721 3485 2747 ,
3513 2689 3574 2736 ut
3596 2691 3711 2734 celo-

2158 2767 2285 2820 ritas
2307 2789 2470 2824 νυν-

2226 2859 2539 2936 Pyrrichius
2569 2875 2689 2915 cum
2731 2861 2967 2916 trochaeo
2987 2903 3000 2925 ,
3035 2877 3172 2932 peon
3202 2863 3422 2928 tertius,
3459 2872 3519 2918 ut
3552 2863 3707 2916 Hene-

2156 2948 2336 3003 demus
2363 2973 2394 3002 ν
2411 2973 2440 3003 υ
2465 2973 2535 3004 -υ

2232 3039 2512 3108 Spondeus
2549 3056 2669 3094 cum
2703 3042 2975 3112 pyrricliio
2999 3083 3013 3105 ,
3047 3042 3256 3097 ionicus
3285 3043 3482 3112 major,
3523 3050 3578 3097 ut
3618 3041 3710 3098 Ju-

2085 3107 2128 3167 C
2161 3131 2348 3184 nonius
2374 3161 2398 3172 -
2411 3160 2435 3170 -
2448 3153 2478 3185 υ
2491 3153 2522 3187 υ

2229 3223 2508 3292 Spondeus
2530 3238 2650 3276 cum
2674 3238 2806 3293 spon
2820 3223 3284 3292 leo,elispondeiis,
3299 3234 3358 3277 ut
3375 3234 3710 3277 oralor:s----

2229 3313 2508 3381 Spondeus
2543 3329 2664 3366 cum
2705 3313 2916 3378 iambo,
2958 3315 3210 3383 epitritus
3252 3315 3474 3378 tertius,
3514 3323 3569 3368 ut
3614 3313 3707 3365 De-

2156 3403 2446 3457 inostlienes
2474 3431 2538 3442 --
2558 3425 2623 3456 u-

2228 3489 2511 3560 Spondens
2567 3505 2687 3543 cum
2744 3491 3014 3556 trocha‘o,
3069 3493 3318 3561 epitrilus
3375 3501 3621 3562 quartus,
3658 3497 3710 3542 ut

2187 3580 2507 3639 Pescennius
2539 3611 2564 3620 —
2582 3612 2606 3620 -
2630 3602 2689 3642 ον

2228 3671 2437 3724 Iambus
2475 3687 2594 3724 cum
2646 3671 2952 3740 pyrrichio,
3008 3687 3146 3746 peon
3179 3674 3479 3738 secundus,
3528 3680 3581 3726 ut
3624 3688 3700 3725 το-

2155 3760 2295 3813 lonia
2319 3783 2348 3816 υ
2371 3791 2390 3798 -
2408 3783 2437 3812 υ
2453 3784 2483 3814 υ

2227 3855 2439 3908 iambus
2477 3871 2598 3908 cum
2632 3854 2898 3923 spondeo,
2937 3856 3186 3924 epitritus
3233 3857 3438 3926 primus
3464 3899 3477 3922 ,
3521 3868 3570 3910 ut
3623 3874 3695 3908 sa-

2157 3947 2385 3999 ccr..'o:es
2411 3967 2440 3998 υ
2461 3975 2482 3984 -
2499 3975 2526 3988 ο
2540 3974 2560 3984 -

2229 4038 2440 4091 Iambus
2498 4053 2619 4091 cum
2668 4037 2878 4104 iambo,
2916 4039 3214 4105 diiambus,
3285 4049 3345 4094 ut
3421 4039 3699 4110 propinqui-

2157 4139 2443 4183 lusu-u-

2229 4221 2439 4274 lambus
2455 4236 2576 4274 cum
2597 4220 2848 4285 troclimo,
2867 4221 3214 4290 antispastus,
3228 4228 3286 4273 ut
3299 4220 3560 4275 saloninus
3573 4239 3600 4272 ν
3619 4244 3652 4255 --
3673 4240 3701 4268 υ

2229 4317 2520 4371 'l'roehzeus
2555 4330 2674 4368 cum
2710 4315 3010 4393 pyrrieliio,
3063 4331 3200 4385 peon
3254 4317 3458 4385 primus
3484 4355 3497 4379 ,
3547 4325 3593 4365 ut
3635 4312 3702 4361 iro

2159 4410 2367 4479 gilimus
2392 4432 2501 4472 -νν
2518 4431 2548 4461 υ

2231 4499 2518 4554 Trochznus
2556 4515 2677 4553 eum
2714 4500 2966 4570 spondeo,
3007 4499 3257 4567 epitritos
3303 4499 3558 4552 secundus
3581 4535 3593 4558 ,
3650 4501 3698 4542 nl

2159 4591 2450 4644 conditores
2473 4621 2496 4630 —
2520 4615 2551 4646 υ
2573 4621 2597 4630 -
2614 4621 2636 4630 -

2231 4679 2520 4733 Troebreus
2575 4694 2696 4733 cum
2751 4677 2966 4744 iambo,
3005 4677 3345 4742 coriambus,
3401 4683 3455 4729 ut
3493 4674 3694 4740 armipo-

2157 4777 2266 4822 lens
2295 4798 2320 4808 -
2340 4792 2453 4823 υν-

2229 4859 2518 4915 Trochzeus
2553 4875 2672 4914 cum
2726 4861 2992 4925 trocham,
3046 4859 3375 4914 ditrochacus
3399 4901 3414 4925 ,
3450 4869 3508 4914 ut
3555 4851 3698 4912 cauti-

2159 4949 2274 5002 lcna
2303 4980 2328 4989 -
2355 4971 2385 5005 υ
2401 4973 2465 5004 -υ

2256 5081 2536 5150 Bissyllabi
2571 5097 2686 5135 eum
2721 5081 3026 5154 trissyllalvis
3049 5082 3219 5151 juncti
3247 5083 3313 5137 32
3345 5082 3620 5153 proferunt.

2231 5211 2539 5282 Pyrricliius
2573 5227 2695 5268 cum
2735 5214 3005 5268 tribracho
3039 5235 3249 5270 υυνυυ

2230 5303 2544 5372 Pyrrichius
2581 5319 2701 5357 cum
2737 5304 2966 5359 molosso
3002 5329 3183 5360 υυ--ο

2229 5393 2542 5464 Pyrrichius
2578 5410 2700 5448 cum
2739 5405 2996 5464 anapesto
3030 5417 3196 5452 υυυυ
3221 5427 3239 5437 -

2232 5485 2542 5555 Pyrrichius
2580 5501 2701 5539 cum
2741 5485 2955 5556 dactylo
2992 5509 3196 5542 υυ-υυ

2232 5575 2542 5644 Pyrrichius
2579 5591 2700 5629 cum
2736 5577 3123 5646 amphibracho
3145 5601 3175 5632 υ
3194 5601 3224 5630 υ
3239 5598 3310 5632 υ·
3329 5600 3359 5634 υ

2233 5664 2540 5738 l‘yrricbius
2579 5682 2698 5720 cum
2738 5668 3105 5740 ampliimacro
3135 5691 3167 5723 υ
3183 5692 3213 5723 υ
3231 5697 3254 5706 -
3271 5691 3302 5724 ν
3318 5697 3344 5708 -
