3962 6198
268 348 337 401 6'7
352 346 390 398 7

345 459 672 531 Pyrricbius
708 473 829 514 cum
856 458 1060 513 bachio
1072 481 1113 514 ν
1130 481 1162 514 υ
1174 482 1206 515 υ
1218 489 1271 501 -·

345 551 675 622 Pyrricbius
711 566 832 606 cum
868 550 1180 607 antibacbio
1199 573 1231 604 ν
1244 575 1274 606 υ
1287 581 1346 592 --
1359 575 1391 607 υ

345 641 644 712 Spondeus
680 655 802 695 eum
844 641 1117 695 tribraebo
1143 663 1345 697 --υυυ

348 730 644 801 Spondens
682 745 805 785 cum
842 731 1077 785 molosso
1100 759 1267 773 -----

346 820 643 889 Spondeus
682 834 805 874 cum
842 828 1100 889 anspesto
1130 850 1152 861 -
1170 850 1194 860 -
1218 841 1335 874 υυ-

347 910 639 980 Spondeus
670 923 800 963 cum
840 907 1053 980 dactylo
1079 930 1253 963 ---uu

346 999 639 1070 Spondeus
671 1012 799 1053 cum
835 997 1226 1067 Mpbibraclio
1251 1018 1357 1051 --υ
1375 1020 1439 1051 -ν

344 1093 638 1163 Spondeus
676 1106 799 1146 eum
837 1091 1210 1160 amphimacro
1234 1112 1371 1144 ---u
1394 1119 1413 1128 -

344 1182 639 1252 Spondens
676 1195 800 1235 cum
835 1179 1031 1235 bachio
1059 1200 1241 1234 σον--

345 1271 636 1341 Spoudeus
668 1286 790 1325 cum
820 1270 1133 1325 antibacbio
1152 1299 1178 1310 -
1200 1300 1228 1309 -
1251 1299 1278 1309 -
1297 1300 1324 1310 —
1342 1291 1375 1325 υ

346 1361 565 1416 Iambus
601 1376 726 1416 eum
767 1361 1037 1439 tribracbo
1066 1382 1097 1414 υ
1113 1390 1141 1402 -
1157 1383 1187 1414 υ
1206 1382 1237 1415 υ
1251 1382 1283 1416 υ

343 1451 567 1508 Iambus
603 1467 726 1507 eum
756 1451 990 1507 molosso
1013 1473 1046 1506 υ
1073 1481 1101 1494 -
1125 1479 1223 1492 ---

341 1545 566 1600 Iambus
601 1559 727 1601 cum
764 1553 1021 1614 anapesto
1041 1566 1073 1597 υ
1092 1563 1161 1597 -υ
1175 1564 1206 1596 υ
1225 1572 1253 1584 -

343 1635 564 1691 Iambus
600 1651 727 1691 cum
763 1633 976 1705 dactylo
998 1655 1074 1688 ν-
1093 1655 1201 1688 -υυ

343 1728 565 1782 Iambus
602 1741 728 1781 cum
766 1725 1152 1794 amphibraebo
1181 1745 1290 1777 u-u
1312 1746 1381 1777 -υ

344 1818 564 1873 Iambus
600 1831 724 1872 cum
764 1816 1135 1885 amphimacro
1163 1836 1194 1868 υ
1209 1843 1238 1855 -
1254 1846 1278 1855 -
1293 1836 1325 1870 υ
1341 1844 1362 1855 -

346 1909 564 1962 Iambus
603 1921 730 1962 eum
761 1906 955 1962 bachio
976 1927 1008 1960 υ
1026 1934 1054 1946 -
1069 1928 1171 1959 υσ-

345 1996 565 2051 Iambus
594 2012 719 2051 cum
757 1995 1271 2052 antibaehiOu---u
1338 2054 1347 2063 ,

344 2086 645 2141 Trochmus
682 2100 805 2139 cum
843 2084 1120 2139 tribracbo
1156 2114 1182 2125 -
1195 2107 1226 2138 υ
1241 2108 1271 2138 υ
1289 2106 1362 2139 υυ

343 2176 644 2230 Ττοοὴωιιε
682 2190 805 2229 eum
842 2173 1078 2229 molosso
1101 2204 1128 2215 -
1146 2196 1179 2228 υ
1198 2205 1222 2214 -
1243 2203 1270 2214 -
1286 2204 1313 2215 -

346 2265 647 2319 Trocbzeus
680 2279 803 2318 cum
844 2271 1102 2333 anapesto
1124 2293 1149 2304 -
1167 2286 1199 2319 υ
1214 2288 1243 2319 υ
1258 2287 1289 2318 υ
1305 2258 1336 2304 -’

345 2354 647 2409 Trochzeus
681 2368 803 2409 eum
841 2354 1056 2425 dactylo
1082 2383 1109 2394 -
1127 2376 1158 2407 υ
1174 2383 1199 2393 -
1216 2377 1247 2409 υ
1261 2375 1293 2411 υ

344 2446 645 2501 Trocbzcus
680 2458 807 2499 eum
844 2443 1235 2514 amphibracho
1261 2466 1455 2503 -w-u

345 2535 644 2591 Troebeeus
679 2548 802 2590 cum
841 2533 1213 2605 amphimaero
1242 2564 1267 2576 -
1285 2557 1318 2589 υ
1340 2557 1444 2589 -υ-

346 2625 644 2681 Τιόειιωιιε
674 2639 799 2680 cum
835 2624 1033 2680 bachio
1065 2652 1090 2665 -
1104 2646 1134 2676 υ
1150 2645 1182 2678 υ
1200 2654 1224 2665 -
1240 2650 1269 2664 -

343 2717 643 2772 Τιόςιιωιιε
675 2731 796 2771 eum
835 2714 1145 2769 antibacbio
1165 2736 1305 2769 -u--
1322 2735 1354 2771 υ

298 2830 585 2900 'frisyllabi
606 2845 724 2882 cum
748 2827 1033 2899 trisyllabis
1056 2828 1230 2897 positi,
1254 2828 1320 2881 64
1339 2828 1458 2882 mile
1486 2826 1819 2898 colliguntur.

345 2940 546 2994 Tribus
583 2954 708 2994 eum
744 2937 1021 2993 tribracho
1056 2960 1088 2992 υ
1111 2960 1318 2995 υυυυυ

345 3030 546 3084 Tribus
580 3044 703 3084 cum
744 3028 982 3083 molosso
1016 3050 1259 3086 υυυ---

345 3115 543 3170 Tribus
582 3130 704 3171 eum
745 3124 1003 3184 anapesto
1035 3137 1274 3170 υυυυυ-

345 3205 546 3260 Tribus
581 3218 704 3257 cum
743 3202 953 3274 dactylo
989 3225 1240 3258 νυν-νυ

346 3297 546 3353 Tribus
581 3309 703 3349 eum
743 3295 1131 3364 amphibraebo
1164 3316 1400 3349 uuuu-u

340 3387 547 3449 Tribus
584 3399 708 3439 cum
748 3384 1115 3454 amphimaero
1149 3406 1386 3441 νυν-υ-

346 3472 546 3532 Tribus
584 3490 707 3529 cum
745 3475 938 3529 bachio
971 3497 1003 3530 υ
1023 3498 1053 3529 υ
1071 3497 1101 3528 υ
1118 3498 1219 3528 υ·-

348 3567 550 3622 Tribus
587 3581 715 3622 eum
754 3566 1062 3621 antibachio
1098 3587 1335 3621 υυυ--υ

348 3659 616 3714 Molossus
651 3673 776 3713 cum
814 3658 1087 3714 tribracbo
1123 3683 1357 3715 ---υυυ

348 3748 777 3803 Molossusocum
816 3746 1048 3803 molosso
1082 3779 1107 3789 -
1120 3776 1175 3789 —-
1191 3777 1216 3788 -
1230 3779 1255 3790 -
1274 3779 1299 3789 -

350 3837 614 3893 Molossus
650 3853 774 3893 cum
813 3848 1071 3908 anapesto
1104 3860 1315 3893 ---υυ-

350 3928 614 3985 Molossus
651 3944 773 3983 eum
808 3929 1021 4000 dactylo
1052 3952 1264 3985 ---—w

349 4019 615 4075 Molossus
652 4034 776 4075 cum
812 4018 1199 4088 amphibracho
1218 4043 1437 4076 ---υ-υ

351 4107 615 4165 Molossus
650 4124 769 4163 cum
804 4109 1175 4177 amphimaero
1209 4133 1418 4168 ----υς

351 4198 613 4254 Molossus
652 4213 777 4253 cum
813 4198 1007 4253 bachio
1043 4221 1256 4254 ---o--

349 4290 613 4346 Molossus
652 4305 778 4344 eum
813 4289 1125 4346 antibacbio
1160 4316 1368 4349 -----u

349 4382 657 4452 Anapestus
693 4397 818 4437 cum
858 4382 1032 4437 tribus
1057 4405 1087 4438 υ
1102 4406 1133 4437 υ
1151 4414 1175 4426 —
1187 4403 1263 4439 υυ
1276 4407 1308 4439 υ

348 4470 654 4540 Anapestus
687 4485 811 4526 cum
848 4470 1084 4526 molosso
1119 4493 1332 4531 υυ--η

350 4561 658 4629 Anapestus
695 4573 818 4616 eum
853 4569 1112 4630 anapesto
1143 4582 1384 4616 υυ-υυ-

350 4654 658 4722 Anapestus
696 4667 818 4707 cum
857 4652 1069 4725 dactylo
1104 4676 1339 4710 υυ--υυ

349 4742 659 4811 Anapestus
692 4756 815 4796 eum
855 4725 1243 4812 amphibracho
1274 4764 1508 4799 uu—u-u

349 4834 657 4903 Anapestus
694 4848 815 4887 cum
854 4833 1224 4902 amphimacro
1258 4854 1481 4892 υυ--υ-

351 4920 655 4992 Anapestus
692 4937 813 4978 cum
848 4923 1047 4978 bachio
1080 4945 1314 4980 υυ-υ--

354 5012 655 5083 Anapestus
687 5028 810 5068 cum
845 5013 1154 5070 antibachio
1188 5036 1420 5074 νυν-ου

355 5102 604 5174 Daetylus
641 5118 765 5159 cum
802 5104 1080 5160 tribracho
1113 5135 1142 5147 -
1155 5127 1187 5163 υ
1200 5126 1232 5161 υ
1246 5127 1278 5161 υ
1289 5128 1321 5163 υ
1333 5130 1366 5164 υ

356 5193 610 5265 Daetylus
646 5210 769 5250 cum
807 5196 1043 5251 molosso
1072 5218 1299 5252 -uu---

356 5285 607 5361 Dactylus
643 5302 765 5342 cum
801 5298 1060 5359 anapesto
1094 5317 1119 5330 -
1131 5310 1165 5345 υ
1176 5310 1209 5345 υ
1222 5309 1254 5342 υ
1268 5309 1302 5351 ν
1316 5318 1340 5332 η

1094 347 1491 404 EXCERPTlO
1526 349 1620 405 DE
1658 348 1841 404 ARTE
1879 348 2332 409 GRAMMATICI
2376 355 2736 414 PRISCIANI.

1899 465 1947 522 Λ
2046 460 2300 536 Dactylus
2334 481 2455 520 eum
2494 462 2707 539 dactylo
2738 498 2760 510 ~
2780 492 2856 525 υν
2876 493 2992 526 -υυ

2039 550 2290 623 Dactylus
2319 570 2439 608 cum
2481 556 2871 625 amphibraebo
2900 583 3006 616 -υυ
3021 584 3137 617 ν-υ

2042 641 2293 712 Dactylus
2331 659 2453 698 cum
2494 648 2863 716 amphimacro
2896 673 3129 707 -υυ-υ-

2041 732 2295 803 Dactylus
2333 752 2454 789 cum
2495 722 2690 793 bachio.
2726 728 2953 796 -υνυ-ὲ

2041 823 2293 895 ἣλοιγιιιε
2328 842 2450 880 cum
2488 830 2799 885 antibacbio
2819 862 2845 871 -
2862 855 2893 887 υ
2910 855 2940 887 υ
2957 862 3007 873 --
3021 858 3050 887 υ

2032 910 2466 980 Amphibracbus
2500 931 2621 970 cum
2660 918 2832 972 tribus
2865 941 3018 974 υ-υν
3041 944 3117 975 νυ

2032 1000 2464 1072 Amphibrachus
2500 1021 2620 1058 cum
2662 1007 2894 1062 molosso
2929 1032 3067 1064 u-u-
3093 1043 3109 1051 -
3134 1041 3152 1051 -

2032 1089 2467 1160 Ampbibrachus
2505 1108 2626 1146 cum
2666 1105 2925 1164 anapeslo
2947 1120 2979 1152 υ
2996 1129 3018 1137 -
3031 1123 3061 1154 υ
3078 1122 3107 1153 υ
3122 1125 3150 1153 υ
3170 1132 3193 1143 -

2032 1179 2462 1248 Ampbibraehns
2495 1198 2617 1237 cum
2653 1184 2864 1256 dactylo
2896 1209 2929 1241 υ
2949 1210 3016 1241 -υ
3034 1213 3096 1241 -υ
3117 1213 3147 1243 υ

2033 1271 2463 1340 Ampbihracluls
2499 1290 2620 1328 cum
2654 1277 3042 1345 amphibracho
3067 1303 3096 1333 υ
3114 1304 3301 1336 -υυ-υ

2030 1362 2465 1431 Ampbibracbus
2501 1380 2621 1417 cum
2662 1367 3034 1435 amphimaero
3066 1392 3096 1421 υ
3114 1400 3136 1408 -
3152 1395 3181 1423 υ
3201 1401 3218 1409 -
3237 1396 3264 1422 υ
3286 1402 3310 1410 -

2028 1452 2464 1520 Ampbibracbus
2498 1469 2619 1507 cum
2656 1454 2849 1509 bachio
2876 1478 2908 1509 υ
2926 1486 2952 1496 -
2971 1480 3001 1510 υ
3018 1480 3048 1510 υ
3065 1488 3125 1498 ~-

2028 1538 2458 1611 Amphibraehus
2494 1558 2614 1595 cum
2655 1543 2963 1599 antibacbio
3000 1570 3210 1602 υ-υ-ου

2027 1635 2441 1703 Amphimacrus
2475 1652 2597 1691 cum
2638 1638 2810 1692 tribus
2841 1670 2866 1680 -
2882 1661 2912 1693 υ
2927 1670 2954 1680 -
2967 1664 2998 1696 ν
3013 1665 3043 1695 υ
3058 1666 3088 1696 υ

2028 1722 2437 1793 Amphimaerus
2474 1740 2596 1777 cum
2632 1725 2864 1779 molosso
2891 1757 2918 1766 -
2935 1750 2965 1781 υ
2986 1759 3110 1769 ----

1886 1801 1930 1858 Β
2027 1811 2440 1881 Amphimacrus
2480 1828 2601 1866 cum
2638 1825 2897 1882 anapesto
2923 1839 3150 1871 -υ-υυ-

2029 1904 2439 1972 Amphimacrus
2475 1918 2595 1958 cum
2635 1903 2848 1975 dactylo
2876 1929 3014 1963 -υ--
3035 1931 3111 1965 υυ

2028 1993 2445 2062 Amphimacrus
2482 2008 2601 2046 cum
2642 1995 3054 2063 amphibraehio
3081 2022 3148 2053 -υ
3168 2023 3312 2055 -υ-υι

2026 2083 2437 2151 Amphimacrus
2476 2099 2595 2138 cum
2636 2087 3007 2154 amphimacro
3031 2112 3098 2143 -ν
3113 2120 3136 2130 ο
3151 2121 3177 2130 -
3193 2112 3223 2145 υ
3239 2122 3265 2131 -

2028 2176 2442 2243 Amphimacrus
2476 2190 2599 2230 cum
2633 2176 2829 2231 bachio
2852 2199 2915 2233 -υ
2937 2208 2963 2217 -
2980 2202 3010 2233 υ
3026 2210 3085 2219 --

2024 2263 2437 2332 Amphimacrus
2471 2280 2593 2321 cum
2628 2265 2939 2321 antibaehio
2961 2290 3026 2322 -υ
3044 2291 3187 2324 ---υ

2031 2355 2264 2411 Baebius
2300 2371 2423 2411 eum
2463 2357 2738 2413 tribraebo
2757 2381 2788 2413 υ
2801 2380 2894 2413 --υ
2908 2382 2939 2414 υ
2954 2383 2986 2415 υ

2030 2444 2264 2499 Baebius
2300 2461 2423 2501 cum
2463 2445 2697 2501 molosso
2722 2470 2947 2502 υ-υ---

2032 2534 2261 2589 Baebius
2295 2549 2419 2592 eum
2453 2546 2713 2606 anapesto
2742 2559 2966 2595 υ--υν-

2026 2622 2257 2681 Bacbius
2293 2638 2415 2678 eum
2454 2624 2668 2697 dactylo
2692 2649 2922 2687 υ---νυ

2026 2714 2257 2769 Baebius
2289 2729 2410 2770 cum
2451 2717 2839 2787 amphibraeho
2865 2743 2895 2775 υ
2917 2745 3099 2778 -ουου

2025 2805 2257 2862 Baebius
2294 2823 2419 2864 eum
2456 2810 2825 2879 amphimacro
2850 2834 2993 2867 νυ-
3013 2835 3077 2867 υ-

2026 2897 2258 2952 Baebius
2294 2913 2415 2953 cum
2453 2900 2649 2955 bacbio
2671 2924 2890 2956 νην--

2026 2986 2264 3061 Baebius
2300 3004 2425 3043 cum
2461 2991 2769 3046 antibacbio
2791 3015 2822 3047 υ
2841 3015 3019 3047 ----υ

2024 3077 2379 3134 Antibachius
2413 3095 2534 3134 cum
2577 3081 2749 3136 tribus
2784 3105 3027 3137 --υυυυ

2026 3166 2379 3224 Antibachius
2410 3185 2531 3225 eum
2572 3171 2807 3227 molosso
2834 3197 3049 3228 --υ---

2023 3259 2382 3317 Antibachius
2420 3278 2540 3317 cum
2577 3265 2947 3334 amphimacro
2969 3297 3033 3306 --
3048 3290 3078 3320 υ
3094 3293 3151 3323 -υ
3169 3298 3188 3309 -

2023 3351 2381 3408 Antibachius
2413 3368 2538 3408 cum
2578 3364 2837 3424 anapesto
2871 3381 3103 3416 --υυυ-

2022 3442 2377 3497 Antihacbius
2414 3460 2535 3499 cum
2575 3446 2786 3520 dactylo
2812 3469 2903 3500 --υ
2922 3469 3038 3502 -υυ

2024 3529 2376 3589 Antibachius
2413 3547 2535 3587 cum
2571 3535 2959 3604 amphibracbo
2991 3559 3211 3593 --υυ-υ

2024 3619 2378 3679 Antibachius
2412 3638 2534 3677 eum
2573 3623 2765 3679 bachio
2791 3656 2816 3665 -
2836 3649 3032 3683 -υυ--

2024 3713 2380 3768 Antibachius
2419 3728 2541 3769 cum
2581 3717 2889 3773 antibachio
2913 3741 3134 3779 --υ--υ

3132 2946 3145 2971 ο

2024 3824 2116 3883 Isti
2142 3840 2375 3894 namque
2413 3799 2608 3899 pedes,
2648 3827 2739 3895 qui
2785 3827 2871 3881 hic
2917 3837 3237 3898 sequuntur,
3278 3847 3399 3886 eum
3432 3849 3492 3888 su

1955 3913 2139 3982 perius
2168 3914 2528 3967 denominatis
2552 3912 2821 3982 conjuncti
2852 3913 3060 3971 faciunt
3095 3926 3309 3973 centum
3340 3921 3528 3987 viginti

1957 4009 2190 4068 quatuor
2216 4040 2229 4053 .
2261 4001 2588 4073 pyrrichius,
2623 4003 2913 4073 spondeus,
2948 4004 3181 4071 iambus,
3231 4008 3483 4063 trocbcus
3509 4050 3524 4073 ,

1959 4088 2282 4153 tribraebus,
2334 4087 2619 4154 molossus,
2656 4102 2946 4159 anapestus
2975 4132 2990 4157 ,
3019 4092 3283 4165 dactylus,
3317 4098 3526 4171 amphi.

1958 4174 2208 4240 braclms,
2246 4176 2666 4246 amphimacrus,
2707 4177 2963 4245 bacbius,
3016 4182 3386 4249 antibacbius;
3428 4186 3523 4242 hoc

1958 4281 2076 4318 rum
2106 4275 2231 4320 sunt
2253 4266 2558 4325 duodecim.
2602 4268 2893 4323 Duodecim
2925 4270 3087 4340 igitur
3114 4312 3129 4337 ,
3158 4281 3214 4327 et
3241 4275 3475 4330 sedecim
3505 4316 3521 4341 ,

1955 4363 2011 4408 ct
2040 4355 2260 4426 triginta
2286 4356 2392 4410 duo
2419 4365 2579 4426 atque
2603 4357 2880 4429 sexaginta
2911 4368 3160 4429 quatuor,
3200 4379 3359 4435 supra
3387 4366 3524 4426 scri-

1883 4477 1933 4536 D
1961 4458 2106 4520 ptam
2152 4466 2419 4508 summam
2467 4452 2816 4522 complebunt
2859 4471 2873 4508 :
2926 4455 3024 4520 12,
3060 4457 3147 4524 16,
3197 4457 3289 4524 52,
3323 4459 3413 4528 64,
3449 4458 3528 4521 fa.-

1960 4543 2129 4598 ciunt.

2031 4655 2185 4715 Mens
2211 4656 2495 4712 tenebrosa
2526 4666 2694 4713 tumet
2726 4658 2919 4715 mortis
2948 4658 3176 4715 obscura
3207 4661 3462 4717 tenebris.

2033 4744 2125 4800 Vir
2145 4745 2384 4812 humilis,
2406 4755 2652 4813 moestus,
2680 4747 2874 4805 cmlum
2907 4750 3219 4805 conscendit
3247 4749 3316 4803 ab
3339 4750 3522 4807 humo.

2028 4839 2198 4911 Cujus
2221 4856 2376 4896 amor
2396 4850 2633 4906 maneat,
2657 4840 2810 4911 cujus
2834 4840 2888 4896 in
2920 4842 3081 4897 corde
3103 4856 3200 4911 per
3228 4857 3420 4896 aurum.

2030 4928 2269 4985 Scientia
2299 4938 2398 4994 est,
2428 4930 2710 4998 ojuvenis,
2735 4931 2827 4986 tibi
2849 4932 2919 4986 sit
2947 4931 3226 5002 sapientizc
3248 4930 3426 4984 ardor.

2030 5018 2230 5090 Sophia
2245 5019 2361 5075 laus
2375 5020 2541 5075 animi
2552 5029 2658 5085 est,
2673 5020 3242 5090 semper,bomo,disce
3255 5018 3516 5087 sophiam.

2029 5109 2124 5165 Est
2149 5110 2314 5165 decus
2332 5111 2433 5166 hoc
2463 5111 2653 5165 animae
2674 5111 2865 5175 virtus,
2899 5109 3004 5164 hoc
3033 5116 3086 5163 et
3111 5107 3311 5161 inditus
3332 5107 3484 5161 ordo.

2030 5199 2261 5255 Condite
2285 5216 2418 5270 gaza
2443 5201 2585 5271 polo,
2613 5215 2799 5255 saccos
2824 5207 3051 5254 vacuate
3080 5212 3334 5268 gazarum
3362 5215 3376 5250 :

2030 5288 2166 5343 Aula
2190 5297 2336 5345 tenet
2355 5289 2626 5345 Christum
2654 5289 2852 5345 Christi
2879 5291 2923 5344 si
2947 5288 3178 5360 pectoris
3201 5287 3341 5347 aula.
