3962 6198
448 371 3677 440 Wes—5:25?

1039 550 1605 660 BEATI
1682 548 2032 658 ΒΔΕ

2134 543 2421 656 IN!
2493 537 3108 653 ΜΔΙῙΒῙ

1181 774 1470 833 ABBATIS
1509 771 1894 834 FULDENSIS
1931 772 2019 829 ET
2059 771 2439 830 MOGUNTINI
2473 769 2989 830 ARCHIEPISCOPI

666 950 1425 1070 EXPOSITIO
1512 953 1658 1067 IN
1742 950 2546 1069 PROVERBIA
2632 950 3472 1066 SALOMONIS.

1690 1295 1989 1373 LIBER
2040 1290 2455 1372 PRIMUS.

1913 1469 2207 1484 Ψ

967 1576 1192 1629 CAPUT
1232 1575 1516 1630 PRIMUM.

529 1709 804 1765 Parabon
834 1708 1133 1764 Salomonis
1157 1707 1256 1776 ﬁlii
1283 1707 1450 1762 David
1482 1708 1614 1778 regis
1644 1706 1831 1762 Israel.
1863 1706 2028 1761 Para-

456 1802 810 1865 holmGrmcc,
831 1800 1018 1853 Latine
1041 1799 1292 1853 dicuntur
1313 1798 1709 1854 similitudines.
1728 1797 1880 1865 Quod
1904 1798 2029 1853 huic

456 1893 592 1947 libro
613 1890 928 1947 vocabulum
950 1888 1200 1957 Salomon
1228 1890 1296 1944 ob
1317 1890 1368 1944 id
1397 1889 1669 1960 imposuit,
1690 1898 1748 1944 ut
1769 1890 2031 1945 sciremus

456 1984 619 2037 altius
643 1992 699 2038 et
728 1998 833 2036 non
856 1981 1010 2053 juxta
1041 1981 1273 2035 litteram
1311 1981 1607 2051 intelligere
1635 1996 1755 2050 qu:e
1779 1981 1907 2036 dicit
1933 1999 1946 2033 :
1977 1981 2027 2034 in

455 2089 567 2143 quo
599 2072 882 2126 Dominum
919 2070 1184 2141 signiﬁcat
1222 2086 1317 2140 per
1348 2070 1628 2139 parabolas
1666 2070 1838 2125 turbis
1867 2069 2031 2125 fuisse

455 2163 795 2228 locuturum,
837 2162 975 2217 sicut
1003 2162 1165 2216 etiam
1199 2162 1412 2218 nomine
1451 2162 1671 2232 proprio
1711 2170 1768 2217 et
1807 2162 2032 2232 paciﬁeo

457 2254 607 2323 regni
641 2253 722 2308 sui
754 2260 895 2307 statu
928 2266 1152 2321 regnum
1182 2250 1382 2306 Clu-isti
1420 2260 1474 2307 et
1504 2251 1757 2307 Ecclesiae
1799 2266 2033 2322 perenne

454 2342 758 2405 denuntiat,
790 2341 857 2396 de
883 2356 989 2410 quo
1017 2340 1275 2410 scriptum
1305 2348 1389 2395 est
1412 2359 1424 2393 :
1456 2340 1892 2411 Multiplicabitur
1917 2343 2034 2411 ejus

455 2430 750 2501 imperium,
782 2442 830 2484 et
861 2432 1005 2499 pacis
1035 2446 1137 2484 non
1166 2431 1263 2483 erit
1288 2430 1412 2500 linis
1438 2447 1595 2500 super
1621 2431 1811 2486 solium
1859 2431 2034 2488 David

457 2531 505 2572 et
532 2536 690 2588 super
719 2535 931 2589 regnum
960 2519 1072 2588 ejus
1100 2518 1235 2587 (Isa.
1263 2521 1341 2589 Ix)
1362 2560 1378 2585 ,
1409 2520 1546 2575 sicut
1575 2520 1753 2590 templi
1781 2531 2033 2579 constru-

458 2611 636 2663 ctione
668 2624 733 2662 ac
763 2606 1123 2670 dedicatione,
1152 2608 1559 2664 aediﬁcationem
1599 2610 1906 2680 signiﬁcare
1934 2610 2037 2667 Eo-

462 2700 679 2763 Clt'~iic,
744 2714 864 2767 qua:
922 2708 1161 2768 tempore
1212 2700 1620 2755 resurrectionis
1671 2700 1722 2755 in
1773 2710 2035 2758 :eternum

460 2792 798 2846 dedicahitur
827 2791 1081 2845 insinuat.
1136 2790 1267 2844 Nam
1303 2801 1357 2845 et
1396 2792 1510 2862 ipse
1548 2789 1689 2847 ﬁlius
1721 2807 1841 2848 esse
1869 2793 2035 2849 David

460 2899 553 2935 rex
583 2876 843 2951 spiritalis
874 2879 1036 2934 Israel
1066 2880 1226 2934 etiam
1258 2882 1531 2936 turbarum
1562 2881 1889 2948 testimonio,
1914 2897 2031 2951 qua:
2060 2915 2106 2975 Β

456 2972 505 3025 ei
550 2972 601 3025 in
643 2972 1029 3042 Jerosolymam
1094 2972 1326 3027 venienti
1371 2989 1491 3028 cum
1524 2973 1823 3043 palmarum
1865 2976 2028 3030 ramis

455 3070 511 3115 ct
548 3060 794 3114 laudibus
822 3071 1201 3124 occurrerent,
1234 3062 1553 3116 det-lavatur.
1595 3062 1899 3117 Notandum
1930 3080 2027 3117 au-

460 3159 568 3203 tem
594 3151 732 3218 quod
759 3150 969 3221 vulgata
993 3152 1158 3206 editio
1183 3168 1278 3221 pro
1306 3149 1602 3215 Parabolis,
1623 3169 1741 3221 qua:
1770 3153 2031 3208 llebraice

461 3237 578 3291 Mos
608 3238 737 3291 Loth
771 3248 1050 3301 vocantur,
1094 3239 1455 3305 Parlwcmias,
1504 3242 1554 3294 id
1597 3251 1681 3297 est
1720 3241 2028 3308 Proverbia,

462 3330 622 3393 dicit;
653 3330 746 3384 sed
797 3345 895 3384 nec
942 3331 1114 3401 ipsum
1145 3347 1336 3385 nomen
1380 3331 1635 3386 abhorret
1662 3347 1691 3384 a
1720 3347 1867 3386 vero.
1902 3332 2033 3398 Qua:

461 3420 604 3473 enim
637 3419 902 3488 parabolm
931 3429 1074 3475 recte
1102 3429 1498 3492 nuncupantur,
1530 3421 1652 3490 quia
1686 3431 1790 3476 tam
1817 3423 2030 3477 occulta

463 3519 628 3569 Stlttl,
681 3520 906 3578 possunt
956 3526 1061 3564 non
1111 3511 1399 3581 incongrue
1440 3512 1599 3565 etiam
1629 3513 1911 3581 proverbia
1939 3528 2033 3566 vo-

462 3601 611 3663 cari,
643 3600 764 3670 quia
799 3600 919 3653 talia
951 3609 1075 3654 sunt
1102 3616 1220 3670 qua:
1252 3602 1439 3655 merito
1467 3603 1660 3670 sa‘pius
1707 3603 1757 3656 in
1799 3620 1893 3657 ore
1921 3603 2036 3658 col-

466 3687 794 3758 loquentium
837 3689 1038 3742 versari
1089 3704 1153 3743 ac
1205 3690 1459 3746 tnctnoria
1507 3691 1741 3746 debeant
1789 3693 2031 3749 retineri.

465 3778 597 3832 Nam
630 3787 684 3833 et
712 3780 995 3849 proverbia
1028 3779 1342 3850 plerumque
1373 3790 1478 3834 tam
1506 3784 1734 3836 obscure
1760 3782 2029 3849 dicuntur,

465 3877 523 3922 ut
553 3869 745 3922 merito
770 3868 957 3923 eadem
990 3869 1197 3938 possint
1226 3871 1387 3924 etiam
1418 3870 1790 3938 parabolarnm
1821 3873 2035 3927 nomine

465 3961 672 4025 notari,
705 3960 930 4014 Domino
958 3967 1267 4023 atteslante,
1298 3961 1388 4029 qui
1420 3960 1529 4012 ait:
1565 3959 1693 4012 11ηέ
1727 3962 1783 4014 in
1821 3978 2034 4030 prover-

464 4054 560 4107 biis
607 4053 809 4107 locutus
839 4069 954 4108 sum
999 4053 1159 4116 vobis,
1207 4054 1339 4108 venit
1386 4056 1515 4108 liora
1554 4071 1671 4107 cum
1705 4055 1819 4124 jam
1848 4071 1948 4108 non
1980 4055 2035 4108 in

461 4143 742 4214 proverbiis
771 4141 958 4212 loquar
983 4143 1122 4196 vobis
1141 4183 1156 4207 ,
1204 4142 1294 4196 sed
1340 4141 1515 4212 palam
1546 4143 1609 4197 de
1639 4141 1800 4197 Patre
1829 4161 2036 4198 annun-

463 4233 603 4285 tiubo
634 4233 771 4287 vobis
788 4231 966 4304 (Joan.
987 4232 1118 4306 XVI).
1146 4231 1282 4299 Quid
1307 4241 1482 4288 autem
1508 4234 1751 4289 utilitatis
1769 4237 2035 4305 parabola:

467 4321 771 4376 Salomonis
807 4321 1125 4386 conferant,
1176 4322 1337 4376 Prov.
1384 4339 1437 4387 ι,
1484 4333 1857 4378 succremento
1898 4325 2033 4380 tituli

466 4420 797 4465 monstratur
824 4427 945 4466 cum
974 4413 1256 4468 subditur:

536 4522 616 4575 Ad
636 4522 899 4575 sciendum
921 4523 1230 4592 sapientiam
1253 4535 1305 4579 et
1325 4525 1675 4596 disciplinam.
1701 4526 2032 4597 Sapientiam

468 4619 649 4664 autem
678 4620 734 4665 et
761 4611 1094 4680 disciplinam
1124 4614 1266 4668 scire
1293 4621 1405 4679 est,
1445 4618 1711 4685 quomodo
1740 4626 1884 4672 recte
1914 4633 2033 4672 cre-

468 4703 620 4765 dere,
652 4702 985 4770 qualiterque
1033 4703 1209 4759 vivere
1253 4714 1525 4774 oporteat,
1578 4722 1842 4779 quemque
1880 4725 2032 4765 vera-

471 4794 608 4848 citer
655 4792 922 4848 didicisse.
976 4794 1090 4860 Quo
1141 4792 1489 4851 intentionem
1539 4799 1716 4854 cordis
1765 4800 2030 4869 dirigere,

466 4884 595 4954 quid
629 4884 901 4954 operando
928 4898 1117 4954 gerere
1146 4887 1637 4943 conveniatnosse.
1674 4888 1825 4955 Quod
1853 4900 2031 4945 autem

466 4974 708 5046 adjungit
732 4991 746 5027 :

535 5085 616 5140 Ad
653 5085 988 5156 intelligenda
1028 5085 1178 5139 verba
1216 5086 1504 5155 sapientiae,
1555 5096 1601 5139 et
1649 5088 2032 5158 suscipiendam

465 5176 808 5229 eruditionem
834 5173 1102 5231 doctrinm.
1137 5173 1315 5230 Monet
1337 5190 1430 5229 eos
1455 5191 1588 5246 quos
1613 5177 1820 5239 imbuit,
1844 5188 1901 5231 ut
1928 5193 2031 5231 non

467 5265 641 5320 solum
670 5265 984 5335 sapientiam
1012 5279 1171 5336 quam
1200 5265 1472 5334 semetipsi
1501 5256 1889 5337 perceperunt,
1920 5282 2034 5320 am-

466 5357 672 5428 plecti,
723 5365 778 5412 et
829 5356 1121 5427 disciplina:
1169 5357 1426 5411 virtutqu
1468 5372 1628 5427 quam
1670 5366 2035 5427 cognoverunt

468 5449 642 5503 sciant
673 5448 964 5515 inservire;
1006 5449 1099 5504 sed
1130 5448 1291 5504 etiam
1322 5449 1499 5503 verbis
1526 5448 1889 5520 prudentium,
1921 5448 2037 5518 qui-

470 5539 570 5592 bus
597 5538 663 5591 ad
694 5538 1010 5606 perfectiora
1047 5537 1331 5607 proﬁciant
1362 5537 1594 5594 libenter
1618 5538 1942 5602 auscultarc,
1980 5545 2035 5591 et

472 5627 574 5683 hoc
600 5628 825 5683 solerter
852 5628 1148 5698 intelligere
1174 5637 1367 5684 curent

2055 1582 2099 1635 Α
2195 1573 2469 1629 Justitiam
2497 1584 2544 1628 et
2572 1576 2836 1645 Iudicium
2860 1586 2909 1631 et
2936 1577 3251 1647 (castitatem.
3290 1578 3505 1636 Justitia
3534 1585 3696 1639 estin

2126 1665 2224 1727 eis,
2248 1680 2366 1733 quze
2386 1666 2679 1718 secundum
2706 1665 2943 1736 regulam
2964 1668 3206 1721 veritatis
3232 1668 3365 1721 bene
3388 1685 3692 1740 operantur.

2124 1752 2391 1807 Judicium
2419 1754 2470 1806 in
2495 1753 2622 1818 illis,
2641 1769 2761 1823 quae
2784 1763 2927 1809 recta
2949 1755 3275 1811 discretione
3295 1773 3415 1812 cum
3440 1761 3697 1828 proximis

2126 1843 2355 1913 agimus,
2384 1843 2609 1911 aequitas
2643 1844 2698 1897 in
2736 1859 2822 1907 eo,
2857 1860 2980 1901 mini
3015 1845 3224 1900 sincera
3263 1847 3561 1904 intentione
3590 1852 3698 1906 Deo

2128 1933 2227 1989 soli
2261 1933 2313 1988 in
2344 1933 2429 1988 his
2455 1949 2573 2002 quze
2600 1942 2747 1989 recte
2772 1935 3010 2006 gerimus
3041 1946 3098 1991 et
3124 1934 3448 2007 judicamus,
3485 1940 3698 2010 placere

2128 2025 2518 2081 contendimus.

2202 2112 2270 2167 Ut
2316 2114 2470 2169 detur
2505 2116 2735 2186 parvulis
2778 2119 3005 2184 astutia,
3048 2119 3361 2175 adolescenti
3397 2122 3619 2177 scientia
3651 2131 3699 2179 et

2129 2204 2443 2260 intellectus.
2491 2206 2748 2264 Parvulos
2781 2209 2913 2265 dicit
2952 2225 3045 2266 eos
3088 2212 3179 2280 qui
3222 2227 3392 2283 nuper
3424 2215 3700 2284 sapientia

2132 2307 2317 2349 aurem
2351 2296 2757 2352 accommodem
2812 2307 3121 2368 coeperant,
3167 2299 3568 2357 adolescentem
3610 2303 3700 2373 qui

2130 2383 2463 2456 aliquantum
2493 2383 2608 2454 jam
2644 2385 2698 2440 in
2736 2384 2855 2455 ejus
2881 2387 3153 2443 auditione
3179 2387 3427 2458 profecit.
3477 2389 3553 2444 Et.
3585 2390 3701 2447 ideo

2133 2476 2363 2534 fortasse
2388 2477 2644 2549 parvulos
2670 2477 2865 2548 plurali
2910 2494 3153 2546 numero,
3181 2479 3584 2537 adolescentem
3612 2498 3703 2553 ap-

2132 2567 2296 2639 pellat
2322 2567 2599 2638 singulari.
2634 2568 2770 2635 Quia
2798 2568 3039 2624 doctrina
3063 2569 3339 2638 sapientiae
3367 2586 3508 2641 quos
3534 2573 3702 2627 diver-

2135 2657 2211 2712 sis
2238 2657 2402 2712 animi
2431 2657 2683 2723 motibus,
2728 2658 2956 2713 diversis
2981 2657 3194 2713 vivendi
3224 2660 3465 2716 moribus
3492 2662 3701 2717 deditos

2135 2749 2391 2821 suscipit,
2438 2748 2492 2803 in
2537 2764 2696 2803 unam
2736 2749 2950 2804 virtutis
2986 2747 3368 2818 perfectionem
3408 2752 3702 2807 erudiendo

2136 2841 2381 2910 provehit
2406 2880 2420 2905 ,
2466 2841 2532 2896 de
2560 2840 2754 2909 quibus
2778 2840 2897 2911 iure
2923 2840 3118 2895 dicitur
3144 2858 3158 2895 :
3198 2839 3564 2896 Multitudinis
3592 2861 3700 2898 cre-

2134 2930 2367 2984 detuium
2402 2940 2512 2984 erat
2550 2946 2641 2984 cor
2680 2938 2728 2984 et
2772 2930 2948 2983 anima
2988 2947 3114 2983 una.
3165 2927 3230 2985 Ut
3276 2930 3452 2996 detur,
3499 2932 3699 3003 inquit,

2131 3021 2361 3093 parvulis
2388 3021 2601 3074 astutia.
2639 3019 2764 3075 llznc
2788 3021 2984 3075 etenim
3012 3021 3235 3076 rudibus
3259 3030 3343 3076 est
3367 3032 3423 3076 et
3448 3023 3703 3094 insipien-

2136 3113 2276 3167 tibus
2297 3111 2623 3175 necessaria,
2644 3126 2741 3181 per
2761 3126 2919 3181 quam
2955 3112 3341 3183 sophismatum
3364 3113 3701 3184 dignoscere,

2133 3209 2189 3257 et
2215 3217 2406 3257 cavere
2433 3202 2721 3256 versutiam
2756 3202 2992 3270 possint,
3036 3217 3101 3255 ne
3138 3200 3396 3256 falsorum
3425 3203 3703 3260 fraudibus

2135 3302 2573 3363 argumentorum
2619 3288 2953 3345 abducantur
2997 3306 3027 3344 a
3073 3291 3420 3362 simplicitate
3449 3308 3598 3349 verte
3622 3309 3703 3349 sa-

2132 3382 2349 3454 pientiae
2367 3421 2382 3447 ,
2414 3397 2533 3451 qua:
2562 3382 2710 3436 ducit
2744 3381 2809 3435 ad
2838 3382 3019 3435 vitam.
3057 3382 3386 3438 Adolescenti
3411 3385 3635 3441 scientia
3656 3395 3702 3442 et

2134 3469 2443 3524 intellectus.
2473 3468 2607 3536 Quia
2636 3469 2725 3539 qui
2757 3469 3046 3539 prudenter
3074 3471 3307 3525 declinat
3338 3470 3491 3535 faLsa,
3525 3490 3707 3531 conse-

2134 3570 2361 3631 quenter
2380 3562 2514 3615 scita
2539 3561 2781 3614 veritatis
2808 3562 3082 3630 percipiet.
3119 3560 3390 3618 "actenus
3415 3567 3703 3634 pnntitula-

2137 3650 2232 3705 tio.
2266 3650 2400 3704 llinc
2418 3648 2531 3717 jam
2560 3650 2671 3719 ipse
2700 3658 2875 3705 textus
2901 3649 3277 3722 parabolarnm
3308 3653 3516 3724 incipit.

2207 3740 2436 3794 Audiens
2486 3740 2689 3809 sapiens
2739 3739 3024 3810 sapientiai:
3068 3742 3185 3796 erit.
3245 3740 3381 3809 Quia
3429 3746 3703 3815 sapientiai

2138 3843 2349 3889 amator
2392 3834 2572 3887 extitit
2624 3832 2917 3898 Salomon,
2969 3834 3092 3903 quia
3139 3835 3353 3902 optione
3400 3837 3504 3892 sibi
3552 3840 3702 3905 data,

2136 3924 2454 3994 sapientiam
2488 3923 2641 3993 petiit
2671 3933 2723 3976 et
2752 3923 2996 3991 accepit,
3046 3923 3265 3993 pulchre
3304 3925 3514 3980 initium
3547 3942 3701 3998 para-

2138 4016 2378 4069 holarum
2408 4032 2624 4070 suarum
2657 4032 2686 4069 a
2718 4016 2974 4085 sapientia
3006 4017 3190 4070 sumit.
3238 4018 3388 4084 Quod
3424 4028 3609 4077 autem
3632 4021 3704 4075 ait

2136 4107 2430 4177 Sapientem
2459 4123 2580 4160 cum
2614 4107 2845 4161 audierit
2874 4108 3094 4162 verbum
3125 4109 3506 4177 sapientiorem
3535 4111 3702 4179 efﬁci,

2139 4198 2371 4252 ostendit
2417 4198 2683 4251 neminem
2734 4198 2786 4251 in
2835 4197 2936 4252 hac
2982 4198 3088 4252 vita
3138 4200 3209 4253 ita
3254 4200 3556 4270 sapientem
3594 4200 3703 4258 ﬁeri

2062 4260 2107 4321 Ο
2141 4302 2324 4357 posse,
2369 4286 2522 4357 cujus
2563 4287 2823 4356 sapientia
2856 4297 3088 4356 nequeat
3113 4260 3335 4360 augeri,
3387 4306 3704 4365 semperque

2140 4377 2306 4432 moris
2333 4392 2452 4431 esse
2479 4377 2840 4447 sapientium,
2892 4385 2951 4431 ut
2999 4378 3158 4432 dictis
3188 4377 3449 4448 majorum
3502 4391 3561 4437 et
3605 4382 3703 4438 ali-

2137 4469 2352 4538 quando
2380 4471 2542 4523 ctiam
2576 4469 2838 4523 minorum
2873 4470 3202 4536 auscultent,
3247 4478 3304 4524 et
3342 4471 3606 4543 quidquid
3650 4473 3703 4529 in

2138 4559 2243 4614 illis
2274 4560 2520 4614 utilitatis
2549 4560 2846 4623 audierint,
2893 4561 2960 4615 ad
2989 4576 3047 4616 se
3078 4562 3368 4634 replicent,
3416 4578 3625 4635 suoque
3648 4564 3702 4620 iu

2138 4651 2299 4705 corde
2350 4651 2659 4705 recondant.
2721 4649 2961 4721 Denique
3012 4651 3213 4707 audivit
3261 4652 3475 4723 sapiens
3530 4655 3704 4711 minor

2138 4741 2437 4809 majorem,
2485 4740 2671 4813 regina
2715 4738 2855 4794 Saba
2895 4739 3233 4797 Salomonem
3259 4782 3274 4806 ,
3328 4751 3382 4797 et
3412 4744 3704 4813 sapientior

2138 4832 2338 4896 rediit,
2386 4830 2593 4885 audivit
2633 4828 2806 4885 Moses
2844 4821 3087 4887 socerum
3113 4873 3127 4898 ,
3184 4833 3351 4888 multo
3395 4834 3718 4903 inferiorem,

2138 4923 2450 4986 sublimior,
2508 4930 2565 4977 et
2612 4922 2905 4994 sapientior
2948 4923 3185 4979 redditus
3240 4932 3341 4978 est.
3406 4925 3700 4983 Audierant

2139 5018 2382 5089 discipuli
2418 5017 2689 5072 Christum
2742 5025 2798 5071 et
2826 5016 3070 5086 spiritum
3108 5015 3394 5088 Sapientia:
3428 5020 3698 5089 percipere

2141 5117 2472 5162 meruerunt.
2523 5107 2740 5161 Audivit
2778 5106 3131 5172 Nicodemus,
3171 5108 3375 5179 audivit
3408 5109 3694 5172 Gamaliel,

2140 5199 2344 5251 audivit
2372 5197 2662 5267 discipulus
2690 5197 2828 5267 ejus,
2861 5208 2987 5252 tunc
3019 5196 3231 5261 Saulus,
3264 5215 3407 5254 nunc
3437 5201 3697 5270 apostolus

2141 5287 2352 5351 Paulus,
2379 5286 2644 5356 sapientes
2664 5287 2851 5358 utique
2864 5284 3083 5341 verbum
3098 5286 3395 5358 Evangelii,
3416 5299 3470 5343 et
3494 5290 3698 5359 sapien-

2143 5380 2305 5433 tiores
2334 5387 2460 5432 sunt
2488 5378 2635 5432 facti.
2684 5378 2785 5443 Qui
2815 5379 2977 5432 etiam
3004 5378 3204 5433 Paulus
3229 5393 3353 5433 cum
3388 5380 3455 5435 ad
3487 5380 3695 5434 tertium

2138 5470 2331 5525 cadum
2362 5479 2548 5541 raptus
2578 5470 2818 5523 audisset
2843 5484 2907 5524 ea
2924 5508 2940 5534 ,
2971 5484 3087 5538 qua:
3114 5485 3221 5524 non
3241 5469 3376 5524 licet
3402 5468 3697 5525 hominibus

2139 5559 2298 5613 verba
2329 5558 2495 5628 loqui,
2520 5557 2865 5613 nihilominus
2892 5559 2958 5614 ad
2989 5567 3187 5614 terram
3214 5573 3462 5614 reversus
3484 5558 3693 5613 aiebat:

2140 5650 2274 5717 Quia
2301 5667 2365 5704 ex
2392 5658 2539 5720 parte
2565 5650 2917 5720 cognovimus,
2954 5658 3001 5705 et
3035 5663 3100 5703 ex
3130 5657 3277 5719 parte
3311 5647 3691 5718 prophetatum,
