3962 6198
274 295 366 349 681

1062 284 1424 344 EXPOSITIO
1460 285 1528 341 ΙΝ
1566 282 1958 343 PROVERBIA
1997 282 2405 341 SALOMONIS.
2445 315 2516 326 —
2550 283 2678 341 LIB.
2716 281 2768 338 Ι.

3436 287 3544 345 682

269 424 388 464 tum
425 414 601 461 autem
638 402 830 459 venerit
867 400 1010 471 quod
1046 402 1343 471 perfectum’
1369 410 1476 465 est,
1521 396 1860 454 evacuabitur
1886 410 1933 464 Α
1956 400 2118 468 ingeni
2142 411 2325 453 matris
2350 409 2473 454 tum.
2504 399 2775 456 Hactenus
2799 399 3206 470 proverbialiter
3225 401 3290 457 de
3316 391 3545 475 utraque

271 501 407 571 quod
431 513 499 553 ea:
522 505 672 568 parte
695 504 772 548 est
799 493 852 559 (I
882 490 1005 548 Cor.
1036 492 1180 562 xui).

342 592 410 646 Et
442 589 764 660 intelligens,
789 584 1142 658 gubernacula
1170 583 1473 656 possidebit.
1512 581 1683 637 Nemo
1709 596 1767 635 se
1795 581 1862 635 de

274 699 368 737 sua
390 680 562 751 jactet
590 677 838 734 scientia.
896 675 1031 743 Quia
1062 675 1156 746 qui
1185 674 1511 745 sapientium
1539 672 1703 727 verba
1743 685 1863 726 ere-

275 776 369 829 ber
396 772 585 826 audire
613 778 669 824 et
698 767 994 838 intelligere
1028 766 1252 837 negligit
1276 805 1292 830 ,
1344 765 1509 819 vitam
1557 779 1714 818 suam
1759 764 1862 818 rite

275 867 577 935 gubernare
610 877 717 916 non
748 860 929 923 novit,
965 866 1169 927 quanto
1196 857 1369 927 magis
1403 856 1579 910 alieno
1614 855 1860 925 regimini

274 955 459 1023 perﬁci
485 952 716 1022 nequit,
763 950 856 1019 qui
902 948 1139 1016 seipsum
1175 945 1242 1000 ad
1272 956 1484 1017 patrum
1522 944 1862 1015 disciplinam

276 1048 542 1115 subjicere
568 1045 908 1112 contempsit.
940 1040 1095 1107 Quod
1120 1054 1249 1110 ergo
1273 1040 1378 1093 ait:
1399 1038 1633 1092 Audiens
1653 1039 1863 1108 sapien-

273 1139 377 1192 tior
405 1138 524 1200 erit,
557 1136 626 1190 ad
666 1132 1032 1203 cognitionem
1059 1145 1237 1185 rerum
1269 1144 1389 1199 qua:
1416 1143 1516 1198 per
1542 1129 1863 1198 sapientiam

276 1235 576 1283 noscuntur
605 1223 853 1293 respicit;
875 1221 1019 1291 quod
1047 1235 1177 1275 vero
1206 1221 1442 1276 addidit:
1469 1220 1538 1274 Et
1567 1219 1862 1290 intelligens

272 1316 628 1390 gubernacula
653 1312 952 1385 possidebit,
983 1310 1049 1365 ad
1075 1310 1454 1367 rectitu'dinem
1476 1312 1601 1365 vitae
1620 1326 1740 1381 qme
1765 1324 1864 1379 per

273 1410 519 1465 eamdem
547 1404 865 1475 sapientiam
896 1402 1122 1457 discitur
1149 1411 1205 1456 et
1234 1403 1475 1464 docetur,
1510 1400 1763 1470 pertinet.
1797 1399 1863 1453 Et

276 1500 501 1571 pulchre
540 1496 863 1568 principium
896 1492 1289 1548 Parabolarum
1317 1492 1587 1562 principio
1613 1491 1864 1562 congruit

275 1592 445 1656 tituli,
488 1587 635 1660 quod
672 1588 744 1643 ita
780 1603 842 1643 se
876 1587 1081 1641 habet:
1121 1583 1403 1640 Parabolte
1435 1584 1735 1641 Salomonis
1763 1584 1863 1653 ﬁlii

279 1682 443 1736 Dat-id
482 1682 618 1751 regis
646 1678 850 1743 Israel,
889 1678 958 1731 ad
989 1676 1255 1731 sciendam
1287 1676 1598 1746 sapientiam
1626 1684 1674 1729 et
1705 1674 1861 1727 disci-

1964 496 2119 555 parte
2144 488 2423 558 disputat,
2469 489 2596 543 hinc
2630 490 2742 559 jam
2783 488 3003 543 sedulus
3035 490 3224 559 incipit
3252 491 3544 548 admonere

1961 592 2234 650 quemque
2259 580 2469 636 ﬁdelem
2491 622 2505 646 ,
2542 590 2602 635 ut
2629 581 2966 651 disciplinam
3004 582 3137 653 legis
3166 583 3361 638 divinae
3394 585 3546 640 blan-

1963 670 2111 725 ditiis
2153 679 2447 741 postponat
2492 672 2860 742 reproborum.
2912 672 3048 740 Quia
3089 674 3340 729 nimirum
3388 674 3546 744 hujus

1961 762 2263 818 custodiam
2299 778 2531 829 corona,
2583 763 2795 819 illorum
2838 763 3074 819 facinora
3107 781 3254 822 mors
3291 779 3548 839 sequatur

1962 862 2197 919 aeterna,
2240 856 2382 910 unde
2414 864 2470 910 et
2503 864 2649 909 recte
2697 854 2864 908 lilium
2897 866 3082 921 vocat,
3131 872 3290 926 quem
3321 868 3548 929 paterna

1964 946 2327 1002 sollicitudine
2358 955 2515 1004 curat
2543 947 2860 1011 instituere,
2906 955 3082 1016 potest
3128 957 3183 1003 et
3227 963 3293 1002 ex
3325 949 3417 1003 Dei
3446 948 3549 1004 Pa-

1964 1039 2066 1092 tris
2093 1053 2321 1109 persona
2351 1038 2556 1093 dictum
2587 1038 2790 1106 accipi;
2818 1039 2870 1092 in
2904 1038 3122 1092 nomine
3151 1046 3330 1092 autem
3360 1041 3549 1094 matris

1965 1127 2243 1193 Ecclesiae,
2289 1144 2408 1197 qua:
2456 1137 2585 1182 tunc
2634 1128 2919 1200 Synagoga
2962 1129 3259 1183 vocabatur
3298 1128 3545 1200 intelligi.

1965 1216 2032 1271 Et
2059 1218 2375 1283 notandum,
2401 1219 2542 1289 quod
2571 1219 2644 1273 ita
2674 1236 2771 1275 nos
2800 1219 3136 1289 disciplinam
3166 1220 3337 1291 patris
3364 1236 3551 1276 amare

1966 1308 2244 1378 praecipit,
2281 1317 2341 1362 ut
2377 1309 2548 1379 legem
2582 1323 2796 1378 quoque
2834 1308 3024 1363 matris
3051 1308 3195 1362 nulla
3225 1310 3434 1366 ratione
3464 1309 3548 1364 di-

1967 1403 2266 1456 mittamus.
2292 1401 2423 1468 Quia
2449 1418 2555 1457 non
2578 1401 2795 1465 subicit,
2814 1412 2874 1455 ut
2892 1402 3014 1471 quis
3035 1418 3094 1457 se
3114 1402 3283 1457 Deum
3305 1401 3550 1475 diligere,

1964 1500 2021 1547 et
2061 1494 2178 1563 ejus
2222 1496 2505 1565 praeceptis
2545 1495 2922 1564 obtemperare
2962 1495 3144 1561 dicat,
3197 1495 3243 1550 si
3289 1497 3550 1553 unitatem
3581 1518 3593 1527 ·

1967 1584 2223 1640 Ecclesia:
2262 1585 2500 1640 fraterna
2531 1587 2769 1641 eharitas
2798 1602 2905 1642 non
2935 1595 3213 1655 sequatur.
3263 1587 3375 1643 Nec
3403 1598 3553 1644 vetat

1966 1675 2205 1746 aliquid,
2251 1686 2481 1732 matrem
2523 1677 2694 1747 ipsam
2734 1662 2843 1734 Dei
2876 1680 3103 1750 gratiam
3133 1694 3239 1749 qua
3280 1681 3554 1737 salvamnr

272 1772 492 1842 pliaam.
525 1769 954 1824 Animadvertite
984 1766 1298 1838 parabolam
1351 1774 1407 1820 et
1456 1765 1860 1835 iuterpretatio-
1892 1756 1939 1814 Β
1964 1769 2231 1839 accipere.
2265 1768 2400 1823 Nam
2430 1776 2484 1823 et
2512 1769 2653 1838 apud
2680 1769 2935 1824 Hebraeos
2959 1771 3181 1841 spiritus
3204 1773 3293 1841 qui
3320 1773 3550 1843 gratiam
3624 1804 3631 1809 π

277 1876 394 1916 nem
420 1902 435 1924 ,
488 1862 654 1916 verba
700 1858 1025 1930 sapientium
1065 1865 1121 1912 et
1161 1858 1450 1928 aenigmata
1487 1871 1695 1911 eorum.
1755 1855 1867 1910 Hoc

275 1952 555 2022 discipulis
580 1967 640 2006 se
668 1949 943 2005 humiliter
972 1948 1347 2013 audientibus,
1392 1948 1506 2017 ipsa
1541 1961 1662 2017 quae
1688 1960 1783 2001 eos
1813 1947 1866 2000 in

275 2062 445 2102 carne
483 2060 757 2116 apparens
782 2043 1066 2098 erudiebat
1093 2041 1358 2111 sapientia
1397 2040 1657 2104 donavit,
1708 2049 1766 2093 ut
1811 2049 1866 2093 et

274 2151 396 2190 suas
433 2132 746 2206 parabolas,
776 2148 896 2202 qua:
927 2132 1098 2186 turbae
1125 2128 1441 2199 nequibant,
1472 2128 1863 2198 inteliigerent,

279 2239 336 2284 et
370 2229 761 2299 prophetarum
791 2241 856 2281 ac
884 2225 1017 2296 legis
1061 2225 1371 2294 aenigmata,
1402 2223 1455 2277 id
1488 2230 1605 2287 est,
1635 2222 1867 2276 obscura

274 2321 417 2374 dicta
441 2316 803 2386 spiritualiter
826 2314 1280 2380 animadvertere,
1310 2329 1373 2368 ac
1396 2313 1509 2367 suis
1532 2309 1868 2366 auditoribus

274 2409 575 2464 dilucidare
620 2407 884 2462 valerent.
947 2406 1057 2463 Sed
1105 2416 1163 2462 et
1213 2404 1567 2475 sequentibus
1612 2401 1869 2458 Ecclesiae

274 2499 555 2571 magistris
583 2498 773 2552 eadem
804 2496 1171 2568 intelligentiae
1205 2495 1467 2567 spiritalis
1498 2507 1696 2549 arcana
1718 2533 1733 2558 ,
1780 2490 1871 2563 pie

274 2588 648 2658 quaerentibus
673 2603 737 2641 ac
759 2587 1125 2657 pulsantibus,
1154 2584 1471 2640 reservavit.

345 2677 531 2730 Timor
561 2676 774 2730 Domini
800 2676 1119 2747 principium
1155 2674 1444 2745 sapientiw.
1502 2673 1617 2727 Duo
1644 2681 1771 2727 sunt
1804 2672 1868 2727 ti-

272 2783 454 2823 mores
503 2767 763 2833 Domini,
821 2767 1030 2836 primus
1078 2765 1329 2830 servilis,
1389 2764 1480 2834 qui
1534 2764 1867 2834 principium

275 2860 519 2914 scientiae
543 2867 599 2913 et
623 2858 901 2929 sapientia:
930 2868 1180 2927 vocatur;
1201 2856 1470 2911 secundus
1492 2856 1753 2921 amiculis,
1777 2856 1867 2924 qui

275 2950 667 3020 perfectionem
712 2948 993 3017 sapientiae
1058 2946 1370 3001 comitatur.
1423 2944 1611 3001 Timor
1655 2944 1868 3000 servilis

273 3042 603 3112 principium
630 3051 715 3094 est
737 3039 1039 3110 sapientiae,
1060 3039 1186 3109 quia
1211 3037 1457 3107 quisquis
1480 3044 1602 3106 post
1626 3051 1869 3092 errorem

1963 1866 2189 1928 praestat
2212 1872 2413 1927 genere
2438 1856 2701 1915 feminino
2728 1869 3085 1930 nuncupatur.

2039 1947 2107 2003 Ut
2135 1949 2366 2004 addatur
2392 1950 2567 2020 gratia
2593 1950 2757 2018 capiti
2785 1959 2896 2014 tuo,
2951 1960 2999 2003 et
3035 1962 3244 2022 torques
3275 1951 3410 2006 collo
3442 1962 3552 2006 tua.

2037 2042 2153 2098 Mos
2181 2043 2323 2113 apud
2350 2050 2560 2096 veteres
2587 2040 2687 2096 fuit
2707 2083 2721 2108 ,
2752 2049 2812 2095 ut
2842 2041 3080 2117 legitime
3108 2052 3412 2108 certantes,
3461 2059 3555 2097 co-

1967 2149 2157 2190 ronam
2195 2133 2248 2188 in
2280 2133 2483 2203 capite,
2535 2140 2785 2202 torquem
2823 2132 2879 2186 in
2924 2131 3064 2186 collo
3107 2133 3436 2202 acciperent.
3492 2134 3558 2188 Et

1965 2222 2123 2279 nobis
2150 2238 2280 2294 ergo
2307 2223 2352 2278 si
2380 2221 2719 2292 disciplinam
2747 2222 3045 2281 conditoris
3072 2223 3265 2287 nostri,
3298 2222 3343 2278 si
3370 2224 3558 2292 gratia!

1966 2315 2161 2369 matris
2205 2314 2341 2370 scita
2375 2314 2735 2380 custodimus,
2764 2312 2938 2383 major
2970 2314 3021 2368 in
3049 2315 3164 2368 dies
3195 2315 3556 2386 spiritualium

1966 2404 2230 2459 virtutum
2278 2403 2499 2457 claritas
2546 2413 2791 2473 augetur.
2866 2403 3099 2457 Additur
3142 2404 3339 2474 quippe
3382 2406 3557 2475 gratia

1968 2495 2164 2566 capiti,
2202 2509 2323 2549 cum
2353 2493 2592 2548 charitas
2622 2470 2927 2563 principale
2958 2470 3559 2550 mentisvor—n—amen’tum

1968 2586 2249 2640 ardentius
2271 2583 2653 2638 inﬂammatur.
2682 2582 2915 2638 Additur
2935 2594 2989 2639 et
3011 2583 3147 2639 collo
3170 2593 3413 2655 torques,
3436 2602 3559 2641 cum

1970 2676 2177 2749 fulgore
2223 2675 2479 2746 perfecta:
2519 2675 2855 2745 operationis
2903 2690 3085 2731 sermo
3130 2676 3557 2747 praedicationis,

1969 2769 2060 2839 qui
2091 2782 2189 2839 per
2212 2767 2405 2822 collum
2444 2767 2727 2838 procedit,
2776 2766 3147 2823 confirmatur.
3201 2768 3281 2824 Ac
3320 2783 3388 2823 ne
3426 2785 3558 2824 cun-

1972 2860 2138 2919 temni
2181 2860 2250 2914 ab
2290 2858 2628 2913 auditoribus
2674 2858 2870 2913 debeat
2921 2857 3251 2912 indeﬁeienti
3297 2858 3558 2914 virtutum

1971 2949 2311 3003 connexione
2348 2947 2593 3003 docetur.
2649 2946 2756 3001 Sed
2798 2955 2854 3002 ct
2893 2946 2978 3001 his
3004 2944 3115 3016 qui”
3151 2946 3401 3003 Massica:
3431 2949 3564 3021 legis

1973 3041 2190 3094 decreta
2214 3039 2442 3093 Domino
2466 3039 2717 3093 veniente
2741 3040 3051 3103 servabant,
3075 3039 3254 3093 addita
3282 3049 3362 3094 est
3387 3043 3561 3112 gratia

272 3134 601 3189 delictorum
631 3146 821 3203 sapere
856 3131 1047 3203 incipit
1081 3131 1258 3201 primo
1288 3130 1485 3185 timore
1514 3131 1697 3186 divino
1740 3145 1864 3184 cor-
1893 3116 1938 3178 C
1971 3129 2103 3184 Novi
2127 3130 2483 3194 'l‘estzimenti,
2504 3144 2627 3183 cum
2655 3144 2747 3199 spe
2764 3130 2913 3200 regni
2935 3128 3192 3195 caelestis,
3210 3129 3363 3199 cujus
3385 3131 3565 3202 Splen-

274 3228 494 3296 ripitur,
534 3241 605 3281 ne
633 3226 700 3280 ad
729 3232 993 3280 tormenta
1021 3223 1269 3287 ducatur,
1307 3222 1401 3277 sed
1439 3221 1583 3277 hunc
1614 3223 1862 3276 timorem

275 3316 523 3385 perfecta
551 3316 768 3370 dilectio
800 3314 946 3369 foras
978 3314 1164 3368 mittit.
1220 3312 1472 3368 Succedit
1497 3321 1676 3368 autem
1707 3314 1868 3369 timor

278 3405 489 3459 Domini
514 3414 738 3459 sanctus
756 3416 1081 3474 permanens
1106 3403 1162 3456 in
1183 3401 1437 3456 sarculum
1461 3401 1639 3456 saeculi
1661 3419 1675 3467 ;
1707 3418 1867 3471 quem

276 3513 382 3551 non
413 3495 680 3560 excludit,
712 3494 809 3549 sed
839 3503 1000 3564 auget
1034 3494 1292 3557 charitas,
1324 3496 1440 3563 ipse
1466 3500 1549 3547 est
1577 3507 1684 3564 quo
1718 3494 1872 3547 timet

277 3589 420 3643 tilias
449 3588 650 3651 bonus,
684 3603 750 3641 ne
774 3593 828 3641 et
854 3586 908 3639 iu
942 3585 1153 3640 modico
1179 3584 1363 3640 oculos
1390 3583 1746 3638 amantissimi
1773 3599 1868 3654 pa-

277 3681 377 3733 tris
406 3678 665 3735 offendat.
720 3674 853 3732 Nam
892 3676 1198 3732 inchoativo
1226 3675 1420 3730 timore
1449 3674 1662 3729 servilis
1690 3674 1867 3729 adhuc

276 3771 501 3826 animus
529 3769 756 3834 metuit,
800 3783 867 3822 ne
909 3768 978 3821 ab
1016 3767 1156 3822 irato
1188 3765 1413 3820 Domino
1442 3765 1620 3836 ptenis
1651 3764 1869 3834 subiga-

278 3870 390 3926 tur,
426 3869 662 3929 uterque
690 3865 869 3914 autem
903 3857 1068 3911 timor
1114 3857 1177 3917 in,
1218 3853 1395 3910 futura
1441 3857 1553 3910 vita
1600 3854 1869 3916 cessabit,

272 3954 531 4008 ebaritas
566 3966 695 4007 vero
732 3965 1006 4021 nunquam
1048 3947 1280 4013 excidit,
1317 3947 1412 4002 sed
1449 3948 1502 4001 in
1538 3944 1874 4016 plenitudine

277 4042 572 4114 sapientiae
616 4049 876 4111 perpetua
940 4037 1208 4103 manebit;
1248 4037 1388 4109 quod
1425 4048 1509 4092 est
1546 4050 1875 4107 cognoscere

275 4150 475 4188 verum
542 4138 598 4187 et
660 4147 825 4185 unum
886 4131 1092 4195 Deum,
1160 4138 1214 4184 et
1278 4141 1436 4199 quem
1496 4129 1644 4183 misit
1691 4126 1874 4182 lesum

277 4227 590 4281 Christum.

355 4316 695 4385 Sapientiam
758 4324 916 4385 atque
969 4312 1301 4384 disciplinam
1356 4312 1502 4366 stulti
1558 4311 1868 4381 despiciunt.

274 4407 513 4462 Dixerat
548 4407 613 4461 de
647 4407 910 4477 sapiente,
953 4408 1094 4476 quod
1127 4407 1312 4461 audito
1337 4421 1605 4471 sermone,
1653 4405 1868 4475 sapien-

274 4499 392 4552 tior
420 4496 601 4560 ﬁeret,
626 4505 679 4550 et
704 4496 1005 4566 intelligens
1032 4496 1134 4551 rite
1158 4513 1285 4551 suos
1311 4498 1615 4568 gubernare
1640 4497 1875 4551 disceret

271 4600 465 4642 actus.
523 4585 663 4641 Dicit
688 4605 720 4640 e
748 4588 1025 4642 contrario
1053 4587 1119 4643 de
1147 4588 1355 4654 stultis,
1393 4589 1517 4658 quia
1552 4588 1871 4658 sapientiam

272 4678 421 4732 recti
445 4675 714 4745 dogmatis
732 4685 788 4730 et
806 4678 1142 4748 disciplinam
1162 4694 1309 4749 pura:
1326 4679 1747 4733 conversationis
1767 4695 1873 4734 non

271 4772 452 4824 modo
499 4784 606 4821 non
654 4780 1026 4839 assequuntur,
1072 4771 1165 4825 sed
1208 4781 1263 4825 et
1304 4785 1461 4826 nosse
1504 4780 1873 4825 contemnant.

269 4863 538 4930 Denique
560 4862 886 4929 praedicante
912 4863 964 4916 in
990 4880 1154 4918 carne
1180 4865 1290 4933 ipsa
1316 4865 1578 4934 sapientia
1608 4866 1879 4934 sapientes

269 4956 496 5025 quique
548 4953 844 5023 gaudentes
914 4956 1317 5020 occurrebant;
1397 4965 1452 5009 at
1518 4956 1772 5011 Pharisaei
1826 4967 1881 5012 et

269 5042 577 5112 Principes
634 5040 993 5098 Sacerdouim
1044 5045 1299 5099 salutaria
1357 5045 1473 5112 ejus
1529 5045 1671 5101 dicta
1721 5049 1879 5101 simul

269 5147 333 5191 et
391 5136 544 5191 facta
593 5135 939 5205 spernebant.
1015 5136 1081 5191 Et
1125 5139 1421 5192 notandum
1470 5140 1611 5209 quod
1661 5142 1878 5209 sapien»

273 5238 397 5284 tetu
453 5226 720 5295 singulari
771 5242 1034 5291 numero,
1103 5227 1295 5283 stultos
1343 5227 1599 5284 describit
1646 5230 1877 5299 plurali,

273 5318 418 5386 quia
449 5324 511 5368 et
537 5315 717 5384 plures
743 5325 871 5371 sunt
897 5317 1228 5387 sapientibus
1257 5317 1433 5382 stulti,
1474 5328 1529 5372 ct
1556 5321 1879 5389 sapientium

272 5415 472 5462 uetus
502 5408 682 5460 omnis
713 5406 1035 5462 uniformem
1072 5417 1216 5463 tenet
1251 5409 1440 5464 callem
1475 5411 1710 5479 pietatis.
1753 5411 1883 5467 Por-

274 5514 346 5553 ro
391 5495 702 5552 errantium
741 5498 1003 5553 dissimile
1044 5500 1257 5572 dogma,
1300 5499 1580 5556 dissimilis
1621 5511 1705 5557 est
1750 5504 1880 5558 ordo

274 5584 529 5640 vivendi.

364 5675 537 5739 Audi,
568 5673 648 5741 ﬁli
675 5676 768 5741 mi,
796 5677 1125 5747 disciplinam
1154 5684 1319 5751 patris
1348 5682 1454 5750 tui,
1485 5694 1532 5738 et
1563 5699 1628 5738 ne
1654 5683 1884 5739 dimittas

724 5770 959 5833 ΡΑτιιυι
982 5819 998 5833 .
1038 5773 1194 5837 CXI.

1968 3223 2069 3278 dar
2098 3224 2332 3279 eximius
2371 3224 2437 3277 ad
2482 3224 2786 3293 exemplum
2819 3239 3035 3279 coronae
3080 3235 3136 3279 et
3180 3225 3387 3295 torquis
3419 3226 3564 3279 nullo

1972 3328 2209 3383 unquam
2238 3311 2341 3367 line
2365 3312 2665 3367 claudctur.
2704 3311 2870 3367 Nobis
2900 3329 3115 3383 quoque
3142 3330 3264 3368 cum
3292 3330 3387 3385 pro
3411 3314 3566 3369 bonis

1973 3405 2202 3465 actibus,
2235 3418 2370 3472 quos
2402 3402 2580 3456 divina
2613 3403 2785 3472 gratia
2817 3404 3141 3472 prmrogavit
3164 3445 3178 3469 ,
3228 3402 3318 3459 lux
3360 3412 3565 3459 anei-na

1976 3494 2250 3555 tribuitur,
2294 3493 2469 3564 gratia
2500 3492 2745 3562 profecto
2774 3494 2938 3563 capiti
2969 3503 3021 3548 et
3050 3492 3188 3549 collo
3221 3502 3439 3565 torques
3472 3497 3567 3550 ael-

1978 3587 2141 3651 ditur,
2164 3585 2316 3654 juxta
2350 3586 2478 3640 illud
2509 3586 2781 3658 Evangelii
2808 3606 2820 3641 :
2855 3586 2992 3652 Quia
3017 3589 3079 3642 de
3106 3587 3427 3658 plenitudine
3450 3591 3566 3661 ejus

1982 3695 2074 3731 nos
2114 3694 2292 3732 omnes
2333 3678 2617 3747 accipimus
2663 3682 2889 3748 gratiora
2938 3695 3032 3748 pro
3076 3680 3251 3749 gratia
3278 3678 3459 3751 (Joan.
3500 3684 3561 3752 I),

1978 3770 2205 3839 gratiam
2232 3770 2436 3825 scilicet
2462 3769 2635 3825 beata:
2662 3770 3057 3835 retributionis,
3080 3785 3179 3841 pro
3203 3772 3376 3843 gratia
3404 3781 3567 3827 rectae

1977 3861 2325 3931 operationis.

2051 3951 2160 4006 Fili
2192 3954 2285 4016 mi,
2312 3955 2358 4006 si
2388 3963 2436 4006 te
2465 3952 2773 4006 lactaverint
2802 3962 3117 4021 peccatores,
3152 3969 3215 4007 ne
3242 3956 3561 4025 acquiescas.

1979 4043 2200 4099 Duobus
2242 4043 2417 4098 modis
2458 4043 2665 4099 lactant
2706 4051 3043 4113 peccatores,
3089 4058 3225 4112 quos
3267 4044 3561 4114 decipiunt.

1979 4136 2079 4202 Qui
2103 4142 2196 4188 aut
2216 4135 2283 4189 ad
2306 4134 2555 4189 facienda
2578 4133 2783 4189 scelera
2805 4132 3186 4188 blandimentis
3208 4132 3569 4200 illiciuut,aut

1978 4226 2120 4281 facta
2161 4224 2274 4295 jam
2321 4224 2620 4289 favoribus,
2652 4224 2807 4295 quasi
2838 4224 3182 4278 laudabiliter
3209 4234 3330 4280 acta
3370 4227 3569 4282 sustol-

1976 4316 2112 4370 lunt.
2152 4316 2208 4370 ln
2240 4324 2469 4384 utroque
2499 4324 2678 4368 autem
2720 4313 2986 4384 sapientia
3026 4329 3152 4370 suos
3187 4315 3465 4372 auditores
3500 4334 3569 4373 ne

1986 4406 2184 4462 talibus
2212 4406 2560 4476 acquiescant
2587 4406 2854 4459 hortatur.

2051 4497 2113 4553 Si
2152 4498 2417 4551 dixerint:
2453 4495 2585 4550 Veni
2624 4495 2924 4561 nobiscum,
2962 4496 3273 4553 insidientur
3299 4503 3543 4571 sanguini

1977 4592 2165 4646 Potest
2194 4591 2283 4645 hic
2314 4591 2464 4645 locus
2493 4589 2819 4661 generaliter
2844 4588 2912 4644 de
2941 4587 3264 4656 latronibus,
3292 4592 3383 4662 qui
3415 4593 3569 4650 inno-

1980 4682 2225 4737 centibus
2248 4680 2471 4735 insidias
2497 4692 2553 4735 et
2576 4689 2779 4735 mortes
2804 4688 2860 4735 ct
2881 4680 3076 4737 damna
3098 4679 3366 4748 inferunt;
3392 4694 3572 4757 potest

1981 4772 2048 4826 de
2078 4771 2181 4826 illis
2212 4771 2521 4841 specialiter
2547 4771 2792 4843 intelligi,
2820 4772 2913 4842 qui
2942 4773 3116 4843 ipsum
3141 4774 3264 4828 vitae
3292 4784 3567 4832 auctorem

1982 4866 2102 4920 neci
2131 4864 2489 4920 tradiderunt.

2055 4957 2450 5014 Abscondamus
2491 4958 2781 5014 tendiculas
2823 4971 3007 5013 contra
3048 4960 3304 5014 insontem
3347 4958 3565 5029 frustra.

1987 5048 2100 5104 Hoc
2125 5049 2304 5105 fecere
2329 5066 2452 5105 cum
2477 5050 2760 5105 dicebant:
2787 5049 2929 5103 Licet
2952 5050 3080 5104 dare
3101 5048 3352 5103 tributum
3373 5046 3569 5103 (λα’δωὶ

1986 5156 2054 5192 an
2085 5156 2186 5194 non
2211 5139 2236 5193 ?
2264 5137 2455 5210 (Marc.
2490 5154 2563 5192 xu
2594 5137 2612 5210 )
2652 5148 2707 5193 et
2740 5139 3022 5194 innumera
3053 5136 3383 5206 bujusmodi.
3434 5138 3575 5194 Vere

1987 5230 2188 5283 etenim
2218 5238 2338 5283 erat
2365 5229 2574 5292 insons,
2605 5226 2694 5296 qui
2723 5242 2993 5297 peccatum
3034 5244 3137 5280 non
3173 5227 3326 5297 fecit,
3371 5243 3463 5281 nec
3492 5229 3571 5282 in-

1989 5330 2165 5374 ventus
2193 5328 2265 5371 est
2294 5318 2446 5372 dolus
2473 5317 2529 5371 in
2560 5335 2647 5371 ore
2674 5317 2789 5386 ejus
2819 5316 2870 5389 (1
2900 5317 3046 5371 Petr.
3079 5317 3160 5388 It).
3204 5318 3342 5375 Vere
3372 5317 3568 5375 frustra

1991 5407 2067 5462 illi
2099 5407 2388 5463 tendebant
2415 5407 2657 5471 insidias,
2684 5421 2714 5459 a
2741 5422 2849 5476 quo
2875 5407 2930 5460 in
2958 5405 3103 5461 nullo
3129 5405 3261 5474 L'esi,
3289 5408 3399 5464 imo
3420 5407 3573 5478 cujus

1991 5503 2223 5573 plurima
2252 5510 2409 5557 erant
2433 5501 2694 5555 beneﬁcia
2723 5498 2954 5569 experti.

2062 5596 2426 5666 Deglutiamus
2455 5610 2571 5648 eum
2601 5594 2734 5648 sicut
2766 5593 3002 5664 infernus
3031 5597 3315 5664 viventem,
3352 5606 3400 5652 et
3436 5590 3571 5652 intc-

1992 5705 2143 5758 grum
2178 5687 2329 5758 quasi
2371 5687 2761 5743 descendentmt
2806 5688 2864 5743 in
2911 5687 3103 5744 lacum.
3161 5689 3239 5745 lta
3286 5688 3569 5747 Dominum

3098 5782 3178 5842 22
