  <div class='ocr_page' id='page_1' title='image "/cluster/home/n/w/nwhite01/storage/ocr_20150623/111/hvd.32044054759766/347.png"; bbox 0 0 3962 6198; ppageno 0'>
   <div class='ocr_carea' id='block_1_1' title="bbox 463 293 3714 363">
    <p class='ocr_par' dir='ltr' id='par_1_1' title="bbox 463 293 3714 363">
     <span class='ocr_line' id='line_1_1' title="bbox 463 293 3714 363; baseline 0.005 -19"><span class='ocrx_word' id='word_1_1' title='bbox 463 300 610 356; x_wconf 57' lang='grc' dir='ltr'><strong>κςςδ</strong></span> <span class='ocrx_word' id='word_1_2' title='bbox 1136 295 1196 350; x_wconf 85' lang='grc' dir='ltr'><strong>Β.</strong></span> <span class='ocrx_word' id='word_1_3' title='bbox 1238 294 1493 352; x_wconf 80' lang='lat' dir='ltr'><strong>RAB‘ANI</strong></span> <span class='ocrx_word' id='word_1_4' title='bbox 1531 294 1751 352; x_wconf 79' lang='lat' dir='ltr'><strong>MAURI</strong></span> <span class='ocrx_word' id='word_1_5' title='bbox 1787 293 2102 350; x_wconf 80' lang='lat' dir='ltr'><strong>ARCHIEP.</strong></span> <span class='ocrx_word' id='word_1_6' title='bbox 2147 294 2460 352; x_wconf 67' lang='lat' dir='ltr'><strong>MOGUNT.</strong></span> <span class='ocrx_word' id='word_1_7' title='bbox 2501 297 2782 355; x_wconf 71' lang='lat' dir='ltr'><strong>OPERUM</strong></span> <span class='ocrx_word' id='word_1_8' title='bbox 2821 297 2998 354; x_wconf 72' lang='lat' dir='ltr'><strong>PARS</strong></span> <span class='ocrx_word' id='word_1_9' title='bbox 3037 293 3132 354; x_wconf 84' lang='lat' dir='ltr'><strong>lll.</strong></span> <span class='ocrx_word' id='word_1_10' title='bbox 3623 301 3714 363; x_wconf 66' lang='lat' dir='ltr'><strong>6M</strong></span> 
     </span>
    </p>
   </div>
   <div class='ocr_carea' id='block_1_2' title="bbox 501 403 3710 486">
    <p class='ocr_par' dir='ltr' id='par_1_2' title="bbox 501 403 3710 486">
     <span class='ocr_line' id='line_1_2' title="bbox 501 403 3710 486; baseline 0.002 -24"><span class='ocrx_word' id='word_1_11' title='bbox 501 407 650 479; x_wconf 65' lang='lat' dir='ltr'><strong>inpii</strong></span> <span class='ocrx_word' id='word_1_12' title='bbox 688 405 1066 462; x_wconf 73' lang='lat' dir='ltr'><strong>desiderabant</strong></span> <span class='ocrx_word' id='word_1_13' title='bbox 1102 405 1465 475; x_wconf 75' lang='lat' dir='ltr'><strong>exstinguere.</strong></span> <span class='ocrx_word' id='word_1_14' title='bbox 1495 411 1555 458; x_wconf 92' lang='lat' dir='ltr'><strong>ut</strong></span> <span class='ocrx_word' id='word_1_15' title='bbox 1592 403 1771 458; x_wconf 90' lang='lat' dir='ltr'><strong>omnis</strong></span> <span class='ocrx_word' id='word_1_16' title='bbox 1812 403 2072 458; x_wconf 81' lang='lat' dir='ltr'><strong>memoria</strong></span> <span class='ocrx_word' id='word_1_17' title='bbox 2102 410 2150 468; x_wconf 83' lang='grc' dir='ltr'>Α</span> <span class='ocrx_word' id='word_1_18' title='bbox 2179 405 2479 476; x_wconf 87' lang='lat' dir='ltr'><strong>Utrumque</strong></span> <span class='ocrx_word' id='word_1_19' title='bbox 2522 422 2650 478; x_wconf 76' lang='lat' dir='ltr'><strong>ergo</strong></span> <span class='ocrx_word' id='word_1_20' title='bbox 2693 419 2808 463; x_wconf 88' lang='lat' dir='ltr'><strong>rete</strong></span> <span class='ocrx_word' id='word_1_21' title='bbox 2853 410 3054 464; x_wconf 85' lang='lat' dir='ltr'><strong>frustra</strong></span> <span class='ocrx_word' id='word_1_22' title='bbox 3096 407 3250 463; x_wconf 87' lang='lat' dir='ltr'><strong>bonis</strong></span> <span class='ocrx_word' id='word_1_23' title='bbox 3277 419 3466 478; x_wconf 88' lang='lat' dir='ltr'><strong>parant</strong></span> <span class='ocrx_word' id='word_1_24' title='bbox 3493 411 3710 486; x_wconf 85' lang='lat' dir='ltr'><strong>reprobi,</strong></span> 
     </span>
    </p>
   </div>
   <div class='ocr_carea' id='block_1_3' title="bbox 505 493 3715 570">
    <p class='ocr_par' dir='ltr' id='par_1_3' title="bbox 505 493 3715 570">
     <span class='ocr_line' id='line_1_3' title="bbox 505 493 3715 570; baseline 0.002 -19"><span class='ocrx_word' id='word_1_25' title='bbox 505 497 758 553; x_wconf 86' lang='lat' dir='ltr'><strong>virtutum</strong></span> <span class='ocrx_word' id='word_1_26' title='bbox 806 505 862 551; x_wconf 89' lang='lat' dir='ltr'><strong>et</strong></span> <span class='ocrx_word' id='word_1_27' title='bbox 905 494 1167 550; x_wconf 69' lang='lat' dir='ltr'><strong>doctrina:</strong></span> <span class='ocrx_word' id='word_1_28' title='bbox 1207 494 1350 550; x_wconf 90' lang='lat' dir='ltr'><strong>illius</strong></span> <span class='ocrx_word' id='word_1_29' title='bbox 1387 493 1688 561; x_wconf 89' lang='lat' dir='ltr'><strong>tolleretur,</strong></span> <span class='ocrx_word' id='word_1_30' title='bbox 1739 495 1833 550; x_wconf 89' lang='lat' dir='ltr'><strong>sed</strong></span> <span class='ocrx_word' id='word_1_31' title='bbox 1877 503 1932 548; x_wconf 89' lang='lat' dir='ltr'><strong>et</strong></span> <span class='ocrx_word' id='word_1_32' title='bbox 1975 494 2078 550; x_wconf 89' lang='lat' dir='ltr'><strong>hoc</strong></span> <span class='ocrx_word' id='word_1_33' title='bbox 2177 497 2304 568; x_wconf 89' lang='lat' dir='ltr'><strong>quia</strong></span> <span class='ocrx_word' id='word_1_34' title='bbox 2345 498 2446 552; x_wconf 92' lang='lat' dir='ltr'><strong>etsi</strong></span> <span class='ocrx_word' id='word_1_35' title='bbox 2492 499 2722 553; x_wconf 79' lang='lat' dir='ltr'><strong>suadent</strong></span> <span class='ocrx_word' id='word_1_36' title='bbox 2753 499 2970 568; x_wconf 88' lang='lat' dir='ltr'><strong>iniqua,</strong></span> <span class='ocrx_word' id='word_1_37' title='bbox 3016 509 3338 570; x_wconf 81' lang='lat' dir='ltr'><strong>superantur</strong></span> <span class='ocrx_word' id='word_1_38' title='bbox 3357 498 3613 568; x_wconf 76' lang='lat' dir='ltr'><strong>iustorum</strong></span> <span class='ocrx_word' id='word_1_39' title='bbox 3639 518 3715 562; x_wconf 79' lang='lat' dir='ltr'><strong>sa-</strong></span> 
     </span>
    </p>
   </div>
   <div class='ocr_carea' id='block_1_4' title="bbox 502 583 2078 660">
    <p class='ocr_par' dir='ltr' id='par_1_4' title="bbox 502 583 2078 660">
     <span class='ocr_line' id='line_1_4' title="bbox 502 583 2078 660; baseline 0 -18"><span class='ocrx_word' id='word_1_40' title='bbox 502 587 676 660; x_wconf 88' lang='lat' dir='ltr'><strong>ipsum</strong></span> <span class='ocrx_word' id='word_1_41' title='bbox 700 587 843 658; x_wconf 87' lang='lat' dir='ltr'><strong>quod</strong></span> <span class='ocrx_word' id='word_1_42' title='bbox 867 601 1141 656; x_wconf 84' lang='lat' dir='ltr'><strong>nunquam</strong></span> <span class='ocrx_word' id='word_1_43' title='bbox 1169 583 1292 640; x_wconf 90' lang='lat' dir='ltr'><strong>talis</strong></span> <span class='ocrx_word' id='word_1_44' title='bbox 1317 585 1462 642; x_wconf 90' lang='lat' dir='ltr'><strong>inter</strong></span> <span class='ocrx_word' id='word_1_45' title='bbox 1485 599 1581 641; x_wconf 89' lang='lat' dir='ltr'><strong>eos.</strong></span> <span class='ocrx_word' id='word_1_46' title='bbox 1600 584 1801 642; x_wconf 79' lang='lat' dir='ltr'><strong>vixerit</strong></span> <span class='ocrx_word' id='word_1_47' title='bbox 1823 584 2078 642; x_wconf 90' lang='lat' dir='ltr'><strong>oblivioni</strong></span> 
     </span>
    </p>
   </div>
   <div class='ocr_carea' id='block_1_5' title="bbox 501 680 1120 736">
    <p class='ocr_par' dir='ltr' id='par_1_5' title="bbox 501 680 1120 736">
     <span class='ocr_line' id='line_1_5' title="bbox 501 680 1120 736; baseline -0.008 0"><span class='ocrx_word' id='word_1_48' title='bbox 501 680 744 736; x_wconf 85' lang='lat' dir='ltr'><strong>daretur.</strong></span> <span class='ocrx_word' id='word_1_49' title='bbox 1114 690 1120 696; x_wconf 91' lang='lat'>&#39;</span> 
     </span>
    </p>
   </div>
   <div class='ocr_carea' id='block_1_6' title="bbox 572 767 2078 839">
    <p class='ocr_par' dir='ltr' id='par_1_6' title="bbox 572 767 2078 839">
     <span class='ocr_line' id='line_1_6' title="bbox 572 767 2078 839; baseline 0 -15"><span class='ocrx_word' id='word_1_50' title='bbox 572 768 789 824; x_wconf 84' lang='lat' dir='ltr'><strong>Omnem</strong></span> <span class='ocrx_word' id='word_1_51' title='bbox 825 769 1105 839; x_wconf 74' lang='lat' dir='ltr'><strong>pretiosam</strong></span> <span class='ocrx_word' id='word_1_52' title='bbox 1141 769 1488 823; x_wconf 73' lang='lat' dir='ltr'><strong>substantiam</strong></span> <span class='ocrx_word' id='word_1_53' title='bbox 1526 768 1860 838; x_wconf 77' lang='lat' dir='ltr'><strong>reperiemus,</strong></span> <span class='ocrx_word' id='word_1_54' title='bbox 1893 767 2078 839; x_wconf 76' lang='lat' dir='ltr'><strong>imple-</strong></span> 
     </span>
    </p>
   </div>
   <div class='ocr_carea' id='block_1_7' title="bbox 501 858 2077 929">
    <p class='ocr_par' dir='ltr' id='par_1_7' title="bbox 501 858 2077 929">
     <span class='ocr_line' id='line_1_7' title="bbox 501 858 2077 929; baseline 0.002 -17"><span class='ocrx_word' id='word_1_55' title='bbox 501 861 666 914; x_wconf 83' lang='lat' dir='ltr'><strong>bimus</strong></span> <span class='ocrx_word' id='word_1_56' title='bbox 692 859 872 914; x_wconf 87' lang='lat' dir='ltr'><strong>domos</strong></span> <span class='ocrx_word' id='word_1_57' title='bbox 898 867 1102 913; x_wconf 85' lang='lat' dir='ltr'><strong>nostras</strong></span> <span class='ocrx_word' id='word_1_58' title='bbox 1128 858 1329 929; x_wconf 54' lang='lat' dir='ltr'><strong>spoiiis.</strong></span> <span class='ocrx_word' id='word_1_59' title='bbox 1370 859 1444 915; x_wconf 91' lang='lat' dir='ltr'><strong>De</strong></span> <span class='ocrx_word' id='word_1_60' title='bbox 1471 859 1780 922; x_wconf 82' lang='lat' dir='ltr'><strong>hominibus</strong></span> <span class='ocrx_word' id='word_1_61' title='bbox 1805 859 2077 927; x_wconf 82' lang='lat' dir='ltr'><strong>dicebam,</strong></span> 
     </span>
    </p>
   </div>
   <div class='ocr_carea' id='block_1_8' title="bbox 500 949 2076 1020">
    <p class='ocr_par' dir='ltr' id='par_1_8' title="bbox 500 949 2076 1020">
     <span class='ocr_line' id='line_1_8' title="bbox 500 949 2076 1020; baseline 0.001 -17"><span class='ocrx_word' id='word_1_62' title='bbox 500 965 636 1020; x_wconf 89' lang='lat' dir='ltr'><strong>quos</strong></span> <span class='ocrx_word' id='word_1_63' title='bbox 661 949 876 1006; x_wconf 86' lang='lat' dir='ltr'><strong>Christo</strong></span> <span class='ocrx_word' id='word_1_64' title='bbox 905 950 1184 1006; x_wconf 82' lang='lat' dir='ltr'><strong>adhaerere</strong></span> <span class='ocrx_word' id='word_1_65' title='bbox 1220 950 1552 1014; x_wconf 83' lang='lat' dir='ltr'><strong>cernebant;</strong></span> <span class='ocrx_word' id='word_1_66' title='bbox 1600 950 1867 1020; x_wconf 81' lang='lat' dir='ltr'><strong>putabant.</strong></span> <span class='ocrx_word' id='word_1_67' title='bbox 1897 949 2040 1005; x_wconf 89' lang='lat' dir='ltr'><strong>enim</strong></span> <span class='ocrx_word' id='word_1_68' title='bbox 2061 991 2076 1016; x_wconf 89' lang='lat'><strong>,</strong></span> 
     </span>
    </p>
   </div>
   <div class='ocr_carea' id='block_1_9' title="bbox 497 1039 2080 1110">
    <p class='ocr_par' dir='ltr' id='par_1_9' title="bbox 497 1039 2080 1110">
     <span class='ocr_line' id='line_1_9' title="bbox 497 1039 2080 1110; baseline 0.001 -18"><span class='ocrx_word' id='word_1_69' title='bbox 497 1041 621 1110; x_wconf 82' lang='lat' dir='ltr'><strong>quia</strong></span> <span class='ocrx_word' id='word_1_70' title='bbox 654 1041 700 1095; x_wconf 91' lang='lat' dir='ltr'><strong>si</strong></span> <span class='ocrx_word' id='word_1_71' title='bbox 727 1055 850 1094; x_wconf 91' lang='lat' dir='ltr'><strong>eum</strong></span> <span class='ocrx_word' id='word_1_72' title='bbox 877 1039 1212 1104; x_wconf 89' lang='lat' dir='ltr'><strong>occiderent,</strong></span> <span class='ocrx_word' id='word_1_73' title='bbox 1260 1055 1450 1095; x_wconf 86' lang='lat' dir='ltr'><strong>omnes</strong></span> <span class='ocrx_word' id='word_1_74' title='bbox 1476 1039 1565 1108; x_wconf 90' lang='lat' dir='ltr'><strong>qui</strong></span> <span class='ocrx_word' id='word_1_75' title='bbox 1596 1039 1975 1104; x_wconf 86' lang='lat' dir='ltr'><strong>crediderant,</strong></span> <span class='ocrx_word' id='word_1_76' title='bbox 2013 1039 2080 1094; x_wconf 89' lang='lat' dir='ltr'><strong>ab</strong></span> 
     </span>
    </p>
   </div>
   <div class='ocr_carea' id='block_1_10' title="bbox 497 1126 2079 1200">
    <p class='ocr_par' dir='ltr' id='par_1_10' title="bbox 497 1126 2079 1200">
     <span class='ocr_line' id='line_1_10' title="bbox 497 1126 2079 1200; baseline 0 -17"><span class='ocrx_word' id='word_1_77' title='bbox 497 1130 613 1198; x_wconf 82' lang='lat' dir='ltr'><strong>(-jus</strong></span> <span class='ocrx_word' id='word_1_78' title='bbox 638 1137 859 1200; x_wconf 85' lang='lat' dir='ltr'><strong>possent</strong></span> <span class='ocrx_word' id='word_1_79' title='bbox 887 1143 1071 1183; x_wconf 89' lang='lat' dir='ltr'><strong>amore</strong></span> <span class='ocrx_word' id='word_1_80' title='bbox 1101 1138 1156 1183; x_wconf 91' lang='lat' dir='ltr'><strong>et</strong></span> <span class='ocrx_word' id='word_1_81' title='bbox 1184 1136 1498 1184; x_wconf 86' lang='lat' dir='ltr'><strong>consectatu</strong></span> <span class='ocrx_word' id='word_1_82' title='bbox 1529 1140 1848 1191; x_wconf 84' lang='lat' dir='ltr'><strong>secernere,</strong></span> <span class='ocrx_word' id='word_1_83' title='bbox 1886 1126 2079 1183; x_wconf 84' lang='lat' dir='ltr'><strong>talibus</strong></span> 
     </span>
    </p>
   </div>
   <div class='ocr_carea' id='block_1_11' title="bbox 496 1215 2080 1290">
    <p class='ocr_par' dir='ltr' id='par_1_11' title="bbox 496 1215 2080 1290">
     <span class='ocr_line' id='line_1_11' title="bbox 496 1215 2080 1290; baseline -0.003 -14"><span class='ocrx_word' id='word_1_84' title='bbox 496 1221 796 1278; x_wconf 84' lang='lat' dir='ltr'><strong>animarum</strong></span> <span class='ocrx_word' id='word_1_85' title='bbox 837 1219 1022 1290; x_wconf 86' lang='lat' dir='ltr'><strong>spoliis</strong></span> <span class='ocrx_word' id='word_1_86' title='bbox 1063 1235 1284 1274; x_wconf 89' lang='lat' dir='ltr'><strong>suarum</strong></span> <span class='ocrx_word' id='word_1_87' title='bbox 1327 1215 1699 1273; x_wconf 88' lang='lat' dir='ltr'><strong>conventicula</strong></span> <span class='ocrx_word' id='word_1_88' title='bbox 1739 1216 1949 1287; x_wconf 89' lang='lat' dir='ltr'><strong>replere</strong></span> <span class='ocrx_word' id='word_1_89' title='bbox 1983 1217 2080 1272; x_wconf 90' lang='lat' dir='ltr'><strong>do-</strong></span> 
     </span>
    </p>
   </div>
   <div class='ocr_carea' id='block_1_12' title="bbox 497 1308 2072 1380">
    <p class='ocr_par' dir='ltr' id='par_1_12' title="bbox 497 1308 2072 1380">
     <span class='ocr_line' id='line_1_12' title="bbox 497 1308 2072 1380; baseline -0.001 -15"><span class='ocrx_word' id='word_1_90' title='bbox 497 1326 725 1374; x_wconf 83' lang='lat' dir='ltr'><strong>morum,</strong></span> <span class='ocrx_word' id='word_1_91' title='bbox 748 1310 834 1364; x_wconf 90' lang='lat' dir='ltr'><strong>cui</strong></span> <span class='ocrx_word' id='word_1_92' title='bbox 863 1309 1035 1365; x_wconf 90' lang='lat' dir='ltr'><strong>simile</strong></span> <span class='ocrx_word' id='word_1_93' title='bbox 1060 1319 1144 1365; x_wconf 90' lang='lat' dir='ltr'><strong>est</strong></span> <span class='ocrx_word' id='word_1_94' title='bbox 1168 1309 1296 1365; x_wconf 92' lang='lat' dir='ltr'><strong>illud</strong></span> <span class='ocrx_word' id='word_1_95' title='bbox 1320 1309 1613 1366; x_wconf 72' lang='lat' dir='ltr'><strong>Dominica:</strong></span> <span class='ocrx_word' id='word_1_96' title='bbox 1635 1308 1928 1378; x_wconf 66' lang='lat' dir='ltr'><strong>parabolae,</strong></span> <span class='ocrx_word' id='word_1_97' title='bbox 1945 1309 2072 1380; x_wconf 85' lang='lat' dir='ltr'><strong>quia</strong></span> 
     </span>
    </p>
   </div>
   <div class='ocr_carea' id='block_1_13' title="bbox 499 1401 2076 1475">
    <p class='ocr_par' dir='ltr' id='par_1_13' title="bbox 499 1401 2076 1475">
     <span class='ocr_line' id='line_1_13' title="bbox 499 1401 2076 1475; baseline -0.003 -17"><span class='ocrx_word' id='word_1_98' title='bbox 499 1403 746 1459; x_wconf 75' lang='lat' dir='ltr'><strong>veniente</strong></span> <span class='ocrx_word' id='word_1_99' title='bbox 784 1403 852 1458; x_wconf 88' lang='lat' dir='ltr'><strong>ad</strong></span> <span class='ocrx_word' id='word_1_100' title='bbox 889 1417 949 1457; x_wconf 91' lang='lat' dir='ltr'><strong>se</strong></span> <span class='ocrx_word' id='word_1_101' title='bbox 983 1403 1126 1475; x_wconf 71' lang='lat' dir='ltr'><strong>regis</strong></span> <span class='ocrx_word' id='word_1_102' title='bbox 1164 1403 1274 1459; x_wconf 84' lang='lat' dir='ltr'><strong>ﬁlio</strong></span> <span class='ocrx_word' id='word_1_103' title='bbox 1303 1404 1554 1460; x_wconf 72' lang='lat' dir='ltr'><strong>dixerunt</strong></span> <span class='ocrx_word' id='word_1_104' title='bbox 1579 1421 1601 1456; x_wconf 60' lang='grc' dir='ltr'>ι</span> <span class='ocrx_word' id='word_1_105' title='bbox 1634 1401 1737 1456; x_wconf 83' lang='lat' dir='ltr'><strong>Hic</strong></span> <span class='ocrx_word' id='word_1_106' title='bbox 1767 1415 1839 1458; x_wconf 88' lang='lat' dir='ltr'><strong>est</strong></span> <span class='ocrx_word' id='word_1_107' title='bbox 1869 1404 2076 1458; x_wconf 73' lang='lat' dir='ltr'><strong>literas:</strong></span> 
     </span>
    </p>
   </div>
   <div class='ocr_carea' id='block_1_14' title="bbox 496 1495 2092 1562">
    <p class='ocr_par' dir='ltr' id='par_1_14' title="bbox 496 1495 2092 1562">
     <span class='ocr_line' id='line_1_14' title="bbox 496 1495 2092 1562; baseline -0.001 -11"><span class='ocrx_word' id='word_1_108' title='bbox 496 1497 694 1562; x_wconf 76' lang='lat' dir='ltr'><strong>venite,</strong></span> <span class='ocrx_word' id='word_1_109' title='bbox 748 1496 1049 1550; x_wconf 82' lang='lat' dir='ltr'><strong>occidamus</strong></span> <span class='ocrx_word' id='word_1_110' title='bbox 1100 1512 1218 1550; x_wconf 84' lang='lat' dir='ltr'><strong>eum</strong></span> <span class='ocrx_word' id='word_1_111' title='bbox 1244 1537 1261 1562; x_wconf 89' lang='lat'><strong>,</strong></span> <span class='ocrx_word' id='word_1_112' title='bbox 1316 1505 1364 1550; x_wconf 87' lang='lat' dir='ltr'><strong>et</strong></span> <span class='ocrx_word' id='word_1_113' title='bbox 1420 1506 1600 1550; x_wconf 85' lang='lat' dir='ltr'><strong>nostra</strong></span> <span class='ocrx_word' id='word_1_114' title='bbox 1653 1495 1750 1550; x_wconf 84' lang='lat' dir='ltr'><strong>erit</strong></span> <span class='ocrx_word' id='word_1_115' title='bbox 1802 1497 2092 1559; x_wconf 67' lang='lat' dir='ltr'><strong>Iurreditas,</strong></span> 
     </span>
    </p>
   </div>
   <div class='ocr_carea' id='block_1_15' title="bbox 499 1587 881 1659">
    <p class='ocr_par' dir='ltr' id='par_1_15' title="bbox 499 1587 881 1659">
     <span class='ocr_line' id='line_1_15' title="bbox 499 1587 881 1659; baseline 0.003 -19"><span class='ocrx_word' id='word_1_116' title='bbox 499 1591 515 1659; x_wconf 94' lang='lat'><strong>(</strong></span> <span class='ocrx_word' id='word_1_117' title='bbox 527 1589 716 1644; x_wconf 68' lang='lat' dir='ltr'><strong>.llatth.</strong></span> <span class='ocrx_word' id='word_1_118' title='bbox 745 1587 881 1658; x_wconf 68' lang='lat' dir='ltr'><strong>xxx).</strong></span> 
     </span>
    </p>
   </div>
   <div class='ocr_carea' id='block_1_16' title="bbox 569 1677 2079 1749">
    <p class='ocr_par' dir='ltr' id='par_1_16' title="bbox 569 1677 2079 1749">
     <span class='ocr_line' id='line_1_16' title="bbox 569 1677 2079 1749; baseline -0.001 -14"><span class='ocrx_word' id='word_1_119' title='bbox 569 1681 771 1736; x_wconf 82' lang='lat' dir='ltr'><strong>Sortem</strong></span> <span class='ocrx_word' id='word_1_120' title='bbox 801 1679 944 1734; x_wconf 87' lang='lat' dir='ltr'><strong>mitte</strong></span> <span class='ocrx_word' id='word_1_121' title='bbox 971 1679 1270 1745; x_wconf 79' lang='lat' dir='ltr'><strong>nobiscum,</strong></span> <span class='ocrx_word' id='word_1_122' title='bbox 1315 1680 1640 1749; x_wconf 86' lang='lat' dir='ltr'><strong>marsupium</strong></span> <span class='ocrx_word' id='word_1_123' title='bbox 1677 1693 1837 1732; x_wconf 77' lang='lat' dir='ltr'><strong>unum</strong></span> <span class='ocrx_word' id='word_1_124' title='bbox 1873 1677 1938 1732; x_wconf 89' lang='lat' dir='ltr'><strong>sit</strong></span> <span class='ocrx_word' id='word_1_125' title='bbox 1970 1693 2079 1733; x_wconf 81' lang='lat' dir='ltr'><strong>ont-</strong></span> 
     </span>
    </p>
   </div>
   <div class='ocr_carea' id='block_1_17' title="bbox 2177 582 3716 662">
    <p class='ocr_par' dir='ltr' id='par_1_17' title="bbox 2177 582 3716 662">
     <span class='ocr_line' id='line_1_17' title="bbox 2177 582 3716 662; baseline 0.003 -19"><span class='ocrx_word' id='word_1_126' title='bbox 2177 582 2397 660; x_wconf 78' lang='lat' dir='ltr'><strong>pienti&#39;a,</strong></span> <span class='ocrx_word' id='word_1_127' title='bbox 2421 589 2538 646; x_wconf 85' lang='lat' dir='ltr'><strong>etsi.</strong></span> <span class='ocrx_word' id='word_1_128' title='bbox 2556 587 2795 644; x_wconf 89' lang='lat' dir='ltr'><strong>inferunt</strong></span> <span class='ocrx_word' id='word_1_129' title='bbox 2821 589 3069 652; x_wconf 87' lang='lat' dir='ltr'><strong>adversa,</strong></span> <span class='ocrx_word' id='word_1_130' title='bbox 3099 596 3512 645; x_wconf 85' lang='lat' dir='ltr'><strong>contemnuntur</strong></span> <span class='ocrx_word' id='word_1_131' title='bbox 3533 593 3716 662; x_wconf 83' lang='lat' dir='ltr'><strong>patien-</strong></span> 
     </span>
    </p>
   </div>
   <div class='ocr_carea' id='block_1_18' title="bbox 2179 676 3718 750">
    <p class='ocr_par' dir='ltr' id='par_1_18' title="bbox 2179 676 3718 750">
     <span class='ocr_line' id='line_1_18' title="bbox 2179 676 3718 750; baseline 0.003 -18"><span class='ocrx_word' id='word_1_132' title='bbox 2179 677 2273 732; x_wconf 87' lang='lat' dir='ltr'><strong>tia.</strong></span> <span class='ocrx_word' id='word_1_133' title='bbox 2322 676 2548 750; x_wconf 86' lang='lat' dir='ltr'><strong>Insuper</strong></span> <span class='ocrx_word' id='word_1_134' title='bbox 2574 685 2631 732; x_wconf 86' lang='lat' dir='ltr'><strong>et</strong></span> <span class='ocrx_word' id='word_1_135' title='bbox 2664 677 2765 747; x_wconf 91' lang='lat' dir='ltr'><strong>ipsi</strong></span> <span class='ocrx_word' id='word_1_136' title='bbox 2800 683 3101 734; x_wconf 86' lang='lat' dir='ltr'><strong>tentatores</strong></span> <span class='ocrx_word' id='word_1_137' title='bbox 3128 676 3242 732; x_wconf 88' lang='lat' dir='ltr'><strong>suis</strong></span> <span class='ocrx_word' id='word_1_138' title='bbox 3275 691 3332 732; x_wconf 87' lang='lat' dir='ltr'><strong>se</strong></span> <span class='ocrx_word' id='word_1_139' title='bbox 3356 678 3580 746; x_wconf 87' lang='lat' dir='ltr'><strong>perdunt</strong></span> <span class='ocrx_word' id='word_1_140' title='bbox 3605 679 3718 737; x_wconf 85' lang='lat' dir='ltr'><strong>insi-</strong></span> 
     </span>
    </p>
   </div>
   <div class='ocr_carea' id='block_1_19' title="bbox 2176 767 2966 838">
    <p class='ocr_par' dir='ltr' id='par_1_19' title="bbox 2176 767 2966 838">
     <span class='ocr_line' id='line_1_19' title="bbox 2176 767 2966 838; baseline -0.001 -13"><span class='ocrx_word' id='word_1_141' title='bbox 2176 768 2302 838; x_wconf 88' lang='lat' dir='ltr'><strong>diis,</strong></span> <span class='ocrx_word' id='word_1_142' title='bbox 2333 769 2475 824; x_wconf 88' lang='lat' dir='ltr'><strong>unde</strong></span> <span class='ocrx_word' id='word_1_143' title='bbox 2503 778 2652 822; x_wconf 89' lang='lat' dir='ltr'><strong>recte</strong></span> <span class='ocrx_word' id='word_1_144' title='bbox 2677 767 2926 824; x_wconf 84' lang='lat' dir='ltr'><strong>subditur</strong></span> <span class='ocrx_word' id='word_1_145' title='bbox 2951 785 2966 824; x_wconf 88' lang='lat'><strong>:</strong></span> 
     </span>
    </p>
   </div>
   <div class='ocr_carea' id='block_1_20' title="bbox 2246 856 3719 929">
    <p class='ocr_par' dir='ltr' id='par_1_20' title="bbox 2246 856 3719 929">
     <span class='ocr_line' id='line_1_20' title="bbox 2246 856 3719 929; baseline 0.007 -19"><span class='ocrx_word' id='word_1_146' title='bbox 2246 856 2458 928; x_wconf 81' lang='lat' dir='ltr'><strong>Ipsique</strong></span> <span class='ocrx_word' id='word_1_147' title='bbox 2509 867 2692 910; x_wconf 87' lang='lat' dir='ltr'><strong>contra</strong></span> <span class='ocrx_word' id='word_1_148' title='bbox 2739 858 3045 928; x_wconf 81' lang='lat' dir='ltr'><strong>sanguinem</strong></span> <span class='ocrx_word' id='word_1_149' title='bbox 3093 875 3246 912; x_wconf 81' lang='lat' dir='ltr'><strong>suum</strong></span> <span class='ocrx_word' id='word_1_150' title='bbox 3299 858 3634 929; x_wconf 77' lang='lat' dir='ltr'><strong>instds&#39;antur,</strong></span> <span class='ocrx_word' id='word_1_151' title='bbox 3677 874 3719 920; x_wconf 79' lang='lat' dir='ltr'><strong>et</strong></span> 
     </span>
    </p>
   </div>
   <div class='ocr_carea' id='block_1_21' title="bbox 2175 946 3717 1016">
    <p class='ocr_par' dir='ltr' id='par_1_21' title="bbox 2175 946 3717 1016">
     <span class='ocr_line' id='line_1_21' title="bbox 2175 946 3717 1016; baseline 0.003 -12"><span class='ocrx_word' id='word_1_152' title='bbox 2175 947 2464 1004; x_wconf 80' lang='lat' dir='ltr'><strong>moliuntur</strong></span> <span class='ocrx_word' id='word_1_153' title='bbox 2489 946 2706 1016; x_wconf 77' lang='lat' dir='ltr'><strong>fraudes</strong></span> <span class='ocrx_word' id='word_1_154' title='bbox 2733 956 2916 1002; x_wconf 86' lang='lat' dir='ltr'><strong>contra</strong></span> <span class='ocrx_word' id='word_1_155' title='bbox 2945 948 3150 1002; x_wconf 86' lang='lat' dir='ltr'><strong>animas</strong></span> <span class='ocrx_word' id='word_1_156' title='bbox 3189 965 3333 1003; x_wconf 79' lang='lat' dir='ltr'><strong>suas.</strong></span> <span class='ocrx_word' id='word_1_157' title='bbox 3383 948 3575 1006; x_wconf 83' lang='lat' dir='ltr'><strong>Contra</strong></span> <span class='ocrx_word' id='word_1_158' title='bbox 3609 968 3717 1008; x_wconf 80' lang='lat' dir='ltr'><strong>san-</strong></span> 
     </span>
    </p>
   </div>
   <div class='ocr_carea' id='block_1_22' title="bbox 2147 1037 3718 1111">
    <p class='ocr_par' dir='ltr' id='par_1_22' title="bbox 2147 1037 3718 1111">
     <span class='ocr_line' id='line_1_22' title="bbox 2147 1037 3718 1111; baseline 0.005 -20"><span class='ocrx_word' id='word_1_159' title='bbox 2147 1039 2394 1111; x_wconf 69' lang='lat' dir='ltr'><strong>.guinem</strong></span> <span class='ocrx_word' id='word_1_160' title='bbox 2419 1079 2436 1104; x_wconf 88' lang='lat'><strong>,</strong></span> <span class='ocrx_word' id='word_1_161' title='bbox 2489 1046 2550 1092; x_wconf 90' lang='lat' dir='ltr'><strong>ut</strong></span> <span class='ocrx_word' id='word_1_162' title='bbox 2598 1037 2879 1108; x_wconf 88' lang='lat' dir='ltr'><strong>temporali</strong></span> <span class='ocrx_word' id='word_1_163' title='bbox 2933 1047 3108 1094; x_wconf 82' lang='lat' dir='ltr'><strong>morte</strong></span> <span class='ocrx_word' id='word_1_164' title='bbox 3159 1039 3504 1108; x_wconf 87' lang='lat' dir='ltr'><strong>plectantur;</strong></span> <span class='ocrx_word' id='word_1_165' title='bbox 3555 1054 3718 1099; x_wconf 86' lang='lat' dir='ltr'><strong>contra</strong></span> 
     </span>
    </p>
   </div>
   <div class='ocr_carea' id='block_1_23' title="bbox 2179 1127 3722 1200">
    <p class='ocr_par' dir='ltr' id='par_1_23' title="bbox 2179 1127 3722 1200">
     <span class='ocr_line' id='line_1_23' title="bbox 2179 1127 3722 1200; baseline 0.005 -19"><span class='ocrx_word' id='word_1_166' title='bbox 2179 1127 2388 1183; x_wconf 88' lang='lat' dir='ltr'><strong>animas</strong></span> <span class='ocrx_word' id='word_1_167' title='bbox 2421 1135 2602 1181; x_wconf 89' lang='lat' dir='ltr'><strong>autem</strong></span> <span class='ocrx_word' id='word_1_168' title='bbox 2643 1127 2813 1192; x_wconf 89' lang='lat' dir='ltr'><strong>dicit,</strong></span> <span class='ocrx_word' id='word_1_169' title='bbox 2861 1135 2921 1181; x_wconf 92' lang='lat' dir='ltr'><strong>ut</strong></span> <span class='ocrx_word' id='word_1_170' title='bbox 2961 1135 3163 1184; x_wconf 59' lang='lat' dir='ltr'><strong>aeterna</strong></span> <span class='ocrx_word' id='word_1_171' title='bbox 3203 1144 3417 1200; x_wconf 83' lang='lat' dir='ltr'><strong>quoque</strong></span> <span class='ocrx_word' id='word_1_172' title='bbox 3457 1131 3722 1188; x_wconf 75' lang='lat' dir='ltr'><strong>animarum</strong></span> 
     </span>
    </p>
   </div>
   <div class='ocr_carea' id='block_1_24' title="bbox 2177 1217 3718 1292">
    <p class='ocr_par' dir='ltr' id='par_1_24' title="bbox 2177 1217 3718 1292">
     <span class='ocr_line' id='line_1_24' title="bbox 2177 1217 3718 1292; baseline 0.006 -22"><span class='ocrx_word' id='word_1_173' title='bbox 2177 1219 2481 1289; x_wconf 83' lang='lat' dir='ltr'><strong>perditione</strong></span> <span class='ocrx_word' id='word_1_174' title='bbox 2505 1220 2849 1273; x_wconf 82' lang='lat' dir='ltr'><strong>damnentur.</strong></span> <span class='ocrx_word' id='word_1_175' title='bbox 2884 1217 3036 1286; x_wconf 85' lang='lat' dir='ltr'><strong>Quod</strong></span> <span class='ocrx_word' id='word_1_176' title='bbox 3060 1234 3185 1274; x_wconf 91' lang='lat' dir='ltr'><strong>cum</strong></span> <span class='ocrx_word' id='word_1_177' title='bbox 3211 1221 3280 1274; x_wconf 91' lang='lat' dir='ltr'><strong>ad</strong></span> <span class='ocrx_word' id='word_1_178' title='bbox 3307 1236 3502 1278; x_wconf 71' lang='lat' dir='ltr'><strong>omnes</strong></span> <span class='ocrx_word' id='word_1_179' title='bbox 3513 1223 3598 1292; x_wconf 86' lang='lat' dir='ltr'><strong>qui</strong></span> <span class='ocrx_word' id='word_1_180' title='bbox 3619 1239 3718 1279; x_wconf 82' lang='lat' dir='ltr'><strong>san-</strong></span> 
     </span>
    </p>
   </div>
   <div class='ocr_carea' id='block_1_25' title="bbox 2177 1307 3726 1380">
    <p class='ocr_par' dir='ltr' id='par_1_25' title="bbox 2177 1307 3726 1380">
     <span class='ocr_line' id='line_1_25' title="bbox 2177 1307 3726 1380; baseline 0.004 -18"><span class='ocrx_word' id='word_1_181' title='bbox 2177 1307 2328 1380; x_wconf 81' lang='lat' dir='ltr'><strong>guini</strong></span> <span class='ocrx_word' id='word_1_182' title='bbox 2375 1307 2744 1374; x_wconf 79' lang='lat' dir='ltr'><strong>insidiantur,‘</strong></span> <span class='ocrx_word' id='word_1_183' title='bbox 2771 1317 2828 1362; x_wconf 92' lang='lat' dir='ltr'><strong>et</strong></span> <span class='ocrx_word' id='word_1_184' title='bbox 2873 1307 3062 1364; x_wconf 81' lang='lat' dir='ltr'><strong>fraude</strong></span> <span class='ocrx_word' id='word_1_185' title='bbox 3120 1309 3224 1364; x_wconf 89' lang='lat' dir='ltr'><strong>sibi</strong></span> <span class='ocrx_word' id='word_1_186' title='bbox 3279 1309 3555 1366; x_wconf 85' lang='lat' dir='ltr'><strong>vivendum</strong></span> <span class='ocrx_word' id='word_1_187' title='bbox 3603 1314 3726 1368; x_wconf 76' lang='lat' dir='ltr'><strong>testi-</strong></span> 
     </span>
    </p>
   </div>
   <div class='ocr_carea' id='block_1_26' title="bbox 2177 1401 3724 1476">
    <p class='ocr_par' dir='ltr' id='par_1_26' title="bbox 2177 1401 3724 1476">
     <span class='ocr_line' id='line_1_26' title="bbox 2177 1401 3724 1476; baseline 0.001 -20"><span class='ocrx_word' id='word_1_188' title='bbox 2177 1411 2330 1456; x_wconf 87' lang='lat' dir='ltr'><strong>mant</strong></span> <span class='ocrx_word' id='word_1_189' title='bbox 2355 1401 2657 1471; x_wconf 85' lang='lat' dir='ltr'><strong>pertineat,</strong></span> <span class='ocrx_word' id='word_1_190' title='bbox 2696 1401 3007 1472; x_wconf 87' lang='lat' dir='ltr'><strong>specialiter</strong></span> <span class='ocrx_word' id='word_1_191' title='bbox 3035 1410 3217 1458; x_wconf 88' lang='lat' dir='ltr'><strong>tamen</strong></span> <span class='ocrx_word' id='word_1_192' title='bbox 3245 1401 3448 1460; x_wconf 63' lang='lat' dir='ltr'><strong>ludatis</strong></span> <span class='ocrx_word' id='word_1_193' title='bbox 3469 1406 3724 1476; x_wconf 73' lang='lat' dir='ltr'><strong>congruit,</strong></span> 
     </span>
    </p>
   </div>
   <div class='ocr_carea' id='block_1_27' title="bbox 2179 1490 3724 1567">
    <p class='ocr_par' dir='ltr' id='par_1_27' title="bbox 2179 1490 3724 1567">
     <span class='ocr_line' id='line_1_27' title="bbox 2179 1490 3724 1567; baseline 0.003 -22"><span class='ocrx_word' id='word_1_194' title='bbox 2179 1491 2271 1560; x_wconf 88' lang='lat' dir='ltr'><strong>qui</strong></span> <span class='ocrx_word' id='word_1_195' title='bbox 2319 1490 2522 1547; x_wconf 88' lang='lat' dir='ltr'><strong>insonti</strong></span> <span class='ocrx_word' id='word_1_196' title='bbox 2571 1491 2802 1567; x_wconf 76' lang='lat' dir='ltr'><strong>Domino</strong></span> <span class='ocrx_word' id='word_1_197' title='bbox 2831 1491 3128 1548; x_wconf 86' lang='lat' dir='ltr'><strong>tendiculas</strong></span> <span class='ocrx_word' id='word_1_198' title='bbox 3157 1493 3578 1558; x_wconf 86' lang='lat' dir='ltr'><strong>absconderuot,</strong></span> <span class='ocrx_word' id='word_1_199' title='bbox 3605 1494 3724 1564; x_wconf 75' lang='lat' dir='ltr'><strong>ejus-</strong></span> 
     </span>
    </p>
   </div>
   <div class='ocr_carea' id='block_1_28' title="bbox 2179 1581 3723 1653">
    <p class='ocr_par' dir='ltr' id='par_1_28' title="bbox 2179 1581 3723 1653">
     <span class='ocr_line' id='line_1_28' title="bbox 2179 1581 3723 1653; baseline 0.003 -17"><span class='ocrx_word' id='word_1_200' title='bbox 2179 1596 2284 1650; x_wconf 90' lang='lat' dir='ltr'><strong>que</strong></span> <span class='ocrx_word' id='word_1_201' title='bbox 2309 1581 2602 1653; x_wconf 80' lang='lat' dir='ltr'><strong>Apostolos</strong></span> <span class='ocrx_word' id='word_1_202' title='bbox 2633 1581 2893 1638; x_wconf 84' lang='lat' dir='ltr'><strong>virtutum</strong></span> <span class='ocrx_word' id='word_1_203' title='bbox 2935 1583 3128 1652; x_wconf 86' lang='lat' dir='ltr'><strong>pennis</strong></span> <span class='ocrx_word' id='word_1_204' title='bbox 3159 1581 3328 1640; x_wconf 78' lang='lat' dir='ltr'><strong>fultos</strong></span> <span class='ocrx_word' id='word_1_205' title='bbox 3363 1584 3497 1640; x_wconf 87' lang='lat' dir='ltr'><strong>dolis</strong></span> <span class='ocrx_word' id='word_1_206' title='bbox 3523 1586 3723 1642; x_wconf 83' lang='lat' dir='ltr'><strong>circum-</strong></span> 
     </span>
    </p>
   </div>
   <div class='ocr_carea' id='block_1_29' title="bbox 2179 1671 3722 1744">
    <p class='ocr_par' dir='ltr' id='par_1_29' title="bbox 2179 1671 3722 1744">
     <span class='ocr_line' id='line_1_29' title="bbox 2179 1671 3722 1744; baseline 0.003 -18"><span class='ocrx_word' id='word_1_207' title='bbox 2179 1672 2367 1727; x_wconf 90' lang='lat' dir='ltr'><strong>venire</strong></span> <span class='ocrx_word' id='word_1_208' title='bbox 2395 1671 2733 1744; x_wconf 76' lang='lat' dir='ltr'><strong>satagebant,</strong></span> <span class='ocrx_word' id='word_1_209' title='bbox 2765 1680 2956 1728; x_wconf 89' lang='lat' dir='ltr'><strong>contra</strong></span> <span class='ocrx_word' id='word_1_210' title='bbox 2987 1688 3143 1728; x_wconf 88' lang='lat' dir='ltr'><strong>suum</strong></span> <span class='ocrx_word' id='word_1_211' title='bbox 3173 1689 3412 1744; x_wconf 88' lang='lat' dir='ltr'><strong>namque</strong></span> <span class='ocrx_word' id='word_1_212' title='bbox 3442 1677 3722 1744; x_wconf 77' lang='lat' dir='ltr'><strong>sanguinem</strong></span> 
     </span>
    </p>
   </div>
   <div class='ocr_carea' id='block_1_30' title="bbox 499 1761 3725 1838">
    <p class='ocr_par' dir='ltr' id='par_1_30' title="bbox 499 1761 3725 1838">
     <span class='ocr_line' id='line_1_30' title="bbox 499 1761 3725 1838; baseline -0.001 -14"><span class='ocrx_word' id='word_1_213' title='bbox 499 1772 646 1825; x_wconf 82' lang='lat' dir='ltr'><strong>nium</strong></span> <span class='ocrx_word' id='word_1_214' title='bbox 674 1779 926 1824; x_wconf 87' lang='lat' dir='ltr'><strong>nostrum.</strong></span> <span class='ocrx_word' id='word_1_215' title='bbox 961 1767 1297 1838; x_wconf 79' lang='lat' dir='ltr'><strong>Marsupium-</strong></span> <span class='ocrx_word' id='word_1_216' title='bbox 1321 1776 1403 1824; x_wconf 89' lang='lat' dir='ltr'><strong>est</strong></span> <span class='ocrx_word' id='word_1_217' title='bbox 1431 1767 1684 1824; x_wconf 86' lang='lat' dir='ltr'><strong>sacculus</strong></span> <span class='ocrx_word' id='word_1_218' title='bbox 1714 1782 2074 1831; x_wconf 88' lang='lat' dir='ltr'><strong>nummorum,</strong></span> <span class='ocrx_word' id='word_1_219' title='bbox 2107 1761 2153 1820; x_wconf 86' lang='grc' dir='ltr'><strong>Β</strong></span> <span class='ocrx_word' id='word_1_220' title='bbox 2179 1775 2417 1831; x_wconf 86' lang='lat' dir='ltr'><strong>suasque</strong></span> <span class='ocrx_word' id='word_1_221' title='bbox 2446 1762 2657 1816; x_wconf 88' lang='lat' dir='ltr'><strong>animas</strong></span> <span class='ocrx_word' id='word_1_222' title='bbox 2685 1761 2945 1833; x_wconf 74' lang='lat' dir='ltr'><strong>agebant,</strong></span> <span class='ocrx_word' id='word_1_223' title='bbox 2977 1763 3070 1833; x_wconf 89' lang='lat' dir='ltr'><strong>qui</strong></span> <span class='ocrx_word' id='word_1_224' title='bbox 3099 1763 3376 1830; x_wconf 88' lang='lat' dir='ltr'><strong>timentes,</strong></span> <span class='ocrx_word' id='word_1_225' title='bbox 3408 1780 3473 1820; x_wconf 89' lang='lat' dir='ltr'><strong>ne</strong></span> <span class='ocrx_word' id='word_1_226' title='bbox 3501 1775 3725 1822; x_wconf 76' lang='lat' dir='ltr'><strong>terrestre</strong></span> 
     </span>
    </p>
   </div>
   <div class='ocr_carea' id='block_1_31' title="bbox 499 1857 2076 1932">
    <p class='ocr_par' dir='ltr' id='par_1_31' title="bbox 499 1857 2076 1932">
     <span class='ocr_line' id='line_1_31' title="bbox 499 1857 2076 1932; baseline -0.003 -17"><span class='ocrx_word' id='word_1_227' title='bbox 499 1869 644 1932; x_wconf 87' lang='lat' dir='ltr'><strong>patet</strong></span> <span class='ocrx_word' id='word_1_228' title='bbox 679 1867 858 1914; x_wconf 87' lang='lat' dir='ltr'><strong>autem</strong></span> <span class='ocrx_word' id='word_1_229' title='bbox 889 1859 955 1914; x_wconf 90' lang='lat' dir='ltr'><strong>de</strong></span> <span class='ocrx_word' id='word_1_230' title='bbox 999 1858 1327 1923; x_wconf 84' lang='lat' dir='ltr'><strong>latronibus,</strong></span> <span class='ocrx_word' id='word_1_231' title='bbox 1356 1857 1480 1928; x_wconf 87' lang='lat' dir='ltr'><strong>quia</strong></span> <span class='ocrx_word' id='word_1_232' title='bbox 1511 1865 1571 1912; x_wconf 90' lang='lat' dir='ltr'><strong>ut</strong></span> <span class='ocrx_word' id='word_1_233' title='bbox 1596 1857 1781 1929; x_wconf 85' lang='lat' dir='ltr'><strong>plures</strong></span> <span class='ocrx_word' id='word_1_234' title='bbox 1811 1857 2076 1913; x_wconf 89' lang='lat' dir='ltr'><strong>scelerum</strong></span> 
     </span>
    </p>
   </div>
   <div class='ocr_carea' id='block_1_32' title="bbox 499 1947 2080 2018">
    <p class='ocr_par' dir='ltr' id='par_1_32' title="bbox 499 1947 2080 2018">
     <span class='ocr_line' id='line_1_32' title="bbox 499 1947 2080 2018; baseline -0.004 -12"><span class='ocrx_word' id='word_1_235' title='bbox 499 1951 677 2008; x_wconf 92' lang='lat' dir='ltr'><strong>socios</strong></span> <span class='ocrx_word' id='word_1_236' title='bbox 705 1948 1056 2018; x_wconf 88' lang='lat' dir='ltr'><strong>conquirant,</strong></span> <span class='ocrx_word' id='word_1_237' title='bbox 1092 1948 1526 2004; x_wconf 87' lang='lat' dir='ltr'><strong>communionem</strong></span> <span class='ocrx_word' id='word_1_238' title='bbox 1557 1947 1636 2002; x_wconf 88' lang='lat' dir='ltr'><strong>eis</strong></span> <span class='ocrx_word' id='word_1_239' title='bbox 1666 1947 1891 2018; x_wconf 68' lang='lat' dir='ltr'><strong>praedm.</strong></span> <span class='ocrx_word' id='word_1_240' title='bbox 1918 1962 2080 2016; x_wconf 84' lang='lat' dir='ltr'><strong>quam</strong></span> 
     </span>
    </p>
   </div>
   <div class='ocr_carea' id='block_1_33' title="bbox 502 2036 2082 2112">
    <p class='ocr_par' dir='ltr' id='par_1_33' title="bbox 502 2036 2082 2112">
     <span class='ocr_line' id='line_1_33' title="bbox 502 2036 2082 2112; baseline -0.004 -16"><span class='ocrx_word' id='word_1_241' title='bbox 502 2049 811 2112; x_wconf 87' lang='lat' dir='ltr'><strong>rapuerunt,</strong></span> <span class='ocrx_word' id='word_1_242' title='bbox 843 2038 1129 2110; x_wconf 90' lang='lat' dir='ltr'><strong>spondent.</strong></span> <span class='ocrx_word' id='word_1_243' title='bbox 1165 2036 1272 2094; x_wconf 88' lang='lat' dir='ltr'><strong>Sed</strong></span> <span class='ocrx_word' id='word_1_244' title='bbox 1300 2046 1354 2094; x_wconf 91' lang='lat' dir='ltr'><strong>et</strong></span> <span class='ocrx_word' id='word_1_245' title='bbox 1379 2048 1761 2110; x_wconf 87' lang='lat' dir='ltr'><strong>persecutores.</strong></span> <span class='ocrx_word' id='word_1_246' title='bbox 1785 2038 1952 2092; x_wconf 81' lang='lat' dir='ltr'><strong>nostri</strong></span> <span class='ocrx_word' id='word_1_247' title='bbox 1977 2037 2082 2092; x_wconf 80' lang='lat' dir='ltr'><strong>Re-</strong></span> 
     </span>
    </p>
   </div>
   <div class='ocr_carea' id='block_1_34' title="bbox 501 2127 2074 2202">
    <p class='ocr_par' dir='ltr' id='par_1_34' title="bbox 501 2127 2074 2202">
     <span class='ocr_line' id='line_1_34' title="bbox 501 2127 2074 2202; baseline -0.002 -16"><span class='ocrx_word' id='word_1_248' title='bbox 501 2131 818 2202; x_wconf 83' lang='lat' dir='ltr'><strong>demptoris,</strong></span> <span class='ocrx_word' id='word_1_249' title='bbox 851 2133 1222 2200; x_wconf 75' lang='lat' dir='ltr'><strong>quoscumque</strong></span> <span class='ocrx_word' id='word_1_250' title='bbox 1262 2138 1484 2200; x_wconf 83' lang='lat' dir='ltr'><strong>potuere</strong></span> <span class='ocrx_word' id='word_1_251' title='bbox 1529 2130 1634 2185; x_wconf 89' lang='lat' dir='ltr'><strong>sibi</strong></span> <span class='ocrx_word' id='word_1_252' title='bbox 1677 2127 2074 2201; x_wconf 73' lang='lat' dir='ltr'><strong>adiungebant;</strong></span> 
     </span>
    </p>
   </div>
   <div class='ocr_carea' id='block_1_35' title="bbox 499 2219 2082 2292">
    <p class='ocr_par' dir='ltr' id='par_1_35' title="bbox 499 2219 2082 2292">
     <span class='ocr_line' id='line_1_35' title="bbox 499 2219 2082 2292; baseline -0.002 -15"><span class='ocrx_word' id='word_1_253' title='bbox 499 2231 553 2277; x_wconf 90' lang='lat' dir='ltr'><strong>at</strong></span> <span class='ocrx_word' id='word_1_254' title='bbox 581 2237 716 2292; x_wconf 91' lang='lat' dir='ltr'><strong>quos</strong></span> <span class='ocrx_word' id='word_1_255' title='bbox 740 2221 889 2277; x_wconf 90' lang='lat' dir='ltr'><strong>illum</strong></span> <span class='ocrx_word' id='word_1_256' title='bbox 932 2220 1086 2290; x_wconf 85' lang='lat' dir='ltr'><strong>sequi</strong></span> <span class='ocrx_word' id='word_1_257' title='bbox 1122 2219 1400 2285; x_wconf 85' lang='lat' dir='ltr'><strong>videbant,</strong></span> <span class='ocrx_word' id='word_1_258' title='bbox 1431 2221 1531 2275; x_wconf 92' lang='lat' dir='ltr'><strong>hos</strong></span> <span class='ocrx_word' id='word_1_259' title='bbox 1555 2220 1622 2275; x_wconf 90' lang='lat' dir='ltr'><strong>de</strong></span> <span class='ocrx_word' id='word_1_260' title='bbox 1647 2219 1928 2291; x_wconf 77' lang='lat' dir='ltr'><strong>Synagoga</strong></span> <span class='ocrx_word' id='word_1_261' title='bbox 1958 2233 2082 2289; x_wconf 93' lang='lat' dir='ltr'><strong>pro-</strong></span> 
     </span>
    </p>
   </div>
   <div class='ocr_carea' id='block_1_36' title="bbox 498 2309 1641 2385">
    <p class='ocr_par' dir='ltr' id='par_1_36' title="bbox 498 2309 1641 2385">
     <span class='ocr_line' id='line_1_36' title="bbox 498 2309 1641 2385; baseline -0.002 -20"><span class='ocrx_word' id='word_1_262' title='bbox 498 2312 774 2385; x_wconf 82' lang='lat' dir='ltr'><strong>pulsantes</strong></span> <span class='ocrx_word' id='word_1_263' title='bbox 799 2326 896 2366; x_wconf 89' lang='lat' dir='ltr'><strong>sua</strong></span> <span class='ocrx_word' id='word_1_264' title='bbox 925 2311 1306 2367; x_wconf 87' lang='lat' dir='ltr'><strong>communione</strong></span> <span class='ocrx_word' id='word_1_265' title='bbox 1335 2309 1641 2379; x_wconf 86' lang='lat' dir='ltr'><strong>privabant.</strong></span> 
     </span>
    </p>
   </div>
   <div class='ocr_carea' id='block_1_37' title="bbox 569 2398 2077 2468">
    <p class='ocr_par' dir='ltr' id='par_1_37' title="bbox 569 2398 2077 2468">
     <span class='ocr_line' id='line_1_37' title="bbox 569 2398 2077 2468; baseline -0.002 -15"><span class='ocrx_word' id='word_1_266' title='bbox 569 2398 678 2454; x_wconf 85' lang='lat' dir='ltr'><strong>Fili</strong></span> <span class='ocrx_word' id='word_1_267' title='bbox 708 2399 807 2466; x_wconf 85' lang='lat' dir='ltr'><strong>nti,</strong></span> <span class='ocrx_word' id='word_1_268' title='bbox 843 2416 906 2454; x_wconf 87' lang='lat' dir='ltr'><strong>ne</strong></span> <span class='ocrx_word' id='word_1_269' title='bbox 934 2398 1168 2454; x_wconf 81' lang='lat' dir='ltr'><strong>ambules</strong></span> <span class='ocrx_word' id='word_1_270' title='bbox 1200 2414 1316 2452; x_wconf 87' lang='lat' dir='ltr'><strong>cum</strong></span> <span class='ocrx_word' id='word_1_271' title='bbox 1346 2399 1444 2462; x_wconf 86' lang='lat' dir='ltr'><strong>eis,</strong></span> <span class='ocrx_word' id='word_1_272' title='bbox 1475 2399 1687 2468; x_wconf 82' lang='lat' dir='ltr'><strong>prohibe</strong></span> <span class='ocrx_word' id='word_1_273' title='bbox 1717 2400 1895 2468; x_wconf 81' lang='lat' dir='ltr'><strong>pedem</strong></span> <span class='ocrx_word' id='word_1_274' title='bbox 1931 2409 2077 2451; x_wconf 80' lang='lat' dir='ltr'><strong>tuum</strong></span> 
     </span>
    </p>
   </div>
   <div class='ocr_carea' id='block_1_38' title="bbox 461 2483 2078 2546">
    <p class='ocr_par' dir='ltr' id='par_1_38' title="bbox 461 2483 2078 2546">
     <span class='ocr_line' id='line_1_38' title="bbox 461 2483 2078 2546; baseline -0.003 0"><span class='ocrx_word' id='word_1_275' title='bbox 461 2483 468 2490; x_wconf 68' lang='grc'><em>’</em></span> <span class='ocrx_word' id='word_1_276' title='bbox 499 2511 530 2546; x_wconf 83' lang='grc' dir='ltr'><strong>ιι</strong></span> <span class='ocrx_word' id='word_1_277' title='bbox 556 2492 752 2546; x_wconf 81' lang='lat' dir='ltr'><strong>sentitis</strong></span> <span class='ocrx_word' id='word_1_278' title='bbox 782 2507 982 2544; x_wconf 87' lang='lat' dir='ltr'><strong>eorunt.</strong></span> <span class='ocrx_word' id='word_1_279' title='bbox 1040 2489 1300 2545; x_wconf 85' lang='lat' dir='ltr'><strong>Prohibet</strong></span> <span class='ocrx_word' id='word_1_280' title='bbox 1330 2490 1614 2545; x_wconf 88' lang='lat' dir='ltr'><strong>credentes</strong></span> <span class='ocrx_word' id='word_1_281' title='bbox 1637 2489 1853 2544; x_wconf 87' lang='lat' dir='ltr'><strong>Christo</strong></span> <span class='ocrx_word' id='word_1_282' title='bbox 1886 2489 1950 2542; x_wconf 89' lang='lat' dir='ltr'><strong>de</strong></span> <span class='ocrx_word' id='word_1_283' title='bbox 1985 2486 2078 2542; x_wconf 80' lang='lat' dir='ltr'><strong>Ju-</strong></span> 
     </span>
    </p>
   </div>
   <div class='ocr_carea' id='block_1_39' title="bbox 499 2579 2079 2652">
    <p class='ocr_par' dir='ltr' id='par_1_39' title="bbox 499 2579 2079 2652">
     <span class='ocr_line' id='line_1_39' title="bbox 499 2579 2079 2652; baseline -0.003 -14"><span class='ocrx_word' id='word_1_284' title='bbox 499 2583 667 2646; x_wconf 70' lang='lat' dir='ltr'><strong>dtcis,</strong></span> <span class='ocrx_word' id='word_1_285' title='bbox 719 2581 1123 2637; x_wconf 86' lang='lat' dir='ltr'><strong>communicare</strong></span> <span class='ocrx_word' id='word_1_286' title='bbox 1169 2583 1621 2652; x_wconf 88' lang='lat' dir='ltr'><strong>persequentibus</strong></span> <span class='ocrx_word' id='word_1_287' title='bbox 1667 2581 1940 2636; x_wconf 89' lang='lat' dir='ltr'><strong>Christum</strong></span> <span class='ocrx_word' id='word_1_288' title='bbox 1987 2579 2079 2636; x_wconf 83' lang='lat' dir='ltr'><strong>Ju-</strong></span> 
     </span>
    </p>
   </div>
   <div class='ocr_carea' id='block_1_40' title="bbox 502 2670 2079 2742">
    <p class='ocr_par' dir='ltr' id='par_1_40' title="bbox 502 2670 2079 2742">
     <span class='ocr_line' id='line_1_40' title="bbox 502 2670 2079 2742; baseline -0.003 -14"><span class='ocrx_word' id='word_1_289' title='bbox 502 2673 652 2728; x_wconf 68' lang='lat' dir='ltr'><strong>daris.</strong></span> <span class='ocrx_word' id='word_1_290' title='bbox 678 2670 917 2742; x_wconf 83' lang='lat' dir='ltr'><strong>Denique</strong></span> <span class='ocrx_word' id='word_1_291' title='bbox 937 2685 1128 2725; x_wconf 88' lang='lat' dir='ltr'><strong>omnes</strong></span> <span class='ocrx_word' id='word_1_292' title='bbox 1153 2670 1243 2740; x_wconf 87' lang='lat' dir='ltr'><strong>qui</strong></span> <span class='ocrx_word' id='word_1_293' title='bbox 1267 2671 1561 2726; x_wconf 87' lang='lat' dir='ltr'><strong>credebant</strong></span> <span class='ocrx_word' id='word_1_294' title='bbox 1590 2679 1745 2726; x_wconf 88' lang='lat' dir='ltr'><strong>erant</strong></span> <span class='ocrx_word' id='word_1_295' title='bbox 1771 2670 1992 2740; x_wconf 89' lang='lat' dir='ltr'><strong>pariter,</strong></span> <span class='ocrx_word' id='word_1_296' title='bbox 2024 2675 2079 2724; x_wconf 89' lang='lat' dir='ltr'><strong>et</strong></span> 
     </span>
    </p>
   </div>
   <div class='ocr_carea' id='block_1_41' title="bbox 499 2757 2078 2831">
    <p class='ocr_par' dir='ltr' id='par_1_41' title="bbox 499 2757 2078 2831">
     <span class='ocr_line' id='line_1_41' title="bbox 499 2757 2078 2831; baseline -0.002 -15"><span class='ocrx_word' id='word_1_297' title='bbox 499 2761 691 2819; x_wconf 81' lang='lat' dir='ltr'><strong>Petrus</strong></span> <span class='ocrx_word' id='word_1_298' title='bbox 721 2759 909 2824; x_wconf 83' lang='lat' dir='ltr'><strong>iisdem</strong></span> <span class='ocrx_word' id='word_1_299' title='bbox 943 2759 1208 2830; x_wconf 78' lang='lat' dir='ltr'><strong>loquitur.</strong></span> <span class='ocrx_word' id='word_1_300' title='bbox 1248 2757 1536 2814; x_wconf 79' lang='lat' dir='ltr'><strong>Salvamini</strong></span> <span class='ocrx_word' id='word_1_301' title='bbox 1564 2777 1595 2814; x_wconf 89' lang='lat' dir='ltr'><strong>a</strong></span> <span class='ocrx_word' id='word_1_302' title='bbox 1621 2759 1949 2831; x_wconf 85' lang='lat' dir='ltr'><strong>generatione</strong></span> <span class='ocrx_word' id='word_1_303' title='bbox 1977 2759 2078 2813; x_wconf 86' lang='lat' dir='ltr'><strong>ista</strong></span> 
     </span>
    </p>
   </div>
   <div class='ocr_carea' id='block_1_42' title="bbox 497 2869 679 2923">
    <p class='ocr_par' dir='ltr' id='par_1_42' title="bbox 497 2869 679 2923">
     <span class='ocr_line' id='line_1_42' title="bbox 497 2869 679 2923; baseline -0.005 -18"><span class='ocrx_word' id='word_1_304' title='bbox 497 2869 679 2923; x_wconf 78' lang='lat' dir='ltr'><strong>praua.</strong></span> 
     </span>
    </p>
   </div>
   <div class='ocr_carea' id='block_1_43' title="bbox 569 2940 2078 3014">
    <p class='ocr_par' dir='ltr' id='par_1_43' title="bbox 569 2940 2078 3014">
     <span class='ocr_line' id='line_1_43' title="bbox 569 2940 2078 3014; baseline 0 -17"><span class='ocrx_word' id='word_1_305' title='bbox 569 2943 735 3000; x_wconf 85' lang='lat' dir='ltr'><strong>Pedes</strong></span> <span class='ocrx_word' id='word_1_306' title='bbox 761 2943 898 2998; x_wconf 87' lang='lat' dir='ltr'><strong>enim</strong></span> <span class='ocrx_word' id='word_1_307' title='bbox 926 2940 1136 2996; x_wconf 83' lang='lat' dir='ltr'><strong>illorum</strong></span> <span class='ocrx_word' id='word_1_308' title='bbox 1163 2942 1232 2996; x_wconf 90' lang='lat' dir='ltr'><strong>ad</strong></span> <span class='ocrx_word' id='word_1_309' title='bbox 1261 2941 1461 2997; x_wconf 31' lang='lat' dir='ltr'><strong>malum.</strong></span> <span class='ocrx_word' id='word_1_310' title='bbox 1486 2952 1726 3009; x_wconf 82' lang='lat' dir='ltr'><strong>currunt,</strong></span> <span class='ocrx_word' id='word_1_311' title='bbox 1752 2953 1800 2998; x_wconf 85' lang='lat' dir='ltr'><strong>et</strong></span> <span class='ocrx_word' id='word_1_312' title='bbox 1827 2943 2078 3014; x_wconf 75' lang='lat' dir='ltr'><strong>festinant</strong></span> 
     </span>
    </p>
   </div>
   <div class='ocr_carea' id='block_1_44' title="bbox 499 3030 2079 3104">
    <p class='ocr_par' dir='ltr' id='par_1_44' title="bbox 499 3030 2079 3104">
     <span class='ocr_line' id='line_1_44' title="bbox 499 3030 2079 3104; baseline -0.001 -16"><span class='ocrx_word' id='word_1_313' title='bbox 499 3045 554 3088; x_wconf 87' lang='lat' dir='ltr'><strong>ut</strong></span> <span class='ocrx_word' id='word_1_314' title='bbox 587 3033 859 3104; x_wconf 68' lang='lat' dir='ltr'><strong>effundant</strong></span> <span class='ocrx_word' id='word_1_315' title='bbox 889 3032 1216 3104; x_wconf 82' lang='lat' dir='ltr'><strong>sanguinem.</strong></span> <span class='ocrx_word' id='word_1_316' title='bbox 1264 3030 1380 3086; x_wconf 84' lang='lat' dir='ltr'><strong>Non</strong></span> <span class='ocrx_word' id='word_1_317' title='bbox 1409 3031 1580 3088; x_wconf 90' lang='lat' dir='ltr'><strong>solum</strong></span> <span class='ocrx_word' id='word_1_318' title='bbox 1609 3031 1676 3088; x_wconf 91' lang='lat' dir='ltr'><strong>ad</strong></span> <span class='ocrx_word' id='word_1_319' title='bbox 1711 3031 1909 3086; x_wconf 83' lang='lat' dir='ltr'><strong>malum</strong></span> <span class='ocrx_word' id='word_1_320' title='bbox 1935 3031 2079 3102; x_wconf 89' lang='lat' dir='ltr'><strong>quod</strong></span> 
     </span>
    </p>
   </div>
   <div class='ocr_carea' id='block_1_45' title="bbox 2183 1849 3723 1923">
    <p class='ocr_par' dir='ltr' id='par_1_45' title="bbox 2183 1849 3723 1923">
     <span class='ocr_line' id='line_1_45' title="bbox 2183 1849 3723 1923; baseline 0.004 -19"><span class='ocrx_word' id='word_1_321' title='bbox 2183 1865 2406 1921; x_wconf 76' lang='lat' dir='ltr'><strong>regnum</strong></span> <span class='ocrx_word' id='word_1_322' title='bbox 2433 1851 2742 1920; x_wconf 86' lang='lat' dir='ltr'><strong>perderent,</strong></span> <span class='ocrx_word' id='word_1_323' title='bbox 2768 1849 2889 1906; x_wconf 58' lang='lat' dir='ltr'><strong>caeli</strong></span> <span class='ocrx_word' id='word_1_324' title='bbox 2916 1859 3178 1920; x_wconf 63' lang='lat' dir='ltr'><strong>terrisque</strong></span> <span class='ocrx_word' id='word_1_325' title='bbox 3201 1851 3405 1923; x_wconf 77' lang='lat' dir='ltr'><strong>Regem</strong></span> <span class='ocrx_word' id='word_1_326' title='bbox 3429 1853 3723 1919; x_wconf 79' lang='lat' dir='ltr'><strong>occiderunt,</strong></span> 
     </span>
    </p>
   </div>
   <div class='ocr_carea' id='block_1_46' title="bbox 2179 1943 3724 2019">
    <p class='ocr_par' dir='ltr' id='par_1_46' title="bbox 2179 1943 3724 2019">
     <span class='ocr_line' id='line_1_46' title="bbox 2179 1943 3724 2019; baseline 0.002 -19"><span class='ocrx_word' id='word_1_327' title='bbox 2179 1943 2307 2000; x_wconf 64' lang='lat' dir='ltr'><strong>caeli</strong></span> <span class='ocrx_word' id='word_1_328' title='bbox 2337 1944 2484 2000; x_wconf 89' lang='lat' dir='ltr'><strong>cives</strong></span> <span class='ocrx_word' id='word_1_329' title='bbox 2510 1945 2978 2014; x_wconf 88' lang='lat' dir='ltr'><strong>persequebantur</strong></span> <span class='ocrx_word' id='word_1_330' title='bbox 3001 1944 3054 1998; x_wconf 92' lang='lat' dir='ltr'><strong>in</strong></span> <span class='ocrx_word' id='word_1_331' title='bbox 3086 1953 3266 2010; x_wconf 80' lang='lat' dir='ltr'><strong>terra,</strong></span> <span class='ocrx_word' id='word_1_332' title='bbox 3289 1947 3510 2017; x_wconf 81' lang='lat' dir='ltr'><strong>ideoque</strong></span> <span class='ocrx_word' id='word_1_333' title='bbox 3532 1959 3583 2002; x_wconf 90' lang='lat' dir='ltr'><strong>et</strong></span> <span class='ocrx_word' id='word_1_334' title='bbox 3605 1951 3724 2019; x_wconf 84' lang='lat' dir='ltr'><strong>quod</strong></span> 
     </span>
    </p>
   </div>
   <div class='ocr_carea' id='block_1_47' title="bbox 2183 2039 3726 2114">
    <p class='ocr_par' dir='ltr' id='par_1_47' title="bbox 2183 2039 3726 2114">
     <span class='ocr_line' id='line_1_47' title="bbox 2183 2039 3726 2114; baseline 0.002 -19"><span class='ocrx_word' id='word_1_335' title='bbox 2183 2042 2236 2095; x_wconf 90' lang='lat' dir='ltr'><strong>in</strong></span> <span class='ocrx_word' id='word_1_336' title='bbox 2269 2041 2430 2107; x_wconf 77' lang='lat' dir='ltr'><strong>terris</strong></span> <span class='ocrx_word' id='word_1_337' title='bbox 2459 2039 2748 2104; x_wconf 86' lang='lat' dir='ltr'><strong>habebant,</strong></span> <span class='ocrx_word' id='word_1_338' title='bbox 2777 2049 2834 2096; x_wconf 90' lang='lat' dir='ltr'><strong>et</strong></span> <span class='ocrx_word' id='word_1_339' title='bbox 2859 2041 3002 2111; x_wconf 85' lang='lat' dir='ltr'><strong>quod</strong></span> <span class='ocrx_word' id='word_1_340' title='bbox 3033 2041 3088 2096; x_wconf 89' lang='lat' dir='ltr'><strong>in</strong></span> <span class='ocrx_word' id='word_1_341' title='bbox 3119 2041 3281 2098; x_wconf 76' lang='lat' dir='ltr'><strong>ctelis</strong></span> <span class='ocrx_word' id='word_1_342' title='bbox 3299 2043 3576 2114; x_wconf 83' lang='lat' dir='ltr'><strong>acquirere</strong></span> <span class='ocrx_word' id='word_1_343' title='bbox 3602 2053 3726 2112; x_wconf 80' lang='lat' dir='ltr'><strong>poto-</strong></span> 
     </span>
    </p>
   </div>
   <div class='ocr_carea' id='block_1_48' title="bbox 2154 2128 3728 2203">
    <p class='ocr_par' dir='ltr' id='par_1_48' title="bbox 2154 2128 3728 2203">
     <span class='ocr_line' id='line_1_48' title="bbox 2154 2128 3728 2203; baseline 0.001 -17"><span class='ocrx_word' id='word_1_344' title='bbox 2154 2139 2324 2200; x_wconf 84' lang='lat' dir='ltr'><strong>_rant,</strong></span> <span class='ocrx_word' id='word_1_345' title='bbox 2355 2145 2579 2203; x_wconf 75' lang='lat' dir='ltr'><strong>regnum</strong></span> <span class='ocrx_word' id='word_1_346' title='bbox 2611 2130 2981 2200; x_wconf 86' lang='lat' dir='ltr'><strong>perdiderunt.</strong></span> <span class='ocrx_word' id='word_1_347' title='bbox 3017 2128 3358 2188; x_wconf 79' lang='lat' dir='ltr'><strong>Generaliter</strong></span> <span class='ocrx_word' id='word_1_348' title='bbox 3381 2143 3556 2188; x_wconf 85' lang='lat' dir='ltr'><strong>autem</strong></span> <span class='ocrx_word' id='word_1_349' title='bbox 3573 2134 3728 2188; x_wconf 67' lang='lat' dir='ltr'><strong>dict&#39;a-</strong></span> 
     </span>
    </p>
   </div>
   <div class='ocr_carea' id='block_1_49' title="bbox 2181 2220 3723 2294">
    <p class='ocr_par' dir='ltr' id='par_1_49' title="bbox 2181 2220 3723 2294">
     <span class='ocr_line' id='line_1_49' title="bbox 2181 2220 3723 2294; baseline 0.001 -18"><span class='ocrx_word' id='word_1_350' title='bbox 2181 2222 2332 2286; x_wconf 93' lang='lat' dir='ltr'><strong>dum,</strong></span> <span class='ocrx_word' id='word_1_351' title='bbox 2381 2220 2506 2292; x_wconf 84' lang='lat' dir='ltr'><strong>quia</strong></span> <span class='ocrx_word' id='word_1_352' title='bbox 2553 2221 2880 2292; x_wconf 84' lang='lat' dir='ltr'><strong>quicumque</strong></span> <span class='ocrx_word' id='word_1_353' title='bbox 2925 2221 3111 2276; x_wconf 89' lang='lat' dir='ltr'><strong>oculos</strong></span> <span class='ocrx_word' id='word_1_354' title='bbox 3153 2221 3284 2284; x_wconf 80' lang='lat' dir='ltr'><strong>ﬁdei</strong></span> <span class='ocrx_word' id='word_1_355' title='bbox 3329 2224 3487 2279; x_wconf 85' lang='lat' dir='ltr'><strong>habet</strong></span> <span class='ocrx_word' id='word_1_356' title='bbox 3523 2233 3723 2294; x_wconf 77' lang='lat' dir='ltr'><strong>apertus.</strong></span> 
     </span>
    </p>
   </div>
   <div class='ocr_carea' id='block_1_50' title="bbox 2181 2311 3724 2384">
    <p class='ocr_par' dir='ltr' id='par_1_50' title="bbox 2181 2311 3724 2384">
     <span class='ocr_line' id='line_1_50' title="bbox 2181 2311 3724 2384; baseline 0.001 -18"><span class='ocrx_word' id='word_1_357' title='bbox 2181 2311 2496 2381; x_wconf 84' lang='lat' dir='ltr'><strong>accepitque</strong></span> <span class='ocrx_word' id='word_1_358' title='bbox 2525 2325 2557 2364; x_wconf 90' lang='lat' dir='ltr'><strong>a</strong></span> <span class='ocrx_word' id='word_1_359' title='bbox 2588 2311 2818 2366; x_wconf 88' lang='lat' dir='ltr'><strong>Domino</strong></span> <span class='ocrx_word' id='word_1_360' title='bbox 2857 2326 3063 2381; x_wconf 88' lang='lat' dir='ltr'><strong>pennas</strong></span> <span class='ocrx_word' id='word_1_361' title='bbox 3109 2321 3170 2366; x_wconf 93' lang='lat' dir='ltr'><strong>ut</strong></span> <span class='ocrx_word' id='word_1_362' title='bbox 3213 2313 3513 2380; x_wconf 62' lang='lat' dir='ltr'><strong>columba,</strong></span> <span class='ocrx_word' id='word_1_363' title='bbox 3558 2315 3724 2384; x_wconf 80' lang='lat' dir='ltr'><strong>quibus</strong></span> 
     </span>
    </p>
   </div>
   <div class='ocr_carea' id='block_1_51' title="bbox 2181 2401 3725 2474">
    <p class='ocr_par' dir='ltr' id='par_1_51' title="bbox 2181 2401 3725 2474">
     <span class='ocr_line' id='line_1_51' title="bbox 2181 2401 3725 2474; baseline -0.003 -16"><span class='ocrx_word' id='word_1_364' title='bbox 2181 2411 2443 2459; x_wconf 65' lang='lat' dir='ltr'><strong>atternam</strong></span> <span class='ocrx_word' id='word_1_365' title='bbox 2483 2402 2625 2458; x_wconf 84' lang='lat' dir='ltr'><strong>volet</strong></span> <span class='ocrx_word' id='word_1_366' title='bbox 2673 2401 2740 2457; x_wconf 90' lang='lat' dir='ltr'><strong>ad</strong></span> <span class='ocrx_word' id='word_1_367' title='bbox 2788 2403 3028 2474; x_wconf 80' lang='lat' dir='ltr'><strong>requiem</strong></span> <span class='ocrx_word' id='word_1_368' title='bbox 3055 2443 3070 2467; x_wconf 91' lang='lat'><strong>,</strong></span> <span class='ocrx_word' id='word_1_369' title='bbox 3123 2402 3329 2460; x_wconf 84' lang='lat' dir='ltr'><strong>frustra</strong></span> <span class='ocrx_word' id='word_1_370' title='bbox 3377 2403 3464 2460; x_wconf 83' lang='lat' dir='ltr'><strong>tali</strong></span> <span class='ocrx_word' id='word_1_371' title='bbox 3511 2405 3725 2462; x_wconf 81' lang='lat' dir='ltr'><strong>irretiant</strong></span> 
     </span>
    </p>
   </div>
   <div class='ocr_carea' id='block_1_52' title="bbox 2152 2491 3724 2566">
    <p class='ocr_par' dir='ltr' id='par_1_52' title="bbox 2152 2491 3724 2566">
     <span class='ocr_line' id='line_1_52' title="bbox 2152 2491 3724 2566; baseline -0.001 -19"><span class='ocrx_word' id='word_1_372' title='bbox 2152 2491 2406 2563; x_wconf 59' lang='lat' dir='ltr'><strong>~laqueos</strong></span> <span class='ocrx_word' id='word_1_373' title='bbox 2447 2491 2594 2556; x_wconf 86' lang='lat' dir='ltr'><strong>mali,</strong></span> <span class='ocrx_word' id='word_1_374' title='bbox 2639 2507 2807 2561; x_wconf 90' lang='lat' dir='ltr'><strong>seque</strong></span> <span class='ocrx_word' id='word_1_375' title='bbox 2851 2493 2996 2562; x_wconf 86' lang='lat' dir='ltr'><strong>ipsos</strong></span> <span class='ocrx_word' id='word_1_376' title='bbox 3033 2493 3214 2564; x_wconf 82' lang='lat' dir='ltr'><strong>potius</strong></span> <span class='ocrx_word' id='word_1_377' title='bbox 3256 2493 3360 2550; x_wconf 88' lang='lat' dir='ltr'><strong>hoc</strong></span> <span class='ocrx_word' id='word_1_378' title='bbox 3394 2495 3724 2566; x_wconf 60' lang='lat' dir='ltr'><strong>praesumunt)</strong></span> 
     </span>
    </p>
   </div>
   <div class='ocr_carea' id='block_1_53' title="bbox 2181 2583 2471 2652">
    <p class='ocr_par' dir='ltr' id='par_1_53' title="bbox 2181 2583 2471 2652">
     <span class='ocr_line' id='line_1_53' title="bbox 2181 2583 2471 2652; baseline 0 -16"><span class='ocrx_word' id='word_1_379' title='bbox 2181 2583 2471 2652; x_wconf 87' lang='lat' dir='ltr'><strong>perimunt.</strong></span> 
     </span>
    </p>
   </div>
   <div class='ocr_carea' id='block_1_54' title="bbox 2253 2667 3725 2741">
    <p class='ocr_par' dir='ltr' id='par_1_54' title="bbox 2253 2667 3725 2741">
     <span class='ocr_line' id='line_1_54' title="bbox 2253 2667 3725 2741; baseline -0.001 -16"><span class='ocrx_word' id='word_1_380' title='bbox 2253 2667 2339 2725; x_wconf 90' lang='lat' dir='ltr'><strong>Sic</strong></span> <span class='ocrx_word' id='word_1_381' title='bbox 2367 2671 2564 2725; x_wconf 67' lang='lat' dir='ltr'><strong>semitm</strong></span> <span class='ocrx_word' id='word_1_382' title='bbox 2595 2672 2763 2726; x_wconf 72' lang='lat' dir='ltr'><strong>atmiis</strong></span> <span class='ocrx_word' id='word_1_383' title='bbox 2806 2672 2953 2726; x_wconf 73' lang='lat' dir='ltr'><strong>avari</strong></span> <span class='ocrx_word' id='word_1_384' title='bbox 2994 2672 3210 2728; x_wconf 77' lang='lat' dir='ltr'><strong>animos</strong></span> <span class='ocrx_word' id='word_1_385' title='bbox 3250 2673 3611 2741; x_wconf 74' lang='lat' dir='ltr'><strong>possidentium</strong></span> <span class='ocrx_word' id='word_1_386' title='bbox 3653 2685 3725 2724; x_wconf 75' lang='lat' dir='ltr'><strong>ra-</strong></span> 
     </span>
    </p>
   </div>
   <div class='ocr_carea' id='block_1_55' title="bbox 2180 2762 3722 2835">
    <p class='ocr_par' dir='ltr' id='par_1_55' title="bbox 2180 2762 3722 2835">
     <span class='ocr_line' id='line_1_55' title="bbox 2180 2762 3722 2835; baseline 0.001 -19"><span class='ocrx_word' id='word_1_387' title='bbox 2180 2763 2352 2832; x_wconf 84' lang='lat' dir='ltr'><strong>piunt.</strong></span> <span class='ocrx_word' id='word_1_388' title='bbox 2387 2762 2628 2818; x_wconf 86' lang='lat' dir='ltr'><strong>Semitas.</strong></span> <span class='ocrx_word' id='word_1_389' title='bbox 2644 2764 2792 2818; x_wconf 87' lang='lat' dir='ltr'><strong>avari</strong></span> <span class='ocrx_word' id='word_1_390' title='bbox 2827 2764 2957 2822; x_wconf 88' lang='lat' dir='ltr'><strong>dicit</strong></span> <span class='ocrx_word' id='word_1_391' title='bbox 2985 2763 3212 2820; x_wconf 79' lang='lat' dir='ltr'><strong>subtiles</strong></span> <span class='ocrx_word' id='word_1_392' title='bbox 3242 2765 3362 2835; x_wconf 71' lang='lat' dir='ltr'><strong>eius</strong></span> <span class='ocrx_word' id='word_1_393' title='bbox 3390 2764 3722 2835; x_wconf 74' lang='lat' dir='ltr'><strong>cogitationes,</strong></span> 
     </span>
    </p>
   </div>
   <div class='ocr_carea' id='block_1_56' title="bbox 2181 2853 3722 2924">
    <p class='ocr_par' dir='ltr' id='par_1_56' title="bbox 2181 2853 3722 2924">
     <span class='ocr_line' id='line_1_56' title="bbox 2181 2853 3722 2924; baseline 0.005 -18"><span class='ocrx_word' id='word_1_394' title='bbox 2181 2853 2390 2923; x_wconf 82' lang='lat' dir='ltr'><strong>quibus.</strong></span> <span class='ocrx_word' id='word_1_395' title='bbox 2412 2853 2630 2909; x_wconf 80' lang='lat' dir='ltr'><strong>sedulus</strong></span> <span class='ocrx_word' id='word_1_396' title='bbox 2674 2854 2936 2924; x_wconf 78' lang='lat' dir='ltr'><strong>inquirit,</strong></span> <span class='ocrx_word' id='word_1_397' title='bbox 2971 2853 3204 2924; x_wconf 75' lang='lat' dir='ltr'><strong>qualiter</strong></span> <span class='ocrx_word' id='word_1_398' title='bbox 3237 2855 3492 2924; x_wconf 83' lang='lat' dir='ltr'><strong>pecunias</strong></span> <span class='ocrx_word' id='word_1_399' title='bbox 3529 2862 3722 2924; x_wconf 70' lang='lat' dir='ltr'><strong>augent.</strong></span> 
     </span>
    </p>
   </div>
   <div class='ocr_carea' id='block_1_57' title="bbox 2187 2943 3722 3014">
    <p class='ocr_par' dir='ltr' id='par_1_57' title="bbox 2187 2943 3722 3014">
     <span class='ocr_line' id='line_1_57' title="bbox 2187 2943 3722 3014; baseline -0.003 -15"><span class='ocrx_word' id='word_1_400' title='bbox 2187 2943 2425 3014; x_wconf 83' lang='lat' dir='ltr'><strong>talesque</strong></span> <span class='ocrx_word' id='word_1_401' title='bbox 2453 2944 2662 3000; x_wconf 75' lang='lat' dir='ltr'><strong>semitae.</strong></span> <span class='ocrx_word' id='word_1_402' title='bbox 2691 2945 2907 3014; x_wconf 79' lang='lat' dir='ltr'><strong>rapiunt</strong></span> <span class='ocrx_word' id='word_1_403' title='bbox 2929 2945 2996 3000; x_wconf 85' lang='lat' dir='ltr'><strong>ad</strong></span> <span class='ocrx_word' id='word_1_404' title='bbox 3028 2945 3312 3002; x_wconf 84' lang='lat' dir='ltr'><strong>interitum</strong></span> <span class='ocrx_word' id='word_1_405' title='bbox 3359 2945 3558 3000; x_wconf 86' lang='lat' dir='ltr'><strong>animas</strong></span> <span class='ocrx_word' id='word_1_406' title='bbox 3579 2943 3722 3014; x_wconf 84' lang='lat' dir='ltr'><strong>possi-</strong></span> 
     </span>
    </p>
   </div>
   <div class='ocr_carea' id='block_1_58' title="bbox 2183 3033 3717 3106">
    <p class='ocr_par' dir='ltr' id='par_1_58' title="bbox 2183 3033 3717 3106">
     <span class='ocr_line' id='line_1_58' title="bbox 2183 3033 3717 3106; baseline -0.001 -17"><span class='ocrx_word' id='word_1_407' title='bbox 2183 3033 2444 3102; x_wconf 89' lang='lat' dir='ltr'><strong>dentium,</strong></span> <span class='ocrx_word' id='word_1_408' title='bbox 2493 3033 2546 3090; x_wconf 92' lang='lat' dir='ltr'><strong>id</strong></span> <span class='ocrx_word' id='word_1_409' title='bbox 2578 3042 2662 3090; x_wconf 88' lang='lat' dir='ltr'><strong>est</strong></span> <span class='ocrx_word' id='word_1_410' title='bbox 2686 3049 2873 3090; x_wconf 89' lang='lat' dir='ltr'><strong>eorum</strong></span> <span class='ocrx_word' id='word_1_411' title='bbox 2903 3035 2993 3106; x_wconf 93' lang='lat' dir='ltr'><strong>qui</strong></span> <span class='ocrx_word' id='word_1_412' title='bbox 3029 3036 3464 3106; x_wconf 77' lang='lat' dir='ltr'><strong>possessionibus</strong></span> <span class='ocrx_word' id='word_1_413' title='bbox 3503 3033 3717 3106; x_wconf 78' lang='lat' dir='ltr'><strong>pecunia-</strong></span> 
     </span>
    </p>
   </div>
   <div class='ocr_carea' id='block_1_59' title="bbox 499 3109 3722 3195">
    <p class='ocr_par' dir='ltr' id='par_1_59' title="bbox 499 3109 3722 3195">
     <span class='ocr_line' id='line_1_59' title="bbox 499 3109 3722 3195; baseline 0.002 -15"><span class='ocrx_word' id='word_1_414' title='bbox 499 3125 871 3195; x_wconf 90' lang='lat' dir='ltr'><strong>temporaliter</strong></span> <span class='ocrx_word' id='word_1_415' title='bbox 900 3133 1210 3194; x_wconf 89' lang='lat' dir='ltr'><strong>operentur,</strong></span> <span class='ocrx_word' id='word_1_416' title='bbox 1258 3125 1354 3180; x_wconf 87' lang='lat' dir='ltr'><strong>sed</strong></span> <span class='ocrx_word' id='word_1_417' title='bbox 1388 3125 1554 3180; x_wconf 87' lang='lat' dir='ltr'><strong>etiam</strong></span> <span class='ocrx_word' id='word_1_418' title='bbox 1598 3125 1665 3180; x_wconf 89' lang='lat' dir='ltr'><strong>ad</strong></span> <span class='ocrx_word' id='word_1_419' title='bbox 1705 3123 1904 3180; x_wconf 89' lang='lat' dir='ltr'><strong>malum</strong></span> <span class='ocrx_word' id='word_1_420' title='bbox 1937 3123 2078 3194; x_wconf 81' lang='lat' dir='ltr'><strong>quod</strong></span> <span class='ocrx_word' id='word_1_421' title='bbox 2104 3109 2150 3172; x_wconf 84' lang='lat' dir='ltr'><strong>C</strong></span> <span class='ocrx_word' id='word_1_422' title='bbox 2180 3139 2300 3179; x_wconf 88' lang='lat' dir='ltr'><strong>rum</strong></span> <span class='ocrx_word' id='word_1_423' title='bbox 2333 3124 2473 3179; x_wconf 88' lang='lat' dir='ltr'><strong>ultra</strong></span> <span class='ocrx_word' id='word_1_424' title='bbox 2516 3125 2779 3182; x_wconf 84' lang='lat' dir='ltr'><strong>rationem</strong></span> <span class='ocrx_word' id='word_1_425' title='bbox 2817 3125 3152 3184; x_wconf 86' lang='lat' dir='ltr'><strong>incumbunt.</strong></span> <span class='ocrx_word' id='word_1_426' title='bbox 3203 3121 3330 3182; x_wconf 75' lang='lat' dir='ltr'><strong>Non</strong></span> <span class='ocrx_word' id='word_1_427' title='bbox 3373 3125 3535 3183; x_wconf 85' lang='lat' dir='ltr'><strong>solum</strong></span> <span class='ocrx_word' id='word_1_428' title='bbox 3579 3139 3722 3194; x_wconf 71' lang='lat' dir='ltr'><strong>ergo.</strong></span> 
     </span>
    </p>
   </div>
   <div class='ocr_carea' id='block_1_60' title="bbox 500 3213 2078 3287">
    <p class='ocr_par' dir='ltr' id='par_1_60' title="bbox 500 3213 2078 3287">
     <span class='ocr_line' id='line_1_60' title="bbox 500 3213 2078 3287; baseline -0.001 -17"><span class='ocrx_word' id='word_1_429' title='bbox 500 3224 762 3287; x_wconf 86' lang='lat' dir='ltr'><strong>perpetuo</strong></span> <span class='ocrx_word' id='word_1_430' title='bbox 788 3213 1003 3286; x_wconf 89' lang='lat' dir='ltr'><strong>passuri</strong></span> <span class='ocrx_word' id='word_1_431' title='bbox 1031 3224 1178 3279; x_wconf 88' lang='lat' dir='ltr'><strong>sunt,</strong></span> <span class='ocrx_word' id='word_1_432' title='bbox 1209 3213 1360 3283; x_wconf 87' lang='lat' dir='ltr'><strong>impii</strong></span> <span class='ocrx_word' id='word_1_433' title='bbox 1391 3222 1715 3284; x_wconf 89' lang='lat' dir='ltr'><strong>properant,</strong></span> <span class='ocrx_word' id='word_1_434' title='bbox 1758 3213 1970 3284; x_wconf 88' lang='lat' dir='ltr'><strong>quoties</strong></span> <span class='ocrx_word' id='word_1_435' title='bbox 2011 3213 2078 3268; x_wconf 88' lang='lat' dir='ltr'><strong>ad</strong></span> 
     </span>
    </p>
   </div>
   <div class='ocr_carea' id='block_1_61' title="bbox 496 3301 2081 3377">
    <p class='ocr_par' dir='ltr' id='par_1_61' title="bbox 496 3301 2081 3377">
     <span class='ocr_line' id='line_1_61' title="bbox 496 3301 2081 3377; baseline -0.002 -17"><span class='ocrx_word' id='word_1_436' title='bbox 496 3304 822 3377; x_wconf 82' lang='lat' dir='ltr'><strong>patrandum</strong></span> <span class='ocrx_word' id='word_1_437' title='bbox 855 3303 1226 3368; x_wconf 89' lang='lat' dir='ltr'><strong>homicidium,</strong></span> <span class='ocrx_word' id='word_1_438' title='bbox 1261 3311 1316 3357; x_wconf 92' lang='lat' dir='ltr'><strong>et</strong></span> <span class='ocrx_word' id='word_1_439' title='bbox 1345 3301 1490 3357; x_wconf 88' lang='lat' dir='ltr'><strong>aliud</strong></span> <span class='ocrx_word' id='word_1_440' title='bbox 1517 3303 1644 3373; x_wconf 90' lang='lat' dir='ltr'><strong>quid</strong></span> <span class='ocrx_word' id='word_1_441' title='bbox 1673 3302 1891 3358; x_wconf 86' lang='lat' dir='ltr'><strong>sceleris</strong></span> <span class='ocrx_word' id='word_1_442' title='bbox 1917 3317 2081 3373; x_wconf 81' lang='lat' dir='ltr'><strong>agen-</strong></span> 
     </span>
    </p>
   </div>
   <div class='ocr_carea' id='block_1_62' title="bbox 503 3392 2080 3462">
    <p class='ocr_par' dir='ltr' id='par_1_62' title="bbox 503 3392 2080 3462">
     <span class='ocr_line' id='line_1_62' title="bbox 503 3392 2080 3462; baseline -0.003 -10"><span class='ocrx_word' id='word_1_443' title='bbox 503 3397 630 3452; x_wconf 85' lang='lat' dir='ltr'><strong>dum</strong></span> <span class='ocrx_word' id='word_1_444' title='bbox 661 3393 954 3453; x_wconf 84' lang='lat' dir='ltr'><strong>festinant:</strong></span> <span class='ocrx_word' id='word_1_445' title='bbox 1000 3409 1126 3448; x_wconf 89' lang='lat' dir='ltr'><strong>nam</strong></span> <span class='ocrx_word' id='word_1_446' title='bbox 1169 3401 1430 3462; x_wconf 89' lang='lat' dir='ltr'><strong>quantum</strong></span> <span class='ocrx_word' id='word_1_447' title='bbox 1471 3393 1716 3448; x_wconf 87' lang='lat' dir='ltr'><strong>videntes</strong></span> <span class='ocrx_word' id='word_1_448' title='bbox 1763 3392 1829 3447; x_wconf 90' lang='lat' dir='ltr'><strong>ad</strong></span> <span class='ocrx_word' id='word_1_449' title='bbox 1876 3393 2080 3448; x_wconf 82' lang='lat' dir='ltr'><strong>facinus</strong></span> 
     </span>
    </p>
   </div>
   <div class='ocr_carea' id='block_1_63' title="bbox 501 3485 2081 3560">
    <p class='ocr_par' dir='ltr' id='par_1_63' title="bbox 501 3485 2081 3560">
     <span class='ocr_line' id='line_1_63' title="bbox 501 3485 2081 3560; baseline -0.001 -18"><span class='ocrx_word' id='word_1_450' title='bbox 501 3485 830 3560; x_wconf 87' lang='lat' dir='ltr'><strong>implendum</strong></span> <span class='ocrx_word' id='word_1_451' title='bbox 863 3486 1155 3551; x_wconf 89' lang='lat' dir='ltr'><strong>ducuntur,</strong></span> <span class='ocrx_word' id='word_1_452' title='bbox 1187 3493 1394 3539; x_wconf 90' lang='lat' dir='ltr'><strong>tantum</strong></span> <span class='ocrx_word' id='word_1_453' title='bbox 1423 3499 1532 3539; x_wconf 90' lang='lat' dir='ltr'><strong>non</strong></span> <span class='ocrx_word' id='word_1_454' title='bbox 1559 3485 1802 3541; x_wconf 90' lang='lat' dir='ltr'><strong>videntes</strong></span> <span class='ocrx_word' id='word_1_455' title='bbox 1850 3487 1918 3542; x_wconf 88' lang='lat' dir='ltr'><strong>ad</strong></span> <span class='ocrx_word' id='word_1_456' title='bbox 1951 3485 2081 3541; x_wconf 85' lang='lat' dir='ltr'><strong>tole-</strong></span> 
     </span>
    </p>
   </div>
   <div class='ocr_carea' id='block_1_64' title="bbox 501 3573 2081 3646">
    <p class='ocr_par' dir='ltr' id='par_1_64' title="bbox 501 3573 2081 3646">
     <span class='ocr_line' id='line_1_64' title="bbox 501 3573 2081 3646; baseline 0 -16"><span class='ocrx_word' id='word_1_457' title='bbox 501 3576 726 3634; x_wconf 85' lang='lat' dir='ltr'><strong>randam</strong></span> <span class='ocrx_word' id='word_1_458' title='bbox 765 3589 864 3646; x_wconf 90' lang='lat' dir='ltr'><strong>pro</strong></span> <span class='ocrx_word' id='word_1_459' title='bbox 893 3573 1134 3630; x_wconf 79' lang='lat' dir='ltr'><strong>facinore</strong></span> <span class='ocrx_word' id='word_1_460' title='bbox 1171 3587 1388 3644; x_wconf 72' lang='lat' dir='ltr'><strong>pmnam</strong></span> <span class='ocrx_word' id='word_1_461' title='bbox 1425 3574 1807 3645; x_wconf 88' lang='lat' dir='ltr'><strong>propinquant.</strong></span> <span class='ocrx_word' id='word_1_462' title='bbox 1859 3573 1985 3630; x_wconf 64' lang='lat' dir='ltr'><strong>llaec</strong></span> <span class='ocrx_word' id='word_1_463' title='bbox 2013 3574 2081 3630; x_wconf 90' lang='lat' dir='ltr'><strong>de</strong></span> 
     </span>
    </p>
   </div>
   <div class='ocr_carea' id='block_1_65' title="bbox 501 3663 2079 3738">
    <p class='ocr_par' dir='ltr' id='par_1_65' title="bbox 501 3663 2079 3738">
     <span class='ocr_line' id='line_1_65' title="bbox 501 3663 2079 3738; baseline -0.005 -12"><span class='ocrx_word' id='word_1_464' title='bbox 501 3666 908 3726; x_wconf 80' lang='lat' dir='ltr'><strong>insidiatoribus</strong></span> <span class='ocrx_word' id='word_1_465' title='bbox 963 3665 1134 3722; x_wconf 87' lang='lat' dir='ltr'><strong>nostri</strong></span> <span class='ocrx_word' id='word_1_466' title='bbox 1194 3663 1491 3722; x_wconf 78' lang='lat' dir='ltr'><strong>Salva’toris</strong></span> <span class='ocrx_word' id='word_1_467' title='bbox 1538 3664 1720 3720; x_wconf 87' lang='lat' dir='ltr'><strong>valent</strong></span> <span class='ocrx_word' id='word_1_468' title='bbox 1772 3665 2079 3738; x_wconf 86' lang='lat' dir='ltr'><strong>specialiter</strong></span> 
     </span>
    </p>
   </div>
   <div class='ocr_carea' id='block_1_66' title="bbox 500 3755 2078 3829">
    <p class='ocr_par' dir='ltr' id='par_1_66' title="bbox 500 3755 2078 3829">
     <span class='ocr_line' id='line_1_66' title="bbox 500 3755 2078 3829; baseline -0.003 -15"><span class='ocrx_word' id='word_1_469' title='bbox 500 3757 762 3829; x_wconf 85' lang='lat' dir='ltr'><strong>intelligi,</strong></span> <span class='ocrx_word' id='word_1_470' title='bbox 801 3769 1036 3828; x_wconf 86' lang='lat' dir='ltr'><strong>sequens</strong></span> <span class='ocrx_word' id='word_1_471' title='bbox 1061 3763 1241 3810; x_wconf 90' lang='lat' dir='ltr'><strong>autem</strong></span> <span class='ocrx_word' id='word_1_472' title='bbox 1265 3755 1565 3811; x_wconf 86' lang='lat' dir='ltr'><strong>versiculus</strong></span> <span class='ocrx_word' id='word_1_473' title='bbox 1595 3756 1662 3813; x_wconf 87' lang='lat' dir='ltr'><strong>de</strong></span> <span class='ocrx_word' id='word_1_474' title='bbox 1691 3756 1938 3812; x_wconf 78' lang='lat' dir='ltr'><strong>ﬁdelibus</strong></span> <span class='ocrx_word' id='word_1_475' title='bbox 1965 3755 2078 3824; x_wconf 65' lang='lat' dir='ltr'><strong>eius</strong></span> 
     </span>
    </p>
   </div>
   <div class='ocr_carea' id='block_1_67' title="bbox 499 3845 2080 3920">
    <p class='ocr_par' dir='ltr' id='par_1_67' title="bbox 499 3845 2080 3920">
     <span class='ocr_line' id='line_1_67' title="bbox 499 3845 2080 3920; baseline -0.002 -17"><span class='ocrx_word' id='word_1_476' title='bbox 499 3865 652 3920; x_wconf 71' lang='lat' dir='ltr'><strong>teque</strong></span> <span class='ocrx_word' id='word_1_477' title='bbox 693 3862 985 3920; x_wconf 90' lang='lat' dir='ltr'><strong>pravorum</strong></span> <span class='ocrx_word' id='word_1_478' title='bbox 1029 3845 1292 3902; x_wconf 85' lang='lat' dir='ltr'><strong>malitiam</strong></span> <span class='ocrx_word' id='word_1_479' title='bbox 1335 3846 1730 3902; x_wconf 88' lang='lat' dir='ltr'><strong>sustinentibus</strong></span> <span class='ocrx_word' id='word_1_480' title='bbox 1757 3848 2080 3918; x_wconf 77' lang='lat' dir='ltr'><strong>generaliter</strong></span> 
     </span>
    </p>
   </div>
   <div class='ocr_carea' id='block_1_68' title="bbox 501 3941 779 3998">
    <p class='ocr_par' dir='ltr' id='par_1_68' title="bbox 501 3941 779 3998">
     <span class='ocr_line' id='line_1_68' title="bbox 501 3941 779 3998; baseline -0.014 0"><span class='ocrx_word' id='word_1_481' title='bbox 501 3941 779 3998; x_wconf 89' lang='lat' dir='ltr'><strong>inseritur.</strong></span> 
     </span>
    </p>
   </div>
   <div class='ocr_carea' id='block_1_69' title="bbox 574 4029 2073 4100">
    <p class='ocr_par' dir='ltr' id='par_1_69' title="bbox 574 4029 2073 4100">
     <span class='ocr_line' id='line_1_69' title="bbox 574 4029 2073 4100; baseline -0.002 -16"><span class='ocrx_word' id='word_1_482' title='bbox 574 4030 799 4086; x_wconf 80' lang='lat' dir='ltr'><strong>Frustra</strong></span> <span class='ocrx_word' id='word_1_483' title='bbox 821 4039 994 4084; x_wconf 88' lang='lat' dir='ltr'><strong>autem</strong></span> <span class='ocrx_word' id='word_1_484' title='bbox 1009 4030 1214 4100; x_wconf 83' lang='lat' dir='ltr'><strong>jacitur</strong></span> <span class='ocrx_word' id='word_1_485' title='bbox 1239 4038 1343 4082; x_wconf 85' lang='lat' dir='ltr'><strong>rete</strong></span> <span class='ocrx_word' id='word_1_486' title='bbox 1367 4037 1486 4082; x_wconf 83' lang='lat' dir='ltr'><strong>ante</strong></span> <span class='ocrx_word' id='word_1_487' title='bbox 1511 4029 1687 4082; x_wconf 86' lang='lat' dir='ltr'><strong>oculos</strong></span> <span class='ocrx_word' id='word_1_488' title='bbox 1712 4039 2073 4098; x_wconf 86' lang='lat' dir='ltr'><strong>pennatorum.</strong></span> 
     </span>
    </p>
   </div>
   <div class='ocr_carea' id='block_1_70' title="bbox 475 4118 2078 4190">
    <p class='ocr_par' dir='ltr' id='par_1_70' title="bbox 475 4118 2078 4190">
     <span class='ocr_line' id='line_1_70' title="bbox 475 4118 2078 4190; baseline -0.007 -8"><span class='ocrx_word' id='word_1_489' title='bbox 475 4122 726 4182; x_wconf 64' lang='lat' dir='ltr'><strong>Frustra</strong></span> <span class='ocrx_word' id='word_1_490' title='bbox 757 4121 902 4176; x_wconf 87' lang='lat' dir='ltr'><strong>enim</strong></span> <span class='ocrx_word' id='word_1_491' title='bbox 934 4119 1158 4190; x_wconf 76' lang='lat' dir='ltr'><strong>laqueus</strong></span> <span class='ocrx_word' id='word_1_492' title='bbox 1189 4118 1580 4190; x_wconf 86' lang='lat' dir='ltr'><strong>persecutionis</strong></span> <span class='ocrx_word' id='word_1_493' title='bbox 1615 4127 1708 4171; x_wconf 92' lang='lat' dir='ltr'><strong>aut</strong></span> <span class='ocrx_word' id='word_1_494' title='bbox 1744 4119 1934 4172; x_wconf 88' lang='lat' dir='ltr'><strong>mortis</strong></span> <span class='ocrx_word' id='word_1_495' title='bbox 1963 4127 2078 4174; x_wconf 87' lang='lat' dir='ltr'><strong>teu-</strong></span> 
     </span>
    </p>
   </div>
   <div class='ocr_carea' id='block_1_71' title="bbox 496 4209 2075 4282">
    <p class='ocr_par' dir='ltr' id='par_1_71' title="bbox 496 4209 2075 4282">
     <span class='ocr_line' id='line_1_71' title="bbox 496 4209 2075 4282; baseline -0.003 -14"><span class='ocrx_word' id='word_1_496' title='bbox 496 4214 642 4268; x_wconf 88' lang='lat' dir='ltr'><strong>ditur</strong></span> <span class='ocrx_word' id='word_1_497' title='bbox 676 4211 882 4277; x_wconf 88' lang='lat' dir='ltr'><strong>electis,</strong></span> <span class='ocrx_word' id='word_1_498' title='bbox 923 4209 1017 4282; x_wconf 86' lang='lat' dir='ltr'><strong>qui</strong></span> <span class='ocrx_word' id='word_1_499' title='bbox 1050 4225 1258 4280; x_wconf 86' lang='lat' dir='ltr'><strong>pennas</strong></span> <span class='ocrx_word' id='word_1_500' title='bbox 1297 4209 1498 4265; x_wconf 85' lang='lat' dir='ltr'><strong>habent</strong></span> <span class='ocrx_word' id='word_1_501' title='bbox 1535 4209 1650 4279; x_wconf 82' lang='lat' dir='ltr'><strong>spei</strong></span> <span class='ocrx_word' id='word_1_502' title='bbox 1685 4217 1741 4262; x_wconf 90' lang='lat' dir='ltr'><strong>et</strong></span> <span class='ocrx_word' id='word_1_503' title='bbox 1773 4209 2075 4274; x_wconf 86' lang='lat' dir='ltr'><strong>charilatis,</strong></span> 
     </span>
    </p>
   </div>
   <div class='ocr_carea' id='block_1_72' title="bbox 499 4297 2078 4369">
    <p class='ocr_par' dir='ltr' id='par_1_72' title="bbox 499 4297 2078 4369">
     <span class='ocr_line' id='line_1_72' title="bbox 499 4297 2078 4369; baseline -0.003 -12"><span class='ocrx_word' id='word_1_504' title='bbox 499 4311 927 4369; x_wconf 64' lang='lat' dir='ltr'><strong>cmicrarumque</strong></span> <span class='ocrx_word' id='word_1_505' title='bbox 956 4299 1217 4354; x_wconf 82' lang='lat' dir='ltr'><strong>virtutum</strong></span> <span class='ocrx_word' id='word_1_506' title='bbox 1250 4298 1444 4368; x_wconf 87' lang='lat' dir='ltr'><strong>quibus</strong></span> <span class='ocrx_word' id='word_1_507' title='bbox 1478 4306 1534 4353; x_wconf 90' lang='lat' dir='ltr'><strong>et</strong></span> <span class='ocrx_word' id='word_1_508' title='bbox 1569 4297 1811 4354; x_wconf 68' lang='lat' dir='ltr'><strong>coelestia</strong></span> <span class='ocrx_word' id='word_1_509' title='bbox 1845 4297 1968 4352; x_wconf 85' lang='lat' dir='ltr'><strong>dum</strong></span> <span class='ocrx_word' id='word_1_510' title='bbox 2001 4299 2078 4353; x_wconf 80' lang='lat' dir='ltr'><strong>vi-</strong></span> 
     </span>
    </p>
   </div>
   <div class='ocr_carea' id='block_1_73' title="bbox 495 4391 2075 4460">
    <p class='ocr_par' dir='ltr' id='par_1_73' title="bbox 495 4391 2075 4460">
     <span class='ocr_line' id='line_1_73' title="bbox 495 4391 2075 4460; baseline -0.002 -14"><span class='ocrx_word' id='word_1_511' title='bbox 495 4401 628 4447; x_wconf 89' lang='lat' dir='ltr'><strong>vunt</strong></span> <span class='ocrx_word' id='word_1_512' title='bbox 655 4393 988 4457; x_wconf 89' lang='lat' dir='ltr'><strong>desiderent,</strong></span> <span class='ocrx_word' id='word_1_513' title='bbox 1026 4398 1081 4444; x_wconf 90' lang='lat' dir='ltr'><strong>et</strong></span> <span class='ocrx_word' id='word_1_514' title='bbox 1120 4391 1188 4444; x_wconf 88' lang='lat' dir='ltr'><strong>ad</strong></span> <span class='ocrx_word' id='word_1_515' title='bbox 1231 4391 1331 4444; x_wconf 92' lang='lat' dir='ltr'><strong>hoc</strong></span> <span class='ocrx_word' id='word_1_516' title='bbox 1361 4399 1490 4460; x_wconf 83' lang='lat' dir='ltr'><strong>post.</strong></span> <span class='ocrx_word' id='word_1_517' title='bbox 1511 4400 1738 4444; x_wconf 88' lang='lat' dir='ltr'><strong>mortem</strong></span> <span class='ocrx_word' id='word_1_518' title='bbox 1770 4399 2075 4444; x_wconf 89' lang='lat' dir='ltr'><strong>mereantur</strong></span> 
     </span>
    </p>
   </div>
   <div class='ocr_carea' id='block_1_74' title="bbox 495 4481 2074 4556">
    <p class='ocr_par' dir='ltr' id='par_1_74' title="bbox 495 4481 2074 4556">
     <span class='ocr_line' id='line_1_74' title="bbox 495 4481 2074 4556; baseline -0.003 -18"><span class='ocrx_word' id='word_1_519' title='bbox 495 4485 820 4556; x_wconf 76' lang='lat' dir='ltr'><strong>pertingere.</strong></span> <span class='ocrx_word' id='word_1_520' title='bbox 877 4481 1086 4537; x_wconf 85' lang='lat' dir='ltr'><strong>Habent</strong></span> <span class='ocrx_word' id='word_1_521' title='bbox 1133 4488 1188 4534; x_wconf 89' lang='lat' dir='ltr'><strong>et</strong></span> <span class='ocrx_word' id='word_1_522' title='bbox 1232 4481 1421 4535; x_wconf 90' lang='lat' dir='ltr'><strong>oculos</strong></span> <span class='ocrx_word' id='word_1_523' title='bbox 1471 4481 1685 4545; x_wconf 89' lang='lat' dir='ltr'><strong>mentis,</strong></span> <span class='ocrx_word' id='word_1_524' title='bbox 1731 4495 1830 4550; x_wconf 85' lang='lat' dir='ltr'><strong>per</strong></span> <span class='ocrx_word' id='word_1_525' title='bbox 1856 4496 1992 4550; x_wconf 89' lang='lat' dir='ltr'><strong>quos</strong></span> <span class='ocrx_word' id='word_1_526' title='bbox 2020 4491 2074 4534; x_wconf 88' lang='lat' dir='ltr'><strong>et</strong></span> 
     </span>
    </p>
   </div>
   <div class='ocr_carea' id='block_1_75' title="bbox 499 4573 2076 4649">
    <p class='ocr_par' dir='ltr' id='par_1_75' title="bbox 499 4573 2076 4649">
     <span class='ocr_line' id='line_1_75' title="bbox 499 4573 2076 4649; baseline -0.001 -19"><span class='ocrx_word' id='word_1_527' title='bbox 499 4577 667 4639; x_wconf 82' lang='lat' dir='ltr'><strong>mala,</strong></span> <span class='ocrx_word' id='word_1_528' title='bbox 693 4591 812 4649; x_wconf 76' lang='lat' dir='ltr'><strong>qua:</strong></span> <span class='ocrx_word' id='word_1_529' title='bbox 841 4573 910 4628; x_wconf 86' lang='lat' dir='ltr'><strong>ab</strong></span> <span class='ocrx_word' id='word_1_530' title='bbox 937 4573 1116 4642; x_wconf 89' lang='lat' dir='ltr'><strong>impiis</strong></span> <span class='ocrx_word' id='word_1_531' title='bbox 1147 4573 1442 4636; x_wconf 87' lang='lat' dir='ltr'><strong>sustinent,</strong></span> <span class='ocrx_word' id='word_1_532' title='bbox 1472 4573 1623 4626; x_wconf 84' lang='lat' dir='ltr'><strong>ocius</strong></span> <span class='ocrx_word' id='word_1_533' title='bbox 1653 4573 1978 4637; x_wconf 87' lang='lat' dir='ltr'><strong>transitura,</strong></span> <span class='ocrx_word' id='word_1_534' title='bbox 2019 4581 2076 4628; x_wconf 89' lang='lat' dir='ltr'><strong>et</strong></span> 
     </span>
    </p>
   </div>
   <div class='ocr_carea' id='block_1_76' title="bbox 495 4665 2073 4735">
    <p class='ocr_par' dir='ltr' id='par_1_76' title="bbox 495 4665 2073 4735">
     <span class='ocr_line' id='line_1_76' title="bbox 495 4665 2073 4735; baseline -0.003 -13"><span class='ocrx_word' id='word_1_535' title='bbox 495 4667 634 4722; x_wconf 69' lang='lat' dir='ltr'><strong>liena</strong></span> <span class='ocrx_word' id='word_1_536' title='bbox 663 4681 782 4735; x_wconf 75' lang='lat' dir='ltr'><strong>qua:</strong></span> <span class='ocrx_word' id='word_1_537' title='bbox 812 4665 1124 4722; x_wconf 85' lang='lat' dir='ltr'><strong>sustinendo</strong></span> <span class='ocrx_word' id='word_1_538' title='bbox 1155 4673 1492 4729; x_wconf 86' lang='lat' dir='ltr'><strong>meruerunt,</strong></span> <span class='ocrx_word' id='word_1_539' title='bbox 1524 4674 1789 4719; x_wconf 62' lang='lat' dir='ltr'><strong>aeternum</strong></span> <span class='ocrx_word' id='word_1_540' title='bbox 1820 4681 2073 4720; x_wconf 88' lang='lat' dir='ltr'><strong>mansura</strong></span> 
     </span>
    </p>
   </div>
   <div class='ocr_carea' id='block_1_77' title="bbox 493 4753 2074 4826">
    <p class='ocr_par' dir='ltr' id='par_1_77' title="bbox 493 4753 2074 4826">
     <span class='ocr_line' id='line_1_77' title="bbox 493 4753 2074 4826; baseline -0.002 -14"><span class='ocrx_word' id='word_1_541' title='bbox 493 4757 734 4813; x_wconf 85' lang='lat' dir='ltr'><strong>videant.</strong></span> <span class='ocrx_word' id='word_1_542' title='bbox 790 4755 997 4826; x_wconf 81' lang='lat' dir='ltr'><strong>Quibus</strong></span> <span class='ocrx_word' id='word_1_543' title='bbox 1027 4754 1184 4810; x_wconf 89' lang='lat' dir='ltr'><strong>simul</strong></span> <span class='ocrx_word' id='word_1_544' title='bbox 1215 4753 1386 4809; x_wconf 88' lang='lat' dir='ltr'><strong>oculis</strong></span> <span class='ocrx_word' id='word_1_545' title='bbox 1417 4764 1473 4809; x_wconf 86' lang='lat' dir='ltr'><strong>et</strong></span> <span class='ocrx_word' id='word_1_546' title='bbox 1505 4755 1856 4826; x_wconf 82' lang='lat' dir='ltr'><strong>reproborum</strong></span> <span class='ocrx_word' id='word_1_547' title='bbox 1888 4771 2074 4824; x_wconf 86' lang='lat' dir='ltr'><strong>supcr-</strong></span> 
     </span>
    </p>
   </div>
   <div class='ocr_carea' id='block_1_78' title="bbox 491 4843 2071 4914">
    <p class='ocr_par' dir='ltr' id='par_1_78' title="bbox 491 4843 2071 4914">
     <span class='ocr_line' id='line_1_78' title="bbox 491 4843 2071 4914; baseline -0.003 -9"><span class='ocrx_word' id='word_1_548' title='bbox 491 4849 635 4905; x_wconf 85' lang='lat' dir='ltr'><strong>biam</strong></span> <span class='ocrx_word' id='word_1_549' title='bbox 676 4848 784 4904; x_wconf 87' lang='lat' dir='ltr'><strong>cito</strong></span> <span class='ocrx_word' id='word_1_550' title='bbox 829 4843 1342 4908; x_wconf 88' lang='lat' dir='ltr'><strong>consummandam,</strong></span> <span class='ocrx_word' id='word_1_551' title='bbox 1391 4853 1445 4899; x_wconf 90' lang='lat' dir='ltr'><strong>et</strong></span> <span class='ocrx_word' id='word_1_552' title='bbox 1488 4851 1756 4899; x_wconf 87' lang='lat' dir='ltr'><strong>tormenta</strong></span> <span class='ocrx_word' id='word_1_553' title='bbox 1793 4845 2071 4914; x_wconf 87' lang='lat' dir='ltr'><strong>sequentia</strong></span> 
     </span>
    </p>
   </div>
   <div class='ocr_carea' id='block_1_79' title="bbox 492 4934 2067 5014">
    <p class='ocr_par' dir='ltr' id='par_1_79' title="bbox 492 4934 2067 5014">
     <span class='ocr_line' id='line_1_79' title="bbox 492 4934 2067 5014; baseline -0.005 -16"><span class='ocrx_word' id='word_1_554' title='bbox 492 4957 706 5014; x_wconf 85' lang='lat' dir='ltr'><strong>semper</strong></span> <span class='ocrx_word' id='word_1_555' title='bbox 733 4952 991 4995; x_wconf 86' lang='lat' dir='ltr'><strong>mansura</strong></span> <span class='ocrx_word' id='word_1_556' title='bbox 1022 4935 1372 5010; x_wconf 82' lang='lat' dir='ltr'><strong>prospiciunt.</strong></span> <span class='ocrx_word' id='word_1_557' title='bbox 1429 4935 1615 4991; x_wconf 86' lang='lat' dir='ltr'><strong>Potest</strong></span> <span class='ocrx_word' id='word_1_558' title='bbox 1653 4945 1705 4990; x_wconf 89' lang='lat' dir='ltr'><strong>et</strong></span> <span class='ocrx_word' id='word_1_559' title='bbox 1743 4936 1816 4990; x_wconf 89' lang='lat' dir='ltr'><strong>ita</strong></span> <span class='ocrx_word' id='word_1_560' title='bbox 1854 4934 2067 5008; x_wconf 89' lang='lat' dir='ltr'><strong>accipi,</strong></span> 
     </span>
    </p>
   </div>
   <div class='ocr_carea' id='block_1_80' title="bbox 494 5023 2064 5104">
    <p class='ocr_par' dir='ltr' id='par_1_80' title="bbox 494 5023 2064 5104">
     <span class='ocr_line' id='line_1_80' title="bbox 494 5023 2064 5104; baseline -0.004 -18"><span class='ocrx_word' id='word_1_561' title='bbox 494 5033 636 5104; x_wconf 88' lang='lat' dir='ltr'><strong>quod</strong></span> <span class='ocrx_word' id='word_1_562' title='bbox 681 5038 798 5086; x_wconf 89' lang='lat' dir='ltr'><strong>rete</strong></span> <span class='ocrx_word' id='word_1_563' title='bbox 836 5028 981 5083; x_wconf 88' lang='lat' dir='ltr'><strong>dicat</strong></span> <span class='ocrx_word' id='word_1_564' title='bbox 1021 5025 1376 5098; x_wconf 85' lang='lat' dir='ltr'><strong>perniciosam</strong></span> <span class='ocrx_word' id='word_1_565' title='bbox 1424 5023 1686 5081; x_wconf 89' lang='lat' dir='ltr'><strong>malorum</strong></span> <span class='ocrx_word' id='word_1_566' title='bbox 1731 5026 2064 5090; x_wconf 80' lang='lat' dir='ltr'><strong>doctrinam,</strong></span> 
     </span>
    </p>
   </div>
   <div class='ocr_carea' id='block_1_81' title="bbox 491 5113 2067 5189">
    <p class='ocr_par' dir='ltr' id='par_1_81' title="bbox 491 5113 2067 5189">
     <span class='ocr_line' id='line_1_81' title="bbox 491 5113 2067 5189; baseline -0.002 -17"><span class='ocrx_word' id='word_1_567' title='bbox 491 5135 655 5189; x_wconf 87' lang='lat' dir='ltr'><strong>quam</strong></span> <span class='ocrx_word' id='word_1_568' title='bbox 686 5117 752 5174; x_wconf 90' lang='lat' dir='ltr'><strong>ab</strong></span> <span class='ocrx_word' id='word_1_569' title='bbox 778 5133 844 5174; x_wconf 91' lang='lat' dir='ltr'><strong>eo</strong></span> <span class='ocrx_word' id='word_1_570' title='bbox 875 5116 994 5173; x_wconf 90' lang='lat' dir='ltr'><strong>loco</strong></span> <span class='ocrx_word' id='word_1_571' title='bbox 1021 5123 1348 5181; x_wconf 81' lang='lat' dir='ltr'><strong>contexunt,</strong></span> <span class='ocrx_word' id='word_1_572' title='bbox 1378 5115 1469 5170; x_wconf 90' lang='lat' dir='ltr'><strong>ubi</strong></span> <span class='ocrx_word' id='word_1_573' title='bbox 1500 5113 1614 5168; x_wconf 87' lang='lat' dir='ltr'><strong>ait:</strong></span> <span class='ocrx_word' id='word_1_574' title='bbox 1647 5113 1714 5169; x_wconf 82' lang='lat' dir='ltr'><strong>Si</strong></span> <span class='ocrx_word' id='word_1_575' title='bbox 1735 5124 1784 5169; x_wconf 87' lang='lat' dir='ltr'><strong>te</strong></span> <span class='ocrx_word' id='word_1_576' title='bbox 1811 5125 2067 5170; x_wconf 83' lang='lat' dir='ltr'><strong>tractave-</strong></span> 
     </span>
    </p>
   </div>
   <div class='ocr_carea' id='block_1_82' title="bbox 489 5204 2067 5280">
    <p class='ocr_par' dir='ltr' id='par_1_82' title="bbox 489 5204 2067 5280">
     <span class='ocr_line' id='line_1_82' title="bbox 489 5204 2067 5280; baseline -0.004 -16"><span class='ocrx_word' id='word_1_577' title='bbox 489 5213 590 5264; x_wconf 82' lang='lat' dir='ltr'><strong>rint</strong></span> <span class='ocrx_word' id='word_1_578' title='bbox 617 5219 932 5280; x_wconf 86' lang='lat' dir='ltr'><strong>peccatores,</strong></span> <span class='ocrx_word' id='word_1_579' title='bbox 957 5223 1018 5262; x_wconf 83' lang='lat' dir='ltr'><strong>ne</strong></span> <span class='ocrx_word' id='word_1_580' title='bbox 1039 5207 1361 5278; x_wconf 77' lang='lat' dir='ltr'><strong>acquiescas,</strong></span> <span class='ocrx_word' id='word_1_581' title='bbox 1381 5204 1692 5274; x_wconf 84' lang='lat' dir='ltr'><strong>frustraque</strong></span> <span class='ocrx_word' id='word_1_582' title='bbox 1713 5204 1818 5260; x_wconf 85' lang='lat' dir='ltr'><strong>tale</strong></span> <span class='ocrx_word' id='word_1_583' title='bbox 1833 5204 2067 5276; x_wconf 84' lang='lat' dir='ltr'><strong>jaciatur</strong></span> 
     </span>
    </p>
   </div>
   <div class='ocr_carea' id='block_1_83' title="bbox 493 5295 2061 5368">
    <p class='ocr_par' dir='ltr' id='par_1_83' title="bbox 493 5295 2061 5368">
     <span class='ocr_line' id='line_1_83' title="bbox 493 5295 2061 5368; baseline -0.004 -11"><span class='ocrx_word' id='word_1_584' title='bbox 493 5309 607 5357; x_wconf 88' lang='lat' dir='ltr'><strong>rete</strong></span> <span class='ocrx_word' id='word_1_585' title='bbox 653 5309 779 5356; x_wconf 88' lang='lat' dir='ltr'><strong>ante</strong></span> <span class='ocrx_word' id='word_1_586' title='bbox 823 5315 950 5365; x_wconf 89' lang='lat' dir='ltr'><strong>eos,</strong></span> <span class='ocrx_word' id='word_1_587' title='bbox 999 5299 1092 5368; x_wconf 90' lang='lat' dir='ltr'><strong>qui</strong></span> <span class='ocrx_word' id='word_1_588' title='bbox 1141 5297 1356 5352; x_wconf 89' lang='lat' dir='ltr'><strong>mundis</strong></span> <span class='ocrx_word' id='word_1_589' title='bbox 1393 5295 1564 5352; x_wconf 90' lang='lat' dir='ltr'><strong>oculis</strong></span> <span class='ocrx_word' id='word_1_590' title='bbox 1601 5295 1780 5351; x_wconf 91' lang='lat' dir='ltr'><strong>cordis</strong></span> <span class='ocrx_word' id='word_1_591' title='bbox 1829 5310 2061 5365; x_wconf 88' lang='lat' dir='ltr'><strong>superna</strong></span> 
     </span>
    </p>
   </div>
   <div class='ocr_carea' id='block_1_84' title="bbox 489 5388 2058 5464">
    <p class='ocr_par' dir='ltr' id='par_1_84' title="bbox 489 5388 2058 5464">
     <span class='ocr_line' id='line_1_84' title="bbox 489 5388 2058 5464; baseline -0.004 -16"><span class='ocrx_word' id='word_1_592' title='bbox 489 5393 936 5464; x_wconf 89' lang='lat' dir='ltr'><strong>contemplentur,</strong></span> <span class='ocrx_word' id='word_1_593' title='bbox 987 5392 1078 5462; x_wconf 92' lang='lat' dir='ltr'><strong>qui</strong></span> <span class='ocrx_word' id='word_1_594' title='bbox 1123 5391 1306 5447; x_wconf 89' lang='lat' dir='ltr'><strong>dicere</strong></span> <span class='ocrx_word' id='word_1_595' title='bbox 1353 5389 1535 5445; x_wconf 92' lang='lat' dir='ltr'><strong>norint</strong></span> <span class='ocrx_word' id='word_1_596' title='bbox 1579 5405 1703 5444; x_wconf 91' lang='lat' dir='ltr'><strong>cum</strong></span> <span class='ocrx_word' id='word_1_597' title='bbox 1747 5388 2058 5458; x_wconf 87' lang='lat' dir='ltr'><strong>Propheta:</strong></span> 
     </span>
    </p>
   </div>
   <div class='ocr_carea' id='block_1_85' title="bbox 489 5480 2096 5554">
    <p class='ocr_par' dir='ltr' id='par_1_85' title="bbox 489 5480 2096 5554">
     <span class='ocr_line' id='line_1_85' title="bbox 489 5480 2096 5554; baseline -0.006 -14"><span class='ocrx_word' id='word_1_598' title='bbox 489 5486 678 5540; x_wconf 76' lang='lat' dir='ltr'><strong>Anima</strong></span> <span class='ocrx_word' id='word_1_599' title='bbox 703 5493 879 5539; x_wconf 83' lang='lat' dir='ltr'><strong>nostra</strong></span> <span class='ocrx_word' id='word_1_600' title='bbox 906 5485 1038 5540; x_wconf 81' lang='lat' dir='ltr'><strong>sicut</strong></span> <span class='ocrx_word' id='word_1_601' title='bbox 1066 5500 1244 5554; x_wconf 80' lang='lat' dir='ltr'><strong>passer</strong></span> <span class='ocrx_word' id='word_1_602' title='bbox 1272 5492 1449 5553; x_wconf 88' lang='lat' dir='ltr'><strong>erepta</strong></span> <span class='ocrx_word' id='word_1_603' title='bbox 1477 5492 1548 5536; x_wconf 87' lang='lat' dir='ltr'><strong>est</strong></span> <span class='ocrx_word' id='word_1_604' title='bbox 1577 5481 1642 5536; x_wconf 88' lang='lat' dir='ltr'><strong>de</strong></span> <span class='ocrx_word' id='word_1_605' title='bbox 1666 5480 1848 5551; x_wconf 85' lang='lat' dir='ltr'><strong>laqueo</strong></span> <span class='ocrx_word' id='word_1_606' title='bbox 1878 5495 2064 5534; x_wconf 81' lang='lat' dir='ltr'><strong>venan-</strong></span> <span class='ocrx_word' id='word_1_607' title='bbox 2094 5528 2096 5532; x_wconf 77' lang='grc'>,</span> 
     </span>
    </p>
   </div>
   <div class='ocr_carea' id='block_1_86' title="bbox 489 5563 2060 5647">
    <p class='ocr_par' dir='ltr' id='par_1_86' title="bbox 489 5563 2060 5647">
     <span class='ocr_line' id='line_1_86' title="bbox 489 5563 2060 5647; baseline -0.004 -17"><span class='ocrx_word' id='word_1_608' title='bbox 489 5577 618 5631; x_wconf 83' lang='lat' dir='ltr'><strong>tium</strong></span> <span class='ocrx_word' id='word_1_609' title='bbox 649 5575 818 5647; x_wconf 86' lang='lat' dir='ltr'><strong>(Psal.</strong></span> <span class='ocrx_word' id='word_1_610' title='bbox 845 5573 1027 5644; x_wconf 79' lang='lat' dir='ltr'><strong>cxxv).</strong></span> <span class='ocrx_word' id='word_1_611' title='bbox 1061 5573 1240 5630; x_wconf 82' lang='lat' dir='ltr'><strong>Facile</strong></span> <span class='ocrx_word' id='word_1_612' title='bbox 1269 5574 1412 5629; x_wconf 89' lang='lat' dir='ltr'><strong>enim</strong></span> <span class='ocrx_word' id='word_1_613' title='bbox 1445 5573 1684 5644; x_wconf 86' lang='lat' dir='ltr'><strong>laqueos,</strong></span> <span class='ocrx_word' id='word_1_614' title='bbox 1715 5572 1802 5642; x_wconf 88' lang='lat' dir='ltr'><strong>qui</strong></span> <span class='ocrx_word' id='word_1_615' title='bbox 1839 5572 1890 5624; x_wconf 92' lang='lat' dir='ltr'><strong>in</strong></span> <span class='ocrx_word' id='word_1_616' title='bbox 1918 5563 2060 5625; x_wconf 69' lang='lat' dir='ltr'><strong>terrai</strong></span> 
     </span>
    </p>
   </div>
   <div class='ocr_carea' id='block_1_87' title="bbox 490 5659 2056 5760">
    <p class='ocr_par' dir='ltr' id='par_1_87' title="bbox 490 5659 2056 5749">
     <span class='ocr_line' id='line_1_87' title="bbox 490 5659 2056 5749; baseline -0.005 -27"><span class='ocrx_word' id='word_1_617' title='bbox 490 5666 799 5731; x_wconf 73' lang='lat' dir='ltr'><strong>tenduntur,</strong></span> <span class='ocrx_word' id='word_1_618' title='bbox 819 5674 994 5728; x_wconf 86' lang='lat' dir='ltr'><strong>cavet,</strong></span> <span class='ocrx_word' id='word_1_619' title='bbox 1022 5665 1111 5736; x_wconf 85' lang='lat' dir='ltr'><strong>qui</strong></span> <span class='ocrx_word' id='word_1_620' title='bbox 1139 5666 1600 5724; x_wconf 79' lang='lat' dir='ltr'><strong>conversationem</strong></span> <span class='ocrx_word' id='word_1_621' title='bbox 1623 5661 1784 5719; x_wconf 84' lang='lat' dir='ltr'><strong>habet</strong></span> <span class='ocrx_word' id='word_1_622' title='bbox 1809 5663 1859 5715; x_wconf 90' lang='lat' dir='ltr'><strong>in</strong></span> <span class='ocrx_word' id='word_1_623' title='bbox 1885 5659 2056 5749; x_wconf 31' lang='lat' dir='ltr'><strong>caiisa:</strong></span> 
     </span>
    </p>
   </div>
   <div class='ocr_carea' id='block_1_88' title="bbox 2100 4440 2152 4498">
    <p class='ocr_par' dir='ltr' id='par_1_88' title="bbox 2100 4440 2152 4498">
     <span class='ocr_line' id='line_1_88' title="bbox 2100 4440 2152 4498; baseline 0 0"><span class='ocrx_word' id='word_1_624' title='bbox 2100 4440 2152 4498; x_wconf 88' lang='lat' dir='ltr'><strong>D</strong></span> 
     </span>
    </p>
   </div>
   <div class='ocr_carea' id='block_1_89' title="bbox 2181 3213 3723 3288">
    <p class='ocr_par' dir='ltr' id='par_1_89' title="bbox 2181 3213 3723 3288">
     <span class='ocr_line' id='line_1_89' title="bbox 2181 3213 3723 3288; baseline 0.001 -20"><span class='ocrx_word' id='word_1_625' title='bbox 2181 3213 2372 3284; x_wconf 91' lang='lat' dir='ltr'><strong>inquit,</strong></span> <span class='ocrx_word' id='word_1_626' title='bbox 2404 3213 2459 3268; x_wconf 87' lang='lat' dir='ltr'><strong>hi</strong></span> <span class='ocrx_word' id='word_1_627' title='bbox 2503 3214 2595 3285; x_wconf 87' lang='lat' dir='ltr'><strong>qui</strong></span> <span class='ocrx_word' id='word_1_628' title='bbox 2635 3215 2705 3270; x_wconf 91' lang='lat' dir='ltr'><strong>ob</strong></span> <span class='ocrx_word' id='word_1_629' title='bbox 2742 3215 3127 3287; x_wconf 77' lang='lat' dir='ltr'><strong>philargyriam</strong></span> <span class='ocrx_word' id='word_1_630' title='bbox 3157 3217 3367 3288; x_wconf 88' lang='lat' dir='ltr'><strong>rapinis</strong></span> <span class='ocrx_word' id='word_1_631' title='bbox 3407 3216 3723 3274; x_wconf 72' lang='lat' dir='ltr'><strong>innocentium</strong></span> 
     </span>
    </p>
   </div>
   <div class='ocr_carea' id='block_1_90' title="bbox 2178 3294 3722 3380">
    <p class='ocr_par' dir='ltr' id='par_1_90' title="bbox 2178 3294 3722 3380">
     <span class='ocr_line' id='line_1_90' title="bbox 2178 3294 3722 3380; baseline 0.005 -24"><span class='ocrx_word' id='word_1_632' title='bbox 2178 3311 2234 3358; x_wconf 87' lang='lat' dir='ltr'><strong>et</strong></span> <span class='ocrx_word' id='word_1_633' title='bbox 2259 3304 2496 3360; x_wconf 74' lang='lat' dir='ltr'><strong>czedibus</strong></span> <span class='ocrx_word' id='word_1_634' title='bbox 2544 3294 3060 3375; x_wconf 34' lang='lat' dir='ltr'><strong>invigilant,,semét</strong></span> <span class='ocrx_word' id='word_1_635' title='bbox 3091 3308 3193 3362; x_wconf 88' lang='lat' dir='ltr'><strong>hoc</strong></span> <span class='ocrx_word' id='word_1_636' title='bbox 3245 3317 3462 3380; x_wconf 79' lang='lat' dir='ltr'><strong>agentes</strong></span> <span class='ocrx_word' id='word_1_637' title='bbox 3497 3307 3722 3378; x_wconf 82' lang='lat' dir='ltr'><strong>perdunt:</strong></span> 
     </span>
    </p>
   </div>
   <div class='ocr_carea' id='block_1_91' title="bbox 2180 3395 3724 3460">
    <p class='ocr_par' dir='ltr' id='par_1_91' title="bbox 2180 3395 3724 3460">
     <span class='ocr_line' id='line_1_91' title="bbox 2180 3395 3724 3460; baseline 0.001 -14"><span class='ocrx_word' id='word_1_638' title='bbox 2180 3407 2362 3449; x_wconf 90' lang='lat' dir='ltr'><strong>verum</strong></span> <span class='ocrx_word' id='word_1_639' title='bbox 2391 3395 2582 3450; x_wconf 82' lang='lat' dir='ltr'><strong>eodem</strong></span> <span class='ocrx_word' id='word_1_640' title='bbox 2610 3396 2829 3460; x_wconf 88' lang='lat' dir='ltr'><strong>ordine,</strong></span> <span class='ocrx_word' id='word_1_641' title='bbox 2855 3398 3072 3452; x_wconf 85' lang='lat' dir='ltr'><strong>tametsi</strong></span> <span class='ocrx_word' id='word_1_642' title='bbox 3125 3398 3341 3454; x_wconf 89' lang='lat' dir='ltr'><strong>minore</strong></span> <span class='ocrx_word' id='word_1_643' title='bbox 3383 3409 3532 3454; x_wconf 89' lang='lat' dir='ltr'><strong>reatu</strong></span> <span class='ocrx_word' id='word_1_644' title='bbox 3567 3409 3724 3452; x_wconf 74' lang='lat' dir='ltr'><strong>omues</strong></span> 
     </span>
    </p>
   </div>
   <div class='ocr_carea' id='block_1_92' title="bbox 2177 3485 3724 3559">
    <p class='ocr_par' dir='ltr' id='par_1_92' title="bbox 2177 3485 3724 3559">
     <span class='ocr_line' id='line_1_92' title="bbox 2177 3485 3724 3559; baseline -0.001 -21"><span class='ocrx_word' id='word_1_645' title='bbox 2177 3486 2324 3540; x_wconf 86' lang='lat' dir='ltr'><strong>avari</strong></span> <span class='ocrx_word' id='word_1_646' title='bbox 2349 3485 2730 3542; x_wconf 84' lang='lat' dir='ltr'><strong>meditationes</strong></span> <span class='ocrx_word' id='word_1_647' title='bbox 2758 3503 2879 3557; x_wconf 67' lang='lat' dir='ltr'><strong>qua:</strong></span> <span class='ocrx_word' id='word_1_648' title='bbox 2901 3502 3091 3542; x_wconf 88' lang='lat' dir='ltr'><strong>aurum</strong></span> <span class='ocrx_word' id='word_1_649' title='bbox 3131 3486 3250 3543; x_wconf 88' lang='lat' dir='ltr'><strong>Deo</strong></span> <span class='ocrx_word' id='word_1_650' title='bbox 3274 3489 3580 3559; x_wconf 72' lang='lat' dir='ltr'><strong>praeferunt,</strong></span> <span class='ocrx_word' id='word_1_651' title='bbox 3607 3488 3724 3541; x_wconf 82' lang='lat' dir='ltr'><strong>hunc</strong></span> 
     </span>
    </p>
   </div>
   <div class='ocr_carea' id='block_1_93' title="bbox 2177 3573 3720 3642">
    <p class='ocr_par' dir='ltr' id='par_1_93' title="bbox 2177 3573 3720 3642">
     <span class='ocr_line' id='line_1_93' title="bbox 2177 3573 3720 3642; baseline -0.005 -11"><span class='ocrx_word' id='word_1_652' title='bbox 2177 3574 2244 3631; x_wconf 88' lang='lat' dir='ltr'><strong>ad</strong></span> <span class='ocrx_word' id='word_1_653' title='bbox 2277 3574 2552 3630; x_wconf 87' lang='lat' dir='ltr'><strong>interitum</strong></span> <span class='ocrx_word' id='word_1_654' title='bbox 2580 3576 2821 3632; x_wconf 88' lang='lat' dir='ltr'><strong>trahunt.</strong></span> <span class='ocrx_word' id='word_1_655' title='bbox 2850 3574 3044 3642; x_wconf 83' lang='lat' dir='ltr'><strong>Aliter,</strong></span> <span class='ocrx_word' id='word_1_656' title='bbox 3069 3577 3148 3632; x_wconf 89' lang='lat' dir='ltr'><strong>sic</strong></span> <span class='ocrx_word' id='word_1_657' title='bbox 3175 3579 3391 3633; x_wconf 69' lang='lat' dir='ltr'><strong>semita:</strong></span> <span class='ocrx_word' id='word_1_658' title='bbox 3417 3577 3584 3632; x_wconf 88' lang='lat' dir='ltr'><strong>omnis</strong></span> <span class='ocrx_word' id='word_1_659' title='bbox 3601 3573 3720 3630; x_wconf 74' lang='lat' dir='ltr'><strong>avari</strong></span> 
     </span>
    </p>
   </div>
   <div class='ocr_carea' id='block_1_94' title="bbox 2176 3663 3724 3738">
    <p class='ocr_par' dir='ltr' id='par_1_94' title="bbox 2176 3663 3724 3738">
     <span class='ocr_line' id='line_1_94' title="bbox 2176 3663 3724 3738; baseline 0 -18"><span class='ocrx_word' id='word_1_660' title='bbox 2176 3665 2385 3720; x_wconf 89' lang='lat' dir='ltr'><strong>animas</strong></span> <span class='ocrx_word' id='word_1_661' title='bbox 2411 3665 2802 3736; x_wconf 87' lang='lat' dir='ltr'><strong>possidentium</strong></span> <span class='ocrx_word' id='word_1_662' title='bbox 2845 3667 3080 3738; x_wconf 88' lang='lat' dir='ltr'><strong>rapiunt,</strong></span> <span class='ocrx_word' id='word_1_663' title='bbox 3122 3665 3220 3722; x_wconf 87' lang='lat' dir='ltr'><strong>tali</strong></span> <span class='ocrx_word' id='word_1_664' title='bbox 3268 3667 3404 3734; x_wconf 74' lang='lat' dir='ltr'><strong>line,</strong></span> <span class='ocrx_word' id='word_1_665' title='bbox 3430 3677 3488 3722; x_wconf 88' lang='lat' dir='ltr'><strong>ut</strong></span> <span class='ocrx_word' id='word_1_666' title='bbox 3509 3663 3724 3736; x_wconf 61' lang='lat' dir='ltr'><strong>prmlauts</strong></span> 
     </span>
    </p>
   </div>
   <div class='ocr_carea' id='block_1_95' title="bbox 2163 3754 3724 3826">
    <p class='ocr_par' dir='ltr' id='par_1_95' title="bbox 2163 3754 3724 3826">
     <span class='ocr_line' id='line_1_95' title="bbox 2163 3754 3724 3826; baseline 0 -18"><span class='ocrx_word' id='word_1_667' title='bbox 2163 3768 2326 3820; x_wconf 90' lang='lat' dir='ltr'><strong>_sum,_</strong></span> <span class='ocrx_word' id='word_1_668' title='bbox 2345 3768 2541 3811; x_wconf 87' lang='lat' dir='ltr'><strong>avarus</strong></span> <span class='ocrx_word' id='word_1_669' title='bbox 2564 3754 2793 3826; x_wconf 88' lang='lat' dir='ltr'><strong>quisque</strong></span> <span class='ocrx_word' id='word_1_670' title='bbox 2822 3755 3062 3826; x_wconf 84' lang='lat' dir='ltr'><strong>perimit,</strong></span> <span class='ocrx_word' id='word_1_671' title='bbox 3099 3764 3153 3810; x_wconf 90' lang='lat' dir='ltr'><strong>et</strong></span> <span class='ocrx_word' id='word_1_672' title='bbox 3180 3758 3355 3812; x_wconf 86' lang='lat' dir='ltr'><strong>nudat</strong></span> <span class='ocrx_word' id='word_1_673' title='bbox 3391 3772 3484 3812; x_wconf 88' lang='lat' dir='ltr'><strong>eos</strong></span> <span class='ocrx_word' id='word_1_674' title='bbox 3518 3755 3600 3824; x_wconf 89' lang='lat' dir='ltr'><strong>qui</strong></span> <span class='ocrx_word' id='word_1_675' title='bbox 3623 3767 3724 3821; x_wconf 48' lang='lat' dir='ltr'><strong>pos‘</strong></span> 
     </span>
    </p>
   </div>
   <div class='ocr_carea' id='block_1_96' title="bbox 2177 3843 3724 3916">
    <p class='ocr_par' dir='ltr' id='par_1_96' title="bbox 2177 3843 3724 3916">
     <span class='ocr_line' id='line_1_96' title="bbox 2177 3843 3724 3916; baseline -0.002 -16"><span class='ocrx_word' id='word_1_676' title='bbox 2177 3843 2506 3902; x_wconf 86' lang='lat' dir='ltr'><strong>sessionibus</strong></span> <span class='ocrx_word' id='word_1_677' title='bbox 2531 3845 2830 3909; x_wconf 89' lang='lat' dir='ltr'><strong>abundant,</strong></span> <span class='ocrx_word' id='word_1_678' title='bbox 2854 3853 2914 3900; x_wconf 90' lang='lat' dir='ltr'><strong>ut</strong></span> <span class='ocrx_word' id='word_1_679' title='bbox 2956 3845 3072 3915; x_wconf 85' lang='lat' dir='ltr'><strong>ipse</strong></span> <span class='ocrx_word' id='word_1_680' title='bbox 3091 3845 3276 3914; x_wconf 86' lang='lat' dir='ltr'><strong>potius</strong></span> <span class='ocrx_word' id='word_1_681' title='bbox 3302 3847 3408 3907; x_wconf 87' lang='lat' dir='ltr'><strong>hoc</strong></span> <span class='ocrx_word' id='word_1_682' title='bbox 3430 3845 3621 3916; x_wconf 73' lang='lat' dir='ltr'><strong>agendo</strong></span> <span class='ocrx_word' id='word_1_683' title='bbox 3650 3855 3724 3910; x_wconf 83' lang='lat' dir='ltr'><strong>pe-</strong></span> 
     </span>
    </p>
   </div>
   <div class='ocr_carea' id='block_1_97' title="bbox 2177 3929 3720 4006">
    <p class='ocr_par' dir='ltr' id='par_1_97' title="bbox 2177 3929 3720 4006">
     <span class='ocr_line' id='line_1_97' title="bbox 2177 3929 3720 4006; baseline -0.004 -18"><span class='ocrx_word' id='word_1_684' title='bbox 2177 3942 2313 3988; x_wconf 87' lang='lat' dir='ltr'><strong>reat.</strong></span> <span class='ocrx_word' id='word_1_685' title='bbox 2347 3932 2618 4006; x_wconf 84' lang='lat' dir='ltr'><strong>Pauperes</strong></span> <span class='ocrx_word' id='word_1_686' title='bbox 2663 3949 2897 4006; x_wconf 87' lang='lat' dir='ltr'><strong>namque</strong></span> <span class='ocrx_word' id='word_1_687' title='bbox 2937 3949 3073 4005; x_wconf 86' lang='lat' dir='ltr'><strong>quos</strong></span> <span class='ocrx_word' id='word_1_688' title='bbox 3116 3935 3191 3990; x_wconf 91' lang='lat' dir='ltr'><strong>nil</strong></span> <span class='ocrx_word' id='word_1_689' title='bbox 3229 3935 3504 4006; x_wconf 86' lang='lat' dir='ltr'><strong>possidere</strong></span> <span class='ocrx_word' id='word_1_690' title='bbox 3543 3929 3720 3992; x_wconf 82' lang='lat' dir='ltr'><strong>cernit,</strong></span> 
     </span>
    </p>
   </div>
   <div class='ocr_carea' id='block_1_98' title="bbox 2176 4023 3722 4094">
    <p class='ocr_par' dir='ltr' id='par_1_98' title="bbox 2176 4023 3722 4094">
     <span class='ocr_line' id='line_1_98' title="bbox 2176 4023 3722 4094; baseline -0.003 -15"><span class='ocrx_word' id='word_1_691' title='bbox 2176 4040 2274 4079; x_wconf 89' lang='lat' dir='ltr'><strong>cur</strong></span> <span class='ocrx_word' id='word_1_692' title='bbox 2295 4023 2659 4094; x_wconf 87' lang='lat' dir='ltr'><strong>occidat,.quo</strong></span> <span class='ocrx_word' id='word_1_693' title='bbox 2681 4023 2852 4094; x_wconf 72' lang='lat' dir='ltr'><strong>spolia</strong></span> <span class='ocrx_word' id='word_1_694' title='bbox 2877 4040 2988 4080; x_wconf 91' lang='lat' dir='ltr'><strong>non</strong></span> <span class='ocrx_word' id='word_1_695' title='bbox 3028 4025 3256 4080; x_wconf 89' lang='lat' dir='ltr'><strong>invenit.</strong></span> <span class='ocrx_word' id='word_1_696' title='bbox 3282 4024 3400 4080; x_wconf 83' lang='lat' dir='ltr'><strong>Huc</strong></span> <span class='ocrx_word' id='word_1_697' title='bbox 3436 4036 3594 4092; x_wconf 85' lang='lat' dir='ltr'><strong>usque</strong></span> <span class='ocrx_word' id='word_1_698' title='bbox 3621 4031 3722 4089; x_wconf 70' lang='lat' dir='ltr'><strong>porr</strong></span> 
     </span>
    </p>
   </div>
   <div class='ocr_carea' id='block_1_99' title="bbox 2177 4113 3716 4184">
    <p class='ocr_par' dir='ltr' id='par_1_99' title="bbox 2177 4113 3716 4184">
     <span class='ocr_line' id='line_1_99' title="bbox 2177 4113 3716 4184; baseline -0.006 -15"><span class='ocrx_word' id='word_1_699' title='bbox 2177 4114 2480 4170; x_wconf 81' lang='lat' dir='ltr'><strong>secutioncs</strong></span> <span class='ocrx_word' id='word_1_700' title='bbox 2498 4129 2634 4184; x_wconf 89' lang='lat' dir='ltr'><strong>quas</strong></span> <span class='ocrx_word' id='word_1_701' title='bbox 2655 4113 2823 4171; x_wconf 67' lang='lat' dir='ltr'><strong>Judaei</strong></span> <span class='ocrx_word' id='word_1_702' title='bbox 2849 4115 3064 4172; x_wconf 90' lang='lat' dir='ltr'><strong>Christo</strong></span> <span class='ocrx_word' id='word_1_703' title='bbox 3089 4115 3324 4172; x_wconf 81' lang='lat' dir='ltr'><strong>intulere</strong></span> <span class='ocrx_word' id='word_1_704' title='bbox 3345 4116 3716 4173; x_wconf 86' lang='lat' dir='ltr'><strong>describuntur.</strong></span> 
     </span>
    </p>
   </div>
   <div class='ocr_carea' id='block_1_100' title="bbox 2177 4201 3718 4277">
    <p class='ocr_par' dir='ltr' id='par_1_100' title="bbox 2177 4201 3718 4277">
     <span class='ocr_line' id='line_1_100' title="bbox 2177 4201 3718 4277; baseline -0.005 -16"><span class='ocrx_word' id='word_1_705' title='bbox 2177 4207 2282 4261; x_wconf 89' lang='lat' dir='ltr'><strong>huc</strong></span> <span class='ocrx_word' id='word_1_706' title='bbox 2315 4204 2625 4260; x_wconf 89' lang='lat' dir='ltr'><strong>referuntur</strong></span> <span class='ocrx_word' id='word_1_707' title='bbox 2650 4221 2716 4260; x_wconf 90' lang='lat' dir='ltr'><strong>ea</strong></span> <span class='ocrx_word' id='word_1_708' title='bbox 2760 4221 2882 4276; x_wconf 51' lang='lat' dir='ltr'><strong>quat</strong></span> <span class='ocrx_word' id='word_1_709' title='bbox 2925 4207 3038 4276; x_wconf 89' lang='lat' dir='ltr'><strong>ipse</strong></span> <span class='ocrx_word' id='word_1_710' title='bbox 3063 4215 3186 4276; x_wconf 87' lang='lat' dir='ltr'><strong>post</strong></span> <span class='ocrx_word' id='word_1_711' title='bbox 3219 4210 3522 4277; x_wconf 86' lang='lat' dir='ltr'><strong>passionem</strong></span> <span class='ocrx_word' id='word_1_712' title='bbox 3547 4201 3718 4258; x_wconf 79' lang='lat' dir='ltr'><strong>eisdcut</strong></span> 
     </span>
    </p>
   </div>
   <div class='ocr_carea' id='block_1_101' title="bbox 2175 4295 3453 4368">
    <p class='ocr_par' dir='ltr' id='par_1_101' title="bbox 2175 4295 3453 4368">
     <span class='ocr_line' id='line_1_101' title="bbox 2175 4295 3453 4368; baseline -0.001 -18"><span class='ocrx_word' id='word_1_713' title='bbox 2175 4297 2286 4350; x_wconf 87' lang='lat' dir='ltr'><strong>suis</strong></span> <span class='ocrx_word' id='word_1_714' title='bbox 2309 4295 2747 4366; x_wconf 80' lang='lat' dir='ltr'><strong>persecutoribus</strong></span> <span class='ocrx_word' id='word_1_715' title='bbox 2768 4311 2866 4367; x_wconf 88' lang='lat' dir='ltr'><strong>per</strong></span> <span class='ocrx_word' id='word_1_716' title='bbox 2893 4295 3164 4366; x_wconf 81' lang='lat' dir='ltr'><strong>apostolos</strong></span> <span class='ocrx_word' id='word_1_717' title='bbox 3193 4296 3453 4368; x_wconf 71' lang='lat' dir='ltr'><strong>Loquitur.</strong></span> 
     </span>
    </p>
   </div>
   <div class='ocr_carea' id='block_1_102' title="bbox 2248 4385 3716 4458">
    <p class='ocr_par' dir='ltr' id='par_1_102' title="bbox 2248 4385 3716 4458">
     <span class='ocr_line' id='line_1_102' title="bbox 2248 4385 3716 4458; baseline -0.008 -16"><span class='ocrx_word' id='word_1_718' title='bbox 2248 4387 2518 4458; x_wconf 83' lang='lat' dir='ltr'><strong>Sapientia</strong></span> <span class='ocrx_word' id='word_1_719' title='bbox 2569 4385 2700 4456; x_wconf 80' lang='lat' dir='ltr'><strong>foris</strong></span> <span class='ocrx_word' id='word_1_720' title='bbox 2755 4387 3010 4458; x_wconf 57' lang='lat' dir='ltr'><strong>praedicat</strong></span> <span class='ocrx_word' id='word_1_721' title='bbox 3035 4427 3061 4454; x_wconf 90' lang='lat'><strong>,.</strong></span> <span class='ocrx_word' id='word_1_722' title='bbox 3097 4388 3156 4440; x_wconf 85' lang='lat' dir='ltr'><strong>in</strong></span> <span class='ocrx_word' id='word_1_723' title='bbox 3200 4387 3392 4457; x_wconf 81' lang='lat' dir='ltr'><strong>plateis</strong></span> <span class='ocrx_word' id='word_1_724' title='bbox 3443 4385 3535 4438; x_wconf 77' lang='lat' dir='ltr'><strong>dat</strong></span> <span class='ocrx_word' id='word_1_725' title='bbox 3574 4393 3716 4440; x_wconf 74' lang='lat' dir='ltr'><strong>vocas</strong></span> 
     </span>
    </p>
   </div>
   <div class='ocr_carea' id='block_1_103' title="bbox 2177 4471 3719 4549">
    <p class='ocr_par' dir='ltr' id='par_1_103' title="bbox 2177 4471 3719 4549">
     <span class='ocr_line' id='line_1_103' title="bbox 2177 4471 3719 4549; baseline -0.001 -17"><span class='ocrx_word' id='word_1_726' title='bbox 2177 4494 2355 4543; x_wconf 78' lang='lat' dir='ltr'><strong>suam,</strong></span> <span class='ocrx_word' id='word_1_727' title='bbox 2376 4479 2432 4532; x_wconf 83' lang='lat' dir='ltr'><strong>in</strong></span> <span class='ocrx_word' id='word_1_728' title='bbox 2457 4479 2623 4549; x_wconf 84' lang='lat' dir='ltr'><strong>capite</strong></span> <span class='ocrx_word' id='word_1_729' title='bbox 2647 4479 2918 4532; x_wconf 79' lang='lat' dir='ltr'><strong>turbarum</strong></span> <span class='ocrx_word' id='word_1_730' title='bbox 2955 4477 3208 4534; x_wconf 84' lang='lat' dir='ltr'><strong>clamitat.</strong></span> <span class='ocrx_word' id='word_1_731' title='bbox 3247 4477 3516 4549; x_wconf 83' lang='lat' dir='ltr'><strong>Sapientia</strong></span> <span class='ocrx_word' id='word_1_732' title='bbox 3551 4471 3719 4543; x_wconf 62' lang='lat' dir='ltr'><strong>quippe</strong></span> 
     </span>
    </p>
   </div>
   <div class='ocr_carea' id='block_1_104' title="bbox 2174 4561 3718 4640">
    <p class='ocr_par' dir='ltr' id='par_1_104' title="bbox 2174 4561 3718 4640">
     <span class='ocr_line' id='line_1_104' title="bbox 2174 4561 3718 4640; baseline 0 -18"><span class='ocrx_word' id='word_1_733' title='bbox 2174 4568 2292 4634; x_wconf 89' lang='lat' dir='ltr'><strong>Dei,</strong></span> <span class='ocrx_word' id='word_1_734' title='bbox 2320 4567 2570 4624; x_wconf 83' lang='lat' dir='ltr'><strong>Christus</strong></span> <span class='ocrx_word' id='word_1_735' title='bbox 2593 4577 2696 4633; x_wconf 82' lang='lat' dir='ltr'><strong>est,</strong></span> <span class='ocrx_word' id='word_1_736' title='bbox 2729 4569 2820 4640; x_wconf 90' lang='lat' dir='ltr'><strong>qui</strong></span> <span class='ocrx_word' id='word_1_737' title='bbox 2859 4571 2912 4624; x_wconf 93' lang='lat' dir='ltr'><strong>in</strong></span> <span class='ocrx_word' id='word_1_738' title='bbox 2950 4570 3150 4624; x_wconf 88' lang='lat' dir='ltr'><strong>mundo</strong></span> <span class='ocrx_word' id='word_1_739' title='bbox 3189 4577 3535 4631; x_wconf 83' lang='lat' dir='ltr'><strong>conversatus</strong></span> <span class='ocrx_word' id='word_1_740' title='bbox 3561 4561 3718 4635; x_wconf 62' lang='lat' dir='ltr'><strong>paucis</strong></span> 
     </span>
    </p>
   </div>
   <div class='ocr_carea' id='block_1_105' title="bbox 2173 4656 3718 4736">
    <p class='ocr_par' dir='ltr' id='par_1_105' title="bbox 2173 4656 3718 4736">
     <span class='ocr_line' id='line_1_105' title="bbox 2173 4656 3718 4736; baseline -0.003 -17"><span class='ocrx_word' id='word_1_741' title='bbox 2173 4679 2284 4720; x_wconf 74' lang='lat' dir='ltr'><strong>sure</strong></span> <span class='ocrx_word' id='word_1_742' title='bbox 2308 4663 2561 4736; x_wconf 85' lang='lat' dir='ltr'><strong>mysteria</strong></span> <span class='ocrx_word' id='word_1_743' title='bbox 2603 4664 2899 4718; x_wconf 90' lang='lat' dir='ltr'><strong>divinitatis</strong></span> <span class='ocrx_word' id='word_1_744' title='bbox 2922 4663 3198 4735; x_wconf 84' lang='lat' dir='ltr'><strong>patefecit,</strong></span> <span class='ocrx_word' id='word_1_745' title='bbox 3231 4665 3470 4734; x_wconf 81' lang='lat' dir='ltr'><strong>ipsisque</strong></span> <span class='ocrx_word' id='word_1_746' title='bbox 3497 4656 3718 4732; x_wconf 70' lang='lat' dir='ltr'><strong>pmorpil</strong></span> 
     </span>
    </p>
   </div>
   <div class='ocr_carea' id='block_1_106' title="bbox 2174 4745 3714 4822">
    <p class='ocr_par' dir='ltr' id='par_1_106' title="bbox 2174 4745 3714 4822">
     <span class='ocr_line' id='line_1_106' title="bbox 2174 4745 3714 4822; baseline -0.002 -13"><span class='ocrx_word' id='word_1_747' title='bbox 2174 4769 2242 4809; x_wconf 87' lang='lat' dir='ltr'><strong>ne</strong></span> <span class='ocrx_word' id='word_1_748' title='bbox 2281 4761 2406 4807; x_wconf 87' lang='lat' dir='ltr'><strong>ante</strong></span> <span class='ocrx_word' id='word_1_749' title='bbox 2445 4751 2752 4822; x_wconf 86' lang='lat' dir='ltr'><strong>passionem</strong></span> <span class='ocrx_word' id='word_1_750' title='bbox 2791 4760 2848 4806; x_wconf 88' lang='lat' dir='ltr'><strong>et</strong></span> <span class='ocrx_word' id='word_1_751' title='bbox 2888 4755 3340 4810; x_wconf 85' lang='lat' dir='ltr'><strong>resurrectionem</strong></span> <span class='ocrx_word' id='word_1_752' title='bbox 3389 4766 3565 4811; x_wconf 88' lang='lat' dir='ltr'><strong>suam,</strong></span> <span class='ocrx_word' id='word_1_753' title='bbox 3611 4745 3714 4816; x_wconf 67' lang='lat' dir='ltr'><strong>quia</strong></span> 
     </span>
    </p>
   </div>
   <div class='ocr_carea' id='block_1_107' title="bbox 2175 4839 3715 4914">
    <p class='ocr_par' dir='ltr' id='par_1_107' title="bbox 2175 4839 3715 4914">
     <span class='ocr_line' id='line_1_107' title="bbox 2175 4839 3715 4914; baseline -0.007 -17"><span class='ocrx_word' id='word_1_754' title='bbox 2175 4843 2289 4914; x_wconf 90' lang='lat' dir='ltr'><strong>ipse</strong></span> <span class='ocrx_word' id='word_1_755' title='bbox 2314 4851 2460 4898; x_wconf 91' lang='lat' dir='ltr'><strong>esset</strong></span> <span class='ocrx_word' id='word_1_756' title='bbox 2485 4841 2641 4897; x_wconf 82' lang='lat' dir='ltr'><strong>Jesus</strong></span> <span class='ocrx_word' id='word_1_757' title='bbox 2681 4842 2928 4898; x_wconf 86' lang='lat' dir='ltr'><strong>Christus</strong></span> <span class='ocrx_word' id='word_1_758' title='bbox 2965 4844 3358 4914; x_wconf 67' lang='lat' dir='ltr'><strong>pradicarent,</strong></span> <span class='ocrx_word' id='word_1_759' title='bbox 3401 4858 3468 4898; x_wconf 90' lang='lat' dir='ltr'><strong>ne</strong></span> <span class='ocrx_word' id='word_1_760' title='bbox 3523 4839 3715 4910; x_wconf 73' lang='lat' dir='ltr'><strong>gloriam</strong></span> 
     </span>
    </p>
   </div>
   <div class='ocr_carea' id='block_1_108' title="bbox 2174 4931 3714 5010">
    <p class='ocr_par' dir='ltr' id='par_1_108' title="bbox 2174 4931 3714 5010">
     <span class='ocr_line' id='line_1_108' title="bbox 2174 4931 3714 5010; baseline -0.008 -16"><span class='ocrx_word' id='word_1_761' title='bbox 2174 4939 2291 5010; x_wconf 85' lang='lat' dir='ltr'><strong>ejus</strong></span> <span class='ocrx_word' id='word_1_762' title='bbox 2337 4953 2500 5008; x_wconf 91' lang='lat' dir='ltr'><strong>quam</strong></span> <span class='ocrx_word' id='word_1_763' title='bbox 2542 4937 2598 4992; x_wconf 92' lang='lat' dir='ltr'><strong>in</strong></span> <span class='ocrx_word' id='word_1_764' title='bbox 2635 4947 2820 4992; x_wconf 90' lang='lat' dir='ltr'><strong>monte</strong></span> <span class='ocrx_word' id='word_1_765' title='bbox 2867 4947 3286 5008; x_wconf 81' lang='lat' dir='ltr'><strong>conspexerant,</strong></span> <span class='ocrx_word' id='word_1_766' title='bbox 3316 4937 3560 5007; x_wconf 86' lang='lat' dir='ltr'><strong>cuiquam</strong></span> <span class='ocrx_word' id='word_1_767' title='bbox 3593 4931 3714 4986; x_wconf 83' lang='lat' dir='ltr'><strong>dice—</strong></span> 
     </span>
    </p>
   </div>
   <div class='ocr_carea' id='block_1_109' title="bbox 2173 5017 3712 5098">
    <p class='ocr_par' dir='ltr' id='par_1_109' title="bbox 2173 5017 3712 5098">
     <span class='ocr_line' id='line_1_109' title="bbox 2173 5017 3712 5098; baseline -0.002 -16"><span class='ocrx_word' id='word_1_768' title='bbox 2173 5037 2316 5094; x_wconf 87' lang='lat' dir='ltr'><strong>rent,</strong></span> <span class='ocrx_word' id='word_1_769' title='bbox 2330 5027 2610 5098; x_wconf 79' lang='lat' dir='ltr'><strong>magisque</strong></span> <span class='ocrx_word' id='word_1_770' title='bbox 2633 5033 2763 5082; x_wconf 92' lang='lat' dir='ltr'><strong>tunc</strong></span> <span class='ocrx_word' id='word_1_771' title='bbox 2781 5042 2890 5082; x_wconf 66' lang='lat' dir='ltr'><strong>suae</strong></span> <span class='ocrx_word' id='word_1_772' title='bbox 2911 5028 3206 5098; x_wconf 85' lang='lat' dir='ltr'><strong>potentiam</strong></span> <span class='ocrx_word' id='word_1_773' title='bbox 3229 5023 3542 5096; x_wconf 77' lang='lat' dir='ltr'><strong>maiestatis.</strong></span> <span class='ocrx_word' id='word_1_774' title='bbox 3561 5017 3712 5090; x_wconf 49' lang='lat' dir='ltr'><strong>operis</strong></span> 
     </span>
    </p>
   </div>
   <div class='ocr_carea' id='block_1_110' title="bbox 2172 5113 3713 5188">
    <p class='ocr_par' dir='ltr' id='par_1_110' title="bbox 2172 5113 3713 5188">
     <span class='ocr_line' id='line_1_110' title="bbox 2172 5113 3713 5188; baseline -0.008 -14"><span class='ocrx_word' id='word_1_775' title='bbox 2172 5117 2272 5174; x_wconf 89' lang='lat' dir='ltr'><strong>bus</strong></span> <span class='ocrx_word' id='word_1_776' title='bbox 2300 5132 2461 5188; x_wconf 85' lang='lat' dir='ltr'><strong>quam</strong></span> <span class='ocrx_word' id='word_1_777' title='bbox 2494 5115 3036 5180; x_wconf 81' lang='lat' dir='ltr'><strong>verbisostendebat,</strong></span> <span class='ocrx_word' id='word_1_778' title='bbox 3074 5116 3289 5188; x_wconf 89' lang='lat' dir='ltr'><strong>impleta</strong></span> <span class='ocrx_word' id='word_1_779' title='bbox 3321 5113 3588 5186; x_wconf 70' lang='lat' dir='ltr'><strong>prophetia</strong></span> <span class='ocrx_word' id='word_1_780' title='bbox 3615 5119 3713 5176; x_wconf 65' lang='lat' dir='ltr'><strong>qua:</strong></span> 
     </span>
    </p>
   </div>
   <div class='ocr_carea' id='block_1_111' title="bbox 2171 5195 3711 5277">
    <p class='ocr_par' dir='ltr' id='par_1_111' title="bbox 2171 5195 3711 5277">
     <span class='ocr_line' id='line_1_111' title="bbox 2171 5195 3711 5277; baseline -0.008 -14"><span class='ocrx_word' id='word_1_781' title='bbox 2171 5207 2309 5263; x_wconf 78' lang='lat' dir='ltr'><strong>dixit</strong></span> <span class='ocrx_word' id='word_1_782' title='bbox 2357 5225 2369 5260; x_wconf 95' lang='lat'><strong>:</strong></span> <span class='ocrx_word' id='word_1_783' title='bbox 2421 5205 2604 5277; x_wconf 83' lang='lat' dir='ltr'><strong>Neque</strong></span> <span class='ocrx_word' id='word_1_784' title='bbox 2654 5207 2832 5260; x_wconf 84' lang='lat' dir='ltr'><strong>audiet</strong></span> <span class='ocrx_word' id='word_1_785' title='bbox 2867 5205 3056 5277; x_wconf 88' lang='lat' dir='ltr'><strong>aliquis</strong></span> <span class='ocrx_word' id='word_1_786' title='bbox 3105 5208 3160 5260; x_wconf 87' lang='lat' dir='ltr'><strong>in</strong></span> <span class='ocrx_word' id='word_1_787' title='bbox 3204 5205 3391 5276; x_wconf 72' lang='lat' dir='ltr'><strong>plateis</strong></span> <span class='ocrx_word' id='word_1_788' title='bbox 3439 5216 3596 5260; x_wconf 72' lang='lat' dir='ltr'><strong>uocem</strong></span> <span class='ocrx_word' id='word_1_789' title='bbox 3617 5195 3711 5266; x_wconf 74' lang='lat' dir='ltr'><strong>ejus</strong></span> 
     </span>
    </p>
   </div>
   <div class='ocr_carea' id='block_1_112' title="bbox 2172 5285 3710 5370">
    <p class='ocr_par' dir='ltr' id='par_1_112' title="bbox 2172 5285 3710 5370">
     <span class='ocr_line' id='line_1_112' title="bbox 2172 5285 3710 5370; baseline -0.01 -19"><span class='ocrx_word' id='word_1_790' title='bbox 2172 5297 2384 5370; x_wconf 82' lang='lat' dir='ltr'><strong>(Matth.</strong></span> <span class='ocrx_word' id='word_1_791' title='bbox 2407 5295 2530 5368; x_wconf 77' lang='lat' dir='ltr'><strong>xu),</strong></span> <span class='ocrx_word' id='word_1_792' title='bbox 2561 5304 2618 5350; x_wconf 89' lang='lat' dir='ltr'><strong>at</strong></span> <span class='ocrx_word' id='word_1_793' title='bbox 2638 5304 2759 5367; x_wconf 89' lang='lat' dir='ltr'><strong>post</strong></span> <span class='ocrx_word' id='word_1_794' title='bbox 2803 5296 3256 5354; x_wconf 85' lang='lat' dir='ltr'><strong>resurrectionem</strong></span> <span class='ocrx_word' id='word_1_795' title='bbox 3301 5293 3556 5366; x_wconf 86' lang='lat' dir='ltr'><strong>sapientia</strong></span> <span class='ocrx_word' id='word_1_796' title='bbox 3599 5285 3710 5340; x_wconf 82' lang='lat' dir='ltr'><strong>foris</strong></span> 
     </span>
    </p>
   </div>
   <div class='ocr_carea' id='block_1_113' title="bbox 2165 5381 3711 5468">
    <p class='ocr_par' dir='ltr' id='par_1_113' title="bbox 2165 5381 3711 5468">
     <span class='ocr_line' id='line_1_113' title="bbox 2165 5381 3711 5468; baseline -0.012 -20"><span class='ocrx_word' id='word_1_797' title='bbox 2165 5381 2516 5468; x_wconf 64' lang='lat' dir='ltr'><strong>praedicabat,</strong></span> <span class='ocrx_word' id='word_1_798' title='bbox 2549 5388 2675 5458; x_wconf 87' lang='lat' dir='ltr'><strong>quia</strong></span> <span class='ocrx_word' id='word_1_799' title='bbox 2713 5389 2882 5444; x_wconf 89' lang='lat' dir='ltr'><strong>misso</strong></span> <span class='ocrx_word' id='word_1_800' title='bbox 2907 5389 3136 5458; x_wconf 90' lang='lat' dir='ltr'><strong>desuper</strong></span> <span class='ocrx_word' id='word_1_801' title='bbox 3174 5387 3383 5457; x_wconf 86' lang='lat' dir='ltr'><strong>Spiritu</strong></span> <span class='ocrx_word' id='word_1_802' title='bbox 3409 5401 3502 5457; x_wconf 88' lang='lat' dir='ltr'><strong>per</strong></span> <span class='ocrx_word' id='word_1_803' title='bbox 3527 5385 3711 5468; x_wconf 66' lang='lat' dir='ltr'><strong>apostov</strong></span> 
     </span>
    </p>
   </div>
   <div class='ocr_carea' id='block_1_114' title="bbox 2169 5463 3712 5549">
    <p class='ocr_par' dir='ltr' id='par_1_114' title="bbox 2169 5463 3712 5549">
     <span class='ocr_line' id='line_1_114' title="bbox 2169 5463 3712 5549; baseline -0.005 -16"><span class='ocrx_word' id='word_1_804' title='bbox 2169 5463 2248 5534; x_wconf 91' lang='lat' dir='ltr'><strong>los</strong></span> <span class='ocrx_word' id='word_1_805' title='bbox 2285 5486 2470 5549; x_wconf 91' lang='lat' dir='ltr'><strong>aperte</strong></span> <span class='ocrx_word' id='word_1_806' title='bbox 2505 5493 2563 5533; x_wconf 88' lang='lat' dir='ltr'><strong>se</strong></span> <span class='ocrx_word' id='word_1_807' title='bbox 2614 5479 2788 5548; x_wconf 90' lang='lat' dir='ltr'><strong>ipsam</strong></span> <span class='ocrx_word' id='word_1_808' title='bbox 2827 5479 3025 5533; x_wconf 89' lang='lat' dir='ltr'><strong>mundo</strong></span> <span class='ocrx_word' id='word_1_809' title='bbox 3073 5477 3398 5534; x_wconf 84' lang='lat' dir='ltr'><strong>declarabat.</strong></span> <span class='ocrx_word' id='word_1_810' title='bbox 3449 5474 3503 5530; x_wconf 81' lang='lat' dir='ltr'><strong>In</strong></span> <span class='ocrx_word' id='word_1_811' title='bbox 3547 5463 3712 5540; x_wconf 54' lang='lat' dir='ltr'><strong>plutei?</strong></span> 
     </span>
    </p>
   </div>
   <div class='ocr_carea' id='block_1_115' title="bbox 2169 5567 3698 5641">
    <p class='ocr_par' dir='ltr' id='par_1_115' title="bbox 2169 5567 3698 5641">
     <span class='ocr_line' id='line_1_115' title="bbox 2169 5567 3698 5641; baseline -0.004 -15"><span class='ocrx_word' id='word_1_812' title='bbox 2169 5572 2328 5626; x_wconf 83' lang='lat' dir='ltr'><strong>dabat</strong></span> <span class='ocrx_word' id='word_1_813' title='bbox 2355 5586 2538 5626; x_wconf 90' lang='lat' dir='ltr'><strong>vocem</strong></span> <span class='ocrx_word' id='word_1_814' title='bbox 2563 5585 2716 5624; x_wconf 91' lang='lat' dir='ltr'><strong>suam</strong></span> <span class='ocrx_word' id='word_1_815' title='bbox 2743 5570 2872 5641; x_wconf 90' lang='lat' dir='ltr'><strong>quia</strong></span> <span class='ocrx_word' id='word_1_816' title='bbox 2899 5571 2952 5624; x_wconf 91' lang='lat' dir='ltr'><strong>in</strong></span> <span class='ocrx_word' id='word_1_817' title='bbox 2975 5569 3254 5625; x_wconf 85' lang='lat' dir='ltr'><strong>latitudine</strong></span> <span class='ocrx_word' id='word_1_818' title='bbox 3277 5567 3530 5639; x_wconf 89' lang='lat' dir='ltr'><strong>plebium,</strong></span> <span class='ocrx_word' id='word_1_819' title='bbox 3560 5571 3698 5615; x_wconf 60' lang='lat' dir='ltr'><strong>manto</strong></span> 
     </span>
    </p>
   </div>
   <div class='ocr_carea' id='block_1_116' title="bbox 2167 5649 3706 5750">
    <p class='ocr_par' dir='ltr' id='par_1_116' title="bbox 2167 5649 3706 5750">
     <span class='ocr_line' id='line_1_116' title="bbox 2167 5649 3706 5750; baseline -0.006 -34"><span class='ocrx_word' id='word_1_820' title='bbox 2167 5653 2304 5750; x_wconf 65' lang='lat' dir='ltr'><strong>feste</strong></span> <span class='ocrx_word' id='word_1_821' title='bbox 2335 5677 2493 5734; x_wconf 87' lang='lat' dir='ltr'><strong>quam</strong></span> <span class='ocrx_word' id='word_1_822' title='bbox 2519 5670 2674 5716; x_wconf 79' lang='lat' dir='ltr'><strong>antea</strong></span> <span class='ocrx_word' id='word_1_823' title='bbox 2726 5677 2926 5732; x_wconf 89' lang='lat' dir='ltr'><strong>paucos</strong></span> <span class='ocrx_word' id='word_1_824' title='bbox 2972 5661 3224 5716; x_wconf 72' lang='lat' dir='ltr'><strong>docuerat</strong></span> <span class='ocrx_word' id='word_1_825' title='bbox 3268 5658 3583 5729; x_wconf 54' lang='lat' dir='ltr'><strong>replicabat,</strong></span> <span class='ocrx_word' id='word_1_826' title='bbox 3617 5649 3706 5701; x_wconf 61' lang='lat' dir='ltr'><strong>itur</strong></span> 
     </span>
    </p>
   </div>
  </div>
