3962 6198
316 357 421 419 685

1125 354 1485 422 EXPOS'ITIO
1522 356 1588 417 ΙΝ
1626 352 2017 416 PROVERBIA
2054 350 2462 412 SALOMONIS.
2501 387 2570 396 —
2607 354 2734 412 LIB.
2772 350 2813 412 Ι.

3422 340 3431 345 ⁷
3471 356 3575 415 uss

315 479 463 549 ptem
491 476 659 534 verbo
687 476 831 547 quod
854 476 1058 533 eisdem
1087 476 1199 530 suis
1227 477 1565 546 pulmonibus
1612 476 1687 528 ait
1720 492 1731 527 ε
1767 471 1897 537 Qui:
1924 471 1975 528 Α
2014 477 2019 482 ·
2072 467 2391 536 Despexistis
2418 482 2567 519 omne
2589 465 2864 520 consilium
2892 482 3080 520 meum.
3132 464 3365 523 Dicentis
3395 488 3406 521 :
3451 467 3574 525 Ptu-

312 573 434 627 ttico
454 566 598 625 nobis
616 565 929 632 intenebris,
957 565 1113 621 dicite
1139 568 1194 622 in
1218 567 1434 631 lumine,
1459 578 1505 620 et
1529 567 1667 639 quod
1690 567 1744 619 in
1774 578 1900 618 aure

258 676 265 681 '
314 662 542 727 auditis,
568 658 852 730 prwdicate
870 674 1027 730 super
1063 667 1195 711 tecta
1242 657 1455 729 (Matth.
1505 657 1580 726 ιε).
1622 656 1678 710 in
1726 652 1900 726 capite

314 750 604 804 turbarum
618 746 949 813 clamitabat,
972 747 1098 817 quia
1130 747 1295 801 etiam
1317 747 1650 816 principibus
1677 745 1769 816 qui
1798 743 1899 800 sibi

312 839 362 896 ei
387 837 743 910 pnnvaluisse
763 845 824 889 ut
854 832 1263 905 cruciﬁgeretur
1306 835 1647 900 videbantur,
1691 844 1898 890 reatum

312 928 596 985 ‘tomicidii
637 927 780 996 quod
827 934 1230 996 perpetrarant,
1276 926 1453 996 palam
1512 927 1802 981 reducebat
1830 926 1899 979 ad

313 1022 660 1086 memoriam,
691 1035 890 1090 eosque
914 1021 980 1074 ad
1010 1019 1282 1089 patientiae
1308 1018 1604 1074 remedium
1643 1019 1894 1073 vocabat.

390 1113 455 1166 In
481 1110 707 1182 foribus,
725 1111 923 1180 inquit,
936 1120 1207 1179 portarum
1231 1110 1371 1163 urbis
1391 1110 1587 1180 profert
1608 1110 1761 1190 verba
1779 1125 1894 1161 sua.

313 1202 457 1259 Urbs
473 1202 684 1256 Domini
699 1201 938 1256 Ecclesia
950 1210 1052 1265 est,
1069 1216 1132 1255 es
1151 1206 1376 1271 utroque
1390 1200 1582 1272 populo
1594 1198 1896 1254 indecorum

311 1294 566 1349 videlicet
592 1301 646 1348 et
670 1292 1208 1361 Gentiumadunata,
1248 1291 1403 1362 cujus
1446 1301 1724 1361 portarum
1757 1290 1899 1347 fores

310 1398 443 1442 sunt
478 1387 748 1448 doctores,
785 1385 877 1455 qui
907 1386 1129 1441 verbum
1155 1387 1493 1456 praedicando
1536 1386 1817 1441 credentes
1844 1386 1897 1440 in

310 1492 433 1556 eam
464 1477 831 1531 introducunt.
860 1475 927 1532 Et
963 1477 1019 1532 in
1045 1476 1251 1532 foribus
1281 1486 1558 1548 portarum
1594 1478 1710 1548 ejus
1736 1479 1897 1533 verba

310 1584 409 1623 sua
441 1560 706 1639 sapientia
727 1568 1057 1637 proierebat,
1080 1581 1201 1624 cum
1220 1570 1274 1622 in
1301 1568 1557 1638 apostolis
1578 1569 1691 1623 suis
1713 1568 1896 1637 loque-

310 1659 493 1725 batur,
521 1673 554 1714 e
578 1659 773 1729 quibus
800 1673 936 1714 unus
961 1660 1139 1713 aiebat
1170 1676 1183 1711 :
1214 1661 1293 1713 An
1332 1660 1736 1730 experimentum
1757 1676 1898 1729 quee-

311 1751 428 1805 ritis
455 1753 591 1821 ejus,
613 1750 702 1821 qui
728 1752 783 1804 in
812 1765 892 1804 me
920 1749 1149 1823 loquitur
1171 1749 1454 1805 Christus?
1476 1748 1561 1822 (11
1589 1746 1714 1804 Cor.
1751 1749 1894 1819 ιιιι.)

2000 558 2270 611 nitentium
2293 557 2448 628 agite,
2479 559 2859 628 appropinquat
2899 559 3036 613 enim
3074 574 3287 629 regnum
3329 558 3572 615 caelorum

1999 650 2218 721 (Matth.
2246 649 2350 722 ιιι).
3274 650 3279 656 ’

2068 738 2137 793 Et
2175 741 2554 809 increpatione:
2598 754 2741 794 meas
2784 738 3099 811 neglexistis.
3142 740 3376 798 Dicentis
3418 761 3431 797 :
3482 741 3576 799 Va:

1997 829 2155 894 vobis,
2185 831 2369 883 scriba:
2400 840 2446 883 et
2471 827 2733 885 Pharistei
2754 830 3052 901 hypocritte,
3083 833 3206 903 quia
3244 833 3435 888 tulistis
3470 830 3577 889 cla-

1996 935 2105 973 vem
2132 920 2398 984 scientias;
2432 920 2533 988 ipsi
2559 936 2661 974 non
2688 920 2962 985 introistis,
2992 931 3039 974 et
3067 938 3153 975 eos
3180 922 3269 992 qui
3295 923 3578 978 introibant

1995 1011 2331 1079 pt‘ohibuistis
2361 1008 2514 1082 (Luc.
2562 1009 2662 1081 ιιι).
2695 1010 2761 1064 Et
2806 1011 3149 1079 generaliter,
3172 1013 3261 1082 qui
3288 1029 3390 1066 non
3417 1014 3576 1068 credit

1988 1098 2104 1168 jam
2118 1099 2394 1167 judicatus
2419 1108 2494 1153 est
2519 1098 2702 1170 (Joan.
2737 1103 2840 1170 ιιι).

2069 1189 2180 1260 Ego
2205 1208 2407 1262 quoque
2433 1192 2489 1246 in
2512 1193 2725 1246 interitu
2755 1203 2920 1247 vestro
2946 1192 3122 1248 ridebo
3148 1204 3194 1248 et
3224 1196 3572 1251 snbsannabo.

1998 1280 2126 1334 Tale
2156 1290 2240 1335 est
2277 1282 2330 1335 in
2357 1282 2568 1352 psalmo
2610 1282 2678 1337 de
2719 1283 2942 1345 eisdem,
2975 1285 3066 1354 qni
3107 1286 3309 1339 habitat
3335 1288 3390 1341 in
3439 1287 3576 1341 talis

1996 1369 2231 1424 irridebit
2272 1387 2381 1436 eos,
2410 1382 2458 1425 et
2495 1371 2749 1427 Dominus
2792 1374 3129 1428 subsannabit
3163 1390 3247 1429 eos
3288 1374 3460 1447 (Psal.
3491 1378 3574 1448 ιι),

1997 1475 2105 1516 non
2134 1461 2264 1532 quia
2291 1462 2478 1518 buccis
2502 1462 2761 1519 Dominus
2786 1465 3027 1530 irrideat,
3051 1473 3144 1519 aut
3180 1482 3312 1522 naso
3351 1469 3577 1524 subsan.

1999 1561 2111 1616 net,
2138 1552 2230 1607 sed
2260 1567 2324 1605 ea
2353 1553 2436 1607 vis
2462 1552 2736 1623 designata
2756 1563 2844 1608 est
2876 1554 2966 1609 tali
2996 1557 3178 1616 verbo.
3229 1571 3389 1625 quam
3429 1558 3578 1613 dedit

1999 1641 2257 1711 apostolis
2283 1650 2343 1695 ut
2381 1643 2751 1712 praeviderent,
2780 1645 2855 1698 nil
2898 1660 3119 1715 prorsus
3154 1647 3346 1717 impios
3383 1659 3575 1706 contra

1998 1746 2122 1785 cum
2148 1746 2308 1801 supra
2328 1747 2491 1801 quam
2516 1733 2631 1802 ipse
2656 1734 2994 1803 permitteret
3019 1736 3229 1792 insidiis
3274 1753 3396 1793 esse
3426 1749 3575 1795 actu-

310 1809 549 1897 Possu'nt
584 1809 727 1897 fores
756 1809 1034 1913 portarum
1074 1842 1225 1897 urbis
1255 1843 1421 1922 etiam
1464 1809 1748 1913 synagoga:
1786 1856 1897 1894 ma-

2008 1837 2112 1887 ros,
2160 1824 2291 1892 quin
2341 1825 2519 1892 potius
2548 1825 2760 1880 illorum
2802 1836 2978 1897 erepta
3018 1829 3199 1883 omnia
3241 1833 3574 1895 evaenamla,

308 1933 459 2003 iores
485 1933 734 2004 intelligi,
772 1934 826 1987 in
861 1933 1057 2003 quibus
1093 1934 1355 2003 sapientia
1403 1932 1733 2005 disputabat,
1773 1948 1897 1987 cum

311 2024 480 2079 etiam
505 2024 844 2095 legisperitos
863 2023 1167 2078 Pharismos
1188 2032 1243 2079 et
1270 2025 1597 2094 sacerdotes,
1626 2041 1726 2097 per
1763 2039 1895 2095 apo-

310 2116 483 2171 stolos
532 2115 758 2185 loquens
806 2130 959 2170 suam
1007 2117 1294 2172 revocabat
1337 2118 1405 2171 ad
1437 2118 1688 2187 gratiam,
1726 2117 1801 2170 ita
1839 2123 1899 2169 ut

310 2206 454 2260 sicut
472 2204 653 2260 Lucas
688 2205 764 2259 ait
792 2223 803 2258 :
839 2204 1009 2258 Multa
1037 2206 1194 2259 etiam
1223 2207 1375 2259 turba
1400 2205 1729 2259 sacerdotum
1774 2205 1895 2258 obe-

310 2298 448 2351 dire:
502 2295 647 2363 ﬁdei.
685 2295 824 2362 Quid
864 2302 1043 2350 autem
1073 2296 1260 2350 eadem
1304 2295 1566 2365 sapientia
1595 2295 1898 2351 clamitaret

310 2384 562 2455 adjnngit
591 2398 608 2439 :

385 2475 663 2547 Usquequo
721 2475 926 2547 parvuli
977 2475 1197 2546 diligitis
1229 2475 1557 2545 infantiam?
1606 2471 1897 2546 Usquequo

307 2567 524 2637 parvuli
561 2581 721 2622 sensu
757 2567 954 2622 veteris
988 2566 1332 2622 instrumenti
1372 2568 1711 2624 ceremonias
1759 2583 1897 2623 novo

310 2656 652 2711 clarescente
699 2656 959 2727 diligitis?
1014 2657 1303 2728 Usquequo
1367 2658 1583 2730 Moysen
1640 2657 1894 2724 Christo,

311 2744 608 2814 Evangelio
635 2745 804 2815 legem
839 2745 1139 2815 praefertis?
1186 2746 1476 2817 Quousque
1526 2747 1743 2802 decreta
1778 2760 1898 2819 qua:

317 2835 547 2889 rudibus
572 2835 746 2890 adhuc
773 2836 983 2905 populis
1006 2850 1102 2905 per
1128 2852 1343 2890 servum
1367 2838 1490 2892 data
1521 2846 1668 2903 sunt,
1691 2853 1899 2909 praepo-

314 2929 446 2983 uitis
471 2929 551 2983 eis
572 2944 692 2998 qua:
718 2928 886 2983 Filius
913 2927 1028 2998 ipse
1051 2929 1271 2982 veniens
1296 2927 1536 2997 perfecto
1565 2942 1727 2982 sensu
1770 2943 1899 2983 con-

318 3020 476 3075 tulit?
501 3020 745 3087 Quantliu
776 3020 948 3090 inquit
978 3021 1093 3074 lucc
1120 3018 1312 3090 agitis?
1338 3016 1458 3074 lam
1486 3018 1697 3074 vidistis
1739 3018 1896 3074 Chri-

312 3121 457 3167 stmn
485 3112 538 3164 in
563 3125 749 3172 carne,
768 3110 881 3179 jam
906 3109 1162 3164 miracula
1191 3108 1477 3164 facientem
1516 3118 1570 3164 et
1592 3109 1892 3174 docentem,

318 3223 426 3261 non
452 3213 664 3261 tantum
692 3205 992 3275 sprevistis,
1019 3203 1112 3259 sed
1136 3214 1189 3259 et
1204 3204 1499 3269 occidistis,
1521 3203 1708 3259 saltem
1738 3204 1897 3259 modo

316 3297 703 3352 resuscitatnm
727 3312 756 3349 a
789 3296 1016 3350 mortuis
1040 3303 1093 3350 et
1114 3295 1487 3364 praesidentem
1511 3294 1649 3350 calo
1670 3294 1895 3366 diligite,

318 3399 374 3444 et
406 3389 644 3444 dimittet
676 3388 827 3443 vobis
849 3388 1024 3443 scelus
1049 3388 1192 3457 quod
1215 3387 1565 3443 commisistis

392 3477 461 3531 Et
491 3477 637 3530 stulti
672 3493 734 3531 ea
760 3493 876 3547 quea
897 3476 997 3531 sibi
1024 3489 1141 3530 sunt
1180 3477 1337 3531 noxia
1357 3478 1586 3545 cupient,
1622 3486 1669 3530 et
1696 3476 1898 3547 impru-

317 3569 499 3623 dentes
527 3568 742 3622 odibunt
769 3568 1061 3622 scientiam.
1109 3566 1532 3637 Prchonendum
1558 3575 1643 3621 est
1682 3579 1712 3620 a
1744 3580 1900 3636 supe-

320 3659 451 3724 riori
488 3673 787 3727 usquequo,
819 3657 872 3712 id
899 3666 1002 3722 est,
1047 3670 1324 3725 usquequo
1352 3657 1589 3725 cupient,
1622 3673 1900 3728 usquequo

321 3750 569 3813 odibuut,
601 3748 889 3817 capiebant
907 3755 1086 3802 autem
1108 3747 1270 3801 noxia
1281 3754 1333 3800 et
1354 3747 1576 3802 odibant
1594 3748 1895 3812 scientiam,

320 3841 413 3909 qui
445 3840 640 3894 littera:
659 3838 845 3909 legalis
868 3837 1208 3908 superﬁciem
1232 3838 1618 3907 sequebantur,
1647 3847 1702 3892 et
1720 3853 1900 3892 sacra-

323 3942 507 3988 menta
541 3931 836 4003 Evangelii,
868 3947 987 4001 qua:
1032 3931 1149 4001 ipsa
1191 3931 1369 3985 littera
1401 3932 1771 4002 signabantur,
1804 3947 1898 3987 ac-

323 4025 504 4095 cipere
522 4023 909 4079 detrectabant.

394 4115 765 4171 Convertimini
795 4114 864 4169 ad
890 4116 1260 4169 correctionem
1286 4132 1472 4169 meam.
1505 4114 1778 4186 Corripuit
1804 4127 1901 4185 per

328 4208 689 4279 apostolorum
710 4221 806 4262 ora
833 4205 1065 4271 Iudaeos,
1093 4207 1215 4278 quia
1240 4208 1460 4263 credere
1489 4208 1807 4271 uoluissent,
1846 4217 1902 4263 et

328 4301 409 4355 vel
443 4308 570 4354 tunc
596 4312 691 4354 eos
708 4306 993 4368 postquam
1028 4299 1388 4353 resnrrexerit
1412 4308 1468 4355 et
1496 4300 1761 4365 ascendit,
1785 4314 1901 4354 mo-

325 4390 444 4444 nuit
480 4388 746 4445 converti.
1564 4376 1567 4381 ’

1996 1915 2113 1984 ejus
2141 1929 2270 1969 vero
2297 1916 2523 1986 gloriam
2551 1926 2674 1988 post
2697 1919 3004 1987 passibnem
3036 1934 3135 1988 per
3173 1921 3361 1976 orbem
3398 1929 3571 1977 terra-

1999 2022 2117 2060 rum
2150 2021 2273 2062 esse
2303 2008 2628 2063 dilatandam
2664 2019 3084 2080 pramoscerent,
3129 2012 3353 2082 ideoque
3384 2026 3573 2082 super-

1997 2098 2140 2152 biam
2161 2112 2370 2163 eorum,
2391 2100 2551 2153 etiam
2578 2115 2701 2154 cum
2729 2101 2962 2155 maxime
2984 2101 3164 2156 valere
3181 2103 3571 2172 conspicerent.

1995 2202 2096 2256 pro
2125 2188 2295 2242 nihilo
2314 2183 2743 2244 contemnerent.

2067 2276 2201 2331 Cum
2239 2279 2379 2333 vobis
2422 2279 2561 2350 quod
2598 2280 2854 2334 timebatis
2902 2280 3186 2336 advenerit.
3222 2280 3574 2338 Conferentes

1998 2371 2064 2424 ad
2092 2370 2344 2434 invicem,
2370 2370 2418 2425 si
2444 2371 2753 2425 dimittimus
2775 2387 2895 2425 eum
2919 2374 3024 2437 sic,
3065 2386 3241 2427 omnes
3264 2373 3472 2427 credent
3517 2374 3571 2426 in

1993 2475 2138 2524 eum,
2166 2466 2224 2513 ἐι
2262 2460 2461 2515 venient
2489 2460 2710 2514 Romani
2748 2470 2796 2514 et
2825 2461 3005 2515 tollent
3035 2472 3268 2517 nostrum
3303 2462 3476 2517 locum
3523 2472 3573 2519 et

1997 2562 2199 2622 gentem
2226 2549 2408 2622 (Joan.
2440 2551 2538 2621 st).

2070 2640 2203 2697 Cum
2230 2644 2446 2697 irritet-it
2474 2641 2738 2713 repentina
2764 2643 3063 2709 calamitas,
3088 2654 3139 2701 et
3155 2645 3395 2699 interitus
3423 2650 3575 2715 quasi

1995 2741 2270 2803 tempestas
2319 2733 2599 2803 ingruerit.
2679 2732 3026 2789 Obsidionem
3081 2734 3605 2807 Hierosolymorum.

1980 2822 2272 2876 subditam
2299 2830 2354 2876 et
2381 2823 2832 2893 expugnationem
2887 2825 3053 2879 totius
3093 2825 3404 2893 provinciae,
3455 2840 3575 2896 qua:

1984 2928 2029 2966 ~a
2057 2912 2320 2967 Romanis
2342 2910 2485 2967 facta
2514 2920 2598 2967 est
2624 2912 2773 2977 dicit,
2802 2928 2968 2983 quam
2994 2922 3052 2969 et
3080 2915 3192 2985 ipse
3218 2914 3475 2971 Dominus
3520 2917 3572 2970 in

1982 3002 2290 3074 Evangelio
2310 3004 2499 3059 videns
2524 3003 2817 3066 civitatem,
2845 3004 3085 3075 ﬂensque
3104 3020 3266 3076 super
3286 3020 3408 3063 eam
3437 3022 3575 3077 prat-

2000 3095 2154 3149 dixit.

2073 3203 2301 3269 Quando
2338 3205 2529 3259 venerit
2564 3220 2721 3276 super
2766 3222 2850 3260 vos
2881 3203 3150 3260 tribulatio
3189 3214 3237 3260 et
3290 3208 3532 3277 angustia
3556 3246 3571 3272 ,

2000 3304 2121 3348 tunc
2148 3293 2458 3348 invocabant
2498 3312 2578 3349 me
2602 3306 2652 3350 et
2682 3312 2784 3349 non
2834 3296 3133 3350 exaudiam.
3171 3295 3287 3351 Non
3326 3296 3576 3366 leguntur

1998 3387 2166 3441 .ludazi
2191 3387 2243 3440 in
2272 3386 2378 3441 nlla
2410 3386 2692 3442 obsidione
2717 3386 2997 3442 Dominum
3020 3387 3319 3451 invocasse,
3342 3389 3434 3442 sed
3458 3396 3575 3442 tau-

2000 3488 2110 3533 tum
2141 3479 2306 3532 armis
2331 3493 2449 3533 esse
2474 3477 2679 3533 coniisi.
2697 3477 2945 3547 quamvis
2967 3477 3350 3531 desolationem
3364 3477 3570 3547 patriar,

2000 3570 2318 3639 rniuamqne
2361 3569 2543 3640 templi
2583 3570 2920 3623 amarissima
2954 3577 3131 3624 mente
3170 3571 3571 3639 conspexeriut.

1986 3656 2058 3712 ’Si
2087 3659 2178 3727 qui
2206 3668 2382 3713 tamen
2406 3666 2530 3712 tunc
2564 3672 2687 3712 eum
2719 3658 3068 3722 invocabant,
3096 3659 3218 3728 quia
3245 3660 3298 3712 hi
3328 3659 3419 3729 qui
3455 3660 3574 3714 cul-

1997 3765 2143 3819 pani,
2169 3764 2267 3819 pro
2300 3763 2403 3818 qua
2428 3758 2553 3803 sunt
2574 3749 2743 3817 puniti
2771 3747 3086 3819 intelligere,
3117 3756 3176 3802 ut
3202 3764 3326 3803 vere
3346 3750 3602 3819 [uenite--

2000 3847 2140 3903 rent,
2170 3837 2685 3903 nolebant,.frustra
2733 3838 2799 3893 ad
2834 3852 2955 3893 eum
3000 3853 3159 3908 quem
3200 3848 3574 3909 contempsere

1998 3929 2325 3983 clamabant.
2361 3928 2512 3983 Unde
2538 3938 2681 3984 recte
2721 3929 2972 3984 dicuntur
3007 3929 3403 3985 tribulationem
3447 3944 3571 3985 cum

2000 4018 2246 4088 angustia
2282 4017 2450 4072 fuisse
2474 4017 2736 4087 perpessi.
2769 4014 3066 4070 Tribulatio
3094 4031 3324 4086 namque
3351 4025 3469 4071 erat
3517 4018 3570 4072 in

1996 4108 2079 4162 eis
2103 4107 2298 4178 quibus
2325 4105 2458 4160 foris
2479 4105 2933 4173 deprimebantur.
2951 4105 3211 4177 Augustin
3239 4106 3291 4159 in
3315 4120 3401 4171 eo,
3430 4107 3573 4175 quod

2000 4197 2145 4250 intus
2172 4211 2203 4249 a
2225 4196 2335 4250 Deo
2362 4194 2437 4248 nil
2459 4193 2840 4249 consolationis
2869 4193 3204 4248 invenerant.
3258 4196 3329 4249 At
3379 4206 3567 4250 contra

1999 4288 2173 4344 sancti
2233 4303 2354 4342 cum
2420 4285 2658 4340 exterius
2709 4284 3085 4354 opprimuntur
3150 4285 3417 4351 adversis,
3474 4301 3569 4358 spe

1992 4387 2143 4435 certa
2168 4377 2360 4433 salutis
2390 4378 2443 4430 in
2469 4376 2632 4430 corde
2674 4374 2984 4438 dilatantur,
3028 4376 3260 4431 scientes
3286 4390 3345 4431 se
3366 4377 3433 4431 ab
3476 4380 3569 4433 illo

394 4480 480 4535 En
527 4480 791 4551 proferam
836 4480 973 4534 vobis
1022 4479 1262 4549 spiritum
1300 4494 1494 4545 meum,
1534 4488 1585 4534 et
1627 4479 1897 4533 ostendam
1924 4512 1976 4572 Ι)
2000 4470 2242 4527 exaudiri
2271 4470 2585 4532 clamantes,
2631 4465 2784 4567 cuius
2808 4481 2869 4572 se
2901 4465 3059 4520 verba
3100 4466 3339 4536 jnbentis
3386 4470 3574 4525 audire

328 4572 477 4625 verba
504 4587 641 4625 mea.
668 4570 723 4625 Si
756 4569 948 4635 adhuc,
977 4570 1167 4638 inquit,
1192 4569 1432 4624 converti
1461 4568 1747 4640 negligitis,
1773 4582 1897 4638 pro-

330 4659 498 4714 feram
525 4661 676 4714 vobis
705 4660 996 4714 vindictam
1018 4674 1177 4729 quam
1202 4659 1491 4721 meruistis,
1513 4668 1568 4713 et
1595 4659 1755 4714 verba
1779 4674 1899 4727 qua:

329 4753 393 4806 de
428 4762 606 4805 vestra
628 4750 928 4821 perditione
953 4750 1178 4820 praedixi
1204 4749 1481 4803 ostendam
1509 4762 1630 4804 esse
1663 4749 1895 4804 veracia.

326 4843 589 4912 Spiritum
626 4843 821 4913 quippe
856 4857 1011 4896 suum
1046 4842 1337 4910 potentiam
1372 4840 1587 4895 ultionis
1633 4840 1897 4904 nominat,

327 4935 394 4986 de
420 4949 529 5002 quo
559 4933 766 5003 Moyses
791 4934 867 4987 ait
903 4950 918 4987 :
969 4931 1158 4986 Misisti
1187 4931 1427 5000 spiritum
1466 4941 1613 4985 tuum
1639 4941 1686 4985 et
1718 4947 1900 5000 coope-

329 5024 432 5078 ruit
454 5041 539 5076 eos
577 5038 739 5086 mare,
762 5032 817 5077 ct
838 5023 889 5076 in
915 5021 1051 5078 libro
1085 5021 1227 5076 beati
1257 5018 1359 5075 Job
1404 5020 1606 5075 dictum
1650 5028 1764 5083 est,
1793 5020 1897 5073 ini-

327 5130 463 5183 quos
486 5114 650 5168 ﬂante
676 5115 785 5169 Deo
807 5116 1029 5187 perisse,
1059 5124 1114 5170 et
1136 5114 1329 5184 Spiritu
1357 5113 1448 5168 ira:
1473 5109 1589 5181 ejus
1614 5127 1736 5168 esse
1772 5127 1899 5166 con-

328 5215 588 5275 sumptos.

401 5298 540 5363 Quia
594 5300 773 5352 vocavi
805 5308 853 5352 et
897 5299 1159 5353 tenuistis.
1203 5297 1445 5351 Dieens:
1485 5293 1665 5350 Venite
1710 5295 1779 5349 ad
1822 5312 1901 5349 me

328 5402 506 5440 omnes
531 5388 619 5459 qui
638 5387 887 5441 laboratis
910 5396 959 5440 et
979 5388 1182 5439 onerati
1199 5390 1339 5451 estis,
1361 5395 1410 5440 et
1435 5402 1529 5457 ego
1553 5385 1785 5454 reficiam
1815 5402 1898 5439 vos

329 5476 547 5547 (Matth.
568 5477 668 5541 st).

401 5566 631 5622 Extendi
666 5583 876 5622 manum
905 5583 1097 5630 meam,
1140 5576 1320 5620 etnon
1349 5565 1448 5634 fuit
1494 5570 1584 5636 qui
1634 5566 1901 5637 aspiceret.

332 5655 514 5712 Primo
542 5658 679 5712 bene
711 5657 954 5711 iaciendo
996 5666 1053 5710 et
1098 5654 1339 5709 sanando
1387 5670 1576 5709 omnes
1621 5658 1906 5724 oppressos

334 5762 362 5798 τι
399 5748 642 5810 Diabolo,
662 5747 1001 5817 postmodum
1031 5748 1082 5799 in
1122 5758 1283 5799 cruce
1310 5746 1579 5813 patiendo.

2006 4560 2382 4615 meminerunt.
2414 4556 2548 4611 Hinc
2568 4555 2764 4609 etenim
2808 4554 3072 4624 Propheta
3102 4557 3179 4610 ait
3206 4575 3219 4611 :
3252 4556 3384 4612 Citm
3430 4560 3574 4614 invo-

1994 4665 2177 4704 carem
2208 4660 2274 4710 tc,
2298 4646 2557 4702 exaudiui
2582 4662 2682 4707 me,
2709 4644 2849 4698 Deus
2869 4645 3090 4714 justitite
3109 4663 3257 4711 mete,
3288 4650 3342 4701 in
3362 4650 3577 4703 tribu/ao

2005 4739 2232 4794 tionibus
2253 4737 2485 4792 dilatasti
2510 4752 2591 4789 me
2613 4733 2785 4805 (Psal.
2821 4746 2915 4806 IV).
2933 4735 3117 4792 Potest
3145 4748 3322 4793 autem
3340 4741 3576 4795 ωιιὴωο

2006 4831 2275 4901 correptio
2306 4829 2585 4900 sapientia:
2609 4828 2675 4881 de
2701 4826 2968 4882 universis
2992 4830 3315 4898 generaliter
3334 4830 3576 4899 reprobis

2006 4925 2199 4993 accipi,
2228 4924 2351 4993 quia
2376 4923 2429 4976 in
2461 4920 2547 4976 die
2563 4918 2754 4988 judicii
2782 4919 3015 4975 clament
3048 4921 3117 4975 ad
3138 4919 3371 4989 jndiecm
3394 4920 3579 4975 distri-

2006 5021 2177 5076 ctum,
2206 5012 2404 5081 aperiri
2434 5010 2533 5065 sibi
2551 5008 2771 5078 januam
2795 5009 2943 5080 regni
2970 5009 3321 5079 postulantes,
3349 5026 3447 5064 nec
3470 5024 3578 5064 me-

2008 5113 2230 5160 reantur
2254 5100 2517 5164 exaudiri,
2546 5114 2670 5153 nam
2699 5106 2754 5153 et
2803 5099 2905 5154 hoc
2935 5100 3077 5168 quod
3106 5100 3363 5167 sequitur,

2076 5192 2236 5247 Hane
2259 5198 2567 5259 consurgent
2608 5198 2655 5243 et
2683 5203 2787 5240 non
2810 5187 3063 5241 invenient
3105 5203 3208 5251 me,
3242 5187 3414 5255 ipsum
3444 5196 3576 5244 tem-

2003 5302 2106 5359 pus
2141 5284 2369 5339 extremi
2417 5281 2698 5343 examinis,
2729 5292 2838 5349 quo
2861 5278 2950 5331 alii
3001 5278 3053 5331 in
3099 5279 3263 5333 vitam
3289 5287 3568 5348 maternam,

2006 5376 2098 5431 alii
2146 5375 2197 5428 in
2245 5372 2590 5443 opprobrium
2622 5376 2909 5436 resurgunt
2946 5368 3354 5436 sempiternum,
3391 5384 3583 5440 aperte

2005 5466 2265 5534 designat.

2083 5557 2159 5609 Eo
2182 5554 2320 5625 quod
2344 5566 2553 5607 exosum
2581 5551 2857 5604 habuerint
2878 5546 3225 5618 disciplinam,
3252 5559 3302 5606 et
3339 5551 3577 5606 timorem

2009 5647 2219 5702 Domini
2248 5661 2351 5697 non
2375 5642 2708 5710 susceperint.
2745 5638 2935 5692 Merito
2961 5638 3135 5693 salute
3154 5638 3453 5708 privamur,
3482 5640 3581 5710 qni

2008 5737 2328 5807 principium
2357 5733 2631 5803 sapientia:
2654 5731 2899 5784 timorem
2931 5728 3139 5783 Domini
3158 5736 3213 5785 et
3238 5731 3573 5803 disciplinam
