3962 6198
400 311 505 364 887

1025 309 1085 364 Β.
1125 307 1375 364 RABANI
1416 309 1635 375 MAURI
1670 309 1985 366 ARCHIEP.
2030 308 2336 366 MOGUNT.
2380 308 2665 364 OPERUM
2698 308 2878 364 PARS
2912 307 2997 363 ῐῐι.

3547 313 3648 366 683

397 434 508 475 non
539 418 701 474 modo
720 432 825 473 non
854 416 1076 482 habent,
1107 419 1198 473 sed
1228 426 1283 473 et
1308 419 1448 475 odiis
1486 420 1867 489 insequuntur,
1918 431 1973 476 at
2001 428 2053 484 Α
2076 432 2167 475 tua
2193 432 2249 475 ut
2280 438 2381 475 non
2405 438 2607 491 peccem
2629 423 2742 476 tibi.
2768 422 2861 476 Est
2890 422 3034 480 cnim
3073 438 3417 495 summopere
3460 441 3653 481 curan-

396 510 589 567 salutis
612 510 770 575 filius,
787 511 1014 581 iniquos,
1039 510 1230 580 inquit,
1256 512 1374 567 odio
1399 513 1558 566 habui
1583 526 1630 567 et
1654 515 1815 584 legem
1829 524 1974 580 tuam

395 603 561 658 dilexi
591 601 763 675 (Psal.
804 602 1012 675 cxvm).

2078 511 2208 566 dum
2230 528 2296 568 ne
2325 512 2480 567 nobis
2525 513 2628 567 hoc
2648 513 2801 582 juvta
2846 511 3159 582 parabolam
3205 511 3505 585 Evangelii,
3547 518 3644 573 dat.

2078 606 2257 661 monia
2284 606 2436 676 quasi
2466 620 2649 660 semen
2684 620 2841 660 secus
2872 605 3015 660 viam
3041 605 3246 677 jactum
3277 606 3526 665 volucres
3555 609 3665 666 tol-

467 693 747 750 Comedent
766 695 930 764 igitur
948 695 1151 765 fructus
1177 695 1275 750 via:
1292 712 1426 750 sine.
1452 694 1607 752 Viam
1635 713 1822 754 comm
1842 699 1975 754 dicit
2075 694 2207 749 lant.

395 785 463 841 de
493 800 597 854 qua
629 800 789 855 supra
815 784 1045 847 dixerat,
1069 784 1223 854 pedes
1255 786 1393 840 enim
1419 785 1631 841 illorum
1658 789 1727 841 ad
1772 789 1969 843 malum

2147 783 2214 839 Ut
2248 786 2455 852 audiat,
2479 785 2676 855 inquit,
2706 787 3017 856 sapientiam
3043 787 3191 841 auris
3229 797 3357 842 tum.
3387 786 3481 843 Ille
3507 790 3652 845 enim

390 886 632 933 currunt.
661 876 819 944 Quia,
839 877 1034 948 inquit,
1055 877 1172 933 vias
1195 894 1342 935 meas
1370 879 1575 950 ingredi
1602 879 1889 935 noluerunt
1912 890 1974 936 ut
2073 876 2391 959 sapientiam
2430 891 2565 930 aure
2586 891 2693 930 non
2723 875 2910 930 audire
2936 876 3216 945 probatur,
3249 879 3339 947 qui
3366 878 3530 934 verba
3556 880 3651 935 Dei

394 974 659 1037 viverent,
682 970 942 1042 recipient
961 972 1263 1027 mercedem
1287 972 1496 1026 viarum
1539 988 1781 1037 suarum,
1811 983 1871 1029 ut
1915 974 1967 1028 in

392 1073 651 1119 internum
677 1071 932 1134 pereant;
962 1070 1018 1117 at
1047 1071 1234 1117 contra
1262 1063 1330 1118 de
1370 1063 1456 1119 his
1488 1063 1580 1132 qui
1620 1064 1811 1120 timent
1860 1065 1967 1121 Do—

391 1154 619 1219 minum,
647 1154 739 1223 qui
770 1152 1053 1209 ambulant
1079 1153 1136 1207 in
1161 1154 1263 1209 viis
1292 1152 1429 1222 ejus,
1459 1152 1706 1209 dicetur:
1739 1154 1966 1208 Labores

388 1247 657 1317 fructuum
684 1256 894 1299 tuorum
922 1245 1273 1311 manducabo,
1321 1245 1501 1301 beatus
1539 1262 1595 1301 es
1637 1255 1684 1299 et
1727 1247 1853 1302 bene
1872 1246 1966 1300 tibi

386 1338 487 1393 erit
508 1337 679 1409 (Psal.
710 1336 920 1407 cum)

460 1429 687 1500 Suisque
710 1429 942 1483 consiliis
975 1429 1372 1484 saturabuntur.
1406 1429 1542 1497 Quia
1570 1445 1694 1486 meo
1714 1430 1961 1496 consilio,

384 1536 493 1589 quo
516 1520 632 1576 illos
654 1519 864 1577 salvare
887 1521 1617 1590 decreveram,aequiescere
1642 1521 1958 1586 renuebant,

385 1613 769 1669 saturabuntur
794 1612 904 1666 suis
928 1612 1122 1679 quibus
1151 1610 1368 1666 aiebant
1392 1630 1407 1664 :
1435 1612 1829 1667 Abscondamus
1845 1622 1960 1666 ten-

383 1705 587 1759 diculas
608 1716 791 1759 contra
819 1705 1074 1757 insontem
1103 1704 1301 1773 {rustra
1327 1705 1509 1775 (Prov.
1541 1706 1603 1774 ι).
1632 1706 1838 1774 Quibus
1859 1722 1959 1776 pro

2070 968 2254 1021 auditu
2278 975 2486 1021 tantum
2510 967 2755 1037 corporis
2771 967 3093 1036 percipiens,
3109 969 3370 1023 memoria
3412 971 3652 1027 retinere

2069 1067 2125 1112 et
2197 1072 2361 1127 opere
2412 1056 2753 1120 dissimulat;
2804 1057 2849 1112 si
2897 1072 3024 1128 ergo
3097 1060 3352 1113 mandata
3401 1060 3496 1114 Dei
3543 1061 3650 1115 fixo

2068 1164 2294 1216 amore,
2322 1149 2566 1203 discendi
2609 1156 2665 1203 et
2714 1149 3054 1204 custodiendi
3098 1150 3422 1220 susceperis,
3473 1152 3649 1221 primo

2067 1238 2388 1294 humilitatis
2416 1239 2558 1293 viam
2581 1246 2721 1301 tene,
2749 1240 2851 1294 hoc
2877 1248 2961 1294 est
2982 1240 3125 1294 enim
3146 1241 3290 1310 quod
3313 1242 3650 1313 subsequen-

2066 1339 2150 1385 ter
2170 1329 2385 1383 additur
2408 1346 2421 1382 :

2133 1418 2342 1473 Inclina
2374 1436 2465 1473 cor
2490 1429 2638 1473 tuum
2681 1420 2749 1472 ad
2794 1421 3111 1475 noscendam
3159 1422 3516 1493 prudentiam.
3563 1423 3642 1479 ln-

2063 1507 2263 1563 clinare
2302 1509 2499 1579 quippe
2544 1520 2628 1564 est
2677 1525 2773 1564 cor
2821 1510 2888 1564 ad
2934 1511 3262 1567 noscendam
3300 1513 3642 1582 prudentiam

2063 1596 2367 1663 bumiliare,
2396 1607 2450 1653 et
2469 1599 2764 1654 emundare
2787 1614 2904 1664 cor,
2933 1615 3041 1669 quo
3068 1600 3289 1671 dignum
3315 1600 3408 1656 ﬁat
3430 1603 3499 1656 ad
3522 1619 3648 1674 per-

2061 1689 2305 1759 cipienda
2337 1689 2593 1761 mysteria
2646 1689 2912 1756 veritatis,
2963 1690 3106 1746 unde
3151 1691 3341 1747 eadem
3381 1693 3643 1764 sapientia

381 1793 665 1848 Salvatore
710 1792 975 1847 latronem
1011 1772 1113 1847 sibi
1161 1772 1453 1863 eligebant,
1493 1772 1822 1850 utvidelicet
1860 1772 1949 1850 va-

2065 1777 2212 1832 Patri
2238 1778 2463 1849 loquens
2483 1780 2560 1834 ait
2589 1796 2601 1833 :
2630 1780 2963 1835 Abscondisti
3008 1781 3120 1835 Ita'c
3158 1798 3192 1834 a
3227 1783 3550 1854 sapientibus
3594 1796 3643 1840 et

380 1891 594 1940 stentur
647 1898 682 1938 a
716 1883 1017 1939 latronibus
1054 1892 1111 1938 et
1147 1881 1289 1939 inter
1330 1884 1565 1941 latrones
1607 1885 1954 1954 damnentur,

380 1978 523 2046 quod
552 1978 715 2032 etiam
738 1976 807 2031 de
833 1976 1083 2031 omnibus
1110 1976 1261 2032 verbi
1305 1977 1399 2031 Dei
1450 1980 1915 2049 contemptoribus

362 2066 522 2133 sicut
541 2074 599 2121 et
621 2064 833 2120 caeteris
850 2073 1030 2135 potest
1049 2065 1242 2136 accipi.

448 2155 664 2209 Eversio
684 2152 1026 2225 parvulorum
1071 2154 1343 2225 interficiat
1384 2173 1492 2211 eos.
1538 2157 1800 2215 Parvulos
1845 2175 1952 2215 non

373 2254 534 2301 mante
588 2245 683 2300 sed
727 2261 891 2302 sensu
936 2245 1088 2311 dicit,
1124 2246 1319 2316 quibus
1365 2262 1525 2318 supra
1569 2247 1769 2304 dictum
1821 2260 1951 2306 est:

377 2336 655 2407 Usquequo
680 2336 885 2407 parvuli
914 2335 1131 2407 diligitis
1174 2337 1455 2407 infantiam
1476 2341 1502 2392 .9
1521 2339 1624 2408 Qui
1669 2357 1777 2397 non
1825 2358 1954 2412 par-

376 2428 506 2491 vuli,
537 2427 631 2482 sed
661 2424 888 2496 perfecti
920 2426 1169 2482 sensibus
1194 2442 1315 2482 esse
1337 2430 1661 2497 potuissent,
1686 2431 1731 2485 si
1781 2448 1886 2489 non
1921 2448 1953 2488 a

374 2517 602 2572 consilio
642 2518 921 2586 sapientiae
957 2517 1198 2572 auditum
1246 2528 1574 2574 averterent.
1617 2520 1735 2588 Quo
1774 2532 1950 2579 autem

372 2616 705 2672 averterant,
727 2621 799 2665 eo
819 2621 941 2662 sese
972 2615 1188 2662 aeternae
1214 2609 1383 2663 morti
1397 2608 1760 2665 destinabant.

447 2699 513 2753 Et
559 2698 874 2768 prosperitas
898 2697 1179 2753 stultorum
1212 2699 1388 2769 perdet
1426 2699 1567 2755 illos.
1606 2700 1739 2757 Cum
1788 2702 1952 2759 nullis

323 2772 334 2784 ’
373 2792 774 2848 retardantibus
800 2791 1042 2848 adversis
1069 2791 1397 2860 perfecerint
1436 2802 1587 2858 actu,
1611 2796 1754 2864 quod
1782 2795 1951 2851 medi-

374 2893 551 2940 tantes
579 2884 751 2949 aiunt,
778 2898 985 2938 omnem
1005 2883 1284 2953 pretiosam
1330 2886 1681 2940 substantiam
1722 2886 1947 2956 reperie-

370 2991 506 3029 tuns.
533 2973 691 3039 ltem,
712 2973 912 3028 aversio
936 2973 1274 3043 paruulorum
1309 2975 1580 3045 inter/idet
1605 2993 1714 3042 eos,
1744 2988 1794 3032 et
1826 2995 1949 3049 pro-

368 3066 588 3135 speritas
612 3062 890 3118 stultorum
914 3064 1089 3133 perdet
1136 3081 1243 3118 eos.
1278 3064 1414 3132 Quia
1461 3080 1603 3136 saepe
1648 3083 1875 3125 aversus
1914 3085 1945 3124 a

370 3154 564 3211 timore
591 3150 888 3209 conditoris
916 3154 1154 3217 animus,
1175 3154 1291 3224 jam
1321 3156 1387 3209 de
1419 3155 1500 3210 ira
1539 3157 1778 3228 ejusdem
1814 3157 1948 3227 justi

369 3243 664 3300 conditoris
693 3242 919 3313 patitur,
943 3253 1003 3296 ut
1029 3243 1082 3297 in
1111 3242 1196 3297 bis
1217 3258 1337 3313 qua:
1362 3252 1553 3313 peccat
1578 3246 1659 3299 nil
1681 3248 1949 3303 sustinere

369 3336 615 3391 videatur
643 3334 890 3401 adversi;
924 3333 1019 3389 sed
1066 3340 1126 3388 ut
1170 3335 1360 3390 beatus
1384 3334 1485 3390 Job
1532 3338 1610 3391 ait
1638 3356 1651 3390 :
1684 3337 1857 3393 Ducat
1893 3341 1950 3392 in

368 3427 517 3482 bonis
559 3426 671 3482 dies
702 3441 848 3492 suos,
886 3436 935 3479 et
979 3425 1033 3479 in
1072 3434 1264 3496 puncto
1304 3426 1374 3480 ad
1407 3426 1615 3497 inferna
1667 3429 1947 3485 descendat

369 3521 514 3594 (Job.
542 3520 677 3595 ssi).

445 3618 549 3684 Qui
587 3627 761 3671 autem
805 3633 887 3671 me
918 3617 1170 3681 audierit,
1220 3617 1412 3688 absque
1459 3629 1655 3675 terrore
1699 3623 1945 3691 quiescet.

368 3707 555 3763 Potest
583 3717 638 3762 et
660 3708 714 3761 in
739 3708 839 3761 hac
862 3708 966 3760 vita
1001 3717 1061 3761 et
1086 3707 1139 3761 in
1169 3706 1348 3762 futura
1383 3708 1629 3780 intelligi,
1681 3712 1808 3780 quia
1854 3714 1946 3782 qui

370 3799 601 3855 Domino
618 3797 854 3870 perfecte
880 3799 1045 3854 servit
1068 3799 1226 3854 nullis
1253 3807 1489 3855 terretur
1525 3800 1788 3864 adversis.
1838 3804 1947 3859 imo

366 3890 573 3964 gaudet
587 3892 641 3946 in
668 3891 927 3955 adversis,
951 3902 1008 3945 et
1035 3891 1087 3945 in
1118 3890 1232 3961 ipsa
1249 3898 1423 3946 morte
1441 3892 1596 3961 quasi
1617 3892 1683 3948 de
1702 3892 1942 3964 ingressu

369 3982 494 4037 vitae
540 3981 795 4045 laetatur,
850 3980 1199 4049 quietumque
1252 3995 1469 4051 semper
1514 3996 1547 4035 a
1597 3983 1947 4053 supervacuis

370 4072 788 4143 cogitationibus
817 4086 883 4127 ac
908 4070 1220 4125 tumultibus
1245 4070 1599 4126 tentationum
1625 4080 1830 4141 pectus,
1856 4070 1946 4143 ju-

368 4169 529 4219 vante
554 4162 725 4217 sancti
753 4159 986 4231 Spiritus
1015 4160 1210 4231 gratia,
1236 4160 1394 4231 gerit.
1426 4159 1580 4227 Quod
1618 4161 1834 4231 requies
1860 4178 1946 4218 ses

366 4251 520 4321 ptimi
550 4251 657 4306 diei
695 4251 750 4305 in
780 4250 898 4321 lege
935 4250 1160 4320 mystice
1202 4250 1534 4320 designabat,
1576 4251 1672 4305 sed
1717 4259 1772 4306 et
1818 4267 1942 4308 eum

370 4342 647 4398 transierit
670 4357 702 4397 e
736 4340 951 4405 saeculo,
981 4355 1087 4395 non
1137 4340 1312 4396 solum
1342 4341 1551 4411 absque
1590 4341 1784 4397 timore
1828 4356 1945 4396 ma-

2055 1870 2418 1942 prudentibus,
2446 1881 2495 1925 et
2531 1870 2767 1925 reuelasti
2788 1888 2850 1925 ea
2874 1871 3110 1943 parvulis
3138 1871 3289 1944 (Luc.
3319 1875 3399 1946 ς),
3430 1876 3485 1930 id
3529 1884 3635 1941 est,

2056 1961 2384 2017 abscondisti
2411 1977 2440 2017 a
2469 1963 2718 2034 superbis
2740 1971 2796 2017 et
2826 1962 3075 2020 revelasti
3100 1966 3417 2021 humilibus.

2126 2054 2185 2109 Si
2213 2054 2351 2109 enim
2381 2057 2691 2126 sapientiam
2728 2057 3045 2113 invocaveris
3080 2068 3139 2133 ,ει
3176 2058 3507 2117 inclinaveris
3550 2080 3646 2118 cor

2054 2156 2200 2199 tuum
2249 2146 2561 2215 prudentior.
2601 2145 2817 2202 Nullum
2860 2148 3113 2204 invocare
3138 2189 3154 2215 ,
3195 2150 3247 2204 id
3288 2162 3391 2217 est,
3440 2154 3495 2208 in
3542 2171 3642 2209 nos

2054 2232 2261 2288 orando
2292 2250 2507 2299 vocare,
2537 2234 2639 2290 nisi
2682 2235 2849 2291 Deum
2896 2237 3191 2306 debemus;
3224 2255 3348 2294 cum
3388 2256 3516 2312 ergo
3556 2259 3644 2297 sa-

2054 2322 2314 2393 pientiam
2344 2339 2463 2379 esse
2488 2324 2841 2380 invocandam
2893 2327 3070 2392 docet,
3094 2330 3329 2383 ostendit
3364 2345 3425 2386 se
3455 2334 3641 2402 procul

2055 2414 2217 2469 dubio
2243 2430 2348 2469 non
2399 2414 2696 2486 quamlth
2742 2415 3066 2485 sapientiam
3091 2457 3106 2482 ,
3149 2417 3201 2472 id
3240 2428 3346 2486 est,
3389 2421 3638 2476 notitiam

2052 2519 2234 2561 rerum
2264 2505 2567 2561 cmlestium
2596 2507 2710 2560 sive
2742 2507 3099 2573 terrestrium,
3129 2509 3223 2564 sed
3252 2509 3427 2579 ipsam
3467 2509 3669 2567 Deita-

2054 2597 2122 2651 tis
2146 2598 2503 2668 cognitionem
2543 2596 2696 2651 nobis
2741 2606 2810 2651 ad
2848 2599 3179 2666 sequendam
3212 2614 3536 2670 proponere,
3583 2601 3637 2655 in

2054 2686 2212 2756 hujus
2252 2703 2485 2757 namque
2532 2687 2876 2759 perceptione
2928 2690 3205 2759 sapientiae
3229 2731 3243 2755 ,
3293 2705 3518 2746 summa:
3551 2702 3637 2748 est

2050 2779 2321 2849 perceptio
2363 2778 2749 2845 beatitudinis,
2796 2780 2909 2849 ipsa
2958 2788 3270 2847 attestante,
3314 2798 3435 2852 qua:
3482 2783 3641 2838 Patri

2049 2885 2148 2940 pro
2172 2871 2327 2925 nobis
2353 2871 2659 2942 supplicans
2687 2872 2764 2926 ait
2788 2891 2800 2926 :
2834 2871 2966 2927 Ha’c
2989 2882 3064 2927 est
3085 2883 3259 2928 autem
3283 2875 3386 2930 vita
3411 2886 3629 2940 (eterna,

2051 2970 2105 3013 ut
2134 2972 2445 3031 cognoscant
2470 2971 2519 3016 te
2552 2961 2725 3017 solum
2752 2972 2799 3017 et
2833 2979 3009 3016 verum
3059 2962 3224 3018 Deum
3257 2975 3303 3019 et
3349 2982 3501 3036 quem
3534 2968 3634 3021 mi-

2050 3051 2164 3105 sisti
2184 3051 2368 3106 Iesum
2406 3051 2671 3107 Christum
2703 3054 2891 3126 (Joan.
2922 3054 3076 3125 xvn).
3107 3053 3411 3111 Notandum
3448 3066 3642 3112 autem

1975 3118 2020 3180 (ἶ
2053 3143 2194 3213 quod
2230 3154 2286 3197 et
2311 3144 2627 3214 sapientiam
2660 3145 2932 3211 invocare,
2964 3155 3020 3202 et
3051 3149 3409 3219 nosmetipsos
3436 3150 3503 3203 ad
3529 3165 3632 3203 no-

2058 3234 2311 3290 scendam
2342 3237 2679 3304 prudentiam
2713 3252 2809 3291 cor
2850 3238 3114 3295 inclinare
3151 3240 3355 3303 suadet,
3393 3241 3517 3310 quia
3561 3242 3643 3299 ui-

2061 3323 2255 3377 mirum
2285 3340 2503 3380 necesse
2531 3335 2633 3392 est,
2666 3336 2723 3382 ut
2746 3336 2802 3382 et
2827 3327 3068 3408 divinum
3113 3330 3171 3385 in
3196 3332 3405 3388 cunctis
3428 3332 3641 3403 ﬂagite-

2052 3430 2172 3470 mus
2200 3416 2480 3481 auxilium,
2521 3428 2577 3473 et
2602 3418 2725 3488 ipsi,
2755 3418 2983 3475 Domino
3006 3421 3313 3492 adjuvante,
3343 3423 3483 3478 bona
3514 3438 3647 3494 qua:

2051 3508 2290 3563 valemus
2331 3524 2553 3578 agamus
2586 3529 2598 3563 :
2628 3526 2802 3582 neque
2833 3512 2979 3567 enim
3016 3513 3134 3567 sine
3177 3514 3293 3584 ipso
3340 3516 3641 3585 quidquam

2053 3598 2230 3654 facere
2260 3615 2566 3669 possumus,
2605 3616 2704 3656 nec
2746 3618 2959 3658 rursum
2986 3604 3104 3658 sine
3140 3614 3325 3660 nostro
3349 3605 3647 3661 conamine

2049 3691 2602 3764 quantulumcumque
2627 3694 2825 3749 habere
2856 3695 3117 3761 valemus,
3138 3712 3237 3750 nos
3276 3698 3343 3751 ab
3373 3697 3492 3768 ipso
3521 3697 3632 3753 sal—

2049 3782 2252 3837 vandos
2279 3796 2399 3837 esse
2421 3784 2727 3838 credamus.

2122 3878 2180 3933 Si
2205 3880 2474 3949 qutrsieris
2503 3897 2618 3934 eam
2659 3882 2816 3950 quasi
2838 3883 3137 3952 pecuniam,
3165 3893 3211 3936 et
3254 3884 3389 3937 sicut
3426 3883 3645 3937 thesau—

2048 3986 2132 4023 ros
2156 3970 2400 4038 effoderis
2426 3987 2559 4025 eam.
2602 3970 2657 4025 Si
2691 3980 2841 4025 tanta
2868 3986 3002 4026 cura
3042 3972 3381 4041 sapientiam,
3431 3981 3635 4041 quanta

2047 4061 2225 4132 cupidi
2263 4070 2513 4131 quaerunt
2553 4061 2861 4130 pecuniam,
2894 4062 2979 4117 vel
3007 4071 3154 4117 certe
3189 4063 3234 4117 si
3260 4070 3370 4117 tam
3401 4060 3637 4116 sollicite

2047 4151 2328 4220 quaesieris
2385 4150 2728 4220 sapientiam,
2773 4152 2928 4221 quasi
2967 4150 3206 4207 infinitas
3250 4167 3347 4223 per
3391 4152 3531 4206 hanc
3579 4158 3643 4206 et

2047 4242 2343 4298 incll'abiles
2364 4242 2577 4297 divitias
2605 4244 2681 4297 sis
2705 4242 3086 4313 acquisiturus,
3112 4242 3378 4312 percipies
3403 4240 3629 4312 praemia

2045 4351 2166 4405 quae
2197 4336 2587 4404 subscquenter
2621 4344 2981 4403 exponuntur.
3033 4335 3133 4402 Qui
3182 4350 3312 4390 vero
3344 4335 3635 4389 thesauros

373 4429 568 4495 lorum,
598 4430 693 4485 sed
717 4437 773 4485 et
809 4431 861 4485 in
895 4445 1091 4500 magno
1119 4429 1313 4499 gaudio
1338 4438 1566 4499 sperata:
1596 4430 1942 4485 resurrectim
1968 4462 2023 4522 Ι)
2048 4427 2254 4492 ell‘odit,
2281 4427 2428 4496 ejicit
2459 4428 2625 4483 rudus
2651 4437 2930 4494 terrestre,
2957 4427 3086 4482 facit
3115 4428 3168 4482 in
3194 4427 3363 4482 altum
3389 4425 3637 4489 foveam,

371 4520 454 4575 nis
478 4520 745 4589 quiescet,
767 4530 827 4576 ut
854 4521 1093 4576 Lazarus
1122 4522 1174 4575 in
1197 4521 1317 4576 sinu
1340 4519 1633 4576 Abraham.

442 4608 511 4664 Et
533 4608 856 4664 abundantia
880 4610 1195 4680 perfruetur,
1225 4612 1481 4666 malorum
1508 4613 1694 4666 timore
1715 4611 1942 4666 sublato.

372 4702 527 4758 Nunc
563 4701 891 4757 abundantia
939 4700 1201 4756 bonon
1257 4716 1480 4771 operum
1520 4701 1699 4756 ablato
1749 4702 1942 4757 timore

366 4793 533 4851 etiam
560 4805 748 4847 eorum
769 4791 863 4861 qui
891 4791 1145 4845 occidunt
1183 4804 1401 4860 corpus,
1447 4800 1575 4845 tunc
1617 4791 1943 4848 abundantia

367 4882 685 4954 gaudiorum
714 4880 768 4934 in
796 4879 1019 4952 gremio.
1046 4880 1257 4946 Quanta
1293 4881 1439 4935 enim
1488 4881 1562 4936 ibi
1611 4881 1941 4937 abundantia

370 4977 633 5031 bonorum
660 4972 925 5036 omnium,
958 4970 1046 5025 ubi
1073 4969 1370 5042 gloriaest,
1403 4988 1433 5024 a
1460 4987 1567 5040 quo
1612 4979 1737 5026 sunt
1762 4973 1943 5027 omnia

367 5066 507 5123 bona
536 5063 663 5120 licet
689 5060 1128 5126 intueri,ablato
1171 5075 1394 5129 prorsus
1439 5061 1633 5116 timore
1678 5061 1940 5127 omnium,

366 5170 488 5227 quae
515 5153 719 5225 aliquid
742 5151 953 5207 adversi
978 5150 1212 5207 ulterius
1238 5148 1484 5205 afferant.

987 5282 1215 5339 CAPUT
1259 5282 1322 5337 ll.

440 5421 547 5477 Fili
585 5426 680 5486 mi,
725 5425 769 5476 si
812 5421 1098 5492 susceperis
1124 5437 1384 5475 sermones
1413 5437 1575 5485 meos,
1607 5431 1654 5474 et
1691 5422 1941 5476 mandata

368 5534 482 5572 mea
506 5515 838 5571 absconderis
886 5532 1039 5585 penes
1080 5526 1145 5571 te.
1194 5514 1491 5573 Abscondin
1540 5515 1791 5571 mandata
1846 5516 1942 5569 Dei

367 5621 539 5677 penes
552 5620 637 5670 se,
663 5606 756 5675 qui
780 5605 895 5660 Inec
916 5606 1139 5661 audiens
1156 5606 1386 5662 sollicite
1410 5608 1463 5660 in
1492 5607 1655 5662 corde
1676 5607 1937 5672 recondit,

362 5703 518 5773 juxta
548 5696 695 5752 illum
723 5696 815 5766 qui
843 5697 961 5750 ait;
996 5696 1062 5752 In
1099 5701 1254 5753 corde
1289 5716 1400 5753 meo
1449 5701 1696 5754 abscondi
1735 5701 1942 5772 eloquia

2050 4519 2266 4574 sedulus
2289 4520 2490 4574 insistit
2516 4520 2706 4585 labori,
2728 4522 2901 4575 donec
2922 4520 2987 4574 ad
3017 4521 3300 4575 thesauros
3324 4536 3458 4590 quos
3482 4535 3633 4589 quae-

2052 4611 2393 4681 ritattingat.
2424 4612 2491 4665 Et
2524 4612 2615 4681 qui
2652 4613 2934 4667 thesauros
2958 4612 3235 4682 sapientia:
3261 4611 3502 4666 invenire
3542 4611 3636 4666 de—

2050 4705 2273 4769 siderat,
2301 4705 2558 4774 quidquid
2581 4705 2681 4760 sibi
2706 4714 2977 4760 terrenum
3008 4705 3185 4758 inesse
3210 4701 3636 4773 deprehenderit

2048 4805 2327 4864 expurget,
2353 4795 2600 4851 carnales
2629 4796 2909 4851 illecebras
2931 4794 3234 4860 abscindat,
3262 4794 3462 4849 fossam
3488 4793 3545 4847 in
3573 4808 3649 4847 se

2050 4884 2368 4940 humilitatis
2389 4884 2571 4950 faciat,
2602 4901 2703 4941 nec
2731 4885 2972 4955 quiescat
2998 4885 3066 4938 ab
3086 4884 3294 4955 agendo
3312 4883 3639 4953 priusquam

2052 4988 2109 5028 se
2146 4990 2334 5029 venam
2361 4974 2603 5029 veritatis
2624 4973 2893 5028 invenisse
2918 4972 3254 5044 cognoverit.

2127 5054 2269 5122 Tunc
2299 5068 2552 5139 intelliges
2600 5069 2835 5123 timorem
2888 5067 3101 5122 Domini
3140 5078 3187 5121 et
3213 5066 3483 5121 scientiam
3540 5064 3635 5118 Dei

2051 5163 2295 5216 invenies.
2335 5161 2392 5216 Si
2442 5161 2673 5217 sollicito
2700 5162 2863 5216 corde
2906 5160 3205 5230 qumsieris,
3235 5158 3524 5227 pervenies
3561 5155 3635 5210 ad

2050 5252 2436 5323 experientiam
2462 5252 2704 5308 amabilis
2738 5251 2947 5308 Domini
2982 5249 3215 5315 timoris,
3264 5248 3357 5317 qui
3389 5263 3496 5301 non
3528 5247 3635 5301 ini-

2051 5342 2209 5407 tium,
2231 5343 2323 5397 seil
2342 5342 2603 5413 perfectio
2620 5351 2705 5399 est
2725 5342 3005 5413 sapientia:
3020 5339 3279 5404 celestis,
3301 5338 3356 5392 in
3377 5337 3480 5391 hac
3493 5336 3639 5391 dun-

2049 5442 2193 5487 taxat
2221 5434 2352 5495 vita,
2384 5433 2610 5502 ideoque
2651 5448 2755 5487 non
2787 5449 2909 5487 eum
2940 5430 3180 5502 perfecta
3224 5427 3444 5485 dilectio
3481 5424 3632 5481 foras

2047 5524 2232 5588 mittit,
2261 5524 2355 5579 sed
2384 5524 2514 5579 facit
2546 5537 2865 5593 permanere
2896 5522 2949 5576 in
2980 5520 3235 5577 saaculum
3283 5516 3486 5573 szeculi.
3518 5514 3631 5569 Sed

2042 5625 2101 5670 et
2132 5614 2417 5671 scientiam
2450 5614 2620 5685 ipsius
2638 5612 2938 5669 divinitatis
2968 5626 3089 5681 qua:
3115 5617 3376 5681 perpetuo
3406 5605 3627 5661 beatum

2047 5704 2177 5759 facit
2205 5705 2466 5759 invenies.
