3962 6198
225 413 317 470 639

1028 401 1390 461 EXPOSITIO
1429 402 1494 457 1N
1533 400 1924 456 PROVERBIA
1964 399 2372 456 SALOMONIS.
2418 431 2485 441 -
2526 400 2651 454 LIB.
2693 401 2734 456 l.

3372 364 3479 461 esu

286 524 421 591 Quia
453 522 711 576 Dominus
741 518 830 571 dat
860 518 1194 588 sapientiam.
1227 515 1495 585 Perspicit
1533 515 1620 569 bic
1665 528 1789 568 ver-
1820 513 1869 573 A
1895 512 2058 568 mollit
2092 530 2354 568 sermones
2383 530 2528 568 suos.
2555 512 2761 569 Pendet
2787 514 2875 568 hic
2918 529 3104 569 versus
3133 532 3162 569 a
3190 517 3484 586 superiori-

223 616 412 672 siculus
438 614 504 667 ad
533 614 634 666 hoc
663 610 806 680 quod
835 624 996 681 supra
1051 608 1209 673 dixit,
1238 608 1283 662 si
1312 608 1448 661 enim
1484 607 1797 676 sapientiam

228 707 553 771 invocaveris,
586 712 718 768 etc.,
744 717 916 772 usque
949 701 1073 755 dum
1097 701 1192 767 ait,
1221 709 1269 754 et
1295 701 1567 754 scientiam
1598 697 1691 752 Dei
1715 699 1797 750 in-

228 800 407 855 venies.
443 797 570 852 Ideo
596 809 829 865 namque
867 792 1150 863 sapientia,
1182 791 1236 846 id
1270 799 1353 845 est
1379 831 1393 855 ,
1422 789 1681 847 Dominus
1720 797 1804 844 est

228 890 552 948 invocandus
577 888 644 943 ad
666 885 1039 957 accipiendam
1069 882 1414 954 sapientiam,
1442 881 1566 950 quia
1597 880 1805 951 sapien-

227 986 291 1039 tia
332 997 441 1037 non
468 996 499 1034 a
530 979 686 1034 nobis
721 977 854 1047 ipsis
896 974 1084 1029 haberi
1119 979 1315 1043 potest,
1366 970 1461 1026 sed
1501 986 1530 1024 a
1577 969 1805 1024 Domino

228 1076 399 1130 datur.
436 1071 641 1125 Tacent
671 1067 944 1137 Pelagius,
977 1062 1319 1133 redarguitur
1342 1069 1397 1115 et
1423 1059 1492 1114 ab
1521 1058 1801 1128 Apostolo,

228 1166 309 1237 qui
336 1164 455 1221 ait:
480 1159 621 1228 Quid
649 1175 763 1214 vero
799 1157 956 1212 habes
975 1154 1116 1228 quod
1148 1171 1251 1208 non
1273 1151 1557 1223 accepisti?
1587 1149 1640 1221 (1
1675 1147 1800 1241 Cor.

229 1256 318 1330 tv.)
346 1256 417 1311 Et
445 1251 721 1323 apostolus
745 1248 1012 1305 Iacobus:
1037 1245 1095 1301 Si
1118 1244 1233 1315 quis
1258 1253 1431 1297 autem
1454 1251 1698 1330 vestrum,
1726 1241 1806 1295 in-

230 1347 355 1417 quit,
381 1343 578 1413 indiget
607 1333 1113 1409 sapientia,postulet
1144 1351 1178 1387 a
1205 1332 1428 1386 Domino
1452 1329 1593 1401 (Jac.
1623 1330 1682 1399 ι).

290 1436 362 1495 Et
386 1452 453 1490 ea:
481 1451 568 1488 ore
590 1432 707 1502 ejus
730 1429 952 1483 scientia
985 1436 1033 1480 et
1057 1423 1353 1496 prudentia.
1379 1421 1567 1477 Potest
1610 1421 1662 1474 in
1704 1420 1809 1474 hoc

230 1524 488 1582 versiculo
517 1522 630 1593 ipsa
662 1517 943 1576 inell'abilis
968 1525 1024 1570 et
1057 1523 1350 1577 coreterna,
1399 1513 1505 1567 Deo
1548 1510 1695 1565 Patri
1722 1525 1809 1564 sa-

231 1616 439 1687 pientiae
456 1612 711 1667 nativitas
738 1607 989 1677 intelligi,
1018 1607 1083 1660 de
1109 1620 1215 1674 qua
1242 1601 1368 1657 alibi
1398 1600 1528 1656 dicit
1555 1601 1671 1669 ipsa
1716 1614 1805 1653 sa-

231 1702 608 1779 pientiazEgo
661 1717 726 1755 ea:
775 1715 864 1753 ore
909 1695 1166 1751 Altissimi
1213 1692 1415 1766 proclivi
1462 1689 1809 1779 primogenita

235 1793 425 1867 (Eccle.
453 1790 549 1863 tv).
577 1789 764 1845 Potest
790 1803 854 1844 os
896 1785 1110 1842 Domini
1149 1783 1311 1839 etiam
1358 1781 1410 1836 in
1442 1780 1647 1836 sanctis
1693 1778 1810 1848 ejus

234 1862 418 1953 accipi,
451 1862 594 1936 unde
623 1879 730 1935 dici
757 1878 896 1933 solet
917 1877 972 1932 in
1000 1874 1300 1946 prophetis,
1325 1873 1451 1944 quia
1497 1888 1559 1927 os
1591 1870 1803 1926 Domini
1834 1862 1884 1921 B

233 1978 466 2033 locutum
490 1982 594 2039 est,
616 1982 671 2029 et
698 1988 767 2028 ex
791 1985 887 2027 ore
913 1968 1031 2038 ejus
1055 1965 1283 2024 scientia
1331 1966 1573 2021 nascitur
1598 1973 1652 2020 et
1677 1979 1808 2033 pru-

233 2068 429 2133 dentia,
452 2066 581 2136 quia
624 2064 728 2120 nisi
768 2064 880 2133 ipse
902 2077 966 2117 os
1010 2061 1303 2115 humanum
1333 2056 1655 2121 sanctiﬁcet,
1703 2055 1808 2111 nisi

233 2158 329 2212 hoc
354 2171 512 2211 suum
544 2155 660 2224 ipse
695 2152 981 2224 dignanter
1004 2146 1219 2215 eﬂiciat,
1242 2146 1539 2217 perlectam
1562 2143 1709 2212 loqui
1730 2158 1789 2198 sa

231 2247 485 2317 pientiam
509 2243 816 2299 nullatenus
841 2240 1002 2295 valet.

298 2336 567 2393 Custodiet
603 2344 864 2389 rectorum
893 2330 1116 2386 salutem
1163 2339 1211 2383 et
1242 2336 1470 2398 proteget
1518 2327 1811 2397 gradientes

230 2430 551 2501 simpliciter.
582 2426 837 2499 Cognata).
872 2424 972 2479 sibi
1021 2429 1149 2478 sunt
1186 2421 1418 2475 virtutes
1453 2418 1720 2475 rectitudo
1758 2427 1815 2473 et

231 2522 567 2595 simplicitas,
598 2534 773 2589 neque
795 2518 865 2572 ab
886 2516 1118 2571 invicem
1144 2523 1350 2583 queunt
1377 2513 1642 2581 separari,
1673 2512 1815 2567 unde

231 2626 286 2671 et
306 2612 574 2685 sapientia
600 2625 760 2666 unam
781 2623 968 2664 earum
996 2606 1115 2662 sine
1151 2604 1318 2658 altera
1349 2619 1455 2658 non
1479 2601 1694 2672 quierit,
1721 2602 1816 2657 sed

234 2708 285 2762 in
307 2706 721 2776 quibuscunque
744 2699 917 2754 amba:
966 2696 1314 2758 conveniunt,
1351 2696 1450 2749 bos
1477 2694 1716 2749 custodit
1762 2700 1819 2748 et

232 2793 484 2865 protegit.
513 2790 758 2861 Denique
787 2789 853 2844 de
879 2788 1038 2842 beato
1061 2784 1160 2841 Job
1181 2784 1398 2849 dicitur,
1428 2784 1554 2854 quia
1583 2792 1694 2837 erat
1742 2783 1819 2837 vir

234 2885 318 2939 ille
345 2883 571 2955 simplex
606 2891 654 2935 et
682 2890 850 2935 rectus
875 2878 1016 2950 (Job.
1058 2876 1122 2948 ι),
1155 2875 1383 2946 simplex
1424 2873 1674 2929 videlicet
1720 2886 1817 2943 per

236 2975 603 3031 innocentiam
665 2970 1132 3033 mansuetudinis,
1184 2976 1364 3024 rectus
1410 2980 1508 3036 per
1552 2963 1820 3020 cautelam

236 3065 599 3124 discretionis.
633 3063 870 3134 Simplex
901 3062 1025 3132 quia
1054 3060 1260 3115 nullum
1299 3058 1516 3124 laedere,
1546 3059 1655 3113 imo
1684 3072 1817 3112 cun-

236 3156 620 3231 ctispeodessc
649 3153 1013 3210 desiderabat.
1066 3151 1269 3206 Rectus
1317 3148 1442 3219 quia
1486 3163 1546 3204 se
1586 3163 1616 3200 a
1674 3144 1822 3200 nullo

235 3248 513 3323 corrumpi
540 3246 909 3320 permittebat.

309 3338 540 3401 Seruus
562 3340 774 3399 semitas
793 3338 1013 3408 justitia:
1044 3345 1092 3391 et
1139 3336 1251 3389 vias
1294 3342 1597 3388 sanctorum
1643 3339 1823 3385 custo-

237 3436 410 3489 diens.
436 3433 568 3488 Vias
587 3441 896 3487 sanctorum
921 3426 1193 3498 generalia
1222 3424 1318 3480 Dei
1359 3424 1632 3487 mandata,
1662 3421 1830 3478 semi-

237 3533 326 3578 ωε
344 3523 569 3593 iustitia:
592 3521 828 3576 arctiora
854 3520 976 3574 vita:
1003 3516 1241 3573 caelestis
1268 3514 1537 3579 instituta,
1564 3528 1687 3583 qua:
1707 3527 1832 3583 per—

237 3611 399 3667 lectis
429 3611 604 3666 solum
632 3607 972 3665 accessibilia
1000 3614 1146 3671 sunt,
1191 3605 1400 3661 dicunt.
1436 3602 1706 3671 Utrasque
1733 3616 1829 3656 au-

243 3706 358 3759 tein
410 3701 674 3773 sapientia
729 3708 931 3764 servat,
986 3707 1045 3753 ut
1094 3696 1149 3752 in
1194 3711 1517 3768 quocunque
1569 3697 1830 3751 virtutum

236 3794 416 3865 gradu
449 3801 626 3848 rectos
639 3792 792 3862 juvet
821 3807 885 3845 ac
905 3789 1196 3861 simplices.

319 3883 609 3939 Consilium
635 3881 888 3936 custodiet
921 3890 969 3935 te
1013 3891 1060 3934 et
1090 3879 1373 3951 prudentia
1406 3878 1627 3933 servabit
1658 3888 1731 3942 te,
1776 3886 1831 3930 ut

234 3980 454 4035 eruatis
474 3979 539 4032 de
576 3977 662 4031 via
701 3975 846 4030 mala
872 3974 936 4029 ab
965 3974 1172 4028 homine
1201 3974 1290 4044 qui
1313 3988 1554 4043 perversa
1579 3971 1829 4041 loquitur.

240 4070 406 4125 Viam
449 4068 669 4135 malam,
703 4082 869 4137 opera
894 4066 1101 4134 iniqua,
1136 4064 1409 4120 hominem
1456 4076 1713 4132 perversa
1756 4060 1835 4116 lo-

236 4168 528 4229 quentem,
572 4158 826 4213 doctores
863 4156 996 4211 dicit
1039 4155 1236 4226 iniquae
1280 4153 1633 4224 operationis.
1681 4151 1836 4206 Viam

243 4250 452 4305 malam
480 4249 721 4318 iniquam
771 4254 970 4302 vocant
1004 4245 1097 4315 qui
1124 4245 1330 4310 dicunt,
1374 4243 1491 4297 veni
1545 4242 1833 4305 nobiscum,

236 4338 561 4394 insidientur
610 4338 881 4408 sanguini,
922 4351 1178 4406 perversa
1227 4335 1535 4404 loquentem
1577 4348 1698 4388 eum
1743 4330 1837 4402 qui

242 4424 418 4496 hujus
437 4436 629 4482 auctor
653 4433 739 4481 est
767 4425 1058 4481 suasionis.

326 4518 432 4585 Qui
456 4518 750 4590 relinquunt
774 4519 876 4573 iter
904 4526 1100 4573 rectum
1125 4525 1172 4571 et
1201 4514 1470 4570 ambulant
1499 4530 1591 4584 per
1619 4513 1728 4566 vias
1764 4521 1838 4565 te-

1900 605 2003 661 bus
2031 605 2121 660 ubi
2153 604 2358 659 dictum
2388 603 2596 668 fuerat,
2624 603 2905 677 prudentia
2938 605 3161 660 servabit
3193 616 3260 661 te.
3304 607 3372 663 Et
3399 618 3489 664 est

1901 712 2093 753 sensus
2124 714 2137 749 :
2170 695 2460 751 Prudentia
2493 697 2732 752 servabit
2767 703 2819 751 te
2852 704 2913 751 ut
2953 694 3166 752 eruaris
3191 710 3222 750 a
3260 696 3487 753 muliere

1902 787 2077 843 aliena
2100 827 2115 853 ,
2162 787 2288 858 quia
2326 802 2458 858 ergo
2492 788 2647 857 prius
2685 786 2938 843 Salomon
2978 787 3280 843 auditorem
3331 803 3488 844 suum

1902 892 2063 947 quem
2089 877 2411 945 sapientiam
2438 878 2633 934 docere
2655 877 2869 947 satagit,
2896 876 3194 942 admonuit,
3224 891 3292 931 ne
3320 876 3490 935 latro:

1905 968 2062 1023 nibus
2084 968 2420 1039 iungeretur,
2447 983 2516 1024 ne
2542 968 2589 1023 si
2618 967 2826 1025 videret
2846 965 3041 1032 frtrem,
3064 965 3224 1022 simul
3247 975 3494 1025 curreret

1906 1078 2026 1117 cum
2054 1078 2140 1125 eo,
2166 1062 2260 1117 sed
2290 1069 2435 1117 recte
2461 1076 2525 1117 ac
2546 1060 2863 1130 simpliciter
2886 1060 3190 1125 incederet;
3217 1076 3365 1117 nunc
3398 1061 3492 1117 ad-

1907 1162 2090 1208 monet
2116 1168 2182 1207 ne
2222 1166 2342 1206 cum
2382 1151 2644 1207 adulteris
2668 1150 2974 1222 portionem
3010 1165 3163 1211 suam
3198 1159 3386 1220 ponat,
3426 1150 3493 1207 de

1906 1244 2102 1313 quibus
2131 1251 2183 1296 el
2215 1244 2318 1297 hoc
2341 1242 2487 1312 quod
2516 1257 2680 1311 supra
2718 1241 2949 1306 dicitur,
2993 1252 3049 1295 ut
3079 1240 3285 1295 eruaris
3316 1240 3381 1295 de
3411 1240 3495 1295 via

1909 1334 2049 1387 mala
2072 1334 2137 1387 ab
2163 1334 2370 1387 nomine
2397 1334 2486 1404 qui
2511 1349 2751 1404 perversa
2768 1332 3039 1404 loquitur,
3071 1340 3252 1402 potest
3281 1332 3492 1401 specia-

1909 1421 2031 1477 liter
2057 1421 2301 1493 intelligi.
2334 1421 2463 1489 Qute
2486 1422 2631 1477 enim
2654 1423 2961 1491 perversior
2986 1422 3208 1486 locutio,
3230 1436 3396 1493 quam
3424 1422 3495 1476 ad

1910 1521 2094 1582 stupra
2120 1512 2357 1577 suaderi,
2380 1512 2523 1582 quod
2544 1511 2837 1581 capitulum
2860 1512 3045 1582 incipit
3067 1527 3095 1567 a
3123 1511 3242 1571 loco
3270 1511 3362 1573 tibi
3384 1511 3494 1566 ait:

1912 1602 2020 1658 Fili
2045 1604 2138 1669 mi,
2167 1605 2209 1658 si
2232 1604 2518 1673 susceperis
2545 1620 2807 1658 sermones
2833 1620 2994 1670 meos,
3021 1614 3071 1658 et
3100 1602 3353 1661 inlaudata
3381 1619 3499 1657 mea

1910 1695 2245 1750 absconderis
2287 1712 2438 1764 penes
2487 1704 2555 1751 te.
2600 1695 2787 1757 Potest
2837 1706 3018 1751 autem
3068 1710 3166 1765 per
3215 1694 3497 1751 mulierem

1911 1782 2222 1843 eXtraneam
2263 1788 2644 1843 luereticorum
2697 1789 2936 1858 pravitas
2974 1787 3198 1860 intelligi
3226 1803 3258 1842 a
3293 1786 3499 1845 Christi

1910 1889 1965 1935 et
1993 1880 2247 1936 Ecclesia:
2273 1880 2534 1935 membris
2568 1879 2775 1945 aliena,
2803 1894 2924 1950 qua:
2967 1879 3193 1935 mollitie
3226 1878 3501 1935 disertim-

1910 1975 2052 2030 diuis
2080 1985 2136 2031 et
2159 1974 2352 2045 linguae
2372 1973 2752 2030 blandimentis
2778 1973 2940 2029 corda
2969 1971 3220 2042 decipere
3245 1971 3502 2027 innocen-

1912 2064 2045 2119 tium
2088 2063 2243 2120 solet.
2288 2063 2441 2120 Unde
2485 2063 2771 2119 Psalmista
2816 2082 2831 2117 :
2886 2061 3190 2117 Mollierunt
3235 2076 3498 2117 sennones

1914 2171 2036 2209 suos
2064 2171 2220 2224 super
2242 2154 2435 2221 oleum,
2459 2164 2505 2210 et
2535 2155 2633 2224 ipsi
2658 2162 2782 2209 sunt
2803 2152 2990 2223 jaeula
3019 2151 3190 2224 (Psal.
3221 2150 3353 2223 ιιγ).

1983 2245 2053 2299 Et
2082 2243 2287 2315 reliquit
2312 2244 2497 2299 ducem
2518 2243 2807 2314 pubertatis
2835 2259 2947 2298 sua
2975 2252 3026 2298 et
3057 2244 3197 2312 pacti
3228 2244 3314 2298 sui
3338 2230 3501 2298 oblita

1913 2344 2008 2395 est.
2047 2333 2205 2389 Patet
2234 2333 2301 2391 de
2334 2332 2610 2399 adultera,
2648 2333 2777 2404 quia
2814 2334 2988 2389 virum
3016 2333 3252 2404 primum
3283 2332 3507 2404 reliquit

1915 2436 1969 2480 et
1991 2425 2134 2496 pacti
2158 2425 2256 2483 Dei
2282 2425 2638 2491 obliviscitur,
2663 2425 2782 2497 ejus
2798 2426 3052 2483 nimirum
3072 2427 3216 2496 quod
3237 2441 3360 2481 eum
3384 2426 3502 2480 vim

1916 2532 2033 2581 suo,
2067 2516 2297 2572 Domino
2329 2525 2483 2583 teste,
2517 2526 2758 2588 tempore
2783 2519 3090 2589 nuptiarum
3124 2520 3346 2591 pepigit,
3374 2520 3519 2589 quia.

1917 2606 2078 2661 ﬁdem
2102 2606 2205 2663 sibi
2226 2607 2490 2667 castitatis
2511 2607 2833 2667 alterutrum
2855 2609 3415 2667 servarent..Patetet
3436 2609 3504 2665 de

1917 2706 2098 2753 mente
2122 2698 2396 2764 haeretica,
2417 2699 2544 2769 quia
2573 2698 2795 2769 reliquit
2820 2700 3121 2765 doctorem,
3147 2716 3178 2756 a
3204 2716 3315 2770 quo
3344 2700 3504 2756 ﬁdem

1918 2787 2177 2843 Ecclesiae
2216 2789 2506 2856 didicerat,
2536 2797 2593 2845 et
2621 2790 2784 2845 oblita
2819 2800 2905 2846 est
2932 2791 3076 2861 pacti
3118 2792 3213 2849 Dei
3250 2792 3331 2847 sui
3351 2832 3368 2857 ,
3403 2792 3506 2847 hoc

1919 2888 2022 2945 est,
2055 2878 2175 2935 (idei
2211 2880 2380 2950 ipsius
2404 2881 2718 2948 dominicae,
2748 2896 2869 2951 qua:
2894 2882 2949 2937 iu
2981 2882 3237 2954 Symbolo
3262 2884 3506 2939 contine-

1921 2980 2029 3036 tur,
2067 2986 2229 3041 quam
2266 2986 2326 3028 se
2364 2971 2452 3027 die
2487 2973 2830 3042 baptismatis
2868 2981 3204 3030 servaturam
3235 2989 3360 3031 esse
3383 2990 3508 3045 pro-

1922 3063 2163 3118 miserat.

1995 3152 2264 3209 Inclinata
2286 3165 2362 3209 est
2385 3154 2523 3208 enim
2549 3155 2618 3209 ad
2645 3164 2863 3210 mortem
2886 3155 3074 3210 domus
3096 3156 3211 3226 ejus
3239 3166 3289 3211 st
3316 3157 3386 3211 ad
3407 3158 3508 3213 im-

1852 3226 1897 3288 Ο
1926 3245 2039 3315 pios
2070 3243 2266 3299 semine
2301 3245 2481 3315 ipsius.
2522 3244 2712 3301 Omnis
2754 3245 3096 3301 conversatio
3135 3246 3396 3302 adulterae
3443 3249 3513 3302 ad

1928 3335 2208 3391 interitum
2236 3334 2415 3401 ducit,
2442 3344 2500 3392 et
2525 3337 2771 3406 quamvis
2804 3335 2999 3392 blanda
3026 3336 3241 3392 videtur
3261 3352 3328 3393 ac
3355 3351 3511 3392 man-

1927 3435 2102 3491 sueta,
2130 3441 2237 3480 non
2266 3425 2529 3483 minorem
2561 3427 2758 3483 sentiet
2784 3426 2838 3481 in
2865 3426 2971 3481 line
2997 3426 3322 3493 vindictam,
3350 3441 3510 3496 quam

1928 3514 2020 3584 qui
2045 3513 2420 3571 latrocinando
2443 3523 2642 3585 apertae
2662 3515 2927 3585 impietati
2957 3515 3304 3571 famulantur.
3330 3516 3516 3573 Potest

1930 3609 2122 3660 domus
2159 3605 2419 3662 adulterae
2476 3607 2593 3677 ipsa
2639 3605 2758 3676 ejus
2792 3623 2923 3663 caro
2959 3608 3014 3664 in
3052 3625 3157 3680 qua
3197 3610 3513 3680 turpitudini

1930 3709 1995 3747 ac
2018 3693 2246 3750 luxuria:
2274 3695 2639 3751 substernitur
2657 3736 2673 3761 ,
2700 3697 2906 3767 accipi,
2931 3714 3051 3767 qua:
3073 3699 3351 3755 novissimi
3378 3709 3516 3755 tem-

1931 3800 2062 3855 pore
2091 3787 2283 3857 judicii
2326 3804 2432 3842 non
2470 3789 2537 3844 ad
2572 3789 2773 3855 vitam,
2803 3792 2898 3847 sed
2924 3803 3241 3862 perpetuam
3272 3805 3518 3865 resurget

1932 3879 1999 3934 ad
2031 3886 2281 3933 mortem.
2324 3878 2432 3934 Sed
2465 3888 2521 3934 et
2555 3880 2934 3937 hazreticorum
2962 3880 3156 3937 domus
3190 3884 3317 3953 quia
3355 3899 3520 3954 super

1933 3987 2153 4027 arenam
2182 3973 2536 4039 construitur,
2563 3975 2729 4031 etiam
2758 3991 2879 4032 cum
2907 3984 3053 4032 stare
3078 3978 3308 4039 videtur,
3350 3979 3522 4047 vergit

1934 4061 1989 4116 in
2019 4076 2230 4126 casum,
2262 4062 2482 4132 suisque
2501 4064 2796 4121 crementis
2820 4066 2976 4137 quasi
3004 4066 3329 4135 quibusdam
3357 4067 3520 4122 semi-

1938 4154 2006 4208 tis
2030 4154 2097 4207 ad
2127 4152 2414 4223 impiorum
2444 4156 2741 4221 consortia,
2772 4156 2825 4211 id
2851 4167 2956 4223 est,
2991 4157 3059 4212 ad
3086 4156 3374 4226 spirituum
3403 4164 3521 4211 ten-

1937 4243 2015 4297 dit
2042 4252 2311 4298 tormenta
2341 4244 2721 4316 malignorum.

2008 4335 2202 4392 Omnes
2237 4338 2325 4409 qui
2359 4339 2725 4409 ingrediuntur
2747 4340 2817 4394 ad
2853 4355 3001 4405 eam,
3037 4355 3145 4409 non
3180 4347 3520 4401 revertentur,

1939 4445 2031 4483 nec
2064 4430 2448 4499 appreltendent
2487 4428 2695 4484 semitas
2733 4432 2870 4485 vita.
2909 4431 2991 4484 Ad
3032 4444 3151 4484 eam
3184 4430 3252 4484 ad
3290 4436 3519 4483 mortem

1939 4518 2100 4584 dicit,
2140 4536 2247 4577 non
2285 4520 2353 4574 ad
2392 4518 2706 4585 mulierem,
2746 4527 2927 4589 potest
2961 4519 3105 4574 enim
3139 4519 3231 4590 qui
3267 4517 3525 4574 adultera:

237 4579 525 4663 sebi-esas.
554 4579 787 4678 Pulchre
821 4607 1002 4663 itineri
1026 4600 1190 4662 recto
1232 4605 1351 4661 vias
1377 4579 1693 4661 tenebrosus
1740 4616 1836 4670 op-
1868 4579 1913 4636 Ι)
1942 4579 2146 4663 mixtus
2171 4617 2276 4673 est,
2309 4608 2536 4664 Domino
2557 4579 2807 4680 juvante,
2836 4611 3033 4666 reverti
3064 4625 3131 4666 ac
3154 4579 3322 4667 vitam
3350 4610 3523 4682 pleni-

233 4699 459 4768 posuit,
485 4698 615 4769 quia
648 4698 903 4754 nimirum
927 4698 1032 4754 iter
1060 4703 1221 4753 rectae
1247 4694 1476 4753 actionis
1499 4695 1551 4748 in
1578 4693 1695 4748 luce
1716 4706 1839 4761 per-

232 4790 455 4861 agitur,
503 4797 669 4861 atque
713 4790 782 4845 ad
824 4788 960 4845 lucis
1004 4802 1251 4860 supernae
1287 4786 1482 4858 gaudia
1533 4785 1699 4841 ducit.
1744 4784 1838 4849 At,

233 4880 402 4935 sicut
420 4879 498 4934 ait
521 4879 805 4945 Dominus,
831 4879 998 4934 omnis
1017 4878 1105 4950 qui
1126 4877 1268 4932 mala
1294 4877 1421 4949 agit,
1445 4875 1555 4930 odit
1578 4874 1767 4939 lucem,
1792 4882 1840 4929 et

230 4985 370 5025 non
412 4970 547 5026 venit
589 4970 660 5024 ad
706 4968 874 5025 lucem
896 5010 910 5036 ,
956 4978 1012 5023 ut
1053 4986 1157 5024 non
1190 4978 1483 5040 arguantur
1524 4968 1642 5039 ejus
1683 4984 1842 5039 opera

236 5060 316 5134 (1
320 5077 442 5116 oon.
469 5059 574 5135 Ill),
605 5068 662 5117 et
683 5060 808 5117 talis
829 5060 988 5117 linem
1010 5059 1371 5116 exterioribus
1397 5058 1656 5115 sortietur
1679 5059 1732 5113 in
1761 5067 1840 5113 te-

235 5151 471 5214 nebris.

337 5242 441 5310 Qui
468 5241 716 5299 (alantur
745 5258 865 5297 cum
896 5243 1033 5297 male
1062 5242 1307 5313 fecerint,
1341 5249 1390 5295 et
1419 5240 1655 5296 exultant
1682 5244 1736 5294 in
1763 5256 1843 5294 re-

228 5335 359 5393 bus
382 5336 641 5409 pessimis.
677 5335 804 5391 Ideo
830 5334 970 5390 mala
997 5335 1256 5391 facientes
1287 5333 1566 5399 exultant,
1596 5333 1724 5403 quia
1748 5349 1845 5404 per

230 5430 381 5486 vias
409 5429 725 5491 tenebrosas
751 5427 1062 5493 ambulant,
1096 5436 1152 5482 et
1188 5426 1437 5483 nesciunt
1464 5441 1573 5497 quo
1607 5435 1753 5481 eaut.
1785 5425 1843 5481 Si

226 5522 431 5588 exaltu,
457 5521 587 5592 quia
614 5522 681 5577 ad
707 5537 923 5593 pinnam
962 5521 1208 5586 tendunt,
1247 5523 1574 5591 aspicerent,
1601 5536 1843 5591 gressum

230 5613 450 5685 utique
482 5614 799 5670 cohiberent
832 5614 1155 5684 noxiamque
1194 5613 1432 5670 laetitiam
1476 5613 1679 5670 salubri
1720 5613 1846 5671 lletu

235 5705 594 5777 castigat-ent
605 5742 620 5758 .

348 5792 407 5847 Ut
448 5794 656 5851 eruaris
703 5811 736 5849 a
773 5793 989 5851 muliere
1021 5794 1195 5852 aliena
1236 5803 1284 5849 et
1333 5795 1396 5849 ab
1435 5804 1683 5851 extranea
1730 5810 1846 5864 qua:

1942 4697 2104 4751 tendo
2132 4697 2327 4752 mereri
2358 4714 2371 4750 :
2400 4705 2578 4767 potest
2599 4697 2695 4767 qui
2723 4698 2915 4754 haeresi
2940 4699 3179 4769 pollutus
3194 4708 3282 4755 est
3305 4700 3524 4770 resipis-

1942 4788 2114 4843 cendo
2147 4788 2325 4843 redire
2349 4789 2418 4845 ad
2444 4787 2694 4853 salutem.
2722 4788 2790 4844 At
2815 4791 2906 4860 qui
2936 4791 3102 4847 seutel
3120 4800 3322 4847 aeterna
3350 4801 3524 4846 morte

1943 4890 2131 4950 raptus
2163 4889 2248 4936 est
2266 4921 2282 4945 ,
2313 4896 2595 4951 nunquam
2620 4882 2794 4938 rediet
2831 4883 2898 4939 ad
2926 4884 3067 4939 viam
3095 4899 3215 4954 quae
3240 4883 3407 4938 vitam
3430 4899 3526 4953 pe-

1943 4978 2023 5025 tat
2055 4971 2356 5027 beatorum.
2395 4971 2550 5040 Quod
2591 4982 2783 5029 contra
2811 4973 3166 5047 Origenianos
3198 4974 3416 5045 proprie
3437 4973 3522 5027 di-

1947 5073 2093 5119 ctum
2121 5071 2233 5128 est,
2257 5066 2355 5135 qui
2384 5064 2655 5121 haereticis
2678 5065 3054 5122 meretricibus
3087 5065 3402 5134 cunctisque
3427 5062 3519 5117 lla-

1947 5156 2200 5229 gitiorum
2231 5157 2421 5223 turbis,
2448 5166 2503 5211 et
2526 5158 2747 5227 insuper
2772 5157 2874 5228 ipsi
2902 5155 3117 5212 diabolo
3139 5164 3301 5224 atque
3323 5154 3531 5226 angelis

1947 5244 2066 5316 ejus
2101 5255 2224 5317 post
2277 5247 2563 5302 innumera
2604 5249 2730 5304 licet
2765 5247 2963 5318 expleti
2994 5244 3317 5301 universalis
3336 5244 3524 5315 iudicii

1950 5347 2223 5407 tempora,
2270 5339 2641 5394 remissionem
2677 5338 2943 5393 scelerum
2970 5377 2986 5403 ,
3023 5336 3304 5406 vitamque
3340 5350 3407 5391 ac
3444 5351 3528 5390 re»

1949 5444 2114 5500 gnum
2156 5428 2479 5498 promittunt
2514 5429 2568 5483 in
2611 5428 2783 5485 ccelis.
2827 5425 2964 5482 Male
3003 5426 3361 5497 intelligentes
3397 5425 3529 5481 illud

1946 5518 2100 5576 lsaim
2136 5535 2149 5571 :
2197 5517 2265 5571 Et
2304 5516 2618 5573 claudentur
2658 5517 2806 5587 impii
2843 5518 2900 5570 in
2937 5530 3179 5581 carcere,
3204 5524 3251 5569 et
3280 5524 3395 5586 post
3418 5515 3529 5569 dies

1948 5611 2140 5667 multos
2161 5608 2506 5665 uisitabantur
2528 5607 2663 5680 (Isa.
2689 5608 2865 5681 ntv),
2884 5608 3040 5679 quasi
3065 5604 3188 5678 post
3204 5608 3379 5663 multa
3400 5616 3535 5663 tem-

1950 5719 2081 5775 pora
2106 5700 2379 5757 terruiuati
2399 5699 2587 5771 judicii
2616 5700 2904 5756 salvandos
2928 5698 3125 5755 dixerit
3149 5698 3345 5769 impios
3362 5738 3377 5765 ,
3406 5714 3529 5754 cum

1946 5793 2036 5851 ille
2065 5812 2096 5851 e
2119 5802 2304 5849 contra
2332 5791 2531 5847 nullam
2559 5792 2639 5849 eis
2674 5790 2900 5848 salutem
2931 5791 3161 5856 tribuat,
3198 5790 3292 5846 sed
3316 5804 3411 5845 eos
3435 5790 3527 5857 qui
