  <div class='ocr_page' id='page_1' title='image "/cluster/home/n/w/nwhite01/storage/ocr_20150623/111/hvd.32044054759766/351.png"; bbox 0 0 3962 6198; ppageno 0'>
   <div class='ocr_carea' id='block_1_1' title="bbox 480 432 576 488">
    <p class='ocr_par' dir='ltr' id='par_1_1' title="bbox 480 432 576 488">
     <span class='ocr_line' id='line_1_1' title="bbox 480 432 576 488; baseline 0 -1"><span class='ocrx_word' id='word_1_1' title='bbox 480 432 576 488; x_wconf 74' lang='grc'>691</span> 
     </span>
    </p>
   </div>
   <div class='ocr_carea' id='block_1_2' title="bbox 1114 429 3678 491">
    <p class='ocr_par' dir='ltr' id='par_1_2' title="bbox 1114 429 3678 491">
     <span class='ocr_line' id='line_1_2' title="bbox 1114 429 3678 491; baseline 0.003 -9"><span class='ocrx_word' id='word_1_2' title='bbox 1114 430 1175 483; x_wconf 86' lang='grc' dir='ltr'><strong>Β.</strong></span> <span class='ocrx_word' id='word_1_3' title='bbox 1214 429 1466 485; x_wconf 73' lang='lat' dir='ltr'><strong>RABANI</strong></span> <span class='ocrx_word' id='word_1_4' title='bbox 1502 430 1718 487; x_wconf 81' lang='lat' dir='ltr'><strong>MAURl</strong></span> <span class='ocrx_word' id='word_1_5' title='bbox 1758 429 2071 483; x_wconf 78' lang='lat' dir='ltr'><strong>ABCHIEP.</strong></span> <span class='ocrx_word' id='word_1_6' title='bbox 2116 429 2423 487; x_wconf 76' lang='lat' dir='ltr'><strong>MOGUNT.</strong></span> <span class='ocrx_word' id='word_1_7' title='bbox 2466 430 2746 486; x_wconf 76' lang='lat' dir='ltr'><strong>OPERUM</strong></span> <span class='ocrx_word' id='word_1_8' title='bbox 2786 431 2961 487; x_wconf 76' lang='lat' dir='ltr'><strong>PARS</strong></span> <span class='ocrx_word' id='word_1_9' title='bbox 2998 431 3081 485; x_wconf 91' lang='lat' dir='ltr'><strong>Ill.</strong></span> <span class='ocrx_word' id='word_1_10' title='bbox 3568 430 3678 491; x_wconf 57' lang='grc' dir='ltr'>δη</span> 
     </span>
    </p>
   </div>
   <div class='ocr_carea' id='block_1_3' title="bbox 478 540 3659 615">
    <p class='ocr_par' dir='ltr' id='par_1_3' title="bbox 478 540 3659 615">
     <span class='ocr_line' id='line_1_3' title="bbox 478 540 3659 615; baseline 0.002 -14"><span class='ocrx_word' id='word_1_11' title='bbox 478 548 583 602; x_wconf 84' lang='lat' dir='ltr'><strong>hoc</strong></span> <span class='ocrx_word' id='word_1_12' title='bbox 608 553 849 613; x_wconf 84' lang='lat' dir='ltr'><strong>tempore</strong></span> <span class='ocrx_word' id='word_1_13' title='bbox 892 542 1083 597; x_wconf 88' lang='lat' dir='ltr'><strong>mortis</strong></span> <span class='ocrx_word' id='word_1_14' title='bbox 1124 556 1227 611; x_wconf 89' lang='lat' dir='ltr'><strong>per</strong></span> <span class='ocrx_word' id='word_1_15' title='bbox 1261 542 1636 597; x_wconf 76' lang='lat' dir='ltr'><strong>enormitatem</strong></span> <span class='ocrx_word' id='word_1_16' title='bbox 1685 540 2005 613; x_wconf 79' lang='lat' dir='ltr'><strong>ﬂagitiorum</strong></span> <span class='ocrx_word' id='word_1_17' title='bbox 2033 582 2047 605; x_wconf 93' lang='lat'><strong>,</strong></span> <span class='ocrx_word' id='word_1_18' title='bbox 2078 546 2128 602; x_wconf 82' lang='grc' dir='ltr'>Α</span> <span class='ocrx_word' id='word_1_19' title='bbox 2151 544 2241 613; x_wconf 89' lang='lat' dir='ltr'><strong>qui</strong></span> <span class='ocrx_word' id='word_1_20' title='bbox 2258 554 2432 598; x_wconf 88' lang='lat' dir='ltr'><strong>autem</strong></span> <span class='ocrx_word' id='word_1_21' title='bbox 2452 561 2536 599; x_wconf 85' lang='lat' dir='ltr'><strong>me</strong></span> <span class='ocrx_word' id='word_1_22' title='bbox 2554 546 2779 600; x_wconf 77' lang='lat' dir='ltr'><strong>audierit</strong></span> <span class='ocrx_word' id='word_1_23' title='bbox 2804 547 2992 615; x_wconf 85' lang='lat' dir='ltr'><strong>absque</strong></span> <span class='ocrx_word' id='word_1_24' title='bbox 3008 559 3204 600; x_wconf 86' lang='lat' dir='ltr'><strong>terrore</strong></span> <span class='ocrx_word' id='word_1_25' title='bbox 3223 551 3443 615; x_wconf 79' lang='lat' dir='ltr'><strong>quiescet.</strong></span> <span class='ocrx_word' id='word_1_26' title='bbox 3466 549 3659 607; x_wconf 83' lang='lat' dir='ltr'><strong>Possunt</strong></span> 
     </span>
    </p>
   </div>
   <div class='ocr_carea' id='block_1_4' title="bbox 479 632 2053 700">
    <p class='ocr_par' dir='ltr' id='par_1_4' title="bbox 479 632 2053 700">
     <span class='ocr_line' id='line_1_4' title="bbox 479 632 2053 700; baseline -0.002 -12"><span class='ocrx_word' id='word_1_27' title='bbox 479 633 654 688; x_wconf 62' lang='lat' dir='ltr'><strong>errandi</strong></span> <span class='ocrx_word' id='word_1_28' title='bbox 693 640 970 687; x_wconf 82' lang='lat' dir='ltr'><strong>merentur</strong></span> <span class='ocrx_word' id='word_1_29' title='bbox 1010 632 1063 684; x_wconf 76' lang='lat' dir='ltr'><strong>in</strong></span> <span class='ocrx_word' id='word_1_30' title='bbox 1098 646 1316 686; x_wconf 77' lang='lat' dir='ltr'><strong>carcere</strong></span> <span class='ocrx_word' id='word_1_31' title='bbox 1346 646 1625 700; x_wconf 64' lang='lat' dir='ltr'><strong>pinnarum</strong></span> <span class='ocrx_word' id='word_1_32' title='bbox 1647 672 1660 695; x_wconf 93' lang='lat'><strong>,</strong></span> <span class='ocrx_word' id='word_1_33' title='bbox 1692 640 1930 699; x_wconf 88' lang='lat' dir='ltr'><strong>tempore</strong></span> <span class='ocrx_word' id='word_1_34' title='bbox 1967 645 2053 685; x_wconf 88' lang='lat' dir='ltr'><strong>re-</strong></span> 
     </span>
    </p>
   </div>
   <div class='ocr_carea' id='block_1_5' title="bbox 478 719 2050 791">
    <p class='ocr_par' dir='ltr' id='par_1_5' title="bbox 478 719 2050 791">
     <span class='ocr_line' id='line_1_5' title="bbox 478 719 2050 791; baseline -0.003 -14"><span class='ocrx_word' id='word_1_35' title='bbox 478 722 833 778; x_wconf 85' lang='lat' dir='ltr'><strong>surrectionis</strong></span> <span class='ocrx_word' id='word_1_36' title='bbox 871 722 940 776; x_wconf 90' lang='lat' dir='ltr'><strong>ad</strong></span> <span class='ocrx_word' id='word_1_37' title='bbox 976 720 1243 775; x_wconf 87' lang='lat' dir='ltr'><strong>modicum</strong></span> <span class='ocrx_word' id='word_1_38' title='bbox 1278 721 1574 775; x_wconf 89' lang='lat' dir='ltr'><strong>visitandos</strong></span> <span class='ocrx_word' id='word_1_39' title='bbox 1610 719 1901 791; x_wconf 82' lang='lat' dir='ltr'><strong>signiﬁcet,</strong></span> <span class='ocrx_word' id='word_1_40' title='bbox 1931 729 2050 773; x_wconf 87' lang='lat' dir='ltr'><strong>tan-</strong></span> 
     </span>
    </p>
   </div>
   <div class='ocr_carea' id='block_1_6' title="bbox 478 811 2051 882">
    <p class='ocr_par' dir='ltr' id='par_1_6' title="bbox 478 811 2051 882">
     <span class='ocr_line' id='line_1_6' title="bbox 478 811 2051 882; baseline -0.003 -14"><span class='ocrx_word' id='word_1_41' title='bbox 478 825 594 868; x_wconf 86' lang='lat' dir='ltr'><strong>tum</strong></span> <span class='ocrx_word' id='word_1_42' title='bbox 628 821 690 869; x_wconf 88' lang='lat' dir='ltr'><strong>ut</strong></span> <span class='ocrx_word' id='word_1_43' title='bbox 723 814 954 882; x_wconf 78' lang='lat' dir='ltr'><strong>receptis</strong></span> <span class='ocrx_word' id='word_1_44' title='bbox 987 811 1302 882; x_wconf 85' lang='lat' dir='ltr'><strong>corporibus</strong></span> <span class='ocrx_word' id='word_1_45' title='bbox 1337 813 1390 867; x_wconf 86' lang='lat' dir='ltr'><strong>in</strong></span> <span class='ocrx_word' id='word_1_46' title='bbox 1420 812 1625 882; x_wconf 88' lang='lat' dir='ltr'><strong>judicio</strong></span> <span class='ocrx_word' id='word_1_47' title='bbox 1659 812 1875 882; x_wconf 80' lang='lat' dir='ltr'><strong>gravius</strong></span> <span class='ocrx_word' id='word_1_48' title='bbox 1900 813 2051 866; x_wconf 87' lang='lat' dir='ltr'><strong>dam-</strong></span> 
     </span>
    </p>
   </div>
   <div class='ocr_carea' id='block_1_7' title="bbox 478 899 2053 971">
    <p class='ocr_par' dir='ltr' id='par_1_7' title="bbox 478 899 2053 971">
     <span class='ocr_line' id='line_1_7' title="bbox 478 899 2053 971; baseline -0.003 -12"><span class='ocrx_word' id='word_1_49' title='bbox 478 912 694 968; x_wconf 82' lang='lat' dir='ltr'><strong>nentur,</strong></span> <span class='ocrx_word' id='word_1_50' title='bbox 715 912 773 958; x_wconf 89' lang='lat' dir='ltr'><strong>et</strong></span> <span class='ocrx_word' id='word_1_51' title='bbox 791 902 1051 957; x_wconf 90' lang='lat' dir='ltr'><strong>continuo</strong></span> <span class='ocrx_word' id='word_1_52' title='bbox 1075 910 1195 971; x_wconf 91' lang='lat' dir='ltr'><strong>post</strong></span> <span class='ocrx_word' id='word_1_53' title='bbox 1209 899 1469 969; x_wconf 77' lang='lat' dir='ltr'><strong>judicium</strong></span> <span class='ocrx_word' id='word_1_54' title='bbox 1494 901 1848 956; x_wconf 87' lang='lat' dir='ltr'><strong>atrocioribus</strong></span> <span class='ocrx_word' id='word_1_55' title='bbox 1868 917 2053 971; x_wconf 85' lang='lat' dir='ltr'><strong>perpe-</strong></span> 
     </span>
    </p>
   </div>
   <div class='ocr_carea' id='block_1_8' title="bbox 478 989 2051 1061">
    <p class='ocr_par' dir='ltr' id='par_1_8' title="bbox 478 989 2051 1061">
     <span class='ocr_line' id='line_1_8' title="bbox 478 989 2051 1061; baseline 0 -16"><span class='ocrx_word' id='word_1_56' title='bbox 478 1002 569 1046; x_wconf 87' lang='lat' dir='ltr'><strong>tuo</strong></span> <span class='ocrx_word' id='word_1_57' title='bbox 610 991 954 1046; x_wconf 83' lang='lat' dir='ltr'><strong>recludantur</strong></span> <span class='ocrx_word' id='word_1_58' title='bbox 985 990 1040 1044; x_wconf 91' lang='lat' dir='ltr'><strong>in</strong></span> <span class='ocrx_word' id='word_1_59' title='bbox 1076 989 1271 1061; x_wconf 67' lang='lat' dir='ltr'><strong>paruis.</strong></span> <span class='ocrx_word' id='word_1_60' title='bbox 1308 989 1568 1057; x_wconf 78' lang='lat' dir='ltr'><strong>Quamvis</strong></span> <span class='ocrx_word' id='word_1_61' title='bbox 1600 990 1761 1046; x_wconf 86' lang='lat' dir='ltr'><strong>etiam</strong></span> <span class='ocrx_word' id='word_1_62' title='bbox 1805 991 1879 1044; x_wconf 89' lang='lat' dir='ltr'><strong>ita</strong></span> <span class='ocrx_word' id='word_1_63' title='bbox 1906 999 2051 1045; x_wconf 89' lang='lat' dir='ltr'><strong>recte</strong></span> 
     </span>
    </p>
   </div>
   <div class='ocr_carea' id='block_1_9' title="bbox 473 1081 2049 1153">
    <p class='ocr_par' dir='ltr' id='par_1_9' title="bbox 473 1081 2049 1153">
     <span class='ocr_line' id='line_1_9' title="bbox 473 1081 2049 1153; baseline -0.001 -15"><span class='ocrx_word' id='word_1_64' title='bbox 473 1091 649 1153; x_wconf 73' lang='lat' dir='ltr'><strong>pateat</strong></span> <span class='ocrx_word' id='word_1_65' title='bbox 688 1082 890 1152; x_wconf 82' lang='lat' dir='ltr'><strong>accipi,</strong></span> <span class='ocrx_word' id='word_1_66' title='bbox 926 1096 1116 1136; x_wconf 88' lang='lat' dir='ltr'><strong>omnes</strong></span> <span class='ocrx_word' id='word_1_67' title='bbox 1151 1082 1244 1150; x_wconf 84' lang='lat' dir='ltr'><strong>qui</strong></span> <span class='ocrx_word' id='word_1_68' title='bbox 1283 1081 1656 1152; x_wconf 89' lang='lat' dir='ltr'><strong>ingrediuntur</strong></span> <span class='ocrx_word' id='word_1_69' title='bbox 1690 1083 1759 1136; x_wconf 91' lang='lat' dir='ltr'><strong>ad</strong></span> <span class='ocrx_word' id='word_1_70' title='bbox 1800 1099 1954 1150; x_wconf 85' lang='lat' dir='ltr'><strong>eam,</strong></span> <span class='ocrx_word' id='word_1_71' title='bbox 1994 1083 2049 1137; x_wconf 87' lang='lat' dir='ltr'><strong>id</strong></span> 
     </span>
    </p>
   </div>
   <div class='ocr_carea' id='block_1_10' title="bbox 473 1173 2052 1242">
    <p class='ocr_par' dir='ltr' id='par_1_10' title="bbox 473 1173 2052 1242">
     <span class='ocr_line' id='line_1_10' title="bbox 473 1173 2052 1242; baseline -0.003 -11"><span class='ocrx_word' id='word_1_72' title='bbox 473 1183 574 1241; x_wconf 82' lang='lat' dir='ltr'><strong>est,</strong></span> <span class='ocrx_word' id='word_1_73' title='bbox 602 1175 672 1229; x_wconf 89' lang='lat' dir='ltr'><strong>ad</strong></span> <span class='ocrx_word' id='word_1_74' title='bbox 705 1174 1067 1239; x_wconf 87' lang='lat' dir='ltr'><strong>meretricem,</strong></span> <span class='ocrx_word' id='word_1_75' title='bbox 1096 1174 1210 1229; x_wconf 84' lang='lat' dir='ltr'><strong>sive</strong></span> <span class='ocrx_word' id='word_1_76' title='bbox 1236 1174 1304 1228; x_wconf 92' lang='lat' dir='ltr'><strong>ad</strong></span> <span class='ocrx_word' id='word_1_77' title='bbox 1329 1174 1544 1228; x_wconf 90' lang='lat' dir='ltr'><strong>domum</strong></span> <span class='ocrx_word' id='word_1_78' title='bbox 1570 1173 1704 1242; x_wconf 84' lang='lat' dir='ltr'><strong>ejus,</strong></span> <span class='ocrx_word' id='word_1_79' title='bbox 1734 1188 1840 1226; x_wconf 89' lang='lat' dir='ltr'><strong>non</strong></span> <span class='ocrx_word' id='word_1_80' title='bbox 1868 1188 2052 1228; x_wconf 89' lang='lat' dir='ltr'><strong>rever-</strong></span> 
     </span>
    </p>
   </div>
   <div class='ocr_carea' id='block_1_11' title="bbox 476 1262 2046 1336">
    <p class='ocr_par' dir='ltr' id='par_1_11' title="bbox 476 1262 2046 1336">
     <span class='ocr_line' id='line_1_11' title="bbox 476 1262 2046 1336; baseline -0.002 -16"><span class='ocrx_word' id='word_1_81' title='bbox 476 1274 676 1331; x_wconf 82' lang='lat' dir='ltr'><strong>tentur,</strong></span> <span class='ocrx_word' id='word_1_82' title='bbox 703 1265 829 1336; x_wconf 87' lang='lat' dir='ltr'><strong>quia</strong></span> <span class='ocrx_word' id='word_1_83' title='bbox 851 1272 1114 1335; x_wconf 83' lang='lat' dir='ltr'><strong>quantum</strong></span> <span class='ocrx_word' id='word_1_84' title='bbox 1139 1263 1333 1319; x_wconf 79' lang='lat' dir='ltr'><strong>attinet</strong></span> <span class='ocrx_word' id='word_1_85' title='bbox 1360 1264 1426 1318; x_wconf 91' lang='lat' dir='ltr'><strong>ad</strong></span> <span class='ocrx_word' id='word_1_86' title='bbox 1448 1273 1717 1328; x_wconf 89' lang='lat' dir='ltr'><strong>naturam,</strong></span> <span class='ocrx_word' id='word_1_87' title='bbox 1744 1262 1923 1331; x_wconf 88' lang='lat' dir='ltr'><strong>iniqua</strong></span> <span class='ocrx_word' id='word_1_88' title='bbox 1951 1278 2046 1318; x_wconf 88' lang='lat' dir='ltr'><strong>sua</strong></span> 
     </span>
    </p>
   </div>
   <div class='ocr_carea' id='block_1_12' title="bbox 472 1354 2046 1425">
    <p class='ocr_par' dir='ltr' id='par_1_12' title="bbox 472 1354 2046 1425">
     <span class='ocr_line' id='line_1_12' title="bbox 472 1354 2046 1425; baseline -0.001 -15"><span class='ocrx_word' id='word_1_89' title='bbox 472 1356 748 1411; x_wconf 76' lang='lat' dir='ltr'><strong>voluntate</strong></span> <span class='ocrx_word' id='word_1_90' title='bbox 775 1355 1124 1425; x_wconf 85' lang='lat' dir='ltr'><strong>depravatam</strong></span> <span class='ocrx_word' id='word_1_91' title='bbox 1153 1370 1430 1410; x_wconf 88' lang='lat' dir='ltr'><strong>recursum</strong></span> <span class='ocrx_word' id='word_1_92' title='bbox 1453 1369 1549 1423; x_wconf 91' lang='lat' dir='ltr'><strong>per</strong></span> <span class='ocrx_word' id='word_1_93' title='bbox 1569 1354 1909 1424; x_wconf 75' lang='lat' dir='ltr'><strong>semetipsum</strong></span> <span class='ocrx_word' id='word_1_94' title='bbox 1940 1369 2046 1409; x_wconf 90' lang='lat' dir='ltr'><strong>non</strong></span> 
     </span>
    </p>
   </div>
   <div class='ocr_carea' id='block_1_13' title="bbox 471 1444 2049 1518">
    <p class='ocr_par' dir='ltr' id='par_1_13' title="bbox 471 1444 2049 1518">
     <span class='ocr_line' id='line_1_13' title="bbox 471 1444 2049 1518; baseline -0.005 -15"><span class='ocrx_word' id='word_1_95' title='bbox 471 1448 658 1514; x_wconf 88' lang='lat' dir='ltr'><strong>habet,</strong></span> <span class='ocrx_word' id='word_1_96' title='bbox 683 1446 780 1503; x_wconf 84' lang='lat' dir='ltr'><strong>sed</strong></span> <span class='ocrx_word' id='word_1_97' title='bbox 813 1461 911 1518; x_wconf 88' lang='lat' dir='ltr'><strong>per</strong></span> <span class='ocrx_word' id='word_1_98' title='bbox 942 1446 1037 1501; x_wconf 89' lang='lat' dir='ltr'><strong>Dei</strong></span> <span class='ocrx_word' id='word_1_99' title='bbox 1063 1447 1289 1517; x_wconf 83' lang='lat' dir='ltr'><strong>gratiam</strong></span> <span class='ocrx_word' id='word_1_100' title='bbox 1318 1460 1423 1514; x_wconf 88' lang='lat' dir='ltr'><strong>qua</strong></span> <span class='ocrx_word' id='word_1_101' title='bbox 1450 1444 1736 1514; x_wconf 82' lang='lat' dir='ltr'><strong>adjuvatur</strong></span> <span class='ocrx_word' id='word_1_102' title='bbox 1763 1453 1820 1500; x_wconf 92' lang='lat' dir='ltr'><strong>et</strong></span> <span class='ocrx_word' id='word_1_103' title='bbox 1846 1445 2049 1497; x_wconf 86' lang='lat' dir='ltr'><strong>instau-</strong></span> 
     </span>
    </p>
   </div>
   <div class='ocr_carea' id='block_1_14' title="bbox 470 1520 2047 1604">
    <p class='ocr_par' dir='ltr' id='par_1_14' title="bbox 470 1520 2047 1604">
     <span class='ocr_line' id='line_1_14' title="bbox 470 1520 2047 1604; baseline -0.004 -12"><span class='ocrx_word' id='word_1_104' title='bbox 470 1547 623 1592; x_wconf 85' lang='lat' dir='ltr'><strong>ratur</strong></span> <span class='ocrx_word' id='word_1_105' title='bbox 646 1545 706 1592; x_wconf 88' lang='lat' dir='ltr'><strong>ut</strong></span> <span class='ocrx_word' id='word_1_106' title='bbox 742 1537 965 1591; x_wconf 83' lang='lat' dir='ltr'><strong>semitas</strong></span> <span class='ocrx_word' id='word_1_107' title='bbox 1002 1535 1127 1590; x_wconf 72' lang='lat' dir='ltr'><strong>vita:</strong></span> <span class='ocrx_word' id='word_1_108' title='bbox 1160 1520 1545 1604; x_wconf 79' lang='lat' dir='ltr'><strong>apprehendat.</strong></span> <span class='ocrx_word' id='word_1_109' title='bbox 1589 1532 1937 1603; x_wconf 87' lang='lat' dir='ltr'><strong>Designatum</strong></span> <span class='ocrx_word' id='word_1_110' title='bbox 1963 1539 2047 1586; x_wconf 89' lang='lat' dir='ltr'><strong>est</strong></span> 
     </span>
    </p>
   </div>
   <div class='ocr_carea' id='block_1_15' title="bbox 468 1623 2048 1697">
    <p class='ocr_par' dir='ltr' id='par_1_15' title="bbox 468 1623 2048 1697">
     <span class='ocr_line' id='line_1_15' title="bbox 468 1623 2048 1697; baseline -0.006 -12"><span class='ocrx_word' id='word_1_111' title='bbox 468 1631 610 1685; x_wconf 81' lang='lat' dir='ltr'><strong>enim</strong></span> <span class='ocrx_word' id='word_1_112' title='bbox 637 1630 741 1684; x_wconf 87' lang='lat' dir='ltr'><strong>hoc</strong></span> <span class='ocrx_word' id='word_1_113' title='bbox 765 1628 910 1683; x_wconf 90' lang='lat' dir='ltr'><strong>dicto</strong></span> <span class='ocrx_word' id='word_1_114' title='bbox 936 1628 1148 1697; x_wconf 82' lang='lat' dir='ltr'><strong>pondus</strong></span> <span class='ocrx_word' id='word_1_115' title='bbox 1175 1624 1490 1694; x_wconf 87' lang='lat' dir='ltr'><strong>iniquitatis,</strong></span> <span class='ocrx_word' id='word_1_116' title='bbox 1519 1633 1579 1678; x_wconf 89' lang='lat' dir='ltr'><strong>ut</strong></span> <span class='ocrx_word' id='word_1_117' title='bbox 1605 1638 1730 1678; x_wconf 89' lang='lat' dir='ltr'><strong>cum</strong></span> <span class='ocrx_word' id='word_1_118' title='bbox 1759 1623 2048 1677; x_wconf 84' lang='lat' dir='ltr'><strong>revertitur</strong></span> 
     </span>
    </p>
   </div>
   <div class='ocr_carea' id='block_1_16' title="bbox 472 1714 2043 1789">
    <p class='ocr_par' dir='ltr' id='par_1_16' title="bbox 472 1714 2043 1789">
     <span class='ocr_line' id='line_1_16' title="bbox 472 1714 2043 1789; baseline -0.003 -16"><span class='ocrx_word' id='word_1_119' title='bbox 472 1720 594 1789; x_wconf 86' lang='lat' dir='ltr'><strong>quis</strong></span> <span class='ocrx_word' id='word_1_120' title='bbox 620 1735 725 1773; x_wconf 89' lang='lat' dir='ltr'><strong>non</strong></span> <span class='ocrx_word' id='word_1_121' title='bbox 761 1719 863 1774; x_wconf 87' lang='lat' dir='ltr'><strong>sibi</strong></span> <span class='ocrx_word' id='word_1_122' title='bbox 896 1719 1115 1783; x_wconf 86' lang='lat' dir='ltr'><strong>tribuat,</strong></span> <span class='ocrx_word' id='word_1_123' title='bbox 1144 1716 1234 1772; x_wconf 88' lang='lat' dir='ltr'><strong>sed</strong></span> <span class='ocrx_word' id='word_1_124' title='bbox 1262 1716 1452 1787; x_wconf 72' lang='lat' dir='ltr'><strong>gratia:</strong></span> <span class='ocrx_word' id='word_1_125' title='bbox 1478 1714 1601 1779; x_wconf 89' lang='lat' dir='ltr'><strong>Dei,</strong></span> <span class='ocrx_word' id='word_1_126' title='bbox 1635 1730 1740 1768; x_wconf 83' lang='lat' dir='ltr'><strong>non</strong></span> <span class='ocrx_word' id='word_1_127' title='bbox 1771 1729 1836 1769; x_wconf 83' lang='lat' dir='ltr'><strong>ex</strong></span> <span class='ocrx_word' id='word_1_128' title='bbox 1864 1714 2043 1784; x_wconf 89' lang='lat' dir='ltr'><strong>operi-</strong></span> 
     </span>
    </p>
   </div>
   <div class='ocr_carea' id='block_1_17' title="bbox 470 1808 1153 1877">
    <p class='ocr_par' dir='ltr' id='par_1_17' title="bbox 470 1808 1153 1877">
     <span class='ocr_line' id='line_1_17' title="bbox 470 1808 1153 1877; baseline -0.003 -13"><span class='ocrx_word' id='word_1_129' title='bbox 470 1810 594 1875; x_wconf 86' lang='lat' dir='ltr'><strong>bus,</strong></span> <span class='ocrx_word' id='word_1_130' title='bbox 622 1808 855 1864; x_wconf 81' lang='lat' dir='ltr'><strong>nel‘orte</strong></span> <span class='ocrx_word' id='word_1_131' title='bbox 877 1809 1153 1877; x_wconf 74' lang='lat' dir='ltr'><strong>glorietur.</strong></span> 
     </span>
    </p>
   </div>
   <div class='ocr_carea' id='block_1_18' title="bbox 2151 635 3660 709">
    <p class='ocr_par' dir='ltr' id='par_1_18' title="bbox 2151 635 3660 709">
     <span class='ocr_line' id='line_1_18' title="bbox 2151 635 3660 709; baseline 0.005 -21"><span class='ocrx_word' id='word_1_132' title='bbox 2151 649 2340 690; x_wconf 89' lang='lat' dir='ltr'><strong>versus</strong></span> <span class='ocrx_word' id='word_1_133' title='bbox 2363 635 2430 690; x_wconf 89' lang='lat' dir='ltr'><strong>de</strong></span> <span class='ocrx_word' id='word_1_134' title='bbox 2453 636 2648 705; x_wconf 85' lang='lat' dir='ltr'><strong>quibus</strong></span> <span class='ocrx_word' id='word_1_135' title='bbox 2672 638 2959 692; x_wconf 89' lang='lat' dir='ltr'><strong>novissime</strong></span> <span class='ocrx_word' id='word_1_136' title='bbox 2979 637 3375 707; x_wconf 85' lang='lat' dir='ltr'><strong>disputavimus,</strong></span> <span class='ocrx_word' id='word_1_137' title='bbox 3398 637 3459 691; x_wconf 89' lang='lat' dir='ltr'><strong>de</strong></span> <span class='ocrx_word' id='word_1_138' title='bbox 3476 641 3660 709; x_wconf 79' lang='lat' dir='ltr'><strong>antiquo</strong></span> 
     </span>
    </p>
   </div>
   <div class='ocr_carea' id='block_1_19' title="bbox 2152 723 3658 794">
    <p class='ocr_par' dir='ltr' id='par_1_19' title="bbox 2152 723 3658 794">
     <span class='ocr_line' id='line_1_19' title="bbox 2152 723 3658 794; baseline 0.003 -18"><span class='ocrx_word' id='word_1_139' title='bbox 2152 723 2244 777; x_wconf 85' lang='lat' dir='ltr'><strong>Dei</strong></span> <span class='ocrx_word' id='word_1_140' title='bbox 2281 724 2475 793; x_wconf 84' lang='lat' dir='ltr'><strong>populo</strong></span> <span class='ocrx_word' id='word_1_141' title='bbox 2513 724 2585 777; x_wconf 91' lang='lat' dir='ltr'><strong>ita</strong></span> <span class='ocrx_word' id='word_1_142' title='bbox 2627 725 2879 793; x_wconf 76' lang='lat' dir='ltr'><strong>intelligi,</strong></span> <span class='ocrx_word' id='word_1_143' title='bbox 2911 725 3033 794; x_wconf 89' lang='lat' dir='ltr'><strong>quia</strong></span> <span class='ocrx_word' id='word_1_144' title='bbox 3063 740 3183 779; x_wconf 90' lang='lat' dir='ltr'><strong>cum</strong></span> <span class='ocrx_word' id='word_1_145' title='bbox 3224 732 3358 779; x_wconf 89' lang='lat' dir='ltr'><strong>recte</strong></span> <span class='ocrx_word' id='word_1_146' title='bbox 3385 727 3588 791; x_wconf 81' lang='lat' dir='ltr'><strong>viveret,</strong></span> <span class='ocrx_word' id='word_1_147' title='bbox 3615 728 3658 781; x_wconf 92' lang='lat' dir='ltr'><strong>in</strong></span> 
     </span>
    </p>
   </div>
   <div class='ocr_carea' id='block_1_20' title="bbox 2151 814 3661 886">
    <p class='ocr_par' dir='ltr' id='par_1_20' title="bbox 2151 814 3661 886">
     <span class='ocr_line' id='line_1_20' title="bbox 2151 814 3661 886; baseline 0.001 -19"><span class='ocrx_word' id='word_1_148' title='bbox 2151 823 2293 868; x_wconf 85' lang='lat' dir='ltr'><strong>terra</strong></span> <span class='ocrx_word' id='word_1_149' title='bbox 2335 831 2430 869; x_wconf 87' lang='lat' dir='ltr'><strong>sua</strong></span> <span class='ocrx_word' id='word_1_150' title='bbox 2459 814 2687 870; x_wconf 81' lang='lat' dir='ltr'><strong>feliciter</strong></span> <span class='ocrx_word' id='word_1_151' title='bbox 2714 824 2989 881; x_wconf 89' lang='lat' dir='ltr'><strong>maneret,</strong></span> <span class='ocrx_word' id='word_1_152' title='bbox 3022 826 3078 871; x_wconf 92' lang='lat' dir='ltr'><strong>at</strong></span> <span class='ocrx_word' id='word_1_153' title='bbox 3102 831 3223 871; x_wconf 90' lang='lat' dir='ltr'><strong>cum</strong></span> <span class='ocrx_word' id='word_1_154' title='bbox 3258 825 3483 886; x_wconf 87' lang='lat' dir='ltr'><strong>peccaret</strong></span> <span class='ocrx_word' id='word_1_155' title='bbox 3512 827 3661 872; x_wconf 45' lang='lat' dir='ltr'><strong>exter-</strong></span> 
     </span>
    </p>
   </div>
   <div class='ocr_carea' id='block_1_21' title="bbox 2149 905 2831 963">
    <p class='ocr_par' dir='ltr' id='par_1_21' title="bbox 2149 905 2831 963">
     <span class='ocr_line' id='line_1_21' title="bbox 2149 905 2831 963; baseline 0.004 -6"><span class='ocrx_word' id='word_1_156' title='bbox 2149 905 2447 959; x_wconf 78' lang='lat' dir='ltr'><strong>minaretur</strong></span> <span class='ocrx_word' id='word_1_157' title='bbox 2471 907 2538 961; x_wconf 89' lang='lat' dir='ltr'><strong>ab</strong></span> <span class='ocrx_word' id='word_1_158' title='bbox 2564 906 2831 963; x_wconf 88' lang='lat' dir='ltr'><strong>hostibus.</strong></span> 
     </span>
    </p>
   </div>
   <div class='ocr_carea' id='block_1_22' title="bbox 2764 1037 3110 1094">
    <p class='ocr_par' dir='ltr' id='par_1_22' title="bbox 2764 1037 3110 1094">
     <span class='ocr_line' id='line_1_22' title="bbox 2764 1037 3110 1094; baseline -0.006 -1"><span class='ocrx_word' id='word_1_159' title='bbox 2764 1038 2991 1094; x_wconf 82' lang='lat' dir='ltr'><strong>CAPUT</strong></span> <span class='ocrx_word' id='word_1_160' title='bbox 3026 1037 3110 1091; x_wconf 93' lang='lat' dir='ltr'><strong>Ill.</strong></span> 
     </span>
    </p>
   </div>
   <div class='ocr_carea' id='block_1_23' title="bbox 2216 1165 3665 1239">
    <p class='ocr_par' dir='ltr' id='par_1_23' title="bbox 2216 1165 3665 1239">
     <span class='ocr_line' id='line_1_23' title="bbox 2216 1165 3665 1239; baseline 0.003 -20"><span class='ocrx_word' id='word_1_161' title='bbox 2216 1165 2326 1220; x_wconf 78' lang='lat' dir='ltr'><strong>Fili</strong></span> <span class='ocrx_word' id='word_1_162' title='bbox 2356 1169 2448 1231; x_wconf 88' lang='lat' dir='ltr'><strong>mi,</strong></span> <span class='ocrx_word' id='word_1_163' title='bbox 2480 1185 2544 1222; x_wconf 84' lang='lat' dir='ltr'><strong>ne</strong></span> <span class='ocrx_word' id='word_1_164' title='bbox 2571 1167 2888 1223; x_wconf 74' lang='lat' dir='ltr'><strong>obliviscaris</strong></span> <span class='ocrx_word' id='word_1_165' title='bbox 2923 1167 3044 1239; x_wconf 86' lang='lat' dir='ltr'><strong>legis</strong></span> <span class='ocrx_word' id='word_1_166' title='bbox 3086 1184 3215 1222; x_wconf 77' lang='lat' dir='ltr'><strong>mea:</strong></span> <span class='ocrx_word' id='word_1_167' title='bbox 3250 1178 3295 1221; x_wconf 85' lang='lat' dir='ltr'><strong>et</strong></span> <span class='ocrx_word' id='word_1_168' title='bbox 3319 1180 3550 1238; x_wconf 82' lang='lat' dir='ltr'><strong>prtrcepta</strong></span> <span class='ocrx_word' id='word_1_169' title='bbox 3572 1186 3665 1224; x_wconf 75' lang='lat' dir='ltr'><strong>mea</strong></span> 
     </span>
    </p>
   </div>
   <div class='ocr_carea' id='block_1_24' title="bbox 2146 1256 3669 1329">
    <p class='ocr_par' dir='ltr' id='par_1_24' title="bbox 2146 1256 3669 1329">
     <span class='ocr_line' id='line_1_24' title="bbox 2146 1256 3669 1329; baseline 0.001 -18"><span class='ocrx_word' id='word_1_170' title='bbox 2146 1257 2404 1311; x_wconf 77' lang='lat' dir='ltr'><strong>custodiat</strong></span> <span class='ocrx_word' id='word_1_171' title='bbox 2439 1274 2529 1311; x_wconf 91' lang='lat' dir='ltr'><strong>cor</strong></span> <span class='ocrx_word' id='word_1_172' title='bbox 2556 1269 2722 1311; x_wconf 88' lang='lat' dir='ltr'><strong>tuum.</strong></span> <span class='ocrx_word' id='word_1_173' title='bbox 2757 1256 2894 1312; x_wconf 81' lang='lat' dir='ltr'><strong>Hinc</strong></span> <span class='ocrx_word' id='word_1_174' title='bbox 2929 1259 3086 1313; x_wconf 89' lang='lat' dir='ltr'><strong>docet</strong></span> <span class='ocrx_word' id='word_1_175' title='bbox 3127 1259 3490 1314; x_wconf 75' lang='lat' dir='ltr'><strong>misericordiae</strong></span> <span class='ocrx_word' id='word_1_176' title='bbox 3520 1261 3669 1329; x_wconf 84' lang='lat' dir='ltr'><strong>operi-</strong></span> 
     </span>
    </p>
   </div>
   <div class='ocr_carea' id='block_1_25' title="bbox 2143 1346 3668 1418">
    <p class='ocr_par' dir='ltr' id='par_1_25' title="bbox 2143 1346 3668 1418">
     <span class='ocr_line' id='line_1_25' title="bbox 2143 1346 3668 1418; baseline 0.001 -16"><span class='ocrx_word' id='word_1_177' title='bbox 2143 1346 2245 1402; x_wconf 85' lang='lat' dir='ltr'><strong>bus</strong></span> <span class='ocrx_word' id='word_1_178' title='bbox 2271 1348 2647 1413; x_wconf 86' lang='lat' dir='ltr'><strong>insistendum,</strong></span> <span class='ocrx_word' id='word_1_179' title='bbox 2672 1363 2844 1418; x_wconf 87' lang='lat' dir='ltr'><strong>neque</strong></span> <span class='ocrx_word' id='word_1_180' title='bbox 2869 1350 3065 1403; x_wconf 90' lang='lat' dir='ltr'><strong>nostris</strong></span> <span class='ocrx_word' id='word_1_181' title='bbox 3091 1348 3353 1403; x_wconf 81' lang='lat' dir='ltr'><strong>ﬁdendum</strong></span> <span class='ocrx_word' id='word_1_182' title='bbox 3374 1350 3571 1412; x_wconf 80' lang='lat' dir='ltr'><strong>viribus.</strong></span> <span class='ocrx_word' id='word_1_183' title='bbox 3591 1351 3668 1404; x_wconf 85' lang='lat' dir='ltr'><strong>sed</strong></span> 
     </span>
    </p>
   </div>
   <div class='ocr_carea' id='block_1_26' title="bbox 2146 1437 3668 1510">
    <p class='ocr_par' dir='ltr' id='par_1_26' title="bbox 2146 1437 3668 1510">
     <span class='ocr_line' id='line_1_26' title="bbox 2146 1437 3668 1510; baseline 0.001 -19"><span class='ocrx_word' id='word_1_184' title='bbox 2146 1452 2179 1491; x_wconf 85' lang='lat' dir='ltr'><strong>a</strong></span> <span class='ocrx_word' id='word_1_185' title='bbox 2210 1438 2317 1492; x_wconf 90' lang='lat' dir='ltr'><strong>Deo</strong></span> <span class='ocrx_word' id='word_1_186' title='bbox 2348 1438 2605 1492; x_wconf 77' lang='lat' dir='ltr'><strong>auxilium</strong></span> <span class='ocrx_word' id='word_1_187' title='bbox 2643 1454 2765 1494; x_wconf 78' lang='lat' dir='ltr'><strong>esse</strong></span> <span class='ocrx_word' id='word_1_188' title='bbox 2802 1437 3147 1508; x_wconf 79' lang='lat' dir='ltr'><strong>ﬂagitandum</strong></span> <span class='ocrx_word' id='word_1_189' title='bbox 3167 1480 3182 1501; x_wconf 90' lang='lat'><strong>,</strong></span> <span class='ocrx_word' id='word_1_190' title='bbox 3228 1447 3281 1493; x_wconf 92' lang='lat' dir='ltr'><strong>et</strong></span> <span class='ocrx_word' id='word_1_191' title='bbox 3313 1454 3531 1510; x_wconf 88' lang='lat' dir='ltr'><strong>congruo</strong></span> <span class='ocrx_word' id='word_1_192' title='bbox 3560 1440 3668 1494; x_wconf 82' lang='lat' dir='ltr'><strong>satis</strong></span> 
     </span>
    </p>
   </div>
   <div class='ocr_carea' id='block_1_27' title="bbox 2143 1525 3667 1597">
    <p class='ocr_par' dir='ltr' id='par_1_27' title="bbox 2143 1525 3667 1597">
     <span class='ocr_line' id='line_1_27' title="bbox 2143 1525 3667 1597; baseline 0.001 -18"><span class='ocrx_word' id='word_1_193' title='bbox 2143 1525 2334 1579; x_wconf 89' lang='lat' dir='ltr'><strong>ordine</strong></span> <span class='ocrx_word' id='word_1_194' title='bbox 2362 1534 2642 1596; x_wconf 89' lang='lat' dir='ltr'><strong>postquam</strong></span> <span class='ocrx_word' id='word_1_195' title='bbox 2670 1527 2911 1581; x_wconf 88' lang='lat' dir='ltr'><strong>coercuit</strong></span> <span class='ocrx_word' id='word_1_196' title='bbox 2937 1543 2966 1580; x_wconf 88' lang='lat' dir='ltr'><strong>a</strong></span> <span class='ocrx_word' id='word_1_197' title='bbox 3003 1528 3345 1589; x_wconf 88' lang='lat' dir='ltr'><strong>crudelitate,</strong></span> <span class='ocrx_word' id='word_1_198' title='bbox 3370 1539 3617 1597; x_wconf 83' lang='lat' dir='ltr'><strong>postquam</strong></span> <span class='ocrx_word' id='word_1_199' title='bbox 3644 1546 3667 1581; x_wconf 86' lang='lat' dir='ltr'><strong>a</strong></span> 
     </span>
    </p>
   </div>
   <div class='ocr_carea' id='block_1_28' title="bbox 2145 1615 3674 1689">
    <p class='ocr_par' dir='ltr' id='par_1_28' title="bbox 2145 1615 3674 1689">
     <span class='ocr_line' id='line_1_28' title="bbox 2145 1615 3674 1689; baseline 0.003 -20"><span class='ocrx_word' id='word_1_200' title='bbox 2145 1615 2357 1671; x_wconf 81' lang='lat' dir='ltr'><strong>luxuria</strong></span> <span class='ocrx_word' id='word_1_201' title='bbox 2400 1618 2723 1687; x_wconf 79' lang='lat' dir='ltr'><strong>castigavit,</strong></span> <span class='ocrx_word' id='word_1_202' title='bbox 2778 1628 2934 1672; x_wconf 86' lang='lat' dir='ltr'><strong>ornat</strong></span> <span class='ocrx_word' id='word_1_203' title='bbox 2979 1618 3188 1675; x_wconf 86' lang='lat' dir='ltr'><strong>actibus</strong></span> <span class='ocrx_word' id='word_1_204' title='bbox 3234 1620 3381 1675; x_wconf 88' lang='lat' dir='ltr'><strong>bouis</strong></span> <span class='ocrx_word' id='word_1_205' title='bbox 3423 1636 3562 1689; x_wconf 88' lang='lat' dir='ltr'><strong>quem</strong></span> <span class='ocrx_word' id='word_1_206' title='bbox 3609 1622 3674 1673; x_wconf 83' lang='lat' dir='ltr'><strong>ir.-</strong></span> 
     </span>
    </p>
   </div>
   <div class='ocr_carea' id='block_1_29' title="bbox 2145 1710 2320 1765">
    <p class='ocr_par' dir='ltr' id='par_1_29' title="bbox 2145 1710 2320 1765">
     <span class='ocr_line' id='line_1_29' title="bbox 2145 1710 2320 1765; baseline 0.017 -2"><span class='ocrx_word' id='word_1_207' title='bbox 2145 1710 2320 1765; x_wconf 81' lang='lat' dir='ltr'><strong>st‘ruit.</strong></span> 
     </span>
    </p>
   </div>
   <div class='ocr_carea' id='block_1_30' title="bbox 2210 1800 3673 1876">
    <p class='ocr_par' dir='ltr' id='par_1_30' title="bbox 2210 1800 3673 1876">
     <span class='ocr_line' id='line_1_30' title="bbox 2210 1800 3673 1876; baseline 0.003 -21"><span class='ocrx_word' id='word_1_208' title='bbox 2210 1800 2609 1873; x_wconf 85' lang='lat' dir='ltr'><strong>Longitudinem</strong></span> <span class='ocrx_word' id='word_1_209' title='bbox 2634 1808 2769 1859; x_wconf 88' lang='lat' dir='ltr'><strong>enim</strong></span> <span class='ocrx_word' id='word_1_210' title='bbox 2797 1807 3022 1872; x_wconf 85' lang='lat' dir='ltr'><strong>dierum,</strong></span> <span class='ocrx_word' id='word_1_211' title='bbox 3047 1818 3094 1861; x_wconf 86' lang='lat' dir='ltr'><strong>et</strong></span> <span class='ocrx_word' id='word_1_212' title='bbox 3120 1824 3288 1862; x_wconf 86' lang='lat' dir='ltr'><strong>annos</strong></span> <span class='ocrx_word' id='word_1_213' title='bbox 3314 1809 3442 1872; x_wconf 76' lang='lat' dir='ltr'><strong>vita&#39;,</strong></span> <span class='ocrx_word' id='word_1_214' title='bbox 3462 1818 3506 1862; x_wconf 84' lang='lat' dir='ltr'><strong>et</strong></span> <span class='ocrx_word' id='word_1_215' title='bbox 3524 1823 3673 1876; x_wconf 82' lang='lat' dir='ltr'><strong>pacem</strong></span> 
     </span>
    </p>
   </div>
   <div class='ocr_carea' id='block_1_31' title="bbox 541 1885 3674 1967">
    <p class='ocr_par' dir='ltr' id='par_1_31' title="bbox 541 1885 3674 1967">
     <span class='ocr_line' id='line_1_31' title="bbox 541 1885 3674 1967; baseline -0.002 -13"><span class='ocrx_word' id='word_1_216' title='bbox 541 1898 608 1954; x_wconf 89' lang='lat' dir='ltr'><strong>Ut</strong></span> <span class='ocrx_word' id='word_1_217' title='bbox 637 1898 868 1953; x_wconf 76' lang='lat' dir='ltr'><strong>ambules</strong></span> <span class='ocrx_word' id='word_1_218' title='bbox 891 1900 944 1952; x_wconf 86' lang='lat' dir='ltr'><strong>in</strong></span> <span class='ocrx_word' id='word_1_219' title='bbox 969 1899 1050 1952; x_wconf 85' lang='lat' dir='ltr'><strong>via</strong></span> <span class='ocrx_word' id='word_1_220' title='bbox 1079 1897 1213 1953; x_wconf 83' lang='lat' dir='ltr'><strong>bona</strong></span> <span class='ocrx_word' id='word_1_221' title='bbox 1229 1906 1275 1951; x_wconf 90' lang='lat' dir='ltr'><strong>et</strong></span> <span class='ocrx_word' id='word_1_222' title='bbox 1301 1897 1458 1950; x_wconf 83' lang='lat' dir='ltr'><strong>calles</strong></span> <span class='ocrx_word' id='word_1_223' title='bbox 1477 1896 1734 1965; x_wconf 80' lang='lat' dir='ltr'><strong>iustorum</strong></span> <span class='ocrx_word' id='word_1_224' title='bbox 1755 1895 2037 1948; x_wconf 73' lang='lat' dir='ltr'><strong>custodias.</strong></span> <span class='ocrx_word' id='word_1_225' title='bbox 2072 1885 2118 1944; x_wconf 89' lang='grc' dir='ltr'><strong>Β</strong></span> <span class='ocrx_word' id='word_1_226' title='bbox 2144 1903 2400 1962; x_wconf 74' lang='lat' dir='ltr'><strong>opponent</strong></span> <span class='ocrx_word' id='word_1_227' title='bbox 2420 1895 2532 1948; x_wconf 87' lang='lat' dir='ltr'><strong>tibi.</strong></span> <span class='ocrx_word' id='word_1_228' title='bbox 2560 1895 2639 1951; x_wconf 88' lang='lat' dir='ltr'><strong>Ne</strong></span> <span class='ocrx_word' id='word_1_229' title='bbox 2660 1897 2909 1966; x_wconf 89' lang='lat' dir='ltr'><strong>imposita</strong></span> <span class='ocrx_word' id='word_1_230' title='bbox 2934 1907 3321 1967; x_wconf 72' lang='lat' dir='ltr'><strong>praeceptorum</strong></span> <span class='ocrx_word' id='word_1_231' title='bbox 3346 1897 3563 1953; x_wconf 86' lang='lat' dir='ltr'><strong>custodia</strong></span> <span class='ocrx_word' id='word_1_232' title='bbox 3586 1905 3674 1949; x_wconf 87' lang='lat' dir='ltr'><strong>tur-</strong></span> 
     </span>
    </p>
   </div>
   <div class='ocr_carea' id='block_1_32' title="bbox 471 1984 2044 2053">
    <p class='ocr_par' dir='ltr' id='par_1_32' title="bbox 471 1984 2044 2053">
     <span class='ocr_line' id='line_1_32' title="bbox 471 1984 2044 2053; baseline -0.003 -10"><span class='ocrx_word' id='word_1_233' title='bbox 471 1989 624 2044; x_wconf 76' lang='lat' dir='ltr'><strong>V&#39;iam</strong></span> <span class='ocrx_word' id='word_1_234' title='bbox 646 1990 847 2045; x_wconf 87' lang='lat' dir='ltr'><strong>bonam</strong></span> <span class='ocrx_word' id='word_1_235' title='bbox 872 1989 1135 2044; x_wconf 78' lang='lat' dir='ltr'><strong>unitatem</strong></span> <span class='ocrx_word' id='word_1_236' title='bbox 1156 1987 1289 2043; x_wconf 89' lang='lat' dir='ltr'><strong>dicit</strong></span> <span class='ocrx_word' id='word_1_237' title='bbox 1316 1996 1476 2042; x_wconf 69' lang='lat' dir='ltr'><strong>rectae</strong></span> <span class='ocrx_word' id='word_1_238' title='bbox 1519 1985 1640 2040; x_wconf 81' lang='lat' dir='ltr'><strong>ﬁdei</strong></span> <span class='ocrx_word' id='word_1_239' title='bbox 1663 2026 1679 2050; x_wconf 93' lang='lat'><strong>,</strong></span> <span class='ocrx_word' id='word_1_240' title='bbox 1711 1986 1779 2040; x_wconf 90' lang='lat' dir='ltr'><strong>de</strong></span> <span class='ocrx_word' id='word_1_241' title='bbox 1807 2000 1908 2053; x_wconf 89' lang='lat' dir='ltr'><strong>qua</strong></span> <span class='ocrx_word' id='word_1_242' title='bbox 1941 1984 2044 2039; x_wconf 90' lang='lat' dir='ltr'><strong>Do-</strong></span> 
     </span>
    </p>
   </div>
   <div class='ocr_carea' id='block_1_33' title="bbox 466 2076 2044 2151">
    <p class='ocr_par' dir='ltr' id='par_1_33' title="bbox 466 2076 2044 2151">
     <span class='ocr_line' id='line_1_33' title="bbox 466 2076 2044 2151; baseline -0.004 -15"><span class='ocrx_word' id='word_1_243' title='bbox 466 2082 647 2137; x_wconf 79' lang='lat' dir='ltr'><strong>minus</strong></span> <span class='ocrx_word' id='word_1_244' title='bbox 676 2081 752 2137; x_wconf 85' lang='lat' dir='ltr'><strong>ait</strong></span> <span class='ocrx_word' id='word_1_245' title='bbox 780 2100 795 2135; x_wconf 88' lang='lat'><strong>:</strong></span> <span class='ocrx_word' id='word_1_246' title='bbox 836 2080 947 2151; x_wconf 83' lang='lat' dir='ltr'><strong>Ego</strong></span> <span class='ocrx_word' id='word_1_247' title='bbox 978 2096 1096 2134; x_wconf 84' lang='lat' dir='ltr'><strong>sunt</strong></span> <span class='ocrx_word' id='word_1_248' title='bbox 1128 2080 1210 2133; x_wconf 80' lang='lat' dir='ltr'><strong>via</strong></span> <span class='ocrx_word' id='word_1_249' title='bbox 1239 2078 1421 2151; x_wconf 83' lang='lat' dir='ltr'><strong>(Joan.</strong></span> <span class='ocrx_word' id='word_1_250' title='bbox 1456 2080 1555 2147; x_wconf 76' lang='lat' dir='ltr'><strong>vr),</strong></span> <span class='ocrx_word' id='word_1_251' title='bbox 1592 2088 1646 2133; x_wconf 89' lang='lat' dir='ltr'><strong>et</strong></span> <span class='ocrx_word' id='word_1_252' title='bbox 1672 2078 1799 2132; x_wconf 86' lang='lat' dir='ltr'><strong>alibi</strong></span> <span class='ocrx_word' id='word_1_253' title='bbox 1828 2095 1842 2130; x_wconf 92' lang='lat'><strong>:</strong></span> <span class='ocrx_word' id='word_1_254' title='bbox 1875 2076 2044 2130; x_wconf 83' lang='lat' dir='ltr'><strong>Nemo</strong></span> 
     </span>
    </p>
   </div>
   <div class='ocr_carea' id='block_1_34' title="bbox 465 2166 2044 2241">
    <p class='ocr_par' dir='ltr' id='par_1_34' title="bbox 465 2166 2044 2241">
     <span class='ocr_line' id='line_1_34' title="bbox 465 2166 2044 2241; baseline -0.002 -17"><span class='ocrx_word' id='word_1_255' title='bbox 465 2180 632 2241; x_wconf 79' lang='lat' dir='ltr'><strong>potest</strong></span> <span class='ocrx_word' id='word_1_256' title='bbox 670 2171 846 2225; x_wconf 78' lang='lat' dir='ltr'><strong>venire</strong></span> <span class='ocrx_word' id='word_1_257' title='bbox 878 2170 948 2224; x_wconf 83' lang='lat' dir='ltr'><strong>ad</strong></span> <span class='ocrx_word' id='word_1_258' title='bbox 983 2169 1196 2224; x_wconf 86' lang='lat' dir='ltr'><strong>Patrem</strong></span> <span class='ocrx_word' id='word_1_259' title='bbox 1233 2169 1334 2223; x_wconf 81' lang='lat' dir='ltr'><strong>nisi</strong></span> <span class='ocrx_word' id='word_1_260' title='bbox 1371 2185 1463 2238; x_wconf 88' lang='lat' dir='ltr'><strong>per</strong></span> <span class='ocrx_word' id='word_1_261' title='bbox 1495 2185 1577 2222; x_wconf 85' lang='lat' dir='ltr'><strong>me</strong></span> <span class='ocrx_word' id='word_1_262' title='bbox 1616 2167 1826 2239; x_wconf 84' lang='lat' dir='ltr'><strong>(Ibid.).</strong></span> <span class='ocrx_word' id='word_1_263' title='bbox 1869 2166 2044 2221; x_wconf 87' lang='lat' dir='ltr'><strong>Calles</strong></span> 
     </span>
    </p>
   </div>
   <div class='ocr_carea' id='block_1_35' title="bbox 465 2257 2045 2329">
    <p class='ocr_par' dir='ltr' id='par_1_35' title="bbox 465 2257 2045 2329">
     <span class='ocr_line' id='line_1_35' title="bbox 465 2257 2045 2329; baseline -0.003 -15"><span class='ocrx_word' id='word_1_264' title='bbox 465 2267 645 2315; x_wconf 83' lang='lat' dir='ltr'><strong>autem</strong></span> <span class='ocrx_word' id='word_1_265' title='bbox 660 2258 930 2329; x_wconf 76' lang='lat' dir='ltr'><strong>iustorum</strong></span> <span class='ocrx_word' id='word_1_266' title='bbox 955 2257 1244 2314; x_wconf 79' lang='lat' dir='ltr'><strong>multifaria</strong></span> <span class='ocrx_word' id='word_1_267' title='bbox 1270 2267 1581 2314; x_wconf 89' lang='lat' dir='ltr'><strong>sanctorum</strong></span> <span class='ocrx_word' id='word_1_268' title='bbox 1604 2257 1847 2328; x_wconf 81' lang='lat' dir='ltr'><strong>exempla</strong></span> <span class='ocrx_word' id='word_1_269' title='bbox 1871 2257 2045 2312; x_wconf 89' lang='lat' dir='ltr'><strong>nomi-</strong></span> 
     </span>
    </p>
   </div>
   <div class='ocr_carea' id='block_1_36' title="bbox 468 2349 2042 2419">
    <p class='ocr_par' dir='ltr' id='par_1_36' title="bbox 468 2349 2042 2419">
     <span class='ocr_line' id='line_1_36' title="bbox 468 2349 2042 2419; baseline 0 -16"><span class='ocrx_word' id='word_1_270' title='bbox 468 2358 583 2403; x_wconf 86' lang='lat' dir='ltr'><strong>nat.</strong></span> <span class='ocrx_word' id='word_1_271' title='bbox 611 2349 816 2405; x_wconf 82' lang='lat' dir='ltr'><strong>Pendet</strong></span> <span class='ocrx_word' id='word_1_272' title='bbox 842 2349 931 2403; x_wconf 86' lang='lat' dir='ltr'><strong>hic</strong></span> <span class='ocrx_word' id='word_1_273' title='bbox 952 2364 1139 2404; x_wconf 87' lang='lat' dir='ltr'><strong>versus</strong></span> <span class='ocrx_word' id='word_1_274' title='bbox 1164 2363 1231 2404; x_wconf 80' lang='lat' dir='ltr'><strong>ex</strong></span> <span class='ocrx_word' id='word_1_275' title='bbox 1254 2363 1320 2405; x_wconf 91' lang='lat' dir='ltr'><strong>eo</strong></span> <span class='ocrx_word' id='word_1_276' title='bbox 1346 2349 1492 2419; x_wconf 87' lang='lat' dir='ltr'><strong>quod</strong></span> <span class='ocrx_word' id='word_1_277' title='bbox 1515 2364 1677 2419; x_wconf 89' lang='lat' dir='ltr'><strong>supra</strong></span> <span class='ocrx_word' id='word_1_278' title='bbox 1703 2349 1907 2404; x_wconf 86' lang='lat' dir='ltr'><strong>dictum</strong></span> <span class='ocrx_word' id='word_1_279' title='bbox 1935 2355 2042 2415; x_wconf 89' lang='lat' dir='ltr'><strong>est,</strong></span> 
     </span>
    </p>
   </div>
   <div class='ocr_carea' id='block_1_37' title="bbox 467 2442 2041 2514">
    <p class='ocr_par' dir='ltr' id='par_1_37' title="bbox 467 2442 2041 2514">
     <span class='ocr_line' id='line_1_37' title="bbox 467 2442 2041 2514; baseline -0.001 -17"><span class='ocrx_word' id='word_1_280' title='bbox 467 2444 749 2514; x_wconf 81' lang='lat' dir='ltr'><strong>prudentia</strong></span> <span class='ocrx_word' id='word_1_281' title='bbox 775 2444 996 2500; x_wconf 74' lang='lat' dir='ltr'><strong>servabit</strong></span> <span class='ocrx_word' id='word_1_282' title='bbox 1027 2454 1097 2511; x_wconf 85' lang='lat' dir='ltr'><strong>te,</strong></span> <span class='ocrx_word' id='word_1_283' title='bbox 1124 2442 1266 2500; x_wconf 81' lang='lat' dir='ltr'><strong>sicut</strong></span> <span class='ocrx_word' id='word_1_284' title='bbox 1293 2450 1353 2500; x_wconf 90' lang='lat' dir='ltr'><strong>et</strong></span> <span class='ocrx_word' id='word_1_285' title='bbox 1374 2442 1527 2510; x_wconf 87' lang='lat' dir='ltr'><strong>illud,</strong></span> <span class='ocrx_word' id='word_1_286' title='bbox 1555 2452 1611 2497; x_wconf 87' lang='lat' dir='ltr'><strong>ut</strong></span> <span class='ocrx_word' id='word_1_287' title='bbox 1641 2442 1843 2497; x_wconf 84' lang='lat' dir='ltr'><strong>eruaris</strong></span> <span class='ocrx_word' id='word_1_288' title='bbox 1871 2459 1903 2496; x_wconf 93' lang='lat' dir='ltr'><strong>a</strong></span> <span class='ocrx_word' id='word_1_289' title='bbox 1922 2458 2041 2496; x_wconf 83' lang='lat' dir='ltr'><strong>mu-</strong></span> 
     </span>
    </p>
   </div>
   <div class='ocr_carea' id='block_1_38' title="bbox 464 2534 809 2590">
    <p class='ocr_par' dir='ltr' id='par_1_38' title="bbox 464 2534 809 2590">
     <span class='ocr_line' id='line_1_38' title="bbox 464 2534 809 2590; baseline 0.003 -2"><span class='ocrx_word' id='word_1_290' title='bbox 464 2534 592 2590; x_wconf 85' lang='lat' dir='ltr'><strong>liere</strong></span> <span class='ocrx_word' id='word_1_291' title='bbox 616 2534 809 2590; x_wconf 80' lang='lat' dir='ltr'><strong>aliena.</strong></span> 
     </span>
    </p>
   </div>
   <div class='ocr_carea' id='block_1_39' title="bbox 539 2620 2042 2693">
    <p class='ocr_par' dir='ltr' id='par_1_39' title="bbox 539 2620 2042 2693">
     <span class='ocr_line' id='line_1_39' title="bbox 539 2620 2042 2693; baseline -0.002 -14"><span class='ocrx_word' id='word_1_292' title='bbox 539 2624 646 2690; x_wconf 83' lang='lat' dir='ltr'><strong>Qui</strong></span> <span class='ocrx_word' id='word_1_293' title='bbox 673 2625 809 2679; x_wconf 78' lang='lat' dir='ltr'><strong>enim</strong></span> <span class='ocrx_word' id='word_1_294' title='bbox 831 2624 957 2680; x_wconf 83' lang='lat' dir='ltr'><strong>recti</strong></span> <span class='ocrx_word' id='word_1_295' title='bbox 976 2633 1097 2680; x_wconf 84' lang='lat' dir='ltr'><strong>sunt</strong></span> <span class='ocrx_word' id='word_1_296' title='bbox 1120 2623 1425 2679; x_wconf 72' lang='lat' dir='ltr'><strong>habitabant</strong></span> <span class='ocrx_word' id='word_1_297' title='bbox 1448 2624 1505 2678; x_wconf 90' lang='lat' dir='ltr'><strong>in</strong></span> <span class='ocrx_word' id='word_1_298' title='bbox 1526 2633 1685 2688; x_wconf 84' lang='lat' dir='ltr'><strong>terra,</strong></span> <span class='ocrx_word' id='word_1_299' title='bbox 1712 2631 1760 2677; x_wconf 89' lang='lat' dir='ltr'><strong>et</strong></span> <span class='ocrx_word' id='word_1_300' title='bbox 1784 2620 2042 2693; x_wconf 86' lang='lat' dir='ltr'><strong>simplices</strong></span> 
     </span>
    </p>
   </div>
   <div class='ocr_carea' id='block_1_40' title="bbox 464 2711 2042 2787">
    <p class='ocr_par' dir='ltr' id='par_1_40' title="bbox 464 2711 2042 2787">
     <span class='ocr_line' id='line_1_40' title="bbox 464 2711 2042 2787; baseline -0.002 -16"><span class='ocrx_word' id='word_1_301' title='bbox 464 2715 839 2787; x_wconf 81' lang='lat' dir='ltr'><strong>permanebunt</strong></span> <span class='ocrx_word' id='word_1_302' title='bbox 866 2717 923 2770; x_wconf 84' lang='lat' dir='ltr'><strong>in</strong></span> <span class='ocrx_word' id='word_1_303' title='bbox 948 2732 1030 2770; x_wconf 88' lang='lat' dir='ltr'><strong>ea.</strong></span> <span class='ocrx_word' id='word_1_304' title='bbox 1056 2715 1124 2770; x_wconf 82' lang='lat' dir='ltr'><strong>Et</strong></span> <span class='ocrx_word' id='word_1_305' title='bbox 1149 2716 1238 2771; x_wconf 93' lang='lat' dir='ltr'><strong>hic</strong></span> <span class='ocrx_word' id='word_1_306' title='bbox 1260 2715 1423 2770; x_wconf 89' lang='lat' dir='ltr'><strong>rectis</strong></span> <span class='ocrx_word' id='word_1_307' title='bbox 1446 2715 1744 2785; x_wconf 76' lang='lat' dir='ltr'><strong>junguntur</strong></span> <span class='ocrx_word' id='word_1_308' title='bbox 1771 2711 2042 2781; x_wconf 85' lang='lat' dir='ltr'><strong>simplices</strong></span> 
     </span>
    </p>
   </div>
   <div class='ocr_carea' id='block_1_41' title="bbox 468 2800 2043 2874">
    <p class='ocr_par' dir='ltr' id='par_1_41' title="bbox 468 2800 2043 2874">
     <span class='ocr_line' id='line_1_41' title="bbox 468 2800 2043 2874; baseline -0.006 -13"><span class='ocrx_word' id='word_1_309' title='bbox 468 2806 609 2861; x_wconf 86' lang='lat' dir='ltr'><strong>sicut</strong></span> <span class='ocrx_word' id='word_1_310' title='bbox 633 2812 688 2859; x_wconf 86' lang='lat' dir='ltr'><strong>et</strong></span> <span class='ocrx_word' id='word_1_311' title='bbox 712 2819 900 2874; x_wconf 83' lang='lat' dir='ltr'><strong>supra,</strong></span> <span class='ocrx_word' id='word_1_312' title='bbox 916 2820 1041 2859; x_wconf 79' lang='lat' dir='ltr'><strong>cum</strong></span> <span class='ocrx_word' id='word_1_313' title='bbox 1061 2804 1298 2859; x_wconf 89' lang='lat' dir='ltr'><strong>diceret:</strong></span> <span class='ocrx_word' id='word_1_314' title='bbox 1327 2801 1596 2859; x_wconf 78' lang='lat' dir='ltr'><strong>Custodiet</strong></span> <span class='ocrx_word' id='word_1_315' title='bbox 1619 2811 1872 2856; x_wconf 80' lang='lat' dir='ltr'><strong>rectorum</strong></span> <span class='ocrx_word' id='word_1_316' title='bbox 1898 2800 2043 2855; x_wconf 83' lang='lat' dir='ltr'><strong>salu-</strong></span> 
     </span>
    </p>
   </div>
   <div class='ocr_carea' id='block_1_42' title="bbox 466 2892 2039 2966">
    <p class='ocr_par' dir='ltr' id='par_1_42' title="bbox 466 2892 2039 2966">
     <span class='ocr_line' id='line_1_42' title="bbox 466 2892 2039 2966; baseline -0.003 -17"><span class='ocrx_word' id='word_1_317' title='bbox 466 2908 590 2961; x_wconf 84' lang='lat' dir='ltr'><strong>tem,</strong></span> <span class='ocrx_word' id='word_1_318' title='bbox 616 2905 665 2950; x_wconf 91' lang='lat' dir='ltr'><strong>et</strong></span> <span class='ocrx_word' id='word_1_319' title='bbox 690 2903 917 2966; x_wconf 76' lang='lat' dir='ltr'><strong>proteget</strong></span> <span class='ocrx_word' id='word_1_320' title='bbox 947 2895 1239 2965; x_wconf 73' lang='lat' dir='ltr'><strong>gradientes</strong></span> <span class='ocrx_word' id='word_1_321' title='bbox 1268 2894 1603 2965; x_wconf 77' lang='lat' dir='ltr'><strong>simpliciter;</strong></span> <span class='ocrx_word' id='word_1_322' title='bbox 1633 2893 1758 2963; x_wconf 89' lang='lat' dir='ltr'><strong>quia</strong></span> <span class='ocrx_word' id='word_1_323' title='bbox 1786 2892 2039 2947; x_wconf 83' lang='lat' dir='ltr'><strong>nimirum</strong></span> 
     </span>
    </p>
   </div>
   <div class='ocr_carea' id='block_1_43' title="bbox 465 2983 2036 3054">
    <p class='ocr_par' dir='ltr' id='par_1_43' title="bbox 465 2983 2036 3054">
     <span class='ocr_line' id='line_1_43' title="bbox 465 2983 2036 3054; baseline -0.001 -17"><span class='ocrx_word' id='word_1_324' title='bbox 465 2984 782 3054; x_wconf 82' lang='lat' dir='ltr'><strong>simplicitas</strong></span> <span class='ocrx_word' id='word_1_325' title='bbox 819 2984 937 3040; x_wconf 89' lang='lat' dir='ltr'><strong>sine</strong></span> <span class='ocrx_word' id='word_1_326' title='bbox 978 2984 1298 3040; x_wconf 88' lang='lat' dir='ltr'><strong>rectitudine</strong></span> <span class='ocrx_word' id='word_1_327' title='bbox 1335 2984 1597 3040; x_wconf 89' lang='lat' dir='ltr'><strong>dissoluta</strong></span> <span class='ocrx_word' id='word_1_328' title='bbox 1637 2992 1723 3039; x_wconf 88' lang='lat' dir='ltr'><strong>est</strong></span> <span class='ocrx_word' id='word_1_329' title='bbox 1765 2992 1819 3038; x_wconf 93' lang='lat' dir='ltr'><strong>et</strong></span> <span class='ocrx_word' id='word_1_330' title='bbox 1857 2983 2036 3037; x_wconf 87' lang='lat' dir='ltr'><strong>stulta.</strong></span> 
     </span>
    </p>
   </div>
   <div class='ocr_carea' id='block_1_44' title="bbox 466 3071 2092 3144">
    <p class='ocr_par' dir='ltr' id='par_1_44' title="bbox 466 3071 2092 3144">
     <span class='ocr_line' id='line_1_44' title="bbox 466 3071 2092 3144; baseline -0.002 -17"><span class='ocrx_word' id='word_1_331' title='bbox 466 3073 752 3128; x_wconf 72' lang='lat' dir='ltr'><strong>ltectitudo</strong></span> <span class='ocrx_word' id='word_1_332' title='bbox 788 3081 969 3128; x_wconf 89' lang='lat' dir='ltr'><strong>autem</strong></span> <span class='ocrx_word' id='word_1_333' title='bbox 1009 3074 1126 3128; x_wconf 89' lang='lat' dir='ltr'><strong>sine</strong></span> <span class='ocrx_word' id='word_1_334' title='bbox 1165 3071 1506 3144; x_wconf 84' lang='lat' dir='ltr'><strong>simplicitate</strong></span> <span class='ocrx_word' id='word_1_335' title='bbox 1551 3080 1765 3127; x_wconf 88' lang='lat' dir='ltr'><strong>austera</strong></span> <span class='ocrx_word' id='word_1_336' title='bbox 1815 3071 2039 3125; x_wconf 88' lang='lat' dir='ltr'><strong>nimium</strong></span> <span class='ocrx_word' id='word_1_337' title='bbox 2082 3129 2092 3139; x_wconf 49' lang='grc'><em>,</em></span> 
     </span>
    </p>
   </div>
   <div class='ocr_carea' id='block_1_45' title="bbox 465 3163 2035 3234">
    <p class='ocr_par' dir='ltr' id='par_1_45' title="bbox 465 3163 2035 3234">
     <span class='ocr_line' id='line_1_45' title="bbox 465 3163 2035 3234; baseline -0.002 -15"><span class='ocrx_word' id='word_1_338' title='bbox 465 3165 650 3221; x_wconf 59' lang='lat' dir='ltr'><strong>existit</strong></span> <span class='ocrx_word' id='word_1_339' title='bbox 691 3173 748 3220; x_wconf 85' lang='lat' dir='ltr'><strong>et</strong></span> <span class='ocrx_word' id='word_1_340' title='bbox 798 3165 951 3219; x_wconf 82' lang='lat' dir='ltr'><strong>dura.</strong></span> <span class='ocrx_word' id='word_1_341' title='bbox 1003 3165 1200 3219; x_wconf 79' lang='lat' dir='ltr'><strong>Verum</strong></span> <span class='ocrx_word' id='word_1_342' title='bbox 1250 3173 1479 3234; x_wconf 88' lang='lat' dir='ltr'><strong>utraque</strong></span> <span class='ocrx_word' id='word_1_343' title='bbox 1529 3164 1699 3218; x_wconf 86' lang='lat' dir='ltr'><strong>virtus</strong></span> <span class='ocrx_word' id='word_1_344' title='bbox 1754 3163 2035 3233; x_wconf 86' lang='lat' dir='ltr'><strong>conjuncta</strong></span> 
     </span>
    </p>
   </div>
   <div class='ocr_carea' id='block_1_46' title="bbox 2147 1982 3674 2058">
    <p class='ocr_par' dir='ltr' id='par_1_46' title="bbox 2147 1982 3674 2058">
     <span class='ocr_line' id='line_1_46' title="bbox 2147 1982 3674 2058; baseline 0.001 -23"><span class='ocrx_word' id='word_1_345' title='bbox 2147 1982 2304 2036; x_wconf 89' lang='lat' dir='ltr'><strong>baret</strong></span> <span class='ocrx_word' id='word_1_346' title='bbox 2329 1984 2631 2040; x_wconf 89' lang='lat' dir='ltr'><strong>audientem</strong></span> <span class='ocrx_word' id='word_1_347' title='bbox 2658 1988 2916 2056; x_wconf 69' lang='lat' dir='ltr'><strong>prazmisit</strong></span> <span class='ocrx_word' id='word_1_348' title='bbox 2942 1988 3160 2058; x_wconf 75' lang='lat' dir='ltr'><strong>pnemia</strong></span> <span class='ocrx_word' id='word_1_349' title='bbox 3189 1997 3355 2052; x_wconf 86' lang='lat' dir='ltr'><strong>certa,</strong></span> <span class='ocrx_word' id='word_1_350' title='bbox 3385 1997 3437 2043; x_wconf 89' lang='lat' dir='ltr'><strong>et</strong></span> <span class='ocrx_word' id='word_1_351' title='bbox 3463 1988 3533 2043; x_wconf 90' lang='lat' dir='ltr'><strong>sic</strong></span> <span class='ocrx_word' id='word_1_352' title='bbox 3562 2002 3674 2040; x_wconf 88' lang='lat' dir='ltr'><strong>enu-</strong></span> 
     </span>
    </p>
   </div>
   <div class='ocr_carea' id='block_1_47' title="bbox 2145 2072 3676 2147">
    <p class='ocr_par' dir='ltr' id='par_1_47' title="bbox 2145 2072 3676 2147">
     <span class='ocr_line' id='line_1_47' title="bbox 2145 2072 3676 2147; baseline 0.001 -22"><span class='ocrx_word' id='word_1_353' title='bbox 2145 2072 2373 2125; x_wconf 85' lang='lat' dir='ltr'><strong>meravit</strong></span> <span class='ocrx_word' id='word_1_354' title='bbox 2411 2083 2699 2145; x_wconf 65' lang='lat' dir='ltr'><strong>praecepta,</strong></span> <span class='ocrx_word' id='word_1_355' title='bbox 2726 2075 3057 2147; x_wconf 82' lang='lat' dir='ltr'><strong>longitudine</strong></span> <span class='ocrx_word' id='word_1_356' title='bbox 3099 2079 3245 2133; x_wconf 90' lang='lat' dir='ltr'><strong>enim</strong></span> <span class='ocrx_word' id='word_1_357' title='bbox 3294 2079 3488 2134; x_wconf 88' lang='lat' dir='ltr'><strong>dierum</strong></span> <span class='ocrx_word' id='word_1_358' title='bbox 3532 2076 3676 2130; x_wconf 91' lang='lat' dir='ltr'><strong>lucem</strong></span> 
     </span>
    </p>
   </div>
   <div class='ocr_carea' id='block_1_48' title="bbox 2146 2162 3683 2231">
    <p class='ocr_par' dir='ltr' id='par_1_48' title="bbox 2146 2162 3683 2231">
     <span class='ocr_line' id='line_1_48' title="bbox 2146 2162 3683 2231; baseline 0.001 -15"><span class='ocrx_word' id='word_1_359' title='bbox 2146 2162 2560 2231; x_wconf 87' lang='lat' dir='ltr'><strong>sempiternam,</strong></span> <span class='ocrx_word' id='word_1_360' title='bbox 2601 2167 2758 2221; x_wconf 87' lang='lat' dir='ltr'><strong>annis</strong></span> <span class='ocrx_word' id='word_1_361' title='bbox 2798 2169 2922 2222; x_wconf 74' lang='lat' dir='ltr'><strong>vita:</strong></span> <span class='ocrx_word' id='word_1_362' title='bbox 2967 2177 3338 2225; x_wconf 85' lang='lat' dir='ltr'><strong>transcensum</strong></span> <span class='ocrx_word' id='word_1_363' title='bbox 3379 2166 3683 2224; x_wconf 81' lang='lat' dir='ltr'><strong>mortalitatis</strong></span> 
     </span>
    </p>
   </div>
   <div class='ocr_carea' id='block_1_49' title="bbox 2145 2251 3680 2327">
    <p class='ocr_par' dir='ltr' id='par_1_49' title="bbox 2145 2251 3680 2327">
     <span class='ocr_line' id='line_1_49' title="bbox 2145 2251 3680 2327; baseline 0.001 -21"><span class='ocrx_word' id='word_1_364' title='bbox 2145 2251 2328 2321; x_wconf 86' lang='lat' dir='ltr'><strong>hujus,</strong></span> <span class='ocrx_word' id='word_1_365' title='bbox 2354 2264 2642 2325; x_wconf 89' lang='lat' dir='ltr'><strong>augmento</strong></span> <span class='ocrx_word' id='word_1_366' title='bbox 2667 2257 2818 2326; x_wconf 87' lang='lat' dir='ltr'><strong>pacis</strong></span> <span class='ocrx_word' id='word_1_367' title='bbox 2844 2259 3017 2327; x_wconf 80' lang='lat' dir='ltr'><strong>ipsum</strong></span> <span class='ocrx_word' id='word_1_368' title='bbox 3046 2268 3221 2315; x_wconf 74' lang='lat' dir='ltr'><strong>nacta:</strong></span> <span class='ocrx_word' id='word_1_369' title='bbox 3248 2258 3571 2314; x_wconf 83' lang='lat' dir='ltr'><strong>beatitudinis</strong></span> <span class='ocrx_word' id='word_1_370' title='bbox 3591 2265 3680 2310; x_wconf 83' lang='lat' dir='ltr'><strong>sta-</strong></span> 
     </span>
    </p>
   </div>
   <div class='ocr_carea' id='block_1_50' title="bbox 2145 2341 3682 2419">
    <p class='ocr_par' dir='ltr' id='par_1_50' title="bbox 2145 2341 3682 2419">
     <span class='ocr_line' id='line_1_50' title="bbox 2145 2341 3682 2419; baseline 0.002 -24"><span class='ocrx_word' id='word_1_371' title='bbox 2145 2350 2257 2395; x_wconf 89' lang='lat' dir='ltr'><strong>tum</strong></span> <span class='ocrx_word' id='word_1_372' title='bbox 2285 2341 2547 2413; x_wconf 80' lang='lat' dir='ltr'><strong>designat.</strong></span> <span class='ocrx_word' id='word_1_373' title='bbox 2581 2345 2655 2399; x_wconf 91' lang='lat' dir='ltr'><strong>De</strong></span> <span class='ocrx_word' id='word_1_374' title='bbox 2675 2361 2782 2415; x_wconf 89' lang='lat' dir='ltr'><strong>qua</strong></span> <span class='ocrx_word' id='word_1_375' title='bbox 2814 2348 2945 2401; x_wconf 85' lang='lat' dir='ltr'><strong>dicit</strong></span> <span class='ocrx_word' id='word_1_376' title='bbox 2966 2348 3130 2403; x_wconf 90' lang='lat' dir='ltr'><strong>lsaias</strong></span> <span class='ocrx_word' id='word_1_377' title='bbox 3165 2365 3179 2402; x_wconf 94' lang='lat'><strong>:</strong></span> <span class='ocrx_word' id='word_1_378' title='bbox 3213 2348 3562 2419; x_wconf 69' lang='lat' dir='ltr'><strong>Multiplicacit</strong></span> <span class='ocrx_word' id='word_1_379' title='bbox 3589 2346 3682 2414; x_wconf 77' lang='lat' dir='ltr'><strong>ejus</strong></span> 
     </span>
    </p>
   </div>
   <div class='ocr_carea' id='block_1_51' title="bbox 2144 2432 3684 2512">
    <p class='ocr_par' dir='ltr' id='par_1_51' title="bbox 2144 2432 3684 2512">
     <span class='ocr_line' id='line_1_51' title="bbox 2144 2432 3684 2512; baseline 0.003 -26"><span class='ocrx_word' id='word_1_380' title='bbox 2144 2432 2448 2502; x_wconf 81' lang='lat' dir='ltr'><strong>imperium,</strong></span> <span class='ocrx_word' id='word_1_381' title='bbox 2488 2444 2537 2489; x_wconf 94' lang='lat' dir='ltr'><strong>et</strong></span> <span class='ocrx_word' id='word_1_382' title='bbox 2578 2439 2723 2505; x_wconf 80' lang='lat' dir='ltr'><strong>pacis</strong></span> <span class='ocrx_word' id='word_1_383' title='bbox 2769 2455 2871 2492; x_wconf 84' lang='lat' dir='ltr'><strong>non</strong></span> <span class='ocrx_word' id='word_1_384' title='bbox 2912 2441 3007 2493; x_wconf 88' lang='lat' dir='ltr'><strong>erit</strong></span> <span class='ocrx_word' id='word_1_385' title='bbox 3045 2441 3170 2509; x_wconf 78' lang='lat' dir='ltr'><strong>ﬁnis</strong></span> <span class='ocrx_word' id='word_1_386' title='bbox 3211 2441 3354 2512; x_wconf 79' lang='lat' dir='ltr'><strong>(Isa.</strong></span> <span class='ocrx_word' id='word_1_387' title='bbox 3379 2441 3493 2511; x_wconf 82' lang='lat' dir='ltr'><strong>rx);</strong></span> <span class='ocrx_word' id='word_1_388' title='bbox 3527 2438 3609 2494; x_wconf 89' lang='lat' dir='ltr'><strong>sed</strong></span> <span class='ocrx_word' id='word_1_389' title='bbox 3639 2446 3684 2491; x_wconf 86' lang='lat' dir='ltr'><strong>et</strong></span> 
     </span>
    </p>
   </div>
   <div class='ocr_carea' id='block_1_52' title="bbox 2142 2524 3687 2602">
    <p class='ocr_par' dir='ltr' id='par_1_52' title="bbox 2142 2524 3687 2602">
     <span class='ocr_line' id='line_1_52' title="bbox 2142 2524 3687 2602; baseline 0.004 -24"><span class='ocrx_word' id='word_1_390' title='bbox 2142 2524 2312 2593; x_wconf 87' lang='lat' dir='ltr'><strong>priori</strong></span> <span class='ocrx_word' id='word_1_391' title='bbox 2349 2524 2445 2580; x_wconf 88' lang='lat' dir='ltr'><strong>Dei</strong></span> <span class='ocrx_word' id='word_1_392' title='bbox 2483 2527 2679 2597; x_wconf 87' lang='lat' dir='ltr'><strong>populo</strong></span> <span class='ocrx_word' id='word_1_393' title='bbox 2709 2530 2872 2584; x_wconf 88' lang='lat' dir='ltr'><strong>etiam</strong></span> <span class='ocrx_word' id='word_1_394' title='bbox 2910 2532 2960 2584; x_wconf 89' lang='lat' dir='ltr'><strong>in</strong></span> <span class='ocrx_word' id='word_1_395' title='bbox 2997 2534 3257 2602; x_wconf 82' lang='lat' dir='ltr'><strong>praesenti</strong></span> <span class='ocrx_word' id='word_1_396' title='bbox 3294 2534 3471 2588; x_wconf 82' lang='lat' dir='ltr'><strong>datum</strong></span> <span class='ocrx_word' id='word_1_397' title='bbox 3504 2540 3607 2596; x_wconf 86' lang='lat' dir='ltr'><strong>est,</strong></span> <span class='ocrx_word' id='word_1_398' title='bbox 3637 2540 3687 2586; x_wconf 89' lang='lat' dir='ltr'><strong>ut</strong></span> 
     </span>
    </p>
   </div>
   <div class='ocr_carea' id='block_1_53' title="bbox 2145 2616 3739 2697">
    <p class='ocr_par' dir='ltr' id='par_1_53' title="bbox 2145 2616 3739 2697">
     <span class='ocr_line' id='line_1_53' title="bbox 2145 2616 3739 2697; baseline 0.003 -26"><span class='ocrx_word' id='word_1_399' title='bbox 2145 2632 2266 2672; x_wconf 90' lang='lat' dir='ltr'><strong>cum</strong></span> <span class='ocrx_word' id='word_1_400' title='bbox 2286 2616 2388 2688; x_wconf 87' lang='lat' dir='ltr'><strong>legi</strong></span> <span class='ocrx_word' id='word_1_401' title='bbox 2409 2618 2505 2674; x_wconf 89' lang='lat' dir='ltr'><strong>Dei</strong></span> <span class='ocrx_word' id='word_1_402' title='bbox 2543 2618 2809 2688; x_wconf 86' lang='lat' dir='ltr'><strong>obediret,</strong></span> <span class='ocrx_word' id='word_1_403' title='bbox 2854 2623 3012 2695; x_wconf 84' lang='lat' dir='ltr'><strong>longo</strong></span> <span class='ocrx_word' id='word_1_404' title='bbox 3040 2632 3286 2697; x_wconf 89' lang='lat' dir='ltr'><strong>tempore</strong></span> <span class='ocrx_word' id='word_1_405' title='bbox 3306 2625 3359 2680; x_wconf 89' lang='lat' dir='ltr'><strong>in</strong></span> <span class='ocrx_word' id='word_1_406' title='bbox 3379 2624 3518 2695; x_wconf 86' lang='lat' dir='ltr'><strong>pacis</strong></span> <span class='ocrx_word' id='word_1_407' title='bbox 3533 2622 3688 2692; x_wconf 84' lang='lat' dir='ltr'><strong>quiete</strong></span> <span class='ocrx_word' id='word_1_408' title='bbox 3731 2620 3739 2627; x_wconf 88' lang='grc'><strong>’</strong></span> 
     </span>
    </p>
   </div>
   <div class='ocr_carea' id='block_1_54' title="bbox 2141 2706 2366 2762">
    <p class='ocr_par' dir='ltr' id='par_1_54' title="bbox 2141 2706 2366 2762">
     <span class='ocr_line' id='line_1_54' title="bbox 2141 2706 2366 2762; baseline 0.004 -2"><span class='ocrx_word' id='word_1_409' title='bbox 2141 2706 2366 2762; x_wconf 86' lang='lat' dir='ltr'><strong>viveret.</strong></span> 
     </span>
    </p>
   </div>
   <div class='ocr_carea' id='block_1_55' title="bbox 2215 2797 3687 2872">
    <p class='ocr_par' dir='ltr' id='par_1_55' title="bbox 2215 2797 3687 2872">
     <span class='ocr_line' id='line_1_55' title="bbox 2215 2797 3687 2872; baseline 0.002 -22"><span class='ocrx_word' id='word_1_410' title='bbox 2215 2797 2577 2855; x_wconf 70' lang='lat' dir='ltr'><strong>Misericordia</strong></span> <span class='ocrx_word' id='word_1_411' title='bbox 2617 2808 2665 2855; x_wconf 87' lang='lat' dir='ltr'><strong>et</strong></span> <span class='ocrx_word' id='word_1_412' title='bbox 2691 2804 2878 2857; x_wconf 78' lang='lat' dir='ltr'><strong>veritas</strong></span> <span class='ocrx_word' id='word_1_413' title='bbox 2910 2822 3011 2858; x_wconf 87' lang='lat' dir='ltr'><strong>non</strong></span> <span class='ocrx_word' id='word_1_414' title='bbox 3044 2816 3092 2858; x_wconf 89' lang='lat' dir='ltr'><strong>te</strong></span> <span class='ocrx_word' id='word_1_415' title='bbox 3124 2807 3393 2861; x_wconf 80' lang='lat' dir='ltr'><strong>deserant.</strong></span> <span class='ocrx_word' id='word_1_416' title='bbox 3424 2803 3549 2860; x_wconf 84' lang='lat' dir='ltr'><strong>Nam</strong></span> <span class='ocrx_word' id='word_1_417' title='bbox 3581 2801 3687 2872; x_wconf 83' lang='lat' dir='ltr'><strong>quia</strong></span> 
     </span>
    </p>
   </div>
   <div class='ocr_carea' id='block_1_56' title="bbox 2143 2886 3689 2962">
    <p class='ocr_par' dir='ltr' id='par_1_56' title="bbox 2143 2886 3689 2962">
     <span class='ocr_line' id='line_1_56' title="bbox 2143 2886 3689 2962; baseline 0.004 -22"><span class='ocrx_word' id='word_1_418' title='bbox 2143 2886 2211 2941; x_wconf 85' lang='lat' dir='ltr'><strong>ab</strong></span> <span class='ocrx_word' id='word_1_419' title='bbox 2249 2902 2344 2941; x_wconf 87' lang='lat' dir='ltr'><strong>ore</strong></span> <span class='ocrx_word' id='word_1_420' title='bbox 2376 2897 2465 2942; x_wconf 91' lang='lat' dir='ltr'><strong>tuo</strong></span> <span class='ocrx_word' id='word_1_421' title='bbox 2495 2891 2695 2946; x_wconf 90' lang='lat' dir='ltr'><strong>veritas</strong></span> <span class='ocrx_word' id='word_1_422' title='bbox 2721 2901 2805 2946; x_wconf 90' lang='lat' dir='ltr'><strong>cst</strong></span> <span class='ocrx_word' id='word_1_423' title='bbox 2849 2894 3073 2948; x_wconf 87' lang='lat' dir='ltr'><strong>dicenda</strong></span> <span class='ocrx_word' id='word_1_424' title='bbox 3098 2934 3113 2959; x_wconf 92' lang='lat'><strong>,</strong></span> <span class='ocrx_word' id='word_1_425' title='bbox 3147 2910 3255 2950; x_wconf 88' lang='lat' dir='ltr'><strong>non</strong></span> <span class='ocrx_word' id='word_1_426' title='bbox 3302 2895 3420 2949; x_wconf 89' lang='lat' dir='ltr'><strong>ideo</strong></span> <span class='ocrx_word' id='word_1_427' title='bbox 3463 2895 3525 2949; x_wconf 88' lang='lat' dir='ltr'><strong>ab</strong></span> <span class='ocrx_word' id='word_1_428' title='bbox 3551 2903 3689 2962; x_wconf 78' lang='lat' dir='ltr'><strong>opere</strong></span> 
     </span>
    </p>
   </div>
   <div class='ocr_carea' id='block_1_57' title="bbox 2145 2978 3689 3056">
    <p class='ocr_par' dir='ltr' id='par_1_57' title="bbox 2145 2978 3689 3056">
     <span class='ocr_line' id='line_1_57' title="bbox 2145 2978 3689 3056; baseline 0.008 -25"><span class='ocrx_word' id='word_1_429' title='bbox 2145 2978 2511 3034; x_wconf 75' lang='lat' dir='ltr'><strong>misericordia</strong></span> <span class='ocrx_word' id='word_1_430' title='bbox 2542 2996 2662 3050; x_wconf 69' lang='lat' dir='ltr'><strong>qum</strong></span> <span class='ocrx_word' id='word_1_431' title='bbox 2699 2984 2945 3052; x_wconf 79' lang='lat' dir='ltr'><strong>proximo</strong></span> <span class='ocrx_word' id='word_1_432' title='bbox 2983 2986 3055 3040; x_wconf 88' lang='lat' dir='ltr'><strong>sit</strong></span> <span class='ocrx_word' id='word_1_433' title='bbox 3087 2986 3446 3056; x_wconf 86' lang='lat' dir='ltr'><strong>impendenda</strong></span> <span class='ocrx_word' id='word_1_434' title='bbox 3483 2982 3689 3044; x_wconf 57' lang='lat' dir='ltr'><strong>recedat.</strong></span> 
     </span>
    </p>
   </div>
   <div class='ocr_carea' id='block_1_58' title="bbox 2143 3072 3687 3148">
    <p class='ocr_par' dir='ltr' id='par_1_58' title="bbox 2143 3072 3687 3148">
     <span class='ocr_line' id='line_1_58' title="bbox 2143 3072 3687 3148; baseline 0.002 -23"><span class='ocrx_word' id='word_1_435' title='bbox 2143 3072 2222 3126; x_wconf 87' lang='lat' dir='ltr'><strong>sic</strong></span> <span class='ocrx_word' id='word_1_436' title='bbox 2250 3073 2391 3127; x_wconf 82' lang='lat' dir='ltr'><strong>enim</strong></span> <span class='ocrx_word' id='word_1_437' title='bbox 2418 3072 2495 3136; x_wconf 85' lang='lat' dir='ltr'><strong>ﬁt,</strong></span> <span class='ocrx_word' id='word_1_438' title='bbox 2526 3084 2583 3128; x_wconf 91' lang='lat' dir='ltr'><strong>ut</strong></span> <span class='ocrx_word' id='word_1_439' title='bbox 2611 3084 2666 3130; x_wconf 91' lang='lat' dir='ltr'><strong>et</strong></span> <span class='ocrx_word' id='word_1_440' title='bbox 2695 3083 2746 3130; x_wconf 77' lang='lat' dir='ltr'><strong>te</strong></span> <span class='ocrx_word' id='word_1_441' title='bbox 2775 3076 2869 3131; x_wconf 89' lang='lat' dir='ltr'><strong>Dei</strong></span> <span class='ocrx_word' id='word_1_442' title='bbox 2900 3093 3111 3148; x_wconf 84' lang='lat' dir='ltr'><strong>semper</strong></span> <span class='ocrx_word' id='word_1_443' title='bbox 3138 3078 3505 3135; x_wconf 84' lang='lat' dir='ltr'><strong>misericordia</strong></span> <span class='ocrx_word' id='word_1_444' title='bbox 3527 3088 3687 3147; x_wconf 81' lang='lat' dir='ltr'><strong>prose-</strong></span> 
     </span>
    </p>
   </div>
   <div class='ocr_carea' id='block_1_59' title="bbox 2144 3166 3692 3239">
    <p class='ocr_par' dir='ltr' id='par_1_59' title="bbox 2144 3166 3692 3239">
     <span class='ocr_line' id='line_1_59' title="bbox 2144 3166 3692 3239; baseline 0.001 -23"><span class='ocrx_word' id='word_1_445' title='bbox 2144 3172 2340 3231; x_wconf 86' lang='lat' dir='ltr'><strong>quatur</strong></span> <span class='ocrx_word' id='word_1_446' title='bbox 2373 3173 2427 3220; x_wconf 89' lang='lat' dir='ltr'><strong>et</strong></span> <span class='ocrx_word' id='word_1_447' title='bbox 2458 3166 2690 3232; x_wconf 88' lang='lat' dir='ltr'><strong>veritas,</strong></span> <span class='ocrx_word' id='word_1_448' title='bbox 2730 3168 3100 3225; x_wconf 89' lang='lat' dir='ltr'><strong>misericordia</strong></span> <span class='ocrx_word' id='word_1_449' title='bbox 3128 3172 3383 3227; x_wconf 88' lang='lat' dir='ltr'><strong>videlicet</strong></span> <span class='ocrx_word' id='word_1_450' title='bbox 3407 3184 3519 3239; x_wconf 71' lang='lat' dir='ltr'><strong>quze</strong></span> <span class='ocrx_word' id='word_1_451' title='bbox 3542 3166 3692 3221; x_wconf 84' lang='lat' dir='ltr'><strong>deleat</strong></span> 
     </span>
    </p>
   </div>
   <div class='ocr_carea' id='block_1_60' title="bbox 464 3227 3692 3335">
    <p class='ocr_par' dir='ltr' id='par_1_60' title="bbox 464 3227 3692 3335">
     <span class='ocr_line' id='line_1_60' title="bbox 464 3227 3692 3335; baseline -0 -25"><span class='ocrx_word' id='word_1_452' title='bbox 464 3255 766 3325; x_wconf 76' lang='lat' dir='ltr'><strong>perfectum</strong></span> <span class='ocrx_word' id='word_1_453' title='bbox 786 3256 961 3311; x_wconf 84' lang='lat' dir='ltr'><strong>reddit</strong></span> <span class='ocrx_word' id='word_1_454' title='bbox 988 3256 1259 3310; x_wconf 87' lang='lat' dir='ltr'><strong>hominem</strong></span> <span class='ocrx_word' id='word_1_455' title='bbox 1275 3295 1292 3320; x_wconf 92' lang='lat'><strong>,</strong></span> <span class='ocrx_word' id='word_1_456' title='bbox 1458 3257 1560 3311; x_wconf 89' lang='lat' dir='ltr'><strong>hoc</strong></span> <span class='ocrx_word' id='word_1_457' title='bbox 1584 3256 1724 3309; x_wconf 85' lang='lat' dir='ltr'><strong>inter</strong></span> <span class='ocrx_word' id='word_1_458' title='bbox 1753 3227 2039 3324; x_wconf 81' lang='lat' dir='ltr'><strong>utrumque</strong></span> <span class='ocrx_word' id='word_1_459' title='bbox 2064 3227 2111 3289; x_wconf 69' lang='grc' dir='ltr'>Ο</span> <span class='ocrx_word' id='word_1_460' title='bbox 2142 3227 2360 3324; x_wconf 80' lang='lat' dir='ltr'><strong>peccata</strong></span> <span class='ocrx_word' id='word_1_461' title='bbox 2384 3266 2494 3322; x_wconf 91' lang='lat' dir='ltr'><strong>tua,</strong></span> <span class='ocrx_word' id='word_1_462' title='bbox 2517 3227 2717 3314; x_wconf 81' lang='lat' dir='ltr'><strong>veritas</strong></span> <span class='ocrx_word' id='word_1_463' title='bbox 2740 3276 2867 3316; x_wconf 85' lang='lat' dir='ltr'><strong>vero</strong></span> <span class='ocrx_word' id='word_1_464' title='bbox 2888 3277 3007 3331; x_wconf 64' lang='lat' dir='ltr'><strong>qua:</strong></span> <span class='ocrx_word' id='word_1_465' title='bbox 3027 3263 3300 3334; x_wconf 86' lang='lat' dir='ltr'><strong>compleat</strong></span> <span class='ocrx_word' id='word_1_466' title='bbox 3319 3227 3569 3335; x_wconf 72' lang='lat' dir='ltr'><strong>promissa</strong></span> <span class='ocrx_word' id='word_1_467' title='bbox 3590 3274 3692 3315; x_wconf 87' lang='lat' dir='ltr'><strong>sua.</strong></span> 
     </span>
    </p>
   </div>
   <div class='ocr_carea' id='block_1_61' title="bbox 468 3344 2036 3416">
    <p class='ocr_par' dir='ltr' id='par_1_61' title="bbox 468 3344 2036 3416">
     <span class='ocr_line' id='line_1_61' title="bbox 468 3344 2036 3416; baseline -0.003 -15"><span class='ocrx_word' id='word_1_468' title='bbox 468 3362 681 3403; x_wconf 85' lang='lat' dir='ltr'><strong>versum</strong></span> <span class='ocrx_word' id='word_1_469' title='bbox 708 3346 903 3412; x_wconf 86' lang='lat' dir='ltr'><strong>distat,</strong></span> <span class='ocrx_word' id='word_1_470' title='bbox 938 3347 1080 3416; x_wconf 81' lang='lat' dir='ltr'><strong>quod</strong></span> <span class='ocrx_word' id='word_1_471' title='bbox 1124 3347 1175 3400; x_wconf 92' lang='lat' dir='ltr'><strong>iu</strong></span> <span class='ocrx_word' id='word_1_472' title='bbox 1207 3346 1297 3401; x_wconf 90' lang='lat' dir='ltr'><strong>illo</strong></span> <span class='ocrx_word' id='word_1_473' title='bbox 1338 3346 1597 3403; x_wconf 90' lang='lat' dir='ltr'><strong>Dominus</strong></span> <span class='ocrx_word' id='word_1_474' title='bbox 1624 3346 1747 3415; x_wconf 85' lang='lat' dir='ltr'><strong>quia</strong></span> <span class='ocrx_word' id='word_1_475' title='bbox 1778 3344 1954 3413; x_wconf 88' lang='lat' dir='ltr'><strong>justos</strong></span> <span class='ocrx_word' id='word_1_476' title='bbox 1982 3346 2036 3399; x_wconf 90' lang='lat' dir='ltr'><strong>in</strong></span> 
     </span>
    </p>
   </div>
   <div class='ocr_carea' id='block_1_62' title="bbox 466 3438 2036 3511">
    <p class='ocr_par' dir='ltr' id='par_1_62' title="bbox 466 3438 2036 3511">
     <span class='ocr_line' id='line_1_62' title="bbox 466 3438 2036 3511; baseline -0.001 -16"><span class='ocrx_word' id='word_1_477' title='bbox 466 3439 721 3511; x_wconf 70' lang='lat' dir='ltr'><strong>praesenti</strong></span> <span class='ocrx_word' id='word_1_478' title='bbox 753 3444 1024 3495; x_wconf 84' lang='lat' dir='ltr'><strong>certantes</strong></span> <span class='ocrx_word' id='word_1_479' title='bbox 1064 3438 1312 3507; x_wconf 87' lang='lat' dir='ltr'><strong>adjuvet,</strong></span> <span class='ocrx_word' id='word_1_480' title='bbox 1349 3440 1403 3493; x_wconf 90' lang='lat' dir='ltr'><strong>in</strong></span> <span class='ocrx_word' id='word_1_481' title='bbox 1442 3439 1548 3493; x_wconf 88' lang='lat' dir='ltr'><strong>isto</strong></span> <span class='ocrx_word' id='word_1_482' title='bbox 1574 3439 1698 3509; x_wconf 86' lang='lat' dir='ltr'><strong>quia</strong></span> <span class='ocrx_word' id='word_1_483' title='bbox 1723 3439 1955 3493; x_wconf 87' lang='lat' dir='ltr'><strong>victores</strong></span> <span class='ocrx_word' id='word_1_484' title='bbox 1981 3439 2036 3493; x_wconf 90' lang='lat' dir='ltr'><strong>in</strong></span> 
     </span>
    </p>
   </div>
   <div class='ocr_carea' id='block_1_63' title="bbox 466 3527 2041 3601">
    <p class='ocr_par' dir='ltr' id='par_1_63' title="bbox 466 3527 2041 3601">
     <span class='ocr_line' id='line_1_63' title="bbox 466 3527 2041 3601; baseline 0.001 -18"><span class='ocrx_word' id='word_1_485' title='bbox 466 3529 659 3584; x_wconf 79' lang='lat' dir='ltr'><strong>futuro</strong></span> <span class='ocrx_word' id='word_1_486' title='bbox 672 3536 913 3593; x_wconf 81' lang='lat' dir='ltr'><strong>coronet,</strong></span> <span class='ocrx_word' id='word_1_487' title='bbox 936 3536 994 3582; x_wconf 93' lang='lat' dir='ltr'><strong>ut</strong></span> <span class='ocrx_word' id='word_1_488' title='bbox 1022 3527 1252 3584; x_wconf 87' lang='lat' dir='ltr'><strong>dicatur.</strong></span> <span class='ocrx_word' id='word_1_489' title='bbox 1284 3529 1464 3583; x_wconf 80' lang='lat' dir='ltr'><strong>Terrae</strong></span> <span class='ocrx_word' id='word_1_490' title='bbox 1481 3529 1676 3601; x_wconf 85' lang='lat' dir='ltr'><strong>quippe</strong></span> <span class='ocrx_word' id='word_1_491' title='bbox 1703 3532 1919 3585; x_wconf 89' lang='lat' dir='ltr'><strong>nomine</strong></span> <span class='ocrx_word' id='word_1_492' title='bbox 1945 3530 2041 3585; x_wconf 89' lang='lat' dir='ltr'><strong>Ec-</strong></span> 
     </span>
    </p>
   </div>
   <div class='ocr_carea' id='block_1_64' title="bbox 464 3615 2040 3690">
    <p class='ocr_par' dir='ltr' id='par_1_64' title="bbox 464 3615 2040 3690">
     <span class='ocr_line' id='line_1_64' title="bbox 464 3615 2040 3690; baseline 0 -16"><span class='ocrx_word' id='word_1_493' title='bbox 464 3619 626 3676; x_wconf 84' lang='lat' dir='ltr'><strong>clesia</strong></span> <span class='ocrx_word' id='word_1_494' title='bbox 649 3618 991 3689; x_wconf 85' lang='lat' dir='ltr'><strong>designatur,</strong></span> <span class='ocrx_word' id='word_1_495' title='bbox 1023 3633 1143 3688; x_wconf 69' lang='lat' dir='ltr'><strong>quae</strong></span> <span class='ocrx_word' id='word_1_496' title='bbox 1179 3617 1474 3688; x_wconf 89' lang='lat' dir='ltr'><strong>spiritalem</strong></span> <span class='ocrx_word' id='word_1_497' title='bbox 1514 3618 1623 3672; x_wconf 92' lang='lat' dir='ltr'><strong>Deo</strong></span> <span class='ocrx_word' id='word_1_498' title='bbox 1662 3615 1893 3673; x_wconf 76' lang='lat' dir='ltr'><strong>fructum</strong></span> <span class='ocrx_word' id='word_1_499' title='bbox 1919 3620 2040 3690; x_wconf 85' lang='lat' dir='ltr'><strong>ger—</strong></span> 
     </span>
    </p>
   </div>
   <div class='ocr_carea' id='block_1_65' title="bbox 465 3707 2040 3780">
    <p class='ocr_par' dir='ltr' id='par_1_65' title="bbox 465 3707 2040 3780">
     <span class='ocr_line' id='line_1_65' title="bbox 465 3707 2040 3780; baseline 0 -16"><span class='ocrx_word' id='word_1_500' title='bbox 465 3709 674 3764; x_wconf 84' lang='lat' dir='ltr'><strong>minare</strong></span> <span class='ocrx_word' id='word_1_501' title='bbox 712 3708 1029 3773; x_wconf 82' lang='lat' dir='ltr'><strong>consuevit,</strong></span> <span class='ocrx_word' id='word_1_502' title='bbox 1079 3708 1132 3763; x_wconf 90' lang='lat' dir='ltr'><strong>in</strong></span> <span class='ocrx_word' id='word_1_503' title='bbox 1170 3724 1274 3778; x_wconf 91' lang='lat' dir='ltr'><strong>qua</strong></span> <span class='ocrx_word' id='word_1_504' title='bbox 1306 3708 1437 3778; x_wconf 78' lang='lat' dir='ltr'><strong>justi</strong></span> <span class='ocrx_word' id='word_1_505' title='bbox 1469 3707 1713 3762; x_wconf 86' lang='lat' dir='ltr'><strong>habitant</strong></span> <span class='ocrx_word' id='word_1_506' title='bbox 1741 3717 1795 3763; x_wconf 91' lang='lat' dir='ltr'><strong>et</strong></span> <span class='ocrx_word' id='word_1_507' title='bbox 1826 3725 2040 3780; x_wconf 88' lang='lat' dir='ltr'><strong>perma-</strong></span> 
     </span>
    </p>
   </div>
   <div class='ocr_carea' id='block_1_66' title="bbox 468 3797 2037 3869">
    <p class='ocr_par' dir='ltr' id='par_1_66' title="bbox 468 3797 2037 3869">
     <span class='ocr_line' id='line_1_66' title="bbox 468 3797 2037 3869; baseline 0 -14"><span class='ocrx_word' id='word_1_508' title='bbox 468 3807 630 3864; x_wconf 88' lang='lat' dir='ltr'><strong>nent,</strong></span> <span class='ocrx_word' id='word_1_509' title='bbox 659 3799 788 3869; x_wconf 84' lang='lat' dir='ltr'><strong>quia</strong></span> <span class='ocrx_word' id='word_1_510' title='bbox 822 3815 854 3854; x_wconf 88' lang='lat' dir='ltr'><strong>a</strong></span> <span class='ocrx_word' id='word_1_511' title='bbox 891 3799 1163 3855; x_wconf 88' lang='lat' dir='ltr'><strong>consortio</strong></span> <span class='ocrx_word' id='word_1_512' title='bbox 1191 3797 1308 3868; x_wconf 85' lang='lat' dir='ltr'><strong>ejus</strong></span> <span class='ocrx_word' id='word_1_513' title='bbox 1350 3813 1451 3854; x_wconf 91' lang='lat' dir='ltr'><strong>nec</strong></span> <span class='ocrx_word' id='word_1_514' title='bbox 1488 3807 1667 3854; x_wconf 84' lang='lat' dir='ltr'><strong>morte</strong></span> <span class='ocrx_word' id='word_1_515' title='bbox 1696 3808 2037 3868; x_wconf 83' lang='lat' dir='ltr'><strong>separantur.</strong></span> 
     </span>
    </p>
   </div>
   <div class='ocr_carea' id='block_1_67' title="bbox 467 3888 2040 3962">
    <p class='ocr_par' dir='ltr' id='par_1_67' title="bbox 467 3888 2040 3962">
     <span class='ocr_line' id='line_1_67' title="bbox 467 3888 2040 3962; baseline -0.001 -13"><span class='ocrx_word' id='word_1_516' title='bbox 467 3892 574 3949; x_wconf 86' lang='lat' dir='ltr'><strong>Sed</strong></span> <span class='ocrx_word' id='word_1_517' title='bbox 611 3891 898 3949; x_wconf 83' lang='lat' dir='ltr'><strong>terminata</strong></span> <span class='ocrx_word' id='word_1_518' title='bbox 941 3892 1046 3947; x_wconf 81' lang='lat' dir='ltr'><strong>hac</strong></span> <span class='ocrx_word' id='word_1_519' title='bbox 1083 3891 1227 3957; x_wconf 89' lang='lat' dir='ltr'><strong>vita,</strong></span> <span class='ocrx_word' id='word_1_520' title='bbox 1265 3892 1334 3946; x_wconf 90' lang='lat' dir='ltr'><strong>ad</strong></span> <span class='ocrx_word' id='word_1_521' title='bbox 1375 3889 1520 3944; x_wconf 89' lang='lat' dir='ltr'><strong>illam</strong></span> <span class='ocrx_word' id='word_1_522' title='bbox 1546 3888 1662 3960; x_wconf 88' lang='lat' dir='ltr'><strong>ejus</strong></span> <span class='ocrx_word' id='word_1_523' title='bbox 1685 3900 1893 3962; x_wconf 87' lang='lat' dir='ltr'><strong>partem</strong></span> <span class='ocrx_word' id='word_1_524' title='bbox 1919 3908 2040 3962; x_wconf 73' lang='lat' dir='ltr'><strong>quae</strong></span> 
     </span>
    </p>
   </div>
   <div class='ocr_carea' id='block_1_68' title="bbox 466 3971 1778 4052">
    <p class='ocr_par' dir='ltr' id='par_1_68' title="bbox 466 3971 1778 4052">
     <span class='ocr_line' id='line_1_68' title="bbox 466 3971 1778 4052; baseline -0.005 -11"><span class='ocrx_word' id='word_1_525' title='bbox 466 3998 588 4041; x_wconf 85' lang='lat' dir='ltr'><strong>cum</strong></span> <span class='ocrx_word' id='word_1_526' title='bbox 613 3979 828 4041; x_wconf 81' lang='lat' dir='ltr'><strong>Christo</strong></span> <span class='ocrx_word' id='word_1_527' title='bbox 856 3981 910 4035; x_wconf 92' lang='lat' dir='ltr'><strong>in</strong></span> <span class='ocrx_word' id='word_1_528' title='bbox 938 3979 1090 4036; x_wconf 62' lang='lat' dir='ltr'><strong>caelis</strong></span> <span class='ocrx_word' id='word_1_529' title='bbox 1116 3989 1304 4052; x_wconf 88' lang='lat' dir='ltr'><strong>regnat</strong></span> <span class='ocrx_word' id='word_1_530' title='bbox 1328 3980 1666 4050; x_wconf 87' lang='lat' dir='ltr'><strong>perveniunt.</strong></span> <span class='ocrx_word' id='word_1_531' title='bbox 1774 3971 1778 3975; x_wconf 74' lang='grc'><strong>’</strong></span> 
     </span>
    </p>
   </div>
   <div class='ocr_carea' id='block_1_69' title="bbox 535 4071 2038 4144">
    <p class='ocr_par' dir='ltr' id='par_1_69' title="bbox 535 4071 2038 4144">
     <span class='ocr_line' id='line_1_69' title="bbox 535 4071 2038 4144; baseline 0.001 -18"><span class='ocrx_word' id='word_1_532' title='bbox 535 4071 695 4143; x_wconf 74' lang='lat' dir='ltr'><strong>[mpii</strong></span> <span class='ocrx_word' id='word_1_533' title='bbox 732 4088 848 4127; x_wconf 73' lang='lat' dir='ltr'><strong>vero</strong></span> <span class='ocrx_word' id='word_1_534' title='bbox 877 4071 941 4126; x_wconf 85' lang='lat' dir='ltr'><strong>de</strong></span> <span class='ocrx_word' id='word_1_535' title='bbox 970 4080 1109 4129; x_wconf 86' lang='lat' dir='ltr'><strong>terra</strong></span> <span class='ocrx_word' id='word_1_536' title='bbox 1140 4071 1439 4142; x_wconf 87' lang='lat' dir='ltr'><strong>perdentur,</strong></span> <span class='ocrx_word' id='word_1_537' title='bbox 1484 4081 1538 4126; x_wconf 88' lang='lat' dir='ltr'><strong>at</strong></span> <span class='ocrx_word' id='word_1_538' title='bbox 1562 4073 1652 4142; x_wconf 77' lang='lat' dir='ltr'><strong>qui</strong></span> <span class='ocrx_word' id='word_1_539' title='bbox 1677 4072 1852 4143; x_wconf 80' lang='lat' dir='ltr'><strong>inique</strong></span> <span class='ocrx_word' id='word_1_540' title='bbox 1870 4083 2038 4144; x_wconf 77' lang='lat' dir='ltr'><strong>agunt</strong></span> 
     </span>
    </p>
   </div>
   <div class='ocr_carea' id='block_1_70' title="bbox 463 4162 2040 4235">
    <p class='ocr_par' dir='ltr' id='par_1_70' title="bbox 463 4162 2040 4235">
     <span class='ocr_line' id='line_1_70' title="bbox 463 4162 2040 4235; baseline 0 -16"><span class='ocrx_word' id='word_1_541' title='bbox 463 4165 769 4233; x_wconf 75' lang='lat' dir='ltr'><strong>auferantur</strong></span> <span class='ocrx_word' id='word_1_542' title='bbox 797 4179 862 4218; x_wconf 74' lang='lat' dir='ltr'><strong>ea:</strong></span> <span class='ocrx_word' id='word_1_543' title='bbox 887 4179 969 4217; x_wconf 86' lang='lat' dir='ltr'><strong>ea.</strong></span> <span class='ocrx_word' id='word_1_544' title='bbox 1008 4162 1239 4218; x_wconf 85' lang='lat' dir='ltr'><strong>Possunt</strong></span> <span class='ocrx_word' id='word_1_545' title='bbox 1265 4162 1380 4217; x_wconf 81' lang='lat' dir='ltr'><strong>haec</strong></span> <span class='ocrx_word' id='word_1_546' title='bbox 1409 4178 1515 4218; x_wconf 84' lang='lat' dir='ltr'><strong>non</strong></span> <span class='ocrx_word' id='word_1_547' title='bbox 1551 4162 1619 4217; x_wconf 89' lang='lat' dir='ltr'><strong>de</strong></span> <span class='ocrx_word' id='word_1_548' title='bbox 1645 4164 1855 4219; x_wconf 89' lang='lat' dir='ltr'><strong>cunctis</strong></span> <span class='ocrx_word' id='word_1_549' title='bbox 1879 4179 2040 4235; x_wconf 88' lang='lat' dir='ltr'><strong>gene-</strong></span> 
     </span>
    </p>
   </div>
   <div class='ocr_carea' id='block_1_71' title="bbox 465 4253 2041 4325">
    <p class='ocr_par' dir='ltr' id='par_1_71' title="bbox 465 4253 2041 4325">
     <span class='ocr_line' id='line_1_71' title="bbox 465 4253 2041 4325; baseline 0 -16"><span class='ocrx_word' id='word_1_550' title='bbox 465 4256 650 4310; x_wconf 88' lang='lat' dir='ltr'><strong>raliter</strong></span> <span class='ocrx_word' id='word_1_551' title='bbox 675 4253 918 4325; x_wconf 88' lang='lat' dir='ltr'><strong>reprobis</strong></span> <span class='ocrx_word' id='word_1_552' title='bbox 946 4254 1088 4308; x_wconf 89' lang='lat' dir='ltr'><strong>dicta</strong></span> <span class='ocrx_word' id='word_1_553' title='bbox 1125 4254 1327 4324; x_wconf 89' lang='lat' dir='ltr'><strong>accipi,</strong></span> <span class='ocrx_word' id='word_1_554' title='bbox 1358 4253 1455 4307; x_wconf 80' lang='lat' dir='ltr'><strong>sed</strong></span> <span class='ocrx_word' id='word_1_555' title='bbox 1498 4253 1563 4308; x_wconf 91' lang='lat' dir='ltr'><strong>de</strong></span> <span class='ocrx_word' id='word_1_556' title='bbox 1601 4253 1708 4309; x_wconf 90' lang='lat' dir='ltr'><strong>illis</strong></span> <span class='ocrx_word' id='word_1_557' title='bbox 1735 4254 2041 4323; x_wconf 86' lang='lat' dir='ltr'><strong>specialiter</strong></span> 
     </span>
    </p>
   </div>
   <div class='ocr_carea' id='block_1_72' title="bbox 465 4342 2040 4416">
    <p class='ocr_par' dir='ltr' id='par_1_72' title="bbox 465 4342 2040 4416">
     <span class='ocr_line' id='line_1_72' title="bbox 465 4342 2040 4416; baseline -0.001 -17"><span class='ocrx_word' id='word_1_558' title='bbox 465 4346 557 4416; x_wconf 86' lang='lat' dir='ltr'><strong>qui</strong></span> <span class='ocrx_word' id='word_1_559' title='bbox 601 4345 669 4401; x_wconf 88' lang='lat' dir='ltr'><strong>ad</strong></span> <span class='ocrx_word' id='word_1_560' title='bbox 712 4353 914 4402; x_wconf 83' lang='lat' dir='ltr'><strong>terram</strong></span> <span class='ocrx_word' id='word_1_561' title='bbox 950 4343 1158 4401; x_wconf 85' lang='lat' dir='ltr'><strong>Domini</strong></span> <span class='ocrx_word' id='word_1_562' title='bbox 1181 4384 1196 4409; x_wconf 94' lang='lat'><strong>,</strong></span> <span class='ocrx_word' id='word_1_563' title='bbox 1221 4344 1273 4399; x_wconf 93' lang='lat' dir='ltr'><strong>id</strong></span> <span class='ocrx_word' id='word_1_564' title='bbox 1302 4352 1413 4407; x_wconf 89' lang='lat' dir='ltr'><strong>est,</strong></span> <span class='ocrx_word' id='word_1_565' title='bbox 1447 4342 1740 4398; x_wconf 88' lang='lat' dir='ltr'><strong>Ecclesiam</strong></span> <span class='ocrx_word' id='word_1_566' title='bbox 1768 4346 2040 4413; x_wconf 88' lang='lat' dir='ltr'><strong>pertinere</strong></span> 
     </span>
    </p>
   </div>
   <div class='ocr_carea' id='block_1_73' title="bbox 468 4433 2040 4505">
    <p class='ocr_par' dir='ltr' id='par_1_73' title="bbox 468 4433 2040 4505">
     <span class='ocr_line' id='line_1_73' title="bbox 468 4433 2040 4505; baseline -0.001 -16"><span class='ocrx_word' id='word_1_567' title='bbox 468 4435 818 4501; x_wconf 86' lang='lat' dir='ltr'><strong>videbantur,</strong></span> <span class='ocrx_word' id='word_1_568' title='bbox 863 4443 918 4490; x_wconf 89' lang='lat' dir='ltr'><strong>et</strong></span> <span class='ocrx_word' id='word_1_569' title='bbox 950 4445 1125 4489; x_wconf 87' lang='lat' dir='ltr'><strong>tamen</strong></span> <span class='ocrx_word' id='word_1_570' title='bbox 1169 4433 1506 4505; x_wconf 77' lang='lat' dir='ltr'><strong>exigentibus</strong></span> <span class='ocrx_word' id='word_1_571' title='bbox 1542 4433 1750 4489; x_wconf 88' lang='lat' dir='ltr'><strong>meritis</strong></span> <span class='ocrx_word' id='word_1_572' title='bbox 1786 4433 2040 4489; x_wconf 81' lang='lat' dir='ltr'><strong>auferun-</strong></span> 
     </span>
    </p>
   </div>
   <div class='ocr_carea' id='block_1_74' title="bbox 466 4524 2038 4598">
    <p class='ocr_par' dir='ltr' id='par_1_74' title="bbox 466 4524 2038 4598">
     <span class='ocr_line' id='line_1_74' title="bbox 466 4524 2038 4598; baseline -0.003 -15"><span class='ocrx_word' id='word_1_573' title='bbox 466 4540 554 4584; x_wconf 88' lang='lat' dir='ltr'><strong>tur</strong></span> <span class='ocrx_word' id='word_1_574' title='bbox 577 4529 648 4584; x_wconf 90' lang='lat' dir='ltr'><strong>ab</strong></span> <span class='ocrx_word' id='word_1_575' title='bbox 672 4544 756 4593; x_wconf 87' lang='lat' dir='ltr'><strong>ea,</strong></span> <span class='ocrx_word' id='word_1_576' title='bbox 788 4528 1006 4598; x_wconf 82' lang='lat' dir='ltr'><strong>quidam</strong></span> <span class='ocrx_word' id='word_1_577' title='bbox 1034 4526 1247 4596; x_wconf 88' lang='lat' dir='ltr'><strong>quidem</strong></span> <span class='ocrx_word' id='word_1_578' title='bbox 1278 4534 1467 4597; x_wconf 90' lang='lat' dir='ltr'><strong>aperto</strong></span> <span class='ocrx_word' id='word_1_579' title='bbox 1488 4526 1659 4595; x_wconf 90' lang='lat' dir='ltr'><strong>ipsius</strong></span> <span class='ocrx_word' id='word_1_580' title='bbox 1684 4525 1936 4581; x_wconf 75' lang='lat' dir='ltr'><strong>Ecclesia:</strong></span> <span class='ocrx_word' id='word_1_581' title='bbox 1950 4524 2038 4593; x_wconf 86' lang='lat' dir='ltr'><strong>ju-</strong></span> 
     </span>
    </p>
   </div>
   <div class='ocr_carea' id='block_1_75' title="bbox 465 4617 2034 4688">
    <p class='ocr_par' dir='ltr' id='par_1_75' title="bbox 465 4617 2034 4688">
     <span class='ocr_line' id='line_1_75' title="bbox 465 4617 2034 4688; baseline -0.001 -15"><span class='ocrx_word' id='word_1_582' title='bbox 465 4618 639 4685; x_wconf 87' lang='lat' dir='ltr'><strong>dicio,</strong></span> <span class='ocrx_word' id='word_1_583' title='bbox 659 4627 720 4673; x_wconf 88' lang='lat' dir='ltr'><strong>ut</strong></span> <span class='ocrx_word' id='word_1_584' title='bbox 744 4617 933 4674; x_wconf 86' lang='lat' dir='ltr'><strong>Simon</strong></span> <span class='ocrx_word' id='word_1_585' title='bbox 954 4657 969 4682; x_wconf 95' lang='lat'><strong>,</strong></span> <span class='ocrx_word' id='word_1_586' title='bbox 997 4618 1159 4671; x_wconf 80' lang='lat' dir='ltr'><strong>Arius</strong></span> <span class='ocrx_word' id='word_1_587' title='bbox 1182 4626 1237 4671; x_wconf 90' lang='lat' dir='ltr'><strong>et</strong></span> <span class='ocrx_word' id='word_1_588' title='bbox 1261 4617 1589 4688; x_wconf 81' lang='lat' dir='ltr'><strong>Porphyrius</strong></span> <span class='ocrx_word' id='word_1_589' title='bbox 1618 4634 1630 4669; x_wconf 90' lang='lat'><strong>:</strong></span> <span class='ocrx_word' id='word_1_590' title='bbox 1662 4618 1881 4685; x_wconf 87' lang='lat' dir='ltr'><strong>quidam</strong></span> <span class='ocrx_word' id='word_1_591' title='bbox 1907 4632 2034 4672; x_wconf 87' lang='lat' dir='ltr'><strong>vero</strong></span> 
     </span>
    </p>
   </div>
   <div class='ocr_carea' id='block_1_76' title="bbox 466 4706 2035 4773">
    <p class='ocr_par' dir='ltr' id='par_1_76' title="bbox 466 4706 2035 4773">
     <span class='ocr_line' id='line_1_76' title="bbox 466 4706 2035 4773; baseline -0.001 -9"><span class='ocrx_word' id='word_1_592' title='bbox 466 4710 520 4764; x_wconf 87' lang='lat' dir='ltr'><strong>in</strong></span> <span class='ocrx_word' id='word_1_593' title='bbox 559 4715 769 4765; x_wconf 87' lang='lat' dir='ltr'><strong>secreto</strong></span> <span class='ocrx_word' id='word_1_594' title='bbox 805 4706 1087 4762; x_wconf 85' lang='lat' dir='ltr'><strong>invisibilis</strong></span> <span class='ocrx_word' id='word_1_595' title='bbox 1110 4706 1340 4773; x_wconf 87' lang='lat' dir='ltr'><strong>judicis,</strong></span> <span class='ocrx_word' id='word_1_596' title='bbox 1368 4715 1427 4761; x_wconf 90' lang='lat' dir='ltr'><strong>ut</strong></span> <span class='ocrx_word' id='word_1_597' title='bbox 1449 4707 1715 4761; x_wconf 86' lang='lat' dir='ltr'><strong>innumeri</strong></span> <span class='ocrx_word' id='word_1_598' title='bbox 1751 4708 1912 4762; x_wconf 88' lang='lat' dir='ltr'><strong>etiam</strong></span> <span class='ocrx_word' id='word_1_599' title='bbox 1938 4721 2035 4763; x_wconf 81' lang='lat' dir='ltr'><strong>eo-</strong></span> 
     </span>
    </p>
   </div>
   <div class='ocr_carea' id='block_1_77' title="bbox 465 4795 2035 4868">
    <p class='ocr_par' dir='ltr' id='par_1_77' title="bbox 465 4795 2035 4868">
     <span class='ocr_line' id='line_1_77' title="bbox 465 4795 2035 4868; baseline -0.003 -12"><span class='ocrx_word' id='word_1_600' title='bbox 465 4815 623 4865; x_wconf 89' lang='lat' dir='ltr'><strong>rum,</strong></span> <span class='ocrx_word' id='word_1_601' title='bbox 671 4797 763 4868; x_wconf 91' lang='lat' dir='ltr'><strong>qui</strong></span> <span class='ocrx_word' id='word_1_602' title='bbox 808 4795 1115 4854; x_wconf 88' lang='lat' dir='ltr'><strong>hominibus</strong></span> <span class='ocrx_word' id='word_1_603' title='bbox 1160 4795 1283 4850; x_wconf 90' lang='lat' dir='ltr'><strong>boni</strong></span> <span class='ocrx_word' id='word_1_604' title='bbox 1327 4796 1609 4861; x_wconf 88' lang='lat' dir='ltr'><strong>videntur,</strong></span> <span class='ocrx_word' id='word_1_605' title='bbox 1653 4796 1847 4866; x_wconf 89' lang='lat' dir='ltr'><strong>impios</strong></span> <span class='ocrx_word' id='word_1_606' title='bbox 1891 4798 2035 4852; x_wconf 85' lang='lat' dir='ltr'><strong>enim</strong></span> 
     </span>
    </p>
   </div>
   <div class='ocr_carea' id='block_1_78' title="bbox 463 4886 2032 4963">
    <p class='ocr_par' dir='ltr' id='par_1_78' title="bbox 463 4886 2032 4963">
     <span class='ocr_line' id='line_1_78' title="bbox 463 4886 2032 4963; baseline -0.003 -18"><span class='ocrx_word' id='word_1_607' title='bbox 463 4900 679 4963; x_wconf 80' lang='lat' dir='ltr'><strong>apertos</strong></span> <span class='ocrx_word' id='word_1_608' title='bbox 701 4895 979 4959; x_wconf 71' lang='lat' dir='ltr'><strong>apostatas</strong></span> <span class='ocrx_word' id='word_1_609' title='bbox 1008 4886 1160 4950; x_wconf 88' lang='lat' dir='ltr'><strong>dicit,</strong></span> <span class='ocrx_word' id='word_1_610' title='bbox 1184 4895 1239 4940; x_wconf 89' lang='lat' dir='ltr'><strong>at</strong></span> <span class='ocrx_word' id='word_1_611' title='bbox 1263 4886 1446 4955; x_wconf 89' lang='lat' dir='ltr'><strong>inique</strong></span> <span class='ocrx_word' id='word_1_612' title='bbox 1473 4894 1692 4955; x_wconf 80' lang='lat' dir='ltr'><strong>agentes</strong></span> <span class='ocrx_word' id='word_1_613' title='bbox 1712 4901 1900 4943; x_wconf 86' lang='lat' dir='ltr'><strong>omnes</strong></span> <span class='ocrx_word' id='word_1_614' title='bbox 1919 4888 2032 4957; x_wconf 91' lang='lat' dir='ltr'><strong>qui,</strong></span> 
     </span>
    </p>
   </div>
   <div class='ocr_carea' id='block_1_79' title="bbox 463 4979 2038 5058">
    <p class='ocr_par' dir='ltr' id='par_1_79' title="bbox 463 4979 2038 5058">
     <span class='ocr_line' id='line_1_79' title="bbox 463 4979 2038 5058; baseline -0.003 -17"><span class='ocrx_word' id='word_1_615' title='bbox 463 4984 733 5058; x_wconf 86' lang='lat' dir='ltr'><strong>perceptis</strong></span> <span class='ocrx_word' id='word_1_616' title='bbox 764 4982 887 5040; x_wconf 72' lang='lat' dir='ltr'><strong>fidei</strong></span> <span class='ocrx_word' id='word_1_617' title='bbox 924 4980 1297 5044; x_wconf 87' lang='lat' dir='ltr'><strong>sacramentis,</strong></span> <span class='ocrx_word' id='word_1_618' title='bbox 1342 4980 1410 5034; x_wconf 93' lang='lat' dir='ltr'><strong>ab</strong></span> <span class='ocrx_word' id='word_1_619' title='bbox 1432 4979 1549 5051; x_wconf 84' lang='lat' dir='ltr'><strong>ejus</strong></span> <span class='ocrx_word' id='word_1_620' title='bbox 1573 4980 1821 5035; x_wconf 88' lang='lat' dir='ltr'><strong>castitate</strong></span> <span class='ocrx_word' id='word_1_621' title='bbox 1859 4981 2038 5050; x_wconf 88' lang='lat' dir='ltr'><strong>aliquo</strong></span> 
     </span>
    </p>
   </div>
   <div class='ocr_carea' id='block_1_80' title="bbox 462 5067 2035 5146">
    <p class='ocr_par' dir='ltr' id='par_1_80' title="bbox 462 5067 2035 5146">
     <span class='ocr_line' id='line_1_80' title="bbox 462 5067 2035 5146; baseline -0.004 -14"><span class='ocrx_word' id='word_1_622' title='bbox 462 5077 622 5133; x_wconf 90' lang='lat' dir='ltr'><strong>modo</strong></span> <span class='ocrx_word' id='word_1_623' title='bbox 649 5076 996 5146; x_wconf 79' lang='lat' dir='ltr'><strong>degenerant.</strong></span> <span class='ocrx_word' id='word_1_624' title='bbox 1036 5070 1262 5139; x_wconf 85' lang='lat' dir='ltr'><strong>Utrique</strong></span> <span class='ocrx_word' id='word_1_625' title='bbox 1299 5079 1478 5125; x_wconf 87' lang='lat' dir='ltr'><strong>autem</strong></span> <span class='ocrx_word' id='word_1_626' title='bbox 1508 5068 1565 5123; x_wconf 92' lang='lat' dir='ltr'><strong>in</strong></span> <span class='ocrx_word' id='word_1_627' title='bbox 1593 5067 1767 5123; x_wconf 75' lang='lat' dir='ltr'><strong>futura</strong></span> <span class='ocrx_word' id='word_1_628' title='bbox 1804 5070 2035 5125; x_wconf 57' lang='lat' dir='ltr'><strong>retribuo</strong></span> 
     </span>
    </p>
   </div>
   <div class='ocr_carea' id='block_1_81' title="bbox 464 5158 2033 5230">
    <p class='ocr_par' dir='ltr' id='par_1_81' title="bbox 464 5158 2033 5230">
     <span class='ocr_line' id='line_1_81' title="bbox 464 5158 2033 5230; baseline -0.004 -10"><span class='ocrx_word' id='word_1_629' title='bbox 464 5168 609 5222; x_wconf 89' lang='lat' dir='ltr'><strong>tione</strong></span> <span class='ocrx_word' id='word_1_630' title='bbox 633 5166 699 5222; x_wconf 88' lang='lat' dir='ltr'><strong>de</strong></span> <span class='ocrx_word' id='word_1_631' title='bbox 727 5162 1019 5219; x_wconf 89' lang='lat' dir='ltr'><strong>viventium</strong></span> <span class='ocrx_word' id='word_1_632' title='bbox 1045 5170 1186 5216; x_wconf 87' lang='lat' dir='ltr'><strong>terra</strong></span> <span class='ocrx_word' id='word_1_633' title='bbox 1214 5160 1522 5230; x_wconf 88' lang='lat' dir='ltr'><strong>perdentur,</strong></span> <span class='ocrx_word' id='word_1_634' title='bbox 1546 5158 1669 5229; x_wconf 84' lang='lat' dir='ltr'><strong>quia</strong></span> <span class='ocrx_word' id='word_1_635' title='bbox 1698 5175 1801 5213; x_wconf 86' lang='lat' dir='ltr'><strong>non</strong></span> <span class='ocrx_word' id='word_1_636' title='bbox 1825 5160 2033 5214; x_wconf 76' lang='lat' dir='ltr'><strong>habita-</strong></span> 
     </span>
    </p>
   </div>
   <div class='ocr_carea' id='block_1_82' title="bbox 462 5250 2034 5327">
    <p class='ocr_par' dir='ltr' id='par_1_82' title="bbox 462 5250 2034 5327">
     <span class='ocr_line' id='line_1_82' title="bbox 462 5250 2034 5327; baseline -0.004 -16"><span class='ocrx_word' id='word_1_637' title='bbox 462 5257 534 5311; x_wconf 84' lang='lat' dir='ltr'><strong>bit</strong></span> <span class='ocrx_word' id='word_1_638' title='bbox 553 5256 716 5327; x_wconf 68' lang='lat' dir='ltr'><strong>juxta</strong></span> <span class='ocrx_word' id='word_1_639' title='bbox 733 5252 1019 5311; x_wconf 71' lang='lat' dir='ltr'><strong>Dominum</strong></span> <span class='ocrx_word' id='word_1_640' title='bbox 1048 5250 1329 5321; x_wconf 85' lang='lat' dir='ltr'><strong>malignus,</strong></span> <span class='ocrx_word' id='word_1_641' title='bbox 1361 5266 1522 5321; x_wconf 86' lang='lat' dir='ltr'><strong>neque</strong></span> <span class='ocrx_word' id='word_1_642' title='bbox 1550 5250 1920 5320; x_wconf 85' lang='lat' dir='ltr'><strong>permanebunt</strong></span> <span class='ocrx_word' id='word_1_643' title='bbox 1948 5251 2034 5305; x_wconf 84' lang='lat' dir='ltr'><strong>in-</strong></span> 
     </span>
    </p>
   </div>
   <div class='ocr_carea' id='block_1_83' title="bbox 452 5339 2037 5417">
    <p class='ocr_par' dir='ltr' id='par_1_83' title="bbox 452 5339 2037 5417">
     <span class='ocr_line' id='line_1_83' title="bbox 452 5339 2037 5417; baseline -0.003 -15"><span class='ocrx_word' id='word_1_644' title='bbox 452 5347 590 5417; x_wconf 81' lang='lat' dir='ltr'><strong>justi</strong></span> <span class='ocrx_word' id='word_1_645' title='bbox 612 5355 733 5401; x_wconf 79' lang='lat' dir='ltr'><strong>ante</strong></span> <span class='ocrx_word' id='word_1_646' title='bbox 757 5344 937 5402; x_wconf 86' lang='lat' dir='ltr'><strong>oculos</strong></span> <span class='ocrx_word' id='word_1_647' title='bbox 962 5343 1078 5413; x_wconf 84' lang='lat' dir='ltr'><strong>ejus</strong></span> <span class='ocrx_word' id='word_1_648' title='bbox 1100 5339 1272 5413; x_wconf 87' lang='lat' dir='ltr'><strong>(Psal.</strong></span> <span class='ocrx_word' id='word_1_649' title='bbox 1301 5347 1374 5411; x_wconf 86' lang='lat' dir='ltr'><strong>v).</strong></span> <span class='ocrx_word' id='word_1_650' title='bbox 1399 5341 1465 5396; x_wconf 85' lang='lat' dir='ltr'><strong>Et</strong></span> <span class='ocrx_word' id='word_1_651' title='bbox 1482 5348 1649 5407; x_wconf 88' lang='lat' dir='ltr'><strong>recte,</strong></span> <span class='ocrx_word' id='word_1_652' title='bbox 1676 5341 1802 5411; x_wconf 88' lang='lat' dir='ltr'><strong>quia</strong></span> <span class='ocrx_word' id='word_1_653' title='bbox 1829 5342 1896 5397; x_wconf 90' lang='lat' dir='ltr'><strong>de</strong></span> <span class='ocrx_word' id='word_1_654' title='bbox 1924 5357 2037 5397; x_wconf 89' lang='lat' dir='ltr'><strong>ma-</strong></span> 
     </span>
    </p>
   </div>
   <div class='ocr_carea' id='block_1_84' title="bbox 462 5432 2039 5506">
    <p class='ocr_par' dir='ltr' id='par_1_84' title="bbox 462 5432 2039 5506">
     <span class='ocr_line' id='line_1_84' title="bbox 462 5432 2039 5506; baseline -0.004 -12"><span class='ocrx_word' id='word_1_655' title='bbox 462 5439 637 5494; x_wconf 89' lang='lat' dir='ltr'><strong>lorum</strong></span> <span class='ocrx_word' id='word_1_656' title='bbox 663 5437 1034 5506; x_wconf 88' lang='lat' dir='ltr'><strong>bonorumque</strong></span> <span class='ocrx_word' id='word_1_657' title='bbox 1058 5435 1161 5490; x_wconf 90' lang='lat' dir='ltr'><strong>viis</strong></span> <span class='ocrx_word' id='word_1_658' title='bbox 1181 5433 1346 5488; x_wconf 84' lang='lat' dir='ltr'><strong>multa</strong></span> <span class='ocrx_word' id='word_1_659' title='bbox 1373 5432 1646 5503; x_wconf 71' lang='lat' dir='ltr'><strong>praedixit,</strong></span> <span class='ocrx_word' id='word_1_660' title='bbox 1668 5433 1733 5486; x_wconf 90' lang='lat' dir='ltr'><strong>de</strong></span> <span class='ocrx_word' id='word_1_661' title='bbox 1757 5433 2039 5502; x_wconf 88' lang='lat' dir='ltr'><strong>utriusque</strong></span> 
     </span>
    </p>
   </div>
   <div class='ocr_carea' id='block_1_85' title="bbox 464 5523 2033 5599">
    <p class='ocr_par' dir='ltr' id='par_1_85' title="bbox 464 5523 2033 5599">
     <span class='ocr_line' id='line_1_85' title="bbox 464 5523 2033 5599; baseline -0.001 -18"><span class='ocrx_word' id='word_1_662' title='bbox 464 5528 572 5583; x_wconf 79' lang='lat' dir='ltr'><strong>line</strong></span> <span class='ocrx_word' id='word_1_663' title='bbox 616 5527 912 5583; x_wconf 82' lang='lat' dir='ltr'><strong>inclusione</strong></span> <span class='ocrx_word' id='word_1_664' title='bbox 952 5525 1183 5599; x_wconf 83' lang='lat' dir='ltr'><strong>[Forte,</strong></span> <span class='ocrx_word' id='word_1_665' title='bbox 1224 5527 1278 5581; x_wconf 88' lang='lat' dir='ltr'><strong>in</strong></span> <span class='ocrx_word' id='word_1_666' title='bbox 1323 5524 1701 5595; x_wconf 81' lang='lat' dir='ltr'><strong>conclusione]</strong></span> <span class='ocrx_word' id='word_1_667' title='bbox 1739 5523 2033 5594; x_wconf 82' lang='lat' dir='ltr'><strong>subjunxit,</strong></span> 
     </span>
    </p>
   </div>
   <div class='ocr_carea' id='block_1_86' title="bbox 465 5616 2036 5687">
    <p class='ocr_par' dir='ltr' id='par_1_86' title="bbox 465 5616 2036 5687">
     <span class='ocr_line' id='line_1_86' title="bbox 465 5616 2036 5687; baseline -0.001 -15"><span class='ocrx_word' id='word_1_668' title='bbox 465 5618 731 5686; x_wconf 85' lang='lat' dir='ltr'><strong>quomodo</strong></span> <span class='ocrx_word' id='word_1_669' title='bbox 759 5626 815 5672; x_wconf 90' lang='lat' dir='ltr'><strong>et</strong></span> <span class='ocrx_word' id='word_1_670' title='bbox 847 5617 903 5672; x_wconf 89' lang='lat' dir='ltr'><strong>in</strong></span> <span class='ocrx_word' id='word_1_671' title='bbox 930 5617 1264 5686; x_wconf 58' lang='lat' dir='ltr'><strong>praecedente</strong></span> <span class='ocrx_word' id='word_1_672' title='bbox 1296 5616 1550 5687; x_wconf 87' lang='lat' dir='ltr'><strong>parabola</strong></span> <span class='ocrx_word' id='word_1_673' title='bbox 1569 5657 1585 5681; x_wconf 94' lang='lat'><strong>,</strong></span> <span class='ocrx_word' id='word_1_674' title='bbox 1617 5632 1735 5684; x_wconf 81' lang='lat' dir='ltr'><strong>quae</strong></span> <span class='ocrx_word' id='word_1_675' title='bbox 1766 5617 2036 5672; x_wconf 88' lang='lat' dir='ltr'><strong>latronum</strong></span> 
     </span>
    </p>
   </div>
   <div class='ocr_carea' id='block_1_87' title="bbox 465 5708 2035 5775">
    <p class='ocr_par' dir='ltr' id='par_1_87' title="bbox 465 5708 2035 5775">
     <span class='ocr_line' id='line_1_87' title="bbox 465 5708 2035 5775; baseline 0 -12"><span class='ocrx_word' id='word_1_676' title='bbox 465 5709 736 5765; x_wconf 83' lang='lat' dir='ltr'><strong>consortia</strong></span> <span class='ocrx_word' id='word_1_677' title='bbox 757 5710 996 5775; x_wconf 83' lang='lat' dir='ltr'><strong>vetabat,</strong></span> <span class='ocrx_word' id='word_1_678' title='bbox 1020 5708 1225 5764; x_wconf 77' lang='lat' dir='ltr'><strong>fecerat</strong></span> <span class='ocrx_word' id='word_1_679' title='bbox 1249 5711 1434 5767; x_wconf 91' lang='lat' dir='ltr'><strong>dicens</strong></span> <span class='ocrx_word' id='word_1_680' title='bbox 1454 5712 1519 5765; x_wconf 91' lang='lat' dir='ltr'><strong>de</strong></span> <span class='ocrx_word' id='word_1_681' title='bbox 1547 5711 1653 5765; x_wconf 83' lang='lat' dir='ltr'><strong>line</strong></span> <span class='ocrx_word' id='word_1_682' title='bbox 1680 5711 1968 5774; x_wconf 88' lang='lat' dir='ltr'><strong>malorum,</strong></span> <span class='ocrx_word' id='word_1_683' title='bbox 1988 5720 2035 5764; x_wconf 88' lang='lat' dir='ltr'><strong>ct</strong></span> 
     </span>
    </p>
   </div>
   <div class='ocr_carea' id='block_1_88' title="bbox 465 5800 2026 5871">
    <p class='ocr_par' dir='ltr' id='par_1_88' title="bbox 465 5800 2026 5871">
     <span class='ocr_line' id='line_1_88' title="bbox 465 5800 2026 5871; baseline 0.006 -21"><span class='ocrx_word' id='word_1_684' title='bbox 465 5800 778 5868; x_wconf 74' lang='lat' dir='ltr'><strong>prosperitas</strong></span> <span class='ocrx_word' id='word_1_685' title='bbox 798 5800 1076 5855; x_wconf 77' lang='lat' dir='ltr'><strong>stultorum</strong></span> <span class='ocrx_word' id='word_1_686' title='bbox 1099 5802 1271 5869; x_wconf 81' lang='lat' dir='ltr'><strong>perdet</strong></span> <span class='ocrx_word' id='word_1_687' title='bbox 1296 5801 1433 5864; x_wconf 81' lang='lat' dir='ltr'><strong>illos,</strong></span> <span class='ocrx_word' id='word_1_688' title='bbox 1453 5803 1637 5858; x_wconf 90' lang='lat' dir='ltr'><strong>dicens</strong></span> <span class='ocrx_word' id='word_1_689' title='bbox 1658 5803 1723 5858; x_wconf 90' lang='lat' dir='ltr'><strong>de</strong></span> <span class='ocrx_word' id='word_1_690' title='bbox 1746 5804 2026 5871; x_wconf 83' lang='lat' dir='ltr'><strong>bonorum,</strong></span> 
     </span>
    </p>
   </div>
   <div class='ocr_carea' id='block_1_89' title="bbox 2211 3343 3696 3420">
    <p class='ocr_par' dir='ltr' id='par_1_89' title="bbox 2211 3343 3696 3420">
     <span class='ocr_line' id='line_1_89' title="bbox 2211 3343 3696 3420; baseline 0.002 -21"><span class='ocrx_word' id='word_1_691' title='bbox 2211 3343 2494 3401; x_wconf 86' lang='lat' dir='ltr'><strong>Circumda</strong></span> <span class='ocrx_word' id='word_1_692' title='bbox 2521 3364 2610 3402; x_wconf 87' lang='lat' dir='ltr'><strong>eas</strong></span> <span class='ocrx_word' id='word_1_693' title='bbox 2632 3353 2833 3420; x_wconf 84' lang='lat' dir='ltr'><strong>gutturi</strong></span> <span class='ocrx_word' id='word_1_694' title='bbox 2855 3362 2966 3416; x_wconf 89' lang='lat' dir='ltr'><strong>tua,</strong></span> <span class='ocrx_word' id='word_1_695' title='bbox 2989 3363 3037 3407; x_wconf 91' lang='lat' dir='ltr'><strong>et</strong></span> <span class='ocrx_word' id='word_1_696' title='bbox 3059 3354 3299 3409; x_wconf 85' lang='lat' dir='ltr'><strong>describe</strong></span> <span class='ocrx_word' id='word_1_697' title='bbox 3320 3357 3374 3409; x_wconf 88' lang='lat' dir='ltr'><strong>in</strong></span> <span class='ocrx_word' id='word_1_698' title='bbox 3400 3352 3579 3407; x_wconf 78' lang='lat' dir='ltr'><strong>tabulis</strong></span> <span class='ocrx_word' id='word_1_699' title='bbox 3597 3366 3696 3404; x_wconf 88' lang='lat' dir='ltr'><strong>cor-</strong></span> 
     </span>
    </p>
   </div>
   <div class='ocr_carea' id='block_1_90' title="bbox 2137 3437 3699 3513">
    <p class='ocr_par' dir='ltr' id='par_1_90' title="bbox 2137 3437 3699 3513">
     <span class='ocr_line' id='line_1_90' title="bbox 2137 3437 3699 3513; baseline 0.001 -24"><span class='ocrx_word' id='word_1_700' title='bbox 2137 3437 2219 3491; x_wconf 89' lang='lat' dir='ltr'><strong>dis</strong></span> <span class='ocrx_word' id='word_1_701' title='bbox 2251 3440 2347 3491; x_wconf 86' lang='lat' dir='ltr'><strong>tui.</strong></span> <span class='ocrx_word' id='word_1_702' title='bbox 2385 3440 2438 3493; x_wconf 92' lang='lat' dir='ltr'><strong>In</strong></span> <span class='ocrx_word' id='word_1_703' title='bbox 2477 3450 2693 3511; x_wconf 83' lang='lat' dir='ltr'><strong>gutture</strong></span> <span class='ocrx_word' id='word_1_704' title='bbox 2732 3458 2991 3513; x_wconf 89' lang='lat' dir='ltr'><strong>organum</strong></span> <span class='ocrx_word' id='word_1_705' title='bbox 3022 3447 3207 3512; x_wconf 91' lang='lat' dir='ltr'><strong>vocis,</strong></span> <span class='ocrx_word' id='word_1_706' title='bbox 3246 3447 3300 3500; x_wconf 93' lang='lat' dir='ltr'><strong>in</strong></span> <span class='ocrx_word' id='word_1_707' title='bbox 3331 3445 3519 3500; x_wconf 84' lang='lat' dir='ltr'><strong>tabulis</strong></span> <span class='ocrx_word' id='word_1_708' title='bbox 3543 3439 3699 3497; x_wconf 87' lang='lat' dir='ltr'><strong>cordis</strong></span> 
     </span>
    </p>
   </div>
   <div class='ocr_carea' id='block_1_91' title="bbox 2135 3528 3698 3607">
    <p class='ocr_par' dir='ltr' id='par_1_91' title="bbox 2135 3528 3698 3607">
     <span class='ocr_line' id='line_1_91' title="bbox 2135 3528 3698 3607; baseline 0 -25"><span class='ocrx_word' id='word_1_709' title='bbox 2135 3528 2472 3586; x_wconf 87' lang='lat' dir='ltr'><strong>latitudinem</strong></span> <span class='ocrx_word' id='word_1_710' title='bbox 2502 3532 2737 3587; x_wconf 87' lang='lat' dir='ltr'><strong>insinuat</strong></span> <span class='ocrx_word' id='word_1_711' title='bbox 2761 3534 3124 3603; x_wconf 85' lang='lat' dir='ltr'><strong>cogitationis.</strong></span> <span class='ocrx_word' id='word_1_712' title='bbox 3151 3536 3246 3592; x_wconf 88' lang='lat' dir='ltr'><strong>Sic</strong></span> <span class='ocrx_word' id='word_1_713' title='bbox 3271 3552 3401 3607; x_wconf 88' lang='lat' dir='ltr'><strong>ergo</strong></span> <span class='ocrx_word' id='word_1_714' title='bbox 3432 3534 3589 3588; x_wconf 86' lang='lat' dir='ltr'><strong>virtus</strong></span> <span class='ocrx_word' id='word_1_715' title='bbox 3610 3528 3698 3583; x_wconf 87' lang='lat' dir='ltr'><strong>mi—</strong></span> 
     </span>
    </p>
   </div>
   <div class='ocr_carea' id='block_1_92' title="bbox 2139 3621 3697 3694">
    <p class='ocr_par' dir='ltr' id='par_1_92' title="bbox 2139 3621 3697 3694">
     <span class='ocr_line' id='line_1_92' title="bbox 2139 3621 3697 3694; baseline -0.004 -18"><span class='ocrx_word' id='word_1_716' title='bbox 2139 3621 2446 3676; x_wconf 74' lang='lat' dir='ltr'><strong>sericordiae</strong></span> <span class='ocrx_word' id='word_1_717' title='bbox 2469 3632 2524 3677; x_wconf 86' lang='lat' dir='ltr'><strong>et</strong></span> <span class='ocrx_word' id='word_1_718' title='bbox 2550 3624 2793 3679; x_wconf 87' lang='lat' dir='ltr'><strong>veritatis</strong></span> <span class='ocrx_word' id='word_1_719' title='bbox 2824 3625 2988 3680; x_wconf 85' lang='lat' dir='ltr'><strong>radici</strong></span> <span class='ocrx_word' id='word_1_720' title='bbox 3020 3625 3182 3681; x_wconf 78' lang='lat' dir='ltr'><strong>infixa</strong></span> <span class='ocrx_word' id='word_1_721' title='bbox 3211 3628 3411 3680; x_wconf 88' lang='lat' dir='ltr'><strong>mentis</strong></span> <span class='ocrx_word' id='word_1_722' title='bbox 3434 3628 3628 3694; x_wconf 86' lang='lat' dir='ltr'><strong>promat</strong></span> <span class='ocrx_word' id='word_1_723' title='bbox 3652 3629 3697 3672; x_wconf 83' lang='lat' dir='ltr'><strong>et</strong></span> 
     </span>
    </p>
   </div>
   <div class='ocr_carea' id='block_1_93' title="bbox 2137 3710 3699 3787">
    <p class='ocr_par' dir='ltr' id='par_1_93' title="bbox 2137 3710 3699 3787">
     <span class='ocr_line' id='line_1_93' title="bbox 2137 3710 3699 3787; baseline -0.003 -21"><span class='ocrx_word' id='word_1_724' title='bbox 2137 3727 2269 3767; x_wconf 86' lang='lat' dir='ltr'><strong>voce</strong></span> <span class='ocrx_word' id='word_1_725' title='bbox 2311 3712 2613 3783; x_wconf 86' lang='lat' dir='ltr'><strong>loquentis,</strong></span> <span class='ocrx_word' id='word_1_726' title='bbox 2648 3725 2707 3768; x_wconf 93' lang='lat' dir='ltr'><strong>ut</strong></span> <span class='ocrx_word' id='word_1_727' title='bbox 2733 3725 2789 3769; x_wconf 90' lang='lat' dir='ltr'><strong>et</strong></span> <span class='ocrx_word' id='word_1_728' title='bbox 2818 3717 2870 3770; x_wconf 91' lang='lat' dir='ltr'><strong>in</strong></span> <span class='ocrx_word' id='word_1_729' title='bbox 2898 3718 3109 3771; x_wconf 88' lang='lat' dir='ltr'><strong>occulto</strong></span> <span class='ocrx_word' id='word_1_730' title='bbox 3147 3718 3359 3787; x_wconf 87' lang='lat' dir='ltr'><strong>pectori</strong></span> <span class='ocrx_word' id='word_1_731' title='bbox 3386 3729 3573 3770; x_wconf 88' lang='lat' dir='ltr'><strong>arcana</strong></span> <span class='ocrx_word' id='word_1_732' title='bbox 3601 3710 3699 3781; x_wconf 77' lang='lat' dir='ltr'><strong>pla-</strong></span> 
     </span>
    </p>
   </div>
   <div class='ocr_carea' id='block_1_94' title="bbox 2139 3804 3699 3877">
    <p class='ocr_par' dir='ltr' id='par_1_94' title="bbox 2139 3804 3699 3877">
     <span class='ocr_line' id='line_1_94' title="bbox 2139 3804 3699 3877; baseline -0.002 -20"><span class='ocrx_word' id='word_1_733' title='bbox 2139 3813 2295 3858; x_wconf 88' lang='lat' dir='ltr'><strong>ceant</strong></span> <span class='ocrx_word' id='word_1_734' title='bbox 2336 3804 2675 3871; x_wconf 87' lang='lat' dir='ltr'><strong>intentionis,</strong></span> <span class='ocrx_word' id='word_1_735' title='bbox 2721 3816 2776 3862; x_wconf 88' lang='lat' dir='ltr'><strong>ct</strong></span> <span class='ocrx_word' id='word_1_736' title='bbox 2816 3809 3089 3877; x_wconf 76' lang='lat' dir='ltr'><strong>proximos</strong></span> <span class='ocrx_word' id='word_1_737' title='bbox 3123 3809 3322 3877; x_wconf 87' lang='lat' dir='ltr'><strong>juvent</strong></span> <span class='ocrx_word' id='word_1_738' title='bbox 3364 3807 3533 3863; x_wconf 76' lang='lat' dir='ltr'><strong>cilicia</strong></span> <span class='ocrx_word' id='word_1_739' title='bbox 3576 3806 3699 3857; x_wconf 81' lang='lat' dir='ltr'><strong>loru-</strong></span> 
     </span>
    </p>
   </div>
   <div class='ocr_carea' id='block_1_95' title="bbox 2140 3891 3704 3963">
    <p class='ocr_par' dir='ltr' id='par_1_95' title="bbox 2140 3891 3704 3963">
     <span class='ocr_line' id='line_1_95' title="bbox 2140 3891 3704 3963; baseline 0.004 -15"><span class='ocrx_word' id='word_1_740' title='bbox 2140 3895 2320 3950; x_wconf 89' lang='lat' dir='ltr'><strong>tiouis.</strong></span> <span class='ocrx_word' id='word_1_741' title='bbox 2344 3895 2485 3949; x_wconf 86' lang='lat' dir='ltr'><strong>Bene</strong></span> <span class='ocrx_word' id='word_1_742' title='bbox 2512 3904 2689 3951; x_wconf 86' lang='lat' dir='ltr'><strong>autem</strong></span> <span class='ocrx_word' id='word_1_743' title='bbox 2713 3898 2939 3953; x_wconf 83' lang='lat' dir='ltr'><strong>virtutes</strong></span> <span class='ocrx_word' id='word_1_744' title='bbox 2964 3899 3300 3953; x_wconf 87' lang='lat' dir='ltr'><strong>circumdari</strong></span> <span class='ocrx_word' id='word_1_745' title='bbox 3323 3899 3479 3953; x_wconf 84' lang='lat' dir='ltr'><strong>docet</strong></span> <span class='ocrx_word' id='word_1_746' title='bbox 3504 3891 3704 3963; x_wconf 68' lang='lat' dir='ltr'><strong>gutturi.</strong></span> 
     </span>
    </p>
   </div>
   <div class='ocr_carea' id='block_1_96' title="bbox 2143 3983 3705 4060">
    <p class='ocr_par' dir='ltr' id='par_1_96' title="bbox 2143 3983 3705 4060">
     <span class='ocr_line' id='line_1_96' title="bbox 2143 3983 3705 4060; baseline -0.003 -20"><span class='ocrx_word' id='word_1_747' title='bbox 2143 4001 2260 4040; x_wconf 90' lang='lat' dir='ltr'><strong>cum</strong></span> <span class='ocrx_word' id='word_1_748' title='bbox 2285 4000 2385 4039; x_wconf 83' lang='lat' dir='ltr'><strong>vox</strong></span> <span class='ocrx_word' id='word_1_749' title='bbox 2427 3985 2695 4055; x_wconf 84' lang='lat' dir='ltr'><strong>loquentis</strong></span> <span class='ocrx_word' id='word_1_750' title='bbox 2733 3987 2909 4056; x_wconf 81' lang='lat' dir='ltr'><strong>potius</strong></span> <span class='ocrx_word' id='word_1_751' title='bbox 2951 3988 3097 4043; x_wconf 85' lang='lat' dir='ltr'><strong>intus</strong></span> <span class='ocrx_word' id='word_1_752' title='bbox 3136 3991 3191 4043; x_wconf 90' lang='lat' dir='ltr'><strong>in</strong></span> <span class='ocrx_word' id='word_1_753' title='bbox 3234 3998 3454 4060; x_wconf 78' lang='lat' dir='ltr'><strong>gutture</strong></span> <span class='ocrx_word' id='word_1_754' title='bbox 3494 3983 3601 4039; x_wconf 83' lang='lat' dir='ltr'><strong>ﬁeri</strong></span> <span class='ocrx_word' id='word_1_755' title='bbox 3631 3996 3705 4036; x_wconf 88' lang='lat' dir='ltr'><strong>so-</strong></span> 
     </span>
    </p>
   </div>
   <div class='ocr_carea' id='block_1_97' title="bbox 2137 4072 3709 4145">
    <p class='ocr_par' dir='ltr' id='par_1_97' title="bbox 2137 4072 3709 4145">
     <span class='ocr_line' id='line_1_97' title="bbox 2137 4072 3709 4145; baseline -0.001 -17"><span class='ocrx_word' id='word_1_756' title='bbox 2137 4074 2266 4138; x_wconf 88' lang='lat' dir='ltr'><strong>lcut,</strong></span> <span class='ocrx_word' id='word_1_757' title='bbox 2293 4075 2416 4143; x_wconf 86' lang='lat' dir='ltr'><strong>quia</strong></span> <span class='ocrx_word' id='word_1_758' title='bbox 2443 4074 2684 4129; x_wconf 88' lang='lat' dir='ltr'><strong>videlicet</strong></span> <span class='ocrx_word' id='word_1_759' title='bbox 2711 4076 3109 4145; x_wconf 55' lang='lat' dir='ltr'><strong>praedicationis</strong></span> <span class='ocrx_word' id='word_1_760' title='bbox 3130 4092 3241 4131; x_wconf 75' lang='lat' dir='ltr'><strong>vox</strong></span> <span class='ocrx_word' id='word_1_761' title='bbox 3267 4078 3337 4132; x_wconf 89' lang='lat' dir='ltr'><strong>de</strong></span> <span class='ocrx_word' id='word_1_762' title='bbox 3359 4072 3584 4131; x_wconf 86' lang='lat' dir='ltr'><strong>internis</strong></span> <span class='ocrx_word' id='word_1_763' title='bbox 3603 4084 3709 4139; x_wconf 80' lang='lat' dir='ltr'><strong>pro-</strong></span> 
     </span>
    </p>
   </div>
   <div class='ocr_carea' id='block_1_98' title="bbox 2138 4162 3706 4236">
    <p class='ocr_par' dir='ltr' id='par_1_98' title="bbox 2138 4162 3706 4236">
     <span class='ocr_line' id='line_1_98' title="bbox 2138 4162 3706 4236; baseline -0.005 -18"><span class='ocrx_word' id='word_1_764' title='bbox 2138 4172 2339 4228; x_wconf 88' lang='lat' dir='ltr'><strong>manat,</strong></span> <span class='ocrx_word' id='word_1_765' title='bbox 2363 4165 2455 4218; x_wconf 86' lang='lat' dir='ltr'><strong>sed</strong></span> <span class='ocrx_word' id='word_1_766' title='bbox 2479 4172 2631 4218; x_wconf 74' lang='lat' dir='ltr'><strong>extra</strong></span> <span class='ocrx_word' id='word_1_767' title='bbox 2662 4165 2980 4219; x_wconf 87' lang='lat' dir='ltr'><strong>circumdat.</strong></span> <span class='ocrx_word' id='word_1_768' title='bbox 3012 4165 3149 4219; x_wconf 84' lang='lat' dir='ltr'><strong>Nam</strong></span> <span class='ocrx_word' id='word_1_769' title='bbox 3182 4182 3298 4236; x_wconf 91' lang='lat' dir='ltr'><strong>quo</strong></span> <span class='ocrx_word' id='word_1_770' title='bbox 3324 4167 3462 4220; x_wconf 90' lang='lat' dir='ltr'><strong>alios</strong></span> <span class='ocrx_word' id='word_1_771' title='bbox 3492 4162 3558 4217; x_wconf 91' lang='lat' dir='ltr'><strong>ad</strong></span> <span class='ocrx_word' id='word_1_772' title='bbox 3588 4163 3706 4214; x_wconf 80' lang='lat' dir='ltr'><strong>bene</strong></span> 
     </span>
    </p>
   </div>
   <div class='ocr_carea' id='block_1_99' title="bbox 2136 4254 3707 4328">
    <p class='ocr_par' dir='ltr' id='par_1_99' title="bbox 2136 4254 3707 4328">
     <span class='ocr_line' id='line_1_99' title="bbox 2136 4254 3707 4328; baseline 0 -22"><span class='ocrx_word' id='word_1_773' title='bbox 2136 4254 2420 4307; x_wconf 89' lang='lat' dir='ltr'><strong>vivendum</strong></span> <span class='ocrx_word' id='word_1_774' title='bbox 2456 4255 2711 4317; x_wconf 87' lang='lat' dir='ltr'><strong>suscitat,</strong></span> <span class='ocrx_word' id='word_1_775' title='bbox 2753 4269 2818 4308; x_wconf 91' lang='lat' dir='ltr'><strong>eo</strong></span> <span class='ocrx_word' id='word_1_776' title='bbox 2857 4255 2924 4309; x_wconf 92' lang='lat' dir='ltr'><strong>ad</strong></span> <span class='ocrx_word' id='word_1_777' title='bbox 2966 4255 3106 4309; x_wconf 88' lang='lat' dir='ltr'><strong>bene</strong></span> <span class='ocrx_word' id='word_1_778' title='bbox 3146 4257 3423 4328; x_wconf 86' lang='lat' dir='ltr'><strong>agendum</strong></span> <span class='ocrx_word' id='word_1_779' title='bbox 3463 4260 3519 4308; x_wconf 85' lang='lat' dir='ltr'><strong>et</strong></span> <span class='ocrx_word' id='word_1_780' title='bbox 3563 4262 3707 4320; x_wconf 71' lang='lat' dir='ltr'><strong>opem</strong></span> 
     </span>
    </p>
   </div>
   <div class='ocr_carea' id='block_1_100' title="bbox 2136 4343 3706 4415">
    <p class='ocr_par' dir='ltr' id='par_1_100' title="bbox 2136 4343 3706 4415">
     <span class='ocr_line' id='line_1_100' title="bbox 2136 4343 3706 4415; baseline -0.006 -16"><span class='ocrx_word' id='word_1_781' title='bbox 2136 4344 2476 4414; x_wconf 73' lang='lat' dir='ltr'><strong>praedicantis</strong></span> <span class='ocrx_word' id='word_1_782' title='bbox 2505 4344 2652 4415; x_wconf 84' lang='lat' dir='ltr'><strong>ligat.</strong></span> <span class='ocrx_word' id='word_1_783' title='bbox 2686 4343 2793 4400; x_wconf 84' lang='lat' dir='ltr'><strong>Nec</strong></span> <span class='ocrx_word' id='word_1_784' title='bbox 2827 4352 2977 4399; x_wconf 79' lang='lat' dir='ltr'><strong>extra</strong></span> <span class='ocrx_word' id='word_1_785' title='bbox 3006 4361 3326 4401; x_wconf 89' lang='lat' dir='ltr'><strong>sermonem</strong></span> <span class='ocrx_word' id='word_1_786' title='bbox 3366 4345 3510 4400; x_wconf 88' lang='lat' dir='ltr'><strong>actio</strong></span> <span class='ocrx_word' id='word_1_787' title='bbox 3546 4350 3706 4396; x_wconf 58' lang='lat' dir='ltr'><strong>trans~</strong></span> 
     </span>
    </p>
   </div>
   <div class='ocr_carea' id='block_1_101' title="bbox 2136 4433 3025 4496">
    <p class='ocr_par' dir='ltr' id='par_1_101' title="bbox 2136 4433 3025 4496">
     <span class='ocr_line' id='line_1_101' title="bbox 2136 4433 3025 4496; baseline 0 -9"><span class='ocrx_word' id='word_1_788' title='bbox 2136 4441 2252 4496; x_wconf 87' lang='lat' dir='ltr'><strong>cat,</strong></span> <span class='ocrx_word' id='word_1_789' title='bbox 2295 4450 2360 4487; x_wconf 87' lang='lat' dir='ltr'><strong>ne</strong></span> <span class='ocrx_word' id='word_1_790' title='bbox 2385 4434 2501 4487; x_wconf 85' lang='lat' dir='ltr'><strong>voci</strong></span> <span class='ocrx_word' id='word_1_791' title='bbox 2534 4433 2642 4487; x_wconf 88' lang='lat' dir='ltr'><strong>vita</strong></span> <span class='ocrx_word' id='word_1_792' title='bbox 2672 4434 3025 4490; x_wconf 89' lang='lat' dir='ltr'><strong>contradicat.</strong></span> 
     </span>
    </p>
   </div>
   <div class='ocr_carea' id='block_1_102' title="bbox 2210 4520 3708 4594">
    <p class='ocr_par' dir='ltr' id='par_1_102' title="bbox 2210 4520 3708 4594">
     <span class='ocr_line' id='line_1_102' title="bbox 2210 4520 3708 4594; baseline -0.005 -20"><span class='ocrx_word' id='word_1_793' title='bbox 2210 4520 2277 4574; x_wconf 85' lang='lat' dir='ltr'><strong>Et</strong></span> <span class='ocrx_word' id='word_1_794' title='bbox 2323 4523 2551 4576; x_wconf 82' lang='lat' dir='ltr'><strong>invenies</strong></span> <span class='ocrx_word' id='word_1_795' title='bbox 2584 4523 2808 4593; x_wconf 75' lang='lat' dir='ltr'><strong>gratiam</strong></span> <span class='ocrx_word' id='word_1_796' title='bbox 2847 4533 2895 4577; x_wconf 84' lang='lat' dir='ltr'><strong>et</strong></span> <span class='ocrx_word' id='word_1_797' title='bbox 2932 4523 3275 4594; x_wconf 78' lang='lat' dir='ltr'><strong>disciplinam</strong></span> <span class='ocrx_word' id='word_1_798' title='bbox 3324 4527 3515 4578; x_wconf 80' lang='lat' dir='ltr'><strong>bonam</strong></span> <span class='ocrx_word' id='word_1_799' title='bbox 3555 4532 3708 4573; x_wconf 87' lang='lat' dir='ltr'><strong>coram</strong></span> 
     </span>
    </p>
   </div>
   <div class='ocr_carea' id='block_1_103' title="bbox 2141 4607 3713 4686">
    <p class='ocr_par' dir='ltr' id='par_1_103' title="bbox 2141 4607 3713 4686">
     <span class='ocr_line' id='line_1_103' title="bbox 2141 4607 3713 4686; baseline -0.005 -20"><span class='ocrx_word' id='word_1_800' title='bbox 2141 4612 2251 4667; x_wconf 87' lang='lat' dir='ltr'><strong>Deo</strong></span> <span class='ocrx_word' id='word_1_801' title='bbox 2279 4622 2325 4666; x_wconf 86' lang='lat' dir='ltr'><strong>et</strong></span> <span class='ocrx_word' id='word_1_802' title='bbox 2351 4612 2666 4666; x_wconf 81' lang='lat' dir='ltr'><strong>hominibus.</strong></span> <span class='ocrx_word' id='word_1_803' title='bbox 2695 4612 2887 4668; x_wconf 90' lang='lat' dir='ltr'><strong>Coram</strong></span> <span class='ocrx_word' id='word_1_804' title='bbox 2916 4615 3027 4669; x_wconf 90' lang='lat' dir='ltr'><strong>Deo</strong></span> <span class='ocrx_word' id='word_1_805' title='bbox 3049 4615 3265 4670; x_wconf 87' lang='lat' dir='ltr'><strong>invenit</strong></span> <span class='ocrx_word' id='word_1_806' title='bbox 3292 4614 3522 4686; x_wconf 88' lang='lat' dir='ltr'><strong>gratiam</strong></span> <span class='ocrx_word' id='word_1_807' title='bbox 3544 4618 3595 4663; x_wconf 90' lang='lat' dir='ltr'><strong>et</strong></span> <span class='ocrx_word' id='word_1_808' title='bbox 3618 4607 3713 4661; x_wconf 75' lang='lat' dir='ltr'><strong>dis-</strong></span> 
     </span>
    </p>
   </div>
   <div class='ocr_carea' id='block_1_104' title="bbox 2142 4703 3715 4776">
    <p class='ocr_par' dir='ltr' id='par_1_104' title="bbox 2142 4703 3715 4776">
     <span class='ocr_line' id='line_1_104' title="bbox 2142 4703 3715 4776; baseline -0.003 -20"><span class='ocrx_word' id='word_1_809' title='bbox 2142 4703 2391 4773; x_wconf 85' lang='lat' dir='ltr'><strong>ciplinam</strong></span> <span class='ocrx_word' id='word_1_810' title='bbox 2436 4703 2664 4766; x_wconf 87' lang='lat' dir='ltr'><strong>bonam,</strong></span> <span class='ocrx_word' id='word_1_811' title='bbox 2704 4704 2794 4774; x_wconf 90' lang='lat' dir='ltr'><strong>qui</strong></span> <span class='ocrx_word' id='word_1_812' title='bbox 2826 4719 2925 4759; x_wconf 87' lang='lat' dir='ltr'><strong>usu</strong></span> <span class='ocrx_word' id='word_1_813' title='bbox 2950 4705 3216 4759; x_wconf 88' lang='lat' dir='ltr'><strong>virtutum</strong></span> <span class='ocrx_word' id='word_1_814' title='bbox 3238 4706 3358 4776; x_wconf 89' lang='lat' dir='ltr'><strong>jugi</strong></span> <span class='ocrx_word' id='word_1_815' title='bbox 3400 4706 3715 4773; x_wconf 85' lang='lat' dir='ltr'><strong>promeretur</strong></span> 
     </span>
    </p>
   </div>
   <div class='ocr_carea' id='block_1_105' title="bbox 2142 4791 3713 4866">
    <p class='ocr_par' dir='ltr' id='par_1_105' title="bbox 2142 4791 3713 4866">
     <span class='ocr_line' id='line_1_105' title="bbox 2142 4791 3713 4866; baseline -0.002 -22"><span class='ocrx_word' id='word_1_816' title='bbox 2142 4808 2172 4845; x_wconf 91' lang='lat' dir='ltr'><strong>a</strong></span> <span class='ocrx_word' id='word_1_817' title='bbox 2200 4791 2453 4858; x_wconf 90' lang='lat' dir='ltr'><strong>Domino,</strong></span> <span class='ocrx_word' id='word_1_818' title='bbox 2483 4802 2543 4846; x_wconf 91' lang='lat' dir='ltr'><strong>ut</strong></span> <span class='ocrx_word' id='word_1_819' title='bbox 2571 4808 2669 4863; x_wconf 88' lang='lat' dir='ltr'><strong>per</strong></span> <span class='ocrx_word' id='word_1_820' title='bbox 2695 4794 2811 4849; x_wconf 92' lang='lat' dir='ltr'><strong>dies</strong></span> <span class='ocrx_word' id='word_1_821' title='bbox 2849 4795 3025 4866; x_wconf 90' lang='lat' dir='ltr'><strong>seipso</strong></span> <span class='ocrx_word' id='word_1_822' title='bbox 3059 4793 3366 4864; x_wconf 73' lang='lat' dir='ltr'><strong>perfectior</strong></span> <span class='ocrx_word' id='word_1_823' title='bbox 3397 4794 3648 4849; x_wconf 84' lang='lat' dir='ltr'><strong>etliciatur</strong></span> <span class='ocrx_word' id='word_1_824' title='bbox 3666 4796 3713 4843; x_wconf 85' lang='lat' dir='ltr'><strong>et</strong></span> 
     </span>
    </p>
   </div>
   <div class='ocr_carea' id='block_1_106' title="bbox 2144 4886 3716 4961">
    <p class='ocr_par' dir='ltr' id='par_1_106' title="bbox 2144 4886 3716 4961">
     <span class='ocr_line' id='line_1_106' title="bbox 2144 4886 3716 4961; baseline -0.006 -19"><span class='ocrx_word' id='word_1_825' title='bbox 2144 4905 2211 4942; x_wconf 65' lang='lat' dir='ltr'><strong>mc</strong></span> <span class='ocrx_word' id='word_1_826' title='bbox 2231 4888 2332 4942; x_wconf 89' lang='lat' dir='ltr'><strong>lior</strong></span> <span class='ocrx_word' id='word_1_827' title='bbox 2361 4905 2375 4941; x_wconf 85' lang='lat'><strong>:</strong></span> <span class='ocrx_word' id='word_1_828' title='bbox 2400 4889 2495 4943; x_wconf 90' lang='lat' dir='ltr'><strong>sed</strong></span> <span class='ocrx_word' id='word_1_829' title='bbox 2518 4896 2575 4943; x_wconf 89' lang='lat' dir='ltr'><strong>et</strong></span> <span class='ocrx_word' id='word_1_830' title='bbox 2603 4904 2784 4943; x_wconf 91' lang='lat' dir='ltr'><strong>coram</strong></span> <span class='ocrx_word' id='word_1_831' title='bbox 2811 4890 3118 4945; x_wconf 86' lang='lat' dir='ltr'><strong>hominibus</strong></span> <span class='ocrx_word' id='word_1_832' title='bbox 3154 4890 3398 4961; x_wconf 85' lang='lat' dir='ltr'><strong>gratiam</strong></span> <span class='ocrx_word' id='word_1_833' title='bbox 3431 4886 3643 4945; x_wconf 89' lang='lat' dir='ltr'><strong>invenit,</strong></span> <span class='ocrx_word' id='word_1_834' title='bbox 3668 4892 3716 4934; x_wconf 90' lang='lat' dir='ltr'><strong>et</strong></span> 
     </span>
    </p>
   </div>
   <div class='ocr_carea' id='block_1_107' title="bbox 2144 4974 3717 5048">
    <p class='ocr_par' dir='ltr' id='par_1_107' title="bbox 2144 4974 3717 5048">
     <span class='ocr_line' id='line_1_107' title="bbox 2144 4974 3717 5048; baseline -0.003 -18"><span class='ocrx_word' id='word_1_835' title='bbox 2144 4976 2476 5045; x_wconf 87' lang='lat' dir='ltr'><strong>disciplinam</strong></span> <span class='ocrx_word' id='word_1_836' title='bbox 2505 4976 2723 5043; x_wconf 86' lang='lat' dir='ltr'><strong>bonam,</strong></span> <span class='ocrx_word' id='word_1_837' title='bbox 2745 4978 2899 5047; x_wconf 90' lang='lat' dir='ltr'><strong>cujus</strong></span> <span class='ocrx_word' id='word_1_838' title='bbox 2926 4993 3088 5048; x_wconf 89' lang='lat' dir='ltr'><strong>opera</strong></span> <span class='ocrx_word' id='word_1_839' title='bbox 3112 4985 3249 5032; x_wconf 88' lang='lat' dir='ltr'><strong>sunt</strong></span> <span class='ocrx_word' id='word_1_840' title='bbox 3281 4978 3435 5041; x_wconf 85' lang='lat' dir='ltr'><strong>talia,</strong></span> <span class='ocrx_word' id='word_1_841' title='bbox 3468 4977 3521 5031; x_wconf 91' lang='lat' dir='ltr'><strong>in</strong></span> <span class='ocrx_word' id='word_1_842' title='bbox 3541 4974 3717 5044; x_wconf 78' lang='lat' dir='ltr'><strong>quibus</strong></span> 
     </span>
    </p>
   </div>
   <div class='ocr_carea' id='block_1_108' title="bbox 2134 5067 3715 5143">
    <p class='ocr_par' dir='ltr' id='par_1_108' title="bbox 2134 5067 3715 5143">
     <span class='ocr_line' id='line_1_108' title="bbox 2134 5067 3715 5143; baseline 0 -20"><span class='ocrx_word' id='word_1_843' title='bbox 2134 5070 2256 5140; x_wconf 89' lang='lat' dir='ltr'><strong>jure</strong></span> <span class='ocrx_word' id='word_1_844' title='bbox 2298 5070 2561 5136; x_wconf 87' lang='lat' dir='ltr'><strong>laudetur,</strong></span> <span class='ocrx_word' id='word_1_845' title='bbox 2598 5072 2900 5142; x_wconf 87' lang='lat' dir='ltr'><strong>quibusque</strong></span> <span class='ocrx_word' id='word_1_846' title='bbox 2937 5072 3251 5143; x_wconf 79' lang='lat' dir='ltr'><strong>exemplum</strong></span> <span class='ocrx_word' id='word_1_847' title='bbox 3286 5073 3506 5128; x_wconf 83' lang='lat' dir='ltr'><strong>vivendi</strong></span> <span class='ocrx_word' id='word_1_848' title='bbox 3549 5067 3715 5140; x_wconf 79' lang='lat' dir='ltr'><strong>prori-</strong></span> 
     </span>
    </p>
   </div>
   <div class='ocr_carea' id='block_1_109' title="bbox 2141 5148 3569 5214">
    <p class='ocr_par' dir='ltr' id='par_1_109' title="bbox 2141 5148 3569 5214">
     <span class='ocr_line' id='line_1_109' title="bbox 2141 5148 3569 5214; baseline 0.006 -3"><span class='ocrx_word' id='word_1_849' title='bbox 2141 5160 2244 5212; x_wconf 89' lang='lat' dir='ltr'><strong>mis</strong></span> <span class='ocrx_word' id='word_1_850' title='bbox 2272 5174 2334 5213; x_wconf 79' lang='lat' dir='ltr'><strong>ex</strong></span> <span class='ocrx_word' id='word_1_851' title='bbox 2343 5158 2609 5214; x_wconf 79' lang='lat' dir='ltr'><strong>bibentur.</strong></span> <span class='ocrx_word' id='word_1_852' title='bbox 3540 5148 3569 5171; x_wconf 61' lang='grc'><strong><em>⁶</em></strong></span> 
     </span>
    </p>
   </div>
   <div class='ocr_carea' id='block_1_110' title="bbox 2211 5258 3717 5329">
    <p class='ocr_par' dir='ltr' id='par_1_110' title="bbox 2211 5258 3717 5329">
     <span class='ocr_line' id='line_1_110' title="bbox 2211 5258 3717 5329; baseline 0 -17"><span class='ocrx_word' id='word_1_853' title='bbox 2211 5258 2361 5314; x_wconf 85' lang='lat' dir='ltr'><strong>Habe</strong></span> <span class='ocrx_word' id='word_1_854' title='bbox 2384 5259 2631 5329; x_wconf 76' lang='lat' dir='ltr'><strong>fiduciam</strong></span> <span class='ocrx_word' id='word_1_855' title='bbox 2660 5262 2715 5316; x_wconf 87' lang='lat' dir='ltr'><strong>in</strong></span> <span class='ocrx_word' id='word_1_856' title='bbox 2751 5259 2972 5315; x_wconf 85' lang='lat' dir='ltr'><strong>Domino</strong></span> <span class='ocrx_word' id='word_1_857' title='bbox 3008 5278 3073 5316; x_wconf 77' lang='lat' dir='ltr'><strong>ea:</strong></span> <span class='ocrx_word' id='word_1_858' title='bbox 3104 5271 3221 5318; x_wconf 90' lang='lat' dir='ltr'><strong>toto</strong></span> <span class='ocrx_word' id='word_1_859' title='bbox 3256 5265 3420 5319; x_wconf 87' lang='lat' dir='ltr'><strong>corde</strong></span> <span class='ocrx_word' id='word_1_860' title='bbox 3449 5274 3569 5328; x_wconf 88' lang='lat' dir='ltr'><strong>tuo,</strong></span> <span class='ocrx_word' id='word_1_861' title='bbox 3597 5268 3641 5313; x_wconf 89' lang='lat' dir='ltr'><strong>et</strong></span> <span class='ocrx_word' id='word_1_862' title='bbox 3664 5273 3717 5309; x_wconf 78' lang='lat' dir='ltr'><strong>ne</strong></span> 
     </span>
    </p>
   </div>
   <div class='ocr_carea' id='block_1_111' title="bbox 2140 5345 3715 5421">
    <p class='ocr_par' dir='ltr' id='par_1_111' title="bbox 2140 5345 3715 5421">
     <span class='ocr_line' id='line_1_111' title="bbox 2140 5345 3715 5421; baseline -0.002 -19"><span class='ocrx_word' id='word_1_863' title='bbox 2140 5350 2368 5404; x_wconf 80' lang='lat' dir='ltr'><strong>inuitare</strong></span> <span class='ocrx_word' id='word_1_864' title='bbox 2394 5348 2684 5419; x_wconf 66' lang='lat' dir='ltr'><strong>prudentiae</strong></span> <span class='ocrx_word' id='word_1_865' title='bbox 2709 5361 2834 5415; x_wconf 67' lang='lat' dir='ltr'><strong>tua’,</strong></span> <span class='ocrx_word' id='word_1_866' title='bbox 2866 5351 2917 5403; x_wconf 88' lang='lat' dir='ltr'><strong>in</strong></span> <span class='ocrx_word' id='word_1_867' title='bbox 2946 5352 3187 5406; x_wconf 87' lang='lat' dir='ltr'><strong>omnibus</strong></span> <span class='ocrx_word' id='word_1_868' title='bbox 3216 5354 3318 5407; x_wconf 78' lang='lat' dir='ltr'><strong>viis</strong></span> <span class='ocrx_word' id='word_1_869' title='bbox 3348 5353 3457 5407; x_wconf 89' lang='lat' dir='ltr'><strong>tuis</strong></span> <span class='ocrx_word' id='word_1_870' title='bbox 3480 5351 3639 5421; x_wconf 82' lang='lat' dir='ltr'><strong>cogita</strong></span> <span class='ocrx_word' id='word_1_871' title='bbox 3662 5345 3715 5399; x_wconf 77' lang='lat' dir='ltr'><strong>it-</strong></span> 
     </span>
    </p>
   </div>
   <div class='ocr_carea' id='block_1_112' title="bbox 2142 5437 3721 5510">
    <p class='ocr_par' dir='ltr' id='par_1_112' title="bbox 2142 5437 3721 5510">
     <span class='ocr_line' id='line_1_112' title="bbox 2142 5437 3721 5510; baseline -0.001 -17"><span class='ocrx_word' id='word_1_872' title='bbox 2142 5439 2271 5505; x_wconf 76' lang='lat' dir='ltr'><strong>lum,</strong></span> <span class='ocrx_word' id='word_1_873' title='bbox 2296 5450 2343 5495; x_wconf 91' lang='lat' dir='ltr'><strong>et</strong></span> <span class='ocrx_word' id='word_1_874' title='bbox 2370 5441 2476 5510; x_wconf 86' lang='lat' dir='ltr'><strong>ipse</strong></span> <span class='ocrx_word' id='word_1_875' title='bbox 2504 5440 2690 5510; x_wconf 87' lang='lat' dir='ltr'><strong>diriget</strong></span> <span class='ocrx_word' id='word_1_876' title='bbox 2717 5456 2922 5510; x_wconf 82' lang='lat' dir='ltr'><strong>gressus</strong></span> <span class='ocrx_word' id='word_1_877' title='bbox 2952 5451 3087 5495; x_wconf 76' lang='lat' dir='ltr'><strong>tuos.</strong></span> <span class='ocrx_word' id='word_1_878' title='bbox 3111 5440 3197 5497; x_wconf 84' lang='lat' dir='ltr'><strong>Ne</strong></span> <span class='ocrx_word' id='word_1_879' title='bbox 3222 5452 3280 5498; x_wconf 90' lang='lat' dir='ltr'><strong>te</strong></span> <span class='ocrx_word' id='word_1_880' title='bbox 3310 5453 3526 5499; x_wconf 87' lang='lat' dir='ltr'><strong>metuas</strong></span> <span class='ocrx_word' id='word_1_881' title='bbox 3549 5441 3615 5496; x_wconf 93' lang='lat' dir='ltr'><strong>ob</strong></span> <span class='ocrx_word' id='word_1_882' title='bbox 3637 5437 3721 5493; x_wconf 81' lang='lat' dir='ltr'><strong>im-</strong></span> 
     </span>
    </p>
   </div>
   <div class='ocr_carea' id='block_1_113' title="bbox 2142 5531 3718 5603">
    <p class='ocr_par' dir='ltr' id='par_1_113' title="bbox 2142 5531 3718 5603">
     <span class='ocr_line' id='line_1_113' title="bbox 2142 5531 3718 5603; baseline -0.004 -17"><span class='ocrx_word' id='word_1_883' title='bbox 2142 5531 2486 5587; x_wconf 87' lang='lat' dir='ltr'><strong>becillitatem</strong></span> <span class='ocrx_word' id='word_1_884' title='bbox 2509 5531 2783 5601; x_wconf 87' lang='lat' dir='ltr'><strong>propriam</strong></span> <span class='ocrx_word' id='word_1_885' title='bbox 2809 5532 2988 5586; x_wconf 90' lang='lat' dir='ltr'><strong>divina</strong></span> <span class='ocrx_word' id='word_1_886' title='bbox 3016 5548 3120 5587; x_wconf 91' lang='lat' dir='ltr'><strong>non</strong></span> <span class='ocrx_word' id='word_1_887' title='bbox 3146 5548 3321 5603; x_wconf 85' lang='lat' dir='ltr'><strong>posse</strong></span> <span class='ocrx_word' id='word_1_888' title='bbox 3346 5547 3565 5591; x_wconf 89' lang='lat' dir='ltr'><strong>servare</strong></span> <span class='ocrx_word' id='word_1_889' title='bbox 3585 5543 3718 5584; x_wconf 85' lang='lat' dir='ltr'><strong>man-</strong></span> 
     </span>
    </p>
   </div>
   <div class='ocr_carea' id='block_1_114' title="bbox 2144 5606 3739 5694">
    <p class='ocr_par' dir='ltr' id='par_1_114' title="bbox 2144 5606 3739 5694">
     <span class='ocr_line' id='line_1_114' title="bbox 2144 5606 3739 5694; baseline -0.003 -17"><span class='ocrx_word' id='word_1_890' title='bbox 2144 5623 2289 5688; x_wconf 90' lang='lat' dir='ltr'><strong>data,</strong></span> <span class='ocrx_word' id='word_1_891' title='bbox 2313 5638 2413 5678; x_wconf 87' lang='lat' dir='ltr'><strong>nec</strong></span> <span class='ocrx_word' id='word_1_892' title='bbox 2432 5631 2484 5677; x_wconf 87' lang='lat' dir='ltr'><strong>te</strong></span> <span class='ocrx_word' id='word_1_893' title='bbox 2504 5637 2718 5676; x_wconf 87' lang='lat' dir='ltr'><strong>rursum</strong></span> <span class='ocrx_word' id='word_1_894' title='bbox 2741 5631 2986 5677; x_wconf 88' lang='lat' dir='ltr'><strong>autumes</strong></span> <span class='ocrx_word' id='word_1_895' title='bbox 3010 5624 3125 5677; x_wconf 65' lang='lat' dir='ltr'><strong>haec</strong></span> <span class='ocrx_word' id='word_1_896' title='bbox 3147 5626 3262 5680; x_wconf 90' lang='lat' dir='ltr'><strong>tuis</strong></span> <span class='ocrx_word' id='word_1_897' title='bbox 3287 5625 3515 5694; x_wconf 89' lang='lat' dir='ltr'><strong>implere</strong></span> <span class='ocrx_word' id='word_1_898' title='bbox 3534 5606 3739 5677; x_wconf 73' lang='lat' dir='ltr'><strong>viribus</strong></span> 
     </span>
    </p>
   </div>
   <div class='ocr_carea' id='block_1_115' title="bbox 2142 5709 3719 5784">
    <p class='ocr_par' dir='ltr' id='par_1_115' title="bbox 2142 5709 3719 5784">
     <span class='ocr_line' id='line_1_115' title="bbox 2142 5709 3719 5784; baseline -0.006 -14"><span class='ocrx_word' id='word_1_899' title='bbox 2142 5730 2316 5784; x_wconf 90' lang='lat' dir='ltr'><strong>posse,</strong></span> <span class='ocrx_word' id='word_1_900' title='bbox 2344 5724 2434 5769; x_wconf 91' lang='lat' dir='ltr'><strong>tua</strong></span> <span class='ocrx_word' id='word_1_901' title='bbox 2459 5722 2514 5768; x_wconf 89' lang='lat' dir='ltr'><strong>et</strong></span> <span class='ocrx_word' id='word_1_902' title='bbox 2538 5714 2766 5768; x_wconf 91' lang='lat' dir='ltr'><strong>naturali</strong></span> <span class='ocrx_word' id='word_1_903' title='bbox 2793 5715 3018 5769; x_wconf 89' lang='lat' dir='ltr'><strong>scientia</strong></span> <span class='ocrx_word' id='word_1_904' title='bbox 3048 5730 3239 5779; x_wconf 88' lang='lat' dir='ltr'><strong>nosse,</strong></span> <span class='ocrx_word' id='word_1_905' title='bbox 3270 5717 3319 5771; x_wconf 92' lang='lat' dir='ltr'><strong>si</strong></span> <span class='ocrx_word' id='word_1_906' title='bbox 3342 5732 3450 5770; x_wconf 90' lang='lat' dir='ltr'><strong>non</strong></span> <span class='ocrx_word' id='word_1_907' title='bbox 3477 5728 3572 5784; x_wconf 88' lang='lat' dir='ltr'><strong>per</strong></span> <span class='ocrx_word' id='word_1_908' title='bbox 3595 5709 3719 5764; x_wconf 76' lang='lat' dir='ltr'><strong>illius</strong></span> 
     </span>
    </p>
   </div>
   <div class='ocr_carea' id='block_1_116' title="bbox 2140 5797 3721 5877">
    <p class='ocr_par' dir='ltr' id='par_1_116' title="bbox 2140 5797 3721 5877">
     <span class='ocr_line' id='line_1_116' title="bbox 2140 5797 3721 5877; baseline -0.002 -19"><span class='ocrx_word' id='word_1_909' title='bbox 2140 5812 2310 5877; x_wconf 74' lang='lat' dir='ltr'><strong>legem</strong></span> <span class='ocrx_word' id='word_1_910' title='bbox 2353 5807 2675 5871; x_wconf 86' lang='lat' dir='ltr'><strong>instruaris;</strong></span> <span class='ocrx_word' id='word_1_911' title='bbox 2718 5806 2809 5861; x_wconf 85' lang='lat' dir='ltr'><strong>sed</strong></span> <span class='ocrx_word' id='word_1_912' title='bbox 2849 5806 3026 5876; x_wconf 83' lang='lat' dir='ltr'><strong>potius</strong></span> <span class='ocrx_word' id='word_1_913' title='bbox 3065 5814 3117 5861; x_wconf 86' lang='lat' dir='ltr'><strong>et</strong></span> <span class='ocrx_word' id='word_1_914' title='bbox 3166 5808 3225 5862; x_wconf 89' lang='lat' dir='ltr'><strong>in</strong></span> <span class='ocrx_word' id='word_1_915' title='bbox 3270 5807 3558 5869; x_wconf 83' lang='lat' dir='ltr'><strong>discendo,</strong></span> <span class='ocrx_word' id='word_1_916' title='bbox 3593 5812 3644 5857; x_wconf 87' lang='lat' dir='ltr'><strong>et</strong></span> <span class='ocrx_word' id='word_1_917' title='bbox 3673 5797 3721 5855; x_wconf 75' lang='lat' dir='ltr'><strong>in</strong></span> 
     </span>
    </p>
   </div>
  </div>
