3962 6198
269 376 381 429 693‘

1091 372 1449 429 EXPOSITIO
1483 372 1549 427 IN
1590 370 1973 428 PROVERBIA
2015 365 2423 425 SALOMONIS.
2463 397 2530 405 —
2566 364 2694 420 LIB.
2737 364 2777 417 l.

3419 356 3543 425 θυι,

271 484 483 556 agendo
505 483 623 553 ejus
641 498 823 553 qurere
845 486 1033 539 creber
1063 486 1343 551 auxilium,
1374 495 1423 541 et
1456 486 1570 556 ipse
1595 501 1714 554 quae
1737 484 1855 554 jus—
1883 494 1928 549 Α
1958 482 2092 552 xvr).
2128 482 2512 537 Redundabunt
2534 481 2819 535 toreularia
2851 481 2986 543 vino,
3019 478 3144 547 quia
3177 478 3386 532 interna
3414 495 3533 533 sua-

272 577 364 637 sit,
395 574 661 643 propitius
688 581 746 627 ut
770 574 995 643 implere
1023 574 1206 629 valeas
1230 574 1473 629 donabit.

346 663 430 719 Ne
457 665 531 717 sis
555 664 763 734 sapiens
790 665 930 735 apud
967 667 1309 735 temetipsum.
1342 665 1567 719 Videtur
1592 663 1728 719 forte
1756 664 1854 717 ali-

274 757 359 812 cui
397 756 499 810 boc
534 756 676 813 idem
706 770 828 809 esse
868 756 1179 810 mandatum
1209 756 1351 825 quod
1384 754 1716 825 praemissum
1748 762 1852 817 est,

273 857 320 901 et
342 862 413 901 ne
431 846 680 900 innitaris
701 843 991 914 prudentia:
1018 854 1141 899 tute.
1170 843 1283 899 Sed
1308 844 1534 898 multum
1559 842 1742 908 distat,
1773 843 1857 897 in-

275 939 469 994 nititur
493 937 638 992 enim
668 951 776 991 sua:
800 936 1127 1005 prudentia),
1156 936 1246 1005 qui
1273 950 1337 989 ea
1367 949 1487 1006 quas
1518 933 1621 989 sibi
1649 936 1852 1004 agenda

275 1031 356 1085 vel
391 1029 615 1084 dicenda
650 1030 897 1084 videntur
937 1037 1149 1097 patrum
1188 1028 1418 1083 decretis
1451 1027 1738 1097 praeponit,
1771 1041 1858 1080 sa-

274 1121 430 1191 piens
463 1135 591 1175 vero
629 1128 711 1174 est
735 1119 879 1189 apud
905 1119 1250 1188 semetipsum
1281 1119 1445 1173 etiam
1475 1117 1520 1171 is
1547 1117 1639 1186 qui
1671 1117 1723 1170 in
1751 1117 1857 1171 illis

274 1226 398 1281 qua:
425 1225 491 1264 ex
522 1219 735 1280 patrum
777 1208 1084 1279 magisterio
1115 1209 1288 1278 potuit
1325 1217 1470 1263 recte
1509 1221 1853 1279 cognoscere,

272 1315 398 1356 sese
423 1316 536 1370 pra:
561 1300 770 1355 (ueteris
794 1300 948 1368 quasi
984 1298 1196 1354 doctior
1230 1297 1461 1353 extollit.
1502 1296 1633 1365 Qum
1660 1298 1730 1352 sit
1756 1314 1853 1352 au-

275 1399 384 1447 tum
412 1406 544 1444 vera
582 1391 812 1445 hominis
841 1390 1103 1459 sapientia
1133 1389 1521 1458 subsequenter
1545 1389 1799 1443 ostendit.

349 1468 498 1534 Time
521 1480 801 1534 Dominum
824 1491 868 1533 et
896 1478 1071 1532 recede
1097 1496 1129 1531 a
1158 1479 1317 1532 malo.
1339 1478 1507 1544 Quale
1530 1487 1613 1534 est
1639 1479 1690 1532 in
1711 1478 1810 1533 Job
1840 1496 1853 1532 :

275 1570 416 1625 Ecce
427 1572 587 1624 timor
596 1569 809 1624 Domini
828 1569 941 1639 ipsa
962 1578 1035 1622 est
1057 1570 1335 1638 sapientia,
1351 1579 1397 1622 et
1422 1569 1654 1622 recedere
1667 1586 1698 1622 a
1716 1567 1855 1621 malo

272 1659 624 1730 intelligentia
656 1658 795 1731 (Job.
830 1657 1042 1729 xxvm).
1072 1658 1304 1714 Perfecti
1325 1660 1525 1715 etenim
1552 1660 1752 1729 quique
1781 1658 1856 1712 ita

274 1764 337 1805 se
378 1749 577 1805 debent
615 1750 683 1805 ab
722 1748 974 1804 omnibus
1005 1749 1281 1804 continere
1321 1749 1517 1814 malis,
1566 1758 1623 1803 ut
1663 1748 1856 1803 divinat

1957 573 2094 627 vitas
2122 581 2446 627 aeternorum
2479 572 2641 626 corda
2671 577 2986 624 cunctorum
3024 567 3256 622 ﬁdelium
3285 568 3339 622 in
3376 568 3531 623 laude

1957 665 2039 718 sui
2066 664 2359 719 conditoris
2388 663 2663 728 accendit;
2707 662 2832 717 hinc
2854 661 3051 717 etenim
3083 660 3243 725 dicit,
3276 670 3330 713 ut
3365 661 3532 714 edatis

1956 766 2005 812 et
2038 756 2225 811 bibatis
2249 772 2405 827 super
2432 772 2664 809 mensam
2704 771 2872 809 meam
2908 754 2963 808 in
2999 770 3154 823 regno
3185 751 3335 824 (Luc.
3370 753 3528 822 χχιι),

1957 849 2051 905 sed
2081 856 2137 903 et
2159 846 2214 903 in
2247 848 2495 917 prmsenti
2539 861 2923 916 nonnunquam
2953 844 3188 909 doctori,
3221 843 3311 913 qui
3336 859 3531 913 panem

1955 937 2136 1003 verbi,
2172 936 2262 1006 qui
2290 935 2541 1005 poculum
2571 935 2757 1006 gratiae
2784 935 3042 1006 spiritalis
3070 935 3327 1006 indigenti
3368 934 3532 988 mini-

1956 1036 2124 1093 strat,
2165 1026 2369 1095 majora
2409 1026 2752 1081 ministrandi
2789 1028 2926 1082 dona
2968 1026 3226 1082 Dominus
3263 1041 3361 1096 pro
3389 1041 3529 1080 mer-

1957 1121 2087 1175 cede
2126 1119 2416 1174 condonat.
2456 1116 2559 1185 Qui
2586 1126 2800 1172 terrena
2833 1117 3071 1171 subsidia
3102 1116 3325 1187 largitur
3362 1116 3533 1185 inopi-

1956 1212 2058 1266 bus
2083 1210 2246 1264 ditior
2267 1208 2446 1264 dando
2472 1208 2680 1264 emicsti
2706 1208 3138 1261 remuneratione
3164 1207 3419 1262 redditur.

2027 1297 2369 1368 Disciplinam
2394 1298 2629 1363 Domini,
2654 1297 2733 1367 ﬁli
2758 1296 2862 1362 mi,
2891 1313 2953 1351 ne
2979 1297 3221 1367 abjicias,
3251 1307 3298 1352 et
3324 1314 3413 1351 nec
3443 1296 3532 1351 de-

1955 1392 2104 1459 ficias
2139 1406 2257 1444 cum
2297 1389 2361 1443 ab
2400 1405 2460 1443 eo
2504 1388 2803 1449 corriperis.
2847 1387 2985 1443 Sunt
3024 1387 3115 1457 qui
3161 1388 3214 1442 in
3259 1388 3530 1458 prosperis

1958 1481 2184 1535 Domino
2209 1480 2467 1539 serviunt.
2498 1487 2553 1532 at
2576 1479 2630 1532 in
2661 1479 2901 1532 adversis
2933 1476 3229 1542 excedunt,
3276 1480 3415 1532 unde
3452 1494 3533 1532 sa-

1956 1571 2155 1640 pientia
2182 1583 2340 1640 quem
2369 1569 2427 1623 in
2447 1568 2717 1639 prosperis
2744 1569 2881 1624 bene
2915 1570 3095 1624 vivere
3124 1570 3305 1625 docuit
3323 1612 3336 1635 ,
3367 1571 3529 1625 etiam

1912 1702 1917 1711 .
1959 1662 2011 1719 in
2038 1661 2373 1731 correptione
2396 1676 2465 1715 ne
2497 1659 2714 1715 deﬁciat
2746 1659 3008 1725 hortatur,
3041 1676 3108 1715 ne
3136 1662 3422 1716 accedente
3446 1661 3529 1715 in-

1962 1750 2250 1817 ﬁrmitate,
2283 1760 2339 1806 et
2380 1760 2724 1820 paupertate,
2771 1759 2827 1807 et
2863 1753 3234 1821 persecutione
3274 1755 3528 1819 humana,

266 1841 624 1910 pmentiam
652 1840 952 1910 majestatis
978 1856 1098 1895 cum
1129 1850 1273 1895 metu
1308 1856 1520 1912 semper
1544 1841 1855 1910 recogitent.
1890 1846 1932 1905 Β
1961 1839 2215 1909 pietatem
2254 1854 2414 1907 quam
2455 1835 2689 1895 servare"
2713 1841 2768 1894 in
2810 1841 3193 1911 tranquillitate
3234 1844 3532 1908 videbatur,

272 1932 349 1986 Et
371 1933 663 1987 notandum
686 1932 827 2002 quod
853 1948 1014 2003 supra
1037 1931 1284 1987 ﬁduciam
1304 1933 1508 1987 habere
1530 1933 1583 1986 in
1611 1931 1855 1997 Domino,

274 2036 425 2076 stunc
451 2028 630 2075 autem
666 2020 834 2075 Deum
864 2021 1054 2075 timere
1091 2021 1374 2085 admonet,
1413 2020 1482 2074 ibi
1520 2021 1663 2074 enim
1695 2020 1857 2091 fragi-

266 2113 409 2167 lium
433 2112 672 2175 animos,
696 2128 768 2166 ne
798 2112 1105 2182 desperent,
1125 2111 1396 2180 promisso
1427 2111 1518 2165 Dei
1544 2110 1742 2165 auxilio
1768 2126 1857 2164 ro—

273 2204 467 2268 borat;
499 2203 589 2258 hic
616 2202 893 2267 fortiores,
928 2219 993 2257 ne
1021 2203 1086 2258 de
1115 2219 1175 2258 se
1210 2211 1565 2273 praesumant,
1603 2203 1762 2282 divini
1795 2204 1861 2256 ti-

265 2294 449 2349 moris
473 2294 735 2349 memoria
763 2302 1000 2348 coercet.

264 2440 273 2445 .
351 2384 568 2442 Sanitas
590 2385 777 2456 quippe
804 2385 902 2438 erit
934 2383 1174 2436 umbilico
1199 2393 1308 2446 tuo,
1333 2392 1381 2437 et
1404 2384 1642 2453 irrigatio
1665 2382 1857 2437 ossium

267 2487 511 2532 tuorum.
551 2476 608 2531 lu
639 2476 849 2530 ossibus
886 2474 1054 2529 solida
1095 2476 1354 2529 virtutum
1382 2489 1577 2542 opera,
1610 2475 1662 2527 in
1690 2474 1858 2527 umbi-

262 2568 408 2632 lico,
434 2568 529 2637 qui
554 2565 797 2621 inferiori
823 2570 1067 2635 corporis
1093 2574 1246 2636 parte
1276 2565 1481 2620 medius
1505 2575 1608 2630 est,
1645 2564 1856 2619 inlirma

270 2661 458 2716 adhuc
494 2668 551 2713 et
588 2658 900 2728 imperfecta
945 2658 1207 2712 bonorum
1246 2656 1387 2711 actio
1425 2656 1754 2726 designatur.
1800 2654 1856 2709 Si

268 2766 409 2822 ergo
452 2749 621 2805 Deum
662 2748 939 2811 timueris,
982 2757 1038 2803 et
1078 2762 1182 2801 non
1226 2746 1328 2800 tuis
1370 2743 1606 2808 viribus,
1645 2746 1738 2799 sed
1773 2760 1859 2798 su-

266 2859 447 2915 perna
474 2842 807 2912 protectione
834 2840 1068 2895 conﬁsus
1096 2855 1127 2893 a
1154 2838 1311 2893 malis
1343 2836 1613 2892 abstinere
1643 2836 1860 2891 studue—

273 2936 377 2999 ris,
408 2933 614 2988 sanitas
638 2932 743 2987 erit
766 2931 1019 2987 umbilico
1042 2939 1157 2990 tuo,
1179 2939 1233 2984 et
1252 2928 1497 2998 irrigatio
1519 2929 1721 2983 ossium
1746 2937 1861 2982 tuo-

266 3041 432 3090 rum,
464 3024 591 3094 quia
630 3032 687 3078 et
724 3021 1011 3077 inﬁrmitas
1046 3022 1226 3091 operis
1265 3035 1365 3090 per
1400 3020 1515 3076 haec
1550 3020 1616 3074 ad
1658 3027 1857 3075 statum

268 3118 628 3191 perfectionis
665 3116 1035 3181 convalescet,
1069 3124 1124 3171 et
1156 3115 1312 3170 fortia
1354 3130 1582 3185 quaeque
1615 3121 1704 3168 tua
1739 3121 1856 3167 acta

260 3220 404 3267 sunt
432 3211 576 3267 unde
596 3218 655 3265 ut
679 3210 908 3280 amplius
936 3210 1258 3265 roborentur
1282 3208 1574 3277 accipiunt.

351 3299 574 3355 Honora
609 3299 888 3354 Dominum
920 3300 985 3353 de
1019 3310 1110 3354 tua
1139 3298 1428 3352 substantia
1447 3337 1461 3361 ,
1494 3306 1543 3351 et
1579 3296 1644 3350 de
1672 3296 1856 3366 primi-

266 3392 361 3446 tiis
394 3391 610 3461 frugum
636 3391 866 3444 omnium
889 3391 1120 3443 tuarum.
1146 3387 1296 3442 Multi
1321 3387 1485 3442 multa
1510 3385 1855 3456 pauperibus,

1963 1929 2194 1984 amittat.

2032 2019 2198 2085 Quem
2235 2023 2372 2075 enim
2411 2021 2580 2090 diligit
2610 2021 2866 2077 Dominus
2892 2026 3140 2095 corripit,
3177 2035 3225 2079 et
3261 2027 3412 2096 quasi
3438 2043 3529 2096 pa-

1961 2121 2039 2166 ter
2065 2112 2119 2165 in
2153 2112 2266 2180 ﬁlio
2306 2112 2586 2182 complacet
2621 2113 2739 2168 sibi.
2770 2114 2943 2170 Tanto
2977 2131 3104 2188 ergo
3141 2117 3320 2173 minus
3349 2118 3414 2172 de
3440 2117 3532 2172 ﬁa-

1961 2200 2126 2271 gcllo,
2157 2217 2264 2271 quo
2289 2203 2619 2272 castigamur
2652 2218 2990 2260 murmurare
3012 2206 3300 2273 debemus,
3329 2218 3530 2278 quanto

1961 2292 2161 2348 certius
2209 2294 2260 2347 in
2307 2310 2372 2348 eo
2419 2301 2658 2363 paternae
2700 2296 3001 2353 dilectionis
3032 2297 3225 2370 pignus
3268 2309 3529 2368 tenemus,

1962 2384 2102 2437 unde
2129 2392 2183 2436 et
2216 2384 2328 2452 ipse
2363 2385 2493 2438 dicit
2525 2404 2536 2438 :
2578 2383 2690 2456 Ego
2718 2403 2845 2457 quos
2876 2403 2994 2442 amo
3017 2428 3033 2453 ,
3066 2406 3229 2460 arguo
3254 2401 3299 2444 et
3335 2393 3531 2463 castigo

1963 2472 2144 2540 (Apoc.
2192 2473 2295 2542 ιιι).
2334 2472 2636 2528 Notandum
2681 2485 2862 2531 autem
2906 2478 3049 2548 quod
3090 2495 3190 2549 pro
3230 2481 3332 2537 hoc
3367 2482 3532 2537 verbo

1963 2559 2312 2633 Septuaginta
2350 2564 2674 2636 lnterpretes
2715 2568 2931 2634 dixere,
2966 2571 3197 2642 ﬂagellat
3228 2584 3402 2629 autem
3424 2554 3539 2630 om-I
3588 2596 3597 2602 -

1962 2669 2075 2707 nem
2112 2654 2282 2722 ﬁlium
2309 2671 2460 2725 quem
2499 2658 2698 2728 recipit.
2732 2657 2883 2725 Quod
2924 2661 3228 2717 mirandum
3257 2680 3355 2720 cur
3392 2664 3532 2736 Apo-

1959 2743 2131 2799 stolus
2165 2743 2234 2799 ad
2275 2743 2527 2802 Hebrazos
2572 2745 2831 2804 Hebraice
2872 2751 3115 2808 scribens
3164 2753 3334 2825 magis
3381 2754 3531 2825 sequi

1960 2837 2208 2892 voluerit.

2028 2929 2223 2984 Beatus
2252 2932 2404 2987 homo
2434 2935 2527 3003 qui
2564 2935 2754 2990 invenit
2793 2938 3105 3007 sapientiam
3128 2978 3143 3001 ,
3178 2947 3226 2992 et
3253 2938 3342 3009 qui
3370 2939 3534 3010 afﬂuit

1960 3023 2252 3091 prudentia.
2281 3023 2415 3091 Quia
2445 3028 2647 3097 positos
2676 3030 2777 3085 sub
2803 3030 3082 3101 disciplina
3112 3041 3167 3087 et
3193 3035 3532 3104 correptione

1960 3113 2258 3182 solabatur,
2284 3116 2432 3172 addit
2458 3120 2599 3189 quod
2625 3129 2880 3192 emperat,
2910 3122 3189 3180 insinuans
3214 3125 3337 3195 quia
3365 3124 3536 3181 beati—

1884 3191 1930 3254 C
1964 3204 2092 3258 tudo
2131 3212 2216 3260 est
2255 3220 2382 3260 vera
2423 3206 2656 3263 hominis
2695 3191 2798 3265 non
2838 3213 3079 3268 adversis
3099 3191 3287 3270 carere
3313 3215 3366 3269 in
3393 3232 3533 3286 pra:-

1960 3295 2122 3360 senti,
2147 3296 2242 3350 sed
2262 3307 2478 3353 aeternae
2507 3300 2780 3370 sapientiae
2802 3304 3142 3373 perceptione
3161 3301 3354 3360 laetari.
3381 3307 3534 3374 Quod

1958 3394 2042 3441 est
2070 3387 2122 3441 in
2149 3388 2250 3444 hac
2276 3390 2385 3444 vita
2420 3390 2627 3446 Domini
2660 3392 2984 3451 voluntatem
3014 3410 3368 3465 cognoscere,
3398 3408 3453 3453 et
3480 3399 3533 3454 in

264 3482 372 3537 sed
422 3482 492 3535 de
542 3479 713 3534 aliena
754 3479 1055 3536 substantia
1100 3494 1166 3533 ac
1215 3477 1483 3550 frugibus,
1533 3493 1667 3547 quas
1705 3478 1754 3531 vi
1806 3485 1860 3532 ct
1960 3476 2141 3534 futuro
2184 3479 2300 3550 ejus
2338 3481 2544 3537 visione
2584 3482 2811 3552 perfrui.
2857 3483 2926 3539 Et
2966 3483 3104 3541 bene
3145 3502 3269 3543 cum
3309 3486 3533 3553 diceret,

264 3570 465 3626 fraude
492 3576 787 3639 rapuerunt
816 3570 1086 3635 tribuunt;
1131 3568 1286 3624 multi
1326 3568 1628 3640 largiuntur
1650 3567 1715 3622 de
1736 3582 1855 3632 suo,

266 3663 369 3717 sed
393 3660 679 3732 largiendo
717 3660 999 3715 Dominum
1028 3675 1135 3715 non
1162 3661 1466 3723 honorant,
1492 3658 1616 3728 quia
1660 3658 1858 3713 favoris

266 3752 532 3819 humani,
567 3759 621 3807 et
658 3766 763 3807 non
803 3766 987 3807 amore
1024 3751 1242 3820 superni
1279 3750 1598 3820 inspectoris
1633 3748 1854 3805 faciunt.

264 3836 373 3911 Qu'i
414 3856 549 3914 ergo
587 3842 886 3913 proﬁcuum
927 3841 1031 3897 sibi
1072 3841 1425 3911 eleemosynae
1468 3840 1701 3895 fructum
1741 3838 1858 3894 fore

264 3933 572 3996 desiderat,
599 3941 654 3988 et
683 3932 748 3988 de
771 3933 885 3987 suis
911 3932 1161 4002 propriis,
1191 3939 1247 3986 et
1274 3932 1327 3986 in
1353 3933 1649 3986 conditoris
1682 3931 1854 3986 hono-

264 3948 572 3996 uestaerat,
599 3948 654 3988 et
683 3948 748 3988 ue
771 3948 885 3987 SlllS
950 3948 1161 4002 roprus,
1191 3948 1247 3986 et
1274 3948 1327 3986 in
1353 3948 1649 3986 conditoris
1683 3948 1853 3986 nono-

264 4040 389 4081 rem
422 4024 662 4090 tribuat,
699 3948 995 4093 attinget
1033 4023 1311 4087 homines,
1348 4022 1437 4091 qui
1473 4022 1591 4093 ejus
1625 4022 1853 4090 plasma,

257 4118 362 4190 qui
392 4116 465 4172 ad
493 4113 613 4187 q’us
639 4116 925 4189 imaginem
956 4124 1080 4171 sunt
1107 4114 1231 4171 facti
1260 4123 1595 4175 recreentur.
1621 4115 1736 4170 Non
1764 4118 1852 4171 so-'

257 4208 379 4264 lum
422 4216 609 4264 autem
653 4210 721 4263 de
763 4207 1062 4263 substantia
1112 4208 1387 4277 pecuni-ec,
1434 4222 1595 4276 quam
1636 4207 1855 4277 pauperi

254 4300 622 4373 porrigimus,
636 4299 730 4356 sed
751 4306 810 4355 et
827 4298 893 4354 de
914 4306 1120 4354 cunctae
1144 4299 1293 4354 home
1318 4299 1667 4369 operationis,
1691 4314 1853 4368 quam

256 4392 503 4464 agimus,
538 4388 605 4445 de
628 4390 889 4444 universa:
916 4389 1151 4445 caelestis
1179 4391 1365 4460 gratiae
1385 4429 1399 4452 ,
1425 4405 1589 4459 quam
1618 4387 1854 4459 percipi-

254 4498 390 4539 mus
417 4478 725 4535 substantia
751 4485 808 4534 et
826 4477 1069 4548 frugibus
1098 4477 1380 4533 Dominum
1403 4478 1671 4532 honorare
1692 4476 1850 4548 jube-

1957 3566 2152 3622 Beatus
2179 3569 2333 3624 homo
2358 3572 2446 3640 qui
2473 3570 2663 3626 invenit
2688 3574 3175 3644 sapientiam,.mox
3204 3576 3428 3644 addidit,
3467 3579 3535 3634 Et

1957 3660 2045 3730 qui
2072 3661 2234 3732 aﬁluit
2261 3662 2561 3731 prudentia.
2584 3662 2724 3720 Sunt
2742 3666 2885 3721 enim
2909 3669 3000 3737 qui
3023 3669 3303 3724 inveniunt
3329 3671 3537 3741 sapien-

1958 3750 2086 3804 tiam
2104 3790 2120 3817 ,
2148 3751 2447 3808 doctrinam
2474 3755 2717 3811 veritatis
2751 3772 2883 3812 aure
2923 3759 3296 3828 percipiendo;
3334 3760 3429 3815 sed
3454 3761 3534 3815 af-

1958 3838 2122 3895 ﬁuere
2150 3843 2436 3911 prudentia
2466 3844 2764 3916 negligunt,
2785 3846 3015 3902 nolendo
3041 3849 3221 3904 cordis
3244 3850 3326 3904 sui
3352 3850 3529 3906 sinum

1958 3931 2025 3986 ad
2056 3932 2450 4002 percipiendam
2478 3934 2594 4005 ejus
2619 3934 3024 4004 amplitudinem
3048 3935 3254 3992 laxare.

2029 4022 2219 4077 Melior
2255 4034 2330 4079 est
2371 4025 2646 4096 acquisitio
2691 4026 2807 4096 ejus
2851 4027 3198 4097 negotiatione
3239 4028 3441 4098 argenti
3485 4039 3532 4083 et

1955 4114 2094 4167 auri.
2144 4112 2259 4167 Non
2306 4121 2508 4169 metuat
2549 4114 2616 4168 de
2650 4116 2992 4185 correptione
3029 4116 3241 4187 inapiaa,
3287 4118 3532 4191 quisquis

1954 4217 2085 4272 opes
2109 4202 2393 4273 acquisivit
2420 4203 2721 4272 sapientiae,
2740 4204 2864 4273 quia
2890 4205 3160 4261 thesauris
3186 4208 3532 4263 terrestribus

1956 4290 2449 4361 incomparabiliter
2475 4307 2673 4348 munus
2695 4293 2917 4349 caeleste
2942 4294 3223 4364 praecellit.
3374 4284 3377 4287 ’

2026 4379 2196 4434 Primi
2240 4392 2289 4436 et
2325 4383 2593 4454 purissimi
2630 4384 2833 4453 fructus
2876 4385 3009 4456 ejus.
3054 4385 3113 4441 Si
3142 4372 3311 4455 (iuxta
3346 4388 3531 4445 Eccle-

1955 4471 2255 4539 siasticum,
2288 4471 2441 4528 radix
2470 4473 2745 4544 sapientiae
2778 4482 2860 4531 est
2890 4476 3079 4532 timere
3106 4478 3296 4543 Deum,
3325 4477 3530 4536 fructus

254 4586 411 4626 mur.
443 4567 561 4624 Hoc
587 4577 671 4623 est
696 4568 815 4639 ejus
837 4568 890 4622 in
915 4542 1186 4633 omnibus,
1214 4576 1270 4623 et
1295 4583 1398 4623 non
1432 4577 1675 4623 nostram
1693 4542 1848 4638 quae-
1878 4542 1930 4603 ί)
1955 4561 2233 4632 sapientiae
2253 4602 2268 4628 ,
2305 4562 2396 4632 qui
2437 4542 2590 4629 sunt,
2630 4562 2735 4619 nisi
2760 4564 2944 4621 videre
2974 4564 3178 4621 Deum?
3210 4542 3289 4623 Et
3311 4569 3364 4623 hi
3400 4578 3527 4625 sunt

236 4654 388 4723 ‘rere
416 4663 652 4720 laudem.
680 4662 787 4720 Sed
807 4672 864 4719 et
891 4663 980 4719 ille
1016 4663 1298 4719 Dominum
1322 4663 1388 4719 de
1424 4680 1520 4719 sua
1551 4663 1851 4720 substantia

1965 4652 2112 4722 primi
2135 4666 2198 4707 ac
2225 4652 2535 4723 purissimi,
2562 4653 2676 4709 sive
2704 4655 2831 4726 quia
2863 4655 3002 4712 Deus
3023 4697 3047 4723 μ
3069 4658 3159 4727 qui
3190 4658 3419 4725 videtur,
3453 4664 3521 4716 ah

248 4767 603 4823 suarumque
628 4751 838 4825 frugum
858 4752 1110 4824 primitiis
1131 4753 1377 4819 honorat,
1403 4753 1495 4822 qui
1518 4767 1677 4807 omne
1699 4753 1854 4823 quid—
1955 4744 2107 4801 initio
2135 4754 2249 4810 est,
2275 4755 2330 4801 et
2357 4745 2490 4801 nihil
2520 4746 2860 4818 inquinatum
2888 4747 2941 4803 in
2966 4747 3083 4818 ejus
3109 4750 3313 4806 visione
3349 4752 3529 4807 incur-

245 4846 396 4917 quid
430 4843 560 4898 boni
585 4850 858 4914 operatur,
889 4857 993 4898 non
1025 4843 1127 4898 hoc
1154 4843 1267 4897 suis
1292 4842 1499 4896 viribus
1528 4857 1593 4896 ac
1618 4843 1851 4910 meritis,

240 4936 359 4994 sed
385 4947 641 5006 supernae
664 4934 852 5005 gratiae
880 4933 1085 4989 tribuit.
1115 4931 1320 4987 Memor
1345 4931 1490 4985 illius
1517 4930 1705 4995 verbi,
1726 4930 1851 5001 quia

242 5031 376 5085 sine
406 5041 492 5081 me
518 5024 646 5081 nihil
677 5025 891 5096 potestis
918 5024 1109 5095 facere.

330 5125 413 5181 Et
438 5122 789 5194 implebantur
818 5123 1006 5177 horrea
1032 5132 1125 5177 tua
1160 5121 1465 5184 saturitate,
1504 5129 1551 5174 et
1590 5118 1709 5174 vino
1737 5127 1849 5172 tor-

242 5217 480 5277 eularia
526 5213 908 5269 redundabant.
956 5212 1047 5268 Ait
1084 5213 1136 5267 in
1184 5212 1475 5282 Evangelio
1524 5210 1780 5265 Dominus
1829 5226 1845 5266 :

244 5306 648 5365 Thesaurisate
682 5314 858 5358 autem
897 5302 1038 5357 vobis
1068 5303 1339 5357 thesauros
1376 5301 1432 5355 in
1469 5300 1594 5355 calo
1632 5298 1845 5370 (Matth.

242 5402 363 5471 vs).
403 5397 465 5454 Si
494 5411 622 5467 ergo
650 5396 934 5452 thesauros
960 5396 1013 5450 in
1046 5396 1186 5451 caelo
1220 5402 1443 5467 possunt
1470 5395 1669 5449 habere
1689 5394 1847 5464 justi,

236 5491 393 5563 quia
421 5501 584 5543 veras
617 5485 690 5541 ibi
723 5485 939 5541 divitias
977 5485 1290 5549 inveniunt,
1333 5492 1557 5555 possunt
1587 5484 1772 5554 utique
1795 5492 1851 5540 et

240 5584 468 5638 horrea
496 5582 554 5629 et
579 5574 890 5639 toreularia,
917 5574 1040 5644 quia
1068 5589 1173 5629 non
1204 5568 1443 5630 esuriem
1469 5589 1641 5644 neque
1665 5574 1849 5629 sitient

240 5666 505 5739 amplius
535 5682 550 5720 :
576 5663 646 5719 Et
672 5664 1022 5737 implebantur
1047 5665 1231 5720 horrea
1261 5675 1352 5719 tua
1388 5660 1659 5720 saturitate
1680 5707 1694 5730 ,
1722 5667 1847 5736 quia

237 5758 531 5818 satiabor,
556 5754 752 5828 inquit,
773 5757 898 5811 dum
920 5757 1337 5825 manifestabitur
1357 5756 1522 5828 gloria
1550 5767 1638 5811 tua
1668 5755 1839 5825 (Psal.

1956 4836 2055 4905 rit,
2085 4838 2198 4893 sive
2226 4838 2354 4910 quia
2395 4838 2581 4909 primo.
2599 4839 2665 4896 ad
2691 4840 2832 4897 hanc
2860 4842 3325 4912 contemplandam
3363 4844 3526 4901 homo

1954 4940 2170 4989 creatus
2196 4938 2297 4988 est.
2328 4931 2480 4988 Unde
2507 4941 2562 4987 et
2588 4932 2982 4990 adolescentior
3017 4934 3157 4990 ﬁlius
3199 4936 3286 4990 ubi
3317 4936 3387 4990 ad
3422 4936 3526 4990 Pa-

1955 5034 2091 5082 trem
2119 5025 2392 5095 pmnitens
2414 5024 2602 5089 rediit,
2634 5025 2863 5095 primam
2892 5024 3085 5081 stolam
3114 5025 3379 5095 recepisse
3409 5040 3524 5081 me-

1952 5126 2226 5183 moratur;
2255 5115 2368 5171 sive
2394 5116 2517 5185 quia
2550 5115 2783 5185 primum
2802 5122 2861 5170 et
2884 5114 3014 5170 rude
3034 5129 3224 5169 aurum
3248 5115 3384 5170 solet
3406 5130 3527 5172 esse

1951 5206 2330 5275 purissimum;
2368 5214 2422 5260 et
2453 5205 2624 5274 prima
2664 5204 2802 5260 stola
2837 5213 3023 5260 nostra
3072 5219 3199 5260 vere
3236 5212 3320 5260 est
3350 5205 3520 5261 beati-

1952 5300 2080 5356 tudo
2126 5298 2426 5361 credenda,
2481 5313 2601 5368 quae
2642 5298 2797 5353 nobis
2837 5297 2891 5352 in
2947 5296 3342 5353 resurrectione
3391 5312 3517 5368 per-

1951 5387 2144 5444 fectius
2168 5406 2198 5443 a
2229 5387 2454 5443 Domino
2481 5386 2812 5457 promittitur
2834 5399 2955 5441 esse
2993 5383 3281 5441 reddenda.

2024 5477 2311 5533 Pretiosior
2350 5486 2424 5532 est
2458 5476 2655 5530 cunctis
2684 5475 2898 5546 opibus,
2934 5483 2985 5530 et
3021 5476 3196 5529 omnia
3229 5491 3347 5546 qua:
3382 5473 3523 5528 desi-

1949 5571 2219 5633 derantur,
2238 5568 2358 5622 huic
2383 5583 2484 5622 non
2505 5563 2673 5620 valent
2692 5564 3006 5635 comparari.
3032 5561 3146 5619 Non
3169 5562 3328 5618 modo
3350 5571 3522 5618 terre-

1950 5660 2055 5724 nis,
2081 5672 2267 5711 verum
2302 5656 2463 5710 etiam
2495 5652 2802 5710 caelestibus
2857 5652 3087 5718 divitiis,
3140 5654 3247 5708 imo
3287 5662 3342 5708 et
3385 5652 3516 5721 ipsis

1950 5749 2258 5822 angelorum
2289 5747 2687 5818 conspectibus,
2714 5743 2872 5815 hujus
2898 5744 3172 5818 sapientiae
3193 5744 3408 5801 claritas
3430 5762 3520 5798 uno
