3962 6198
415 365 520 422 695

1051 363 1114 418 B.
1155 361 1408 418 RABANI
1444 361 1663 419 MAURI
1701 357 2016 417 ARCHIEP.
2057 355 2366 415 MOGUNT.
2405 357 2688 418 OPERUM
2725 361 2906 420 PARS
2937 362 3026 419 l.l.

3575 363 3680 420 696

416 480 677 546 tefertur,
707 479 848 536 unde
885 487 940 534 et
973 478 1234 552 propheta
1263 475 1436 550 (Psal.
1465 476 1654 549 LXXII).
1687 475 1827 543 Quid
1856 475 1993 528 enim
2021 477 2068 532 Α
2099 474 2450 540 mare/laberis,
2479 487 2580 531 non
2607 477 2805 545 furtum
2851 478 3034 547 facies,
3063 494 3164 532 non
3207 478 3401 546 falsum
3450 478 3680 533 testimo-

414 573 544 627 mihi
586 581 745 628 restat
785 573 842 626 in
887 569 1046 637 mlo,
1085 578 1132 624 et
1175 586 1208 623 a
1251 577 1299 624 te
1341 568 1468 640 quid
1507 567 1648 622 volui
1695 583 1851 638 super
1889 577 1995 620 ter-

415 681 552 731 ram,
578 672 706 729 etc.,
741 679 914 734 usque
938 663 1004 717 ad
1035 661 1196 716 linem
1222 660 1437 732 psalmi.

484 755 779 828 Longitudo
806 754 1007 808 dierum
1037 751 1093 807 in
1121 752 1334 806 dextera
1367 751 1512 821 ejus,
1537 751 1590 804 in
1616 750 1829 804 sinistra
1855 749 2000 804 illius

413 845 610 900 divitia:
663 853 710 898 et
747 843 936 915 gloria.
975 842 1196 897 Visione
1243 856 1356 896 sua:
1386 839 1682 895 divinitatis
1707 838 1913 894 electos
1943 839 1996 892 in

413 943 672 1007 perpetua
709 933 827 988 luce
853 932 1154 997 condonat,
1181 938 1238 986 et
1263 929 1480 986 eosdem
1512 930 1566 984 in
1604 929 1860 1000 pnesenti
1889 930 1996 984 vita

415 1026 801 1082 incarnationis
825 1040 936 1080 sua:
970 1023 1327 1079 sacramentis
1353 1030 1408 1076 et
1433 1019 1852 1076 charismatibus
1881 1019 2000 1073 illu-

413 1127 552 1174 strat
587 1134 652 1174 ac
691 1118 928 1172 roborat.
977 1116 1078 1170 Dat
1112 1116 1220 1179 eis,
1254 1113 1346 1185 qui
1383 1114 1452 1169 ob
1489 1127 1548 1168 se
1574 1113 1995 1182 comparandam

413 1226 508 1268 sua
539 1211 718 1266 omnia
742 1211 998 1274 vendunt,
1028 1207 1334 1277 centuplum
1359 1207 1412 1261 in
1443 1205 1546 1261 hoc
1575 1215 1835 1274 tempore,
1866 1213 1922 1259 et
1941 1204 1995 1258 in

412 1301 610 1359 szeculo
634 1309 863 1357 venturo
883 1301 1050 1355 vitam
1077 1309 1354 1354 aeternam.
1378 1293 1638 1366 Sequitur
1662 1295 1714 1349 in
1747 1295 1850 1349 hoc
1877 1293 1998 1348 loco

405 1394 562 1463 juxta
597 1393 876 1463 antiquam
919 1389 1323 1446 translationem
1345 1429 1360 1450 ,
1397 1387 1538 1458 quod
1575 1385 1744 1440 nostri
1784 1384 1997 1440 codices

412 1502 518 1541 non
555 1483 772 1540 habent.

483 1575 558 1630 Ab
591 1591 681 1630 ore
708 1574 822 1644 ejus
872 1572 1222 1644 proﬁciscitur
1256 1565 1493 1636 justitia,
1519 1569 1682 1640 legem
1732 1577 1905 1622 autem
1945 1575 1994 1620 et

410 1664 829 1721 misericordiam
875 1666 931 1717 in
951 1661 1131 1734 lingua
1163 1669 1358 1733 portat.
1389 1659 1542 1727 Quod
1570 1659 1691 1714 ideo
1723 1665 1993 1712 annotan-

411 1759 540 1815 dum
569 1757 800 1824 credidi,
827 1757 954 1826 quia
974 1755 1228 1810 versiculi
1259 1752 1334 1809 illi
1369 1753 1422 1807 in
1447 1750 1722 1821 opusculis
1765 1747 1990 1805 Patrum

411 1864 554 1920 saepe
581 1847 744 1919 positi
771 1846 1138 1902 inveniuntur.

493 1938 600 1994 γεω
627 1938 742 2010 ejus
770 1939 867 1992 uia:
889 1935 1121 2008 pulchrte
1143 1944 1190 1988 et
1230 1951 1407 1988 omnes
1441 1933 1635 1988 semitae
1662 1931 1806 1984 illius
1849 1930 1992 2001 paci-

408 2031 544 2102 ﬁcos.
568 2030 829 2086 Actiones
859 2028 978 2100 ejus
1017 2035 1072 2082 et
1101 2026 1361 2081 doctrina:
1407 2039 1528 2094 quae
1580 2024 1634 2078 in
1689 2020 1994 2092 Evangeliis

406 2123 774 2187 continentur,
801 2120 1041 2192 pulchrae
1082 2127 1229 2184 sunt,
1257 2117 1383 2188 quia
1426 2115 1622 2170 divina:
1645 2129 1709 2169 ac
1731 2114 1851 2184 puri
1897 2115 1992 2167 ho-

407 2214 572 2270 minis
619 2213 846 2288 .modum
890 2209 1048 2280 longe
1096 2217 1469 2277 transgressa,
1514 2211 1571 2258 et
1621 2204 1800 2258 omnia
1840 2203 1990 2271 jussa

407 2303 524 2376 ejus
549 2305 616 2358 ad
640 2318 827 2375 pacem
867 2300 1072 2356 ducunt
1109 2307 1386 2354 maternam.
1434 2296 1626 2353 Omnia
1658 2309 1778 2365 qum
1825 2295 1877 2348 in
1927 2309 1992 2349 ea

405 2411 466 2452 re
493 2395 661 2468 gessit
699 2394 768 2450 ad
795 2390 1220 2448 reconciliandae
1258 2388 1368 2443 Deo
1409 2386 1682 2450 mortales,
1715 2384 1780 2438 ad
1808 2383 1992 2454 pacili-

405 2485 640 2540 candum
679 2497 802 2538 cum
845 2479 1050 2550 angelis
1097 2491 1270 2548 genus
1309 2475 1625 2540 humanum,
1655 2475 1722 2528 ad
1770 2476 1993 2529 demon-

405 2577 628 2634 stranda
649 2575 765 2631 suis
789 2573 1066 2630 servandae
1085 2571 1154 2626 ad
1176 2569 1405 2625 invicem
1429 2569 1577 2639 pacis
1608 2576 1664 2622 et
1689 2567 1992 2622 dilectionis

405 2665 649 2738 exempla
669 2664 960 2736 pertinent.

475 2755 700 2828 [lignum
728 2756 846 2810 vitae
865 2764 938 2809 est
965 2753 1047 2808 his
1069 2755 1160 2824 qui
1189 2748 1637 2822 apprehenderunt
1661 2765 1800 2812 eam,
1830 2757 1876 2801 et
1899 2747 1991 2816 qui

401 2848 624 2904 tenuerit
651 2863 769 2901 eam
794 2845 996 2900 beatus.
1025 2843 1178 2898 Sicut
1215 2841 1271 2895 in
1296 2839 1474 2895 medio
1494 2837 1730 2909 paradisi
1776 2837 1982 2907 lignum

406 2940 534 2994 vitae
557 2937 794 3009 positum
839 2933 1052 3007 Moyses
1073 2948 1194 2988 esse
1219 2937 1474 2996 testatur,
1507 2930 1581 2984 ita
1633 2943 1731 3000 per
1772 2928 1988 2999 sapien-

405 3031 534 3086 tiam
581 3029 684 3085 Dei
743 3025 992 3083 videlicet
1035 3025 1311 3082 Christum
1357 3019 1662 3077 vivillcatur
1711 3019 1988 3084 Ecclesia,

408 3121 563 3192 cujus
605 3128 662 3175 et
703 3133 850 3174 nunc
885 3114 1243 3174 sacramentis
1271 3111 1451 3168 carnis
1477 3126 1542 3165 ac
1585 3109 1884 3180 sanguinis,
1906 3108 1988 3178 pi-

2102 565 2247 618 nium
2275 565 2437 630 dices,
2468 575 2572 622 etc.
2610 567 2804 640 (Exod.
2838 569 2950 633 xx).
2983 569 3274 623 Consilium
3298 569 3577 638 sapientia:
3596 581 3680 625 est

2099 669 2220 708 cum
2270 656 2518 724 pro;iuus
2563 658 2743 722 addit,
2791 660 2838 712 si
2881 660 2956 713 ris
2980 659 3238 729 perfectus
3285 674 3430 724 esse,
3465 659 3599 715 uade
3632 671 3682 716 et

2101 747 2257 800 vende
2285 748 2458 801 omnia
2507 765 2624 818 qua?
2653 751 2833 814 habes,
2859 760 2966 806 etc.
3009 750 3226 822 (Matth.
3253 753 3389 823 ius).

2171 838 2236 893 Et
2262 841 2358 894 erit
2387 841 2491 896 vita
2533 843 2725 896 animm
2776 852 2898 896 tua’.
2930 842 3122 896 Anima
3165 853 3256 896 tua
3301 843 3465 898 habet
3508 843 3683 898 vitam

2097 946 2218 986 cum
2267 931 2399 996 Deo,
2453 933 2496 988 si
2528 931 2644 1003 ejus
2701 935 2916 989 decreta
2972 935 3326 996 custodieris,
3382 937 3684 1006 quamlibet

2097 1035 2224 1077 caro
2276 1023 2557 1094 disciplina
2603 1026 2963 1095 correptionis
2989 1035 3084 1080 aut
3117 1027 3280 1081 etiam
3327 1027 3516 1082 mortis
3551 1041 3680 1098 prec

2098 1123 2296 1168 matur.

2168 1205 2236 1260 Et
2265 1217 2437 1277 gratia
2465 1208 2706 1277 faucibus
2727 1211 2852 1263 tuis.
2892 1208 3066 1264 Habet
3107 1224 3242 1280 ergo
3283 1223 3477 1266 sensus
3507 1211 3683 1266 animi

2095 1296 2279 1356 fauces
2303 1313 2447 1364 suas,
2469 1300 2594 1370 quia
2613 1299 2814 1363 dulcia,
2833 1301 3030 1371 inquit,
3053 1302 3294 1371 faucibus
3317 1305 3445 1358 meis
3470 1303 3683 1375 eloquia

2097 1398 2188 1442 tua
2214 1385 2388 1460 (Psal.
2405 1391 2616 1460 cxvm),
2644 1391 2842 1461 quibus
2869 1393 3035 1448 verba
3061 1407 3183 1462 quae
3211 1393 3363 1447 audit
3397 1393 3682 1462 dijudicet,

2096 1480 2294 1550 quibus
2322 1495 2408 1535 res
2434 1489 2490 1536 et
2525 1490 2675 1552 gesta
2719 1483 3054 1554 singulorum
3095 1497 3218 1555 quae
3269 1485 3442 1540 cernit
3485 1487 3682 1541 ἀοι-ρι’.

2096 1571 2272 1626 uendo
2296 1573 2592 1637 examinet,
2619 1582 2674 1627 et
2723 1575 2835 1628 haec
2870 1573 3244 1644 ampleCtendo
3287 1574 3536 1644 recipiat,
3590 1574 3684 1628 illa

2098 1660 2436 1732 reprobando
2478 1671 2810 1718 contemnat.
2846 1663 3052 1731 Quibus
3099 1664 3354 1719 nimirum
3403 1664 3684 1731 faucibus,

2095 1767 2218 1808 cum
2268 1753 2440 1824 legem
2496 1763 2658 1825 atque
2705 1756 2991 1811 consilium
3031 1755 3248 1812 Domini
3304 1757 3684 1820 custodimus,

2019 1829 2067 1890 Β
2096 1846 2271 1917 gratia
2302 1845 2708 1916 multiplicatur.
2755 1846 2889 1914 Quia
2933 1857 3140 1918 quanto
3178 1847 3428 1902 solertius
3450 1848 3686 1918 quisque

2098 1936 2296 1992 divinis
2320 1938 2657 2007 obtemperat
2679 1937 2868 2007 jussis,
2899 1945 3049 1992 tanto
3071 1936 3280 1992 dulcius
3295 1937 3412 2006 ejus
3436 1951 3685 1992 amorem

2097 2029 2348 2099 concipit.
2379 2027 2548 2096 Quam
2576 2029 2776 2084 nostris
2797 2027 3043 2084 faucibus
3071 2029 3250 2084 inesse
3274 2029 3502 2098 gratiam
3530 2031 3682 2084 desi-

2097 2118 2323 2173 derabat
2341 2119 2631 2175 Psalmista
2657 2135 2781 2175 cum
2807 2120 2902 2183 ait,
2932 2117 3150 2176 Gustate
3172 2121 3410 2176 eLvidete
3428 2121 3684 2192 quoniam

2095 2212 2272 2265 suavis
2296 2221 2371 2265 est
2402 2209 2658 2266 Dominus
2683 2209 2854 2282 (Psal.
2887 2211 3104 2285 χχχιιι).

2169 2299 2313 2354 Tum:
2337 2299 2628 2354 ambulabis
2658 2300 2978 2368 ﬁducialiter
3002 2301 3059 2355 in
3081 2301 3162 2356 uia
3181 2312 3292 2356 tua.
3328 2301 3686 2358 Fiducialiter

2097 2392 2150 2446 in
2177 2393 2265 2446 via
2286 2402 2468 2446 nostra
2503 2392 2816 2459 incedimus,
2847 2409 2969 2448 cum
2992 2393 3086 2448 Dei
3118 2394 3289 2463 gratia
3331 2393 3519 2450 conﬁsi
3547 2409 3682 2465 pro-

2096 2483 2293 2539 fectum
2335 2485 2392 2540 in
2441 2485 2578 2540 bona
2635 2493 2820 2540 nostra
2870 2487 3280 2541 conversatione
3329 2486 3678 2555 suscipimus

2097 2573 2154 2629 Si
2180 2591 2308 2646 ergo
2332 2575 2450 2645 ejus
2473 2575 2718 2646 imperiis
2745 2575 3021 2630 humiliter
3044 2576 3345 2642 subdimur,
3373 2587 3428 2632 et
3457 2587 3682 2646 gustum

2095 2665 2315 2735 superni
2343 2666 2543 2720 amoris
2569 2666 2789 2721 suavius
2811 2665 3057 2721 faucibus
3101 2667 3297 2721 mentis
3325 2667 3678 2740 attingemus,

2093 2762 2148 2809 et
2171 2755 2500 2824 operationis
2510 2757 2666 2810 bonne
2686 2765 3033 2826 augmentum
3055 2771 3269 2826 semper
3287 2757 3676 2824 obtinebirnus,

2094 2845 2264 2900 sedet
2311 2845 2363 2898 in
2395 2845 2784 2900 tentationibus
2833 2861 2900 2900 ne
2941 2845 3255 2902 deﬁciamus
3300 2847 3418 2916 ipso
3449 2848 3681 2918 juvante

2093 2937 2464 3000 defendamur,
2491 2938 2593 2992 hoc
2617 2947 2700 2994 est
2720 2938 2864 2994 enim
2893 2938 3034 3007 quod
3059 2939 3302 3009 sequitur
3333 2957 3348 2994 :

2166 3025 2234 3081 Et
2277 3044 2364 3096 pes
2409 3037 2530 3081 tuus
2578 3043 2680 3081 non
2719 3027 2986 3098 impinget.
3037 3027 3301 3096 Quoniam
3338 3027 3678 3099 diligentibus

2093 3117 2262 3174 Deum
2296 3119 2471 3173 omnia
2502 3128 2852 3188 coeperantur
2882 3121 2935 3173 in
2967 3119 3156 3174 bonum
3185 3119 3359 3191 (Rom.
3389 3121 3527 3191 rm).

404 3179 542 3286 guns
569 3213 700 3270 vitae
739 3211 962 3280 accipit,
993 3217 1049 3264 et
1073 3208 1128 3262 in
1157 3206 1336 3262 futuro
1361 3203 1618 3274 praesenti
1645 3179 1985 3258 beatiﬁcatur

2163 3209 2222 3265 Si
2247 3211 2555 3276 dormieris,
2596 3227 2700 3264 non
2730 3211 2966 3276 timebis;
3008 3213 3262 3282 quiesces,
3293 3222 3344 3266 et
3375 3215 3554 3268 suavis
3579 3217 3678 3269 erit

405 3313 625 3362 θεουεω
634 3343 648 3357 .

537 3321 648 3360 ctu.

468 3321 739 3447 pgominus
771 3389 1031 3462 sapientia
1061 3386 1298 3460 fundavit
1323 3395 1537 3451 terram,
1563 3383 1808 3439 stabilivit
1833 3385 1987 3440 oculos

402 3483 705 3555 prudentia.
754 3479 900 3537 Deus
945 3479 1112 3536 Pater
1134 3492 1230 3548 per
1270 3474 1468 3530 Filium
1497 3475 1679 3530 omnia
1722 3473 1982 3529 condidit.

406 3571 610 3644 Typice
645 3577 826 3628 autem
878 3566 1124 3623 i’un"avit
1167 3573 1372 3620 terram
1410 3563 1695 3635 sapientia,
1725 3578 1846 3618 cum
1889 3578 1987 3635 per

404 3663 582 3732 ipsum
610 3669 852 3720 sanctam
875 3656 1172 3713 Ecclesiam
1199 3655 1254 3710 in
1302 3653 1425 3710 fidei
1452 3653 1725 3710 soliditate
1763 3653 1981 3709 locavit.

405 3751 679 3810 Stabilivit
703 3747 870 3806 oculos
909 3745 1222 3818 prudentia,
1262 3758 1384 3799 cum
1416 3759 1514 3814 per
1541 3744 1789 3798 eumdem
1817 3742 1986 3798 subli-

403 3841 514 3896 mia
540 3839 952 3913 prtedieatorum
981 3836 1144 3891 corda
1173 3833 1484 3892 illustravit.

475 3929 750 4002 Sapientia
787 3928 931 3984 illius
977 3935 1258 3998 eruperunt
1303 3925 1496 3996 abyssi.
1546 3922 1770 3991 Quando
1793 3925 1845 3979 in
1871 3924 1985 3980 die-

402 4023 503 4078 bus
545 4021 660 4076 Noe
684 4019 824 4091 rapti
871 4026 998 4076 sunt
1037 4031 1225 4076 omnes
1265 4015 1440 4072 fontes
1465 4015 1647 4086 abyssi
1677 4029 1885 4087 magna:
1931 4023 1984 4071 et

401 4129 524 4168 cum
547 4109 860 4182 quotidiano
880 4123 1143 4180 procnrsu
1169 4107 1346 4162 fontes
1366 4115 1421 4162 et
1445 4104 1666 4160 ﬂumina
1697 4106 1765 4160 de
1787 4106 1983 4176 abysso

399 4217 500 4276 per
542 4211 706 4258 terra:
749 4215 915 4256 venas
967 4205 1244 4254 emanant.
1295 4195 1468 4251 Aliter
1507 4195 1775 4266 sapientia
1801 4210 1983 4250 erum-

397 4303 535 4365 punt
576 4293 792 4364 abyssi,
835 4307 958 4349 cum
1007 4289 1271 4363 largiente
1338 4289 1540 4345 Christi
1615 4288 1812 4360 gratia,
1857 4303 1984 4358 νιος

401 4384 564 4439 funda
617 4392 1077 4441 sacramentorum
1127 4381 1428 4441 C(Blestium
1479 4380 1726 4436 ﬁdelibus
1767 4380 1980 4434 innote-

398 4481 576 4528 scunt.

469 4561 538 4615 Et
566 4577 724 4617 nubes
753 4578 870 4618 rore
894 4561 1008 4632 ejus
1045 4572 1302 4616 crescunt.
1337 4561 1488 4618 Patet
1531 4559 1684 4630 juxta
1711 4561 1971 4626 litteram,

397 4651 493 4706 sed
519 4649 805 4721 allegorice
843 4653 1014 4707 nubes
1053 4659 1180 4707 sunt
1218 4651 1472 4708 Ecclesia:
1509 4652 1782 4722 magistri,
1812 4651 1977 4707 subli-

395 4759 516 4802 mes
543 4759 643 4816 per
668 4743 1177 4813 contemplationem
1223 4752 1280 4798 et
1320 4744 1507 4810 vitam,
1535 4744 1774 4816 rigantes
1809 4744 1976 4799 corda

395 4837 726 4900 auditorum,
755 4834 908 4904 quasi
947 4831 1244 4902 subjectum
1280 4833 1381 4890 sibi
1411 4845 1612 4888 terram
1651 4851 1750 4905 per
1775 4835 1967 4890 doctri-

392 4946 542 4996 nam,
562 4941 684 5000 quae
707 4941 832 4982 rore
851 4935 1228 4994 concrescunt,
1253 4925 1378 4996 quia
1399 4926 1747 4982 subtiliSsima
1772 4929 1974 4984 discre-

391 5022 540 5078 tione
559 5020 785 5074 virtutes
812 5032 940 5074 suas
961 5016 1154 5087 quibus
1176 5014 1484 5089 proﬁciant,
1515 5015 1710 5086 quibus
1737 5017 1846 5072 alta
1875 5033 1969 5089 pe-

389 5121 537 5180 tant,
563 5111 868 5183 quibusque
907 5109 1206 5166 minoribus
1249 5109 1302 5164 in
1347 5109 1652 5183 exemplum
1701 5118 1969 5165 monstra-

387 5215 580 5262 rentur
603 5205 936 5261 examinant.

463 5297 571 5354 Fili
597 5297 690 5360 mi,
714 5311 777 5351 ne
796 5295 1004 5368 eﬁl’uant
1029 5293 1141 5350 tunc
1165 5294 1228 5348 ab
1250 5292 1416 5348 oculis
1435 5281 1560 5348 tuis.
1589 5293 1668 5349 Ne
1687 5295 1968 5366 disciplina

390 5389 670 5460 temporali
698 5387 951 5458 fatigatus
971 5385 1266 5458 sapientiae,
1297 5399 1416 5460 quan,
1444 5391 1592 5441 tanta
1610 5393 1716 5451 est,
1738 5385 1968 5458 gratiam

385 5487 578 5560 perdas
600 5499 862 5558 praecave.

459 5575 678 5630 Custodi
701 5573 863 5646 legem
891 5583 1045 5646 atque
1075 5571 1372 5626 consilium.
1419 5571 1529 5626 Lex
1571 5569 1833 5638 sapientia
1859 5577 1967 5638 est,

389 5680 494 5732 qua
529 5664 696 5718 dicit:
727 5661 782 5717 Si
813 5663 886 5718 vis
913 5662 983 5715 ad
1014 5663 1170 5716 vitam
1198 5661 1422 5731 ingredi,
1455 5677 1558 5715 non
1605 5659 1831 5733 occides‘
1863 5677 1965 5714 non

455 5758 480 5784 “
513 5755 672 5810 Deest
695 5753 819 5808 linis
849 5753 990 5809 tertii
1021 5752 1215 5820 capitis
1241 5763 1296 5807 et
1322 5753 1530 5808 initium
1563 5748 1757 5820 quarti.

2004 4527 2054 4588 D

2089 3322 2304 3360 somnus
2333 3316 2473 3360 tuus.
2501 3305 2576 3362 Ne
2607 3320 2803 3376 paveas
2827 3306 3106 3375 repentino
3131 3314 3361 3369 terrore,
3383 3313 3440 3358 et
3458 3303 3673 3360 irruen-

2091 3405 2174 3452 tes
2197 3397 2294 3452 tibi
2323 3397 2592 3468 potentias
2621 3398 2930 3468 impiorum.

2159 3487 2413 3542 Dominus
2452 3489 2588 3542 enim
2624 3489 2679 3542 in
2713 3487 2876 3542 latere
2922 3496 3034 3552 tuo,
3085 3495 3135 3542 et
3183 3487 3441 3544 custodiet
3489 3486 3674 3556 pedem

2087 3587 2233 3630 tamn
2257 3593 2320 3631 ne
2341 3577 2584 3647 capiaris.
2617 3576 2775 3632 Patet
2809 3576 2962 3647 juxta
3014 3576 3248 3631 litteram
3279 3576 3406 3648 quia
3446 3591 3676 3631 secums

2085 3675 2142 3721 et
2185 3666 2384 3722 dormit
2412 3677 2466 3722 et
2509 3667 2722 3739 vigilat,
2749 3667 3055 3736 etquiescit
3086 3677 3141 3722 et
3187 3667 3448 3733 ambulat,
3469 3667 3560 3737 qui
3608 3681 3672 3720 se

2087 3757 2403 3813 inuocenter
2433 3767 2557 3812 ante
2583 3757 2751 3812 Deum
2780 3756 2993 3826 etjuste
3019 3757 3202 3812 vivere
3245 3757 3510 3811 meminit.
3559 3755 3670 3810 Sel

2084 3855 2140 3902 et
2159 3847 2339 3918 justus
2368 3863 2489 3903 cum
2519 3847 2572 3902 in
2596 3855 2767 3902 morte
2811 3845 3118 3910 dormierit,
3142 3861 3249 3901 non
3280 3845 3454 3900 solum
3479 3834 3671 3915 poten-

2085 3939 2190 3994 tias
2240 3938 2597 4010 malignorum
2647 3938 2930 4007 spirituum
2981 3952 3086 3991 non
3135 3936 3360 3998 metuit.
3387 3936 3481 3991 sed
3515 3943 3566 3989 et
3607 3934 3675 3993 in.

2081 4043 2214 4100 pace
2263 4031 2494 4100 quiescit
2525 4046 2588 4085 ac
2617 4043 2840 4084 securus
2866 4012 3008 4082 diem
3035 4027 3455 4083 resurrectionis
3475 4041 3672 4095 exspe-

2083 4131 2243 4182 ctat;
2303 4121 2429 4192 quia
2497 4119 2664 4173 Deum
2726 4121 2926 4188 ubique
2983 4124 3345 4187 protectorem
3396 4116 3556 4171 habet
3607 4125 3674 4174 et

2083 4213 2380 4276 custodem,
2407 4211 2564 4282 quale
2586 4218 2669 4264 est
2691 4210 2744 4264 in
2768 4209 3002 4278 psalmo:
3035 4207 3175 4261 Nam
3197 4217 3245 4262 et
3267 4208 3312 4260 si
3333 4204 3670 4260 «rabulam

2080 4305 2136 4358 in
2163 4303 2332 4357 medio
2357 4300 2556 4356 umbra,
2579 4301 2782 4360 mortis,
2814 4313 2917 4353 non
2940 4298 3129 4352 timebo
3154 4296 3318 4360 mal,
3334 4295 3575 4367 quoniam
3599 4303 3664 4346 tu

2078 4411 2281 4450 mecum
2307 4409 2360 4448 es
2384 4391 2555 4465 (Psal.
2585 4393 2742 4462 xm).

2152 4483 2280 4539 Noli
2303 4483 2573 4555 prohibere
2619 4481 2916 4550 benefacere
2967 4495 3082 4533 eum
3104 4479 3194 4548 qui
3213 4486 3376 4548 potest
3398 4490 3418 4528 :
3439 4480 3485 4530 si
3503 4477 3666 4540 uales,

2083 4586 2130 4632 et
2153 4575 2259 4644 ipse
2304 4573 2536 4642 benefac.
2566 4569 2685 4626 .lam
2706 4571 2915 4626 clarere
2941 4569 3225 4632 miramur,
3247 4581 3384 4635 quos
3423 4565 3666 4634 aliquau-

2083 4667 2150 4724 do
2177 4665 2427 4753 parvqlos
2455 4672 2510 4718 et
2534 4663 2779 4718 indoctos
2811 4660 2976 4715 fuisse
3005 4658 3369 4714 meminimus.
3411 4696 3426 4710 .
3465 4695 3482 4712 .
3523 4699 3536 4712 .
3574 4695 3588 4711 .
3625 4667 3660 4699 ι

2697 4795 2922 4854 CAPUT
2958 4796 3046 4852 iV.

2151 5022 2218 5078 Et
2240 5021 2457 5077 docebat
2485 5036 2567 5074 me
2606 5028 2761 5089 atque
2786 5014 2987 5070 dicebat
3011 5025 3028 5066 :
3058 5011 3322 5081 Suscipiat
3352 5008 3512 5064 verba
3555 5022 3664 5062 πιθα

2079 5132 2168 5172 cor
2189 5125 2356 5170 tuum.
2383 5111 2700 5180 Huiusmodi
2723 5107 2928 5164 monita
2950 5102 3228 5160 Salomoni
3251 5117 3286 5155 ι
3313 5100 3488 5156 David
3509 5108 3656 5170 patre

2080 5210 2220 5271 data,
2244 5207 2336 5277 qui
2366 5203 2539 5260 Verba
2561 5203 2768 5258 dierum
2795 5199 2984 5269 relegit
3015 5195 3251 5259 invenit;
3281 5207 3458 5264 quare
3480 5198 3652 5248 autem

2076 5313 2136 5355 se
2159 5296 2412 5352 Salomon
2440 5292 2774 5364 unigenitum
2795 5303 2978 5345 coram
3001 5297 3178 5342 matre
3199 5285 3471 5348 nominat,
3497 5294 3653 5354 quem

2075 5388 2302 5442 fratrem
2355 5383 2628 5440 uteﬁnum
2677 5377 3024 5450 praecessisse
3074 5375 3360 5444 Scriptura
3404 5380 3650 5432 testatur,

2075 5481 2177 5536 nisi
2201 5479 2327 5550 quia
2352 5475 2439 5532 ille
2465 5489 2589 5533 mox
2619 5481 2780 5528 natus
2801 5472 2920 5526 sine
2945 5469 3165 5524 nomine
3185 5465 3341 5538 quasi
3383 5473 3648 5533 umquam

2072 5583 2236 5639 esset,
2263 5572 2372 5626 vita
2401 5567 2690 5626 discessit?

2145 5667 2210 5724 Et
2242 5669 2296 5720 in
2319 5665 2459 5719 omni
2480 5661 2802 5734 possessione
2843 5667 2933 5713 tua
2959 5656 3171 5727 nequire
3215 5652 3553 5726 prudentiam.
3581 5642 3643 5700 lu
