3962 6198
281 372 391 430 697

995 408 1003 427 ι
1105 365 1472 425 EXPOSITIO
1506 366 1572 421 IN
1614 366 2002 424 PROVERBIA
2040 367 2446 425 SALOMONIS.
2487 401 2556 411 —-
2597 370 2721 425 LIB.
2759 371 2796 425 l.

3459 380 3567 437 693

281 482 550 538 omnibus
575 493 697 548 qua:
725 476 969 548 possides
1003 477 1157 533 bonis
1184 478 1455 547 sapienter
1479 486 1530 534 te
1572 493 1734 550 agerc
1760 495 1876 534 me-
1905 483 1957 544 Α
1981 480 2162 550 perius
2190 481 2387 536 dicitur
2417 482 2667 551 sapienti,
2693 482 2831 549 Quia
2852 500 3066 539 currens
3107 503 3210 540 non
3233 486 3441 544 habebis
3478 496 3562 564 of-

282 579 502 635 mento,
525 567 609 622 vel
643 568 696 621 in
725 566 872 621 omni
901 567 1241 635 possessione
1271 575 1361 622 tua
1395 569 1615 637 nequire
1638 570 1878 637 pruden-

283 661 444 723 tiam,
476 656 665 713 omnia
709 670 831 725 qua:
859 655 1125 724 possides,
1150 666 1361 711 terrena
1386 667 1692 722 contemne,
1725 658 1881 712 dum-
1924 658 1929 667 '

285 751 454 807 modo
480 747 804 821 sapientiam
831 747 1119 818 percipias,
1142 749 1285 817 quod
1311 750 1446 819 petit
1477 748 1729 805 Salomon
1765 751 1881 818 ipse

284 846 413 898 dtnn
471 843 600 897 data
650 840 755 896 sibi
801 840 1040 909 optione,
1065 854 1307 896 amorem
1344 841 1622 911 sapientiae
1671 841 1881 896 cunctis

281 933 589 1006 praeposuit
639 931 822 995 rebus,
870 939 925 985 et
976 929 1030 984 in
1083 930 1398 1002 Evangelio,
1445 931 1536 1000 qui
1584 931 1900 1001 pretiosaml

281 1022 650 1093 margaritam
693 1020 964 1091 quaesivit,
992 1020 1132 1073 hanc
1158 1020 1432 1075 inventam
1458 1020 1732 1085 omnibus,
1757 1034 1879 1088 qua:

283 1113 485 1168 habuit
503 1153 519 1175 ,
541 1111 777 1166 venditis
802 1110 954 1164 emit.
1398 1164 1411 1171 κ

351 1204 521 1258 Dabit
546 1202 705 1273 capiti
723 1212 812 1255 tuo
833 1210 1114 1271 augmenta
1138 1201 1450 1271 gratiarum,
1466 1216 1661 1254 corona
1682 1198 1879 1269 inclyta

278 1303 517 1364 proteget
575 1303 646 1347 te.
694 1292 850 1347 Patet
876 1293 944 1347 de
971 1290 1283 1357 Salomone,
1309 1292 1439 1361 quia
1479 1291 1605 1347 dum
1650 1306 1749 1360 pro
1785 1306 1875 1345 sa-
1952 1340 1960 1349 .

279 1386 491 1456 pientia
542 1392 738 1439 cuncta
777 1384 1103 1452 despiceret,
1140 1393 1395 1453 percepta
1445 1382 1710 1452 sapientia
1763 1398 1877 1435 ma-

272 1474 402 1543 jori,
431 1474 623 1545 glorias
652 1472 983 1528 sublimitate
1024 1471 1252 1527 refulsit.
1289 1470 1395 1525 Sed
1429 1480 1485 1525 et
1526 1468 1712 1541 [Forte
1736 1469 1875 1523 deest

278 1565 348 1637 si]
381 1573 578 1623 nostro
602 1563 790 1633 capiti,
822 1563 873 1619 id
898 1572 1003 1629 est,
1029 1561 1310 1633 principali
1334 1561 1530 1616 mentis
1553 1560 1874 1630 sapientiam

279 1656 698 1728 amplectimur,
737 1654 968 1726 amplior
1019 1654 1195 1727 gratia
1245 1652 1482 1725 Spiritus
1535 1661 1784 1724 augetur,
1821 1661 1877 1709 et

278 1762 481 1803 corona
536 1747 758 1816 insuper
808 1745 931 1800 vitae
988 1746 1044 1798 in
1106 1743 1288 1799 futuro
1329 1744 1636 1799 donabitur.
1691 1744 1873 1814 Expo-

1983 570 2305 640 fendiculum
2346 570 2528 643 (Prov.
2555 574 2651 644 Iv),
2681 574 2735 629 id
2771 582 2875 639 est,
2902 576 3239 631 scandalum.

2052 662 2209 716 Omni
2254 663 2496 719 custodia
2542 680 2692 718 serva
2738 681 2830 718 cor
2863 674 3031 730 tuum,
3059 667 3186 735 quia
3221 685 3287 722 ea:
3321 671 3432 739 ipso
3460 672 3562 726 vita

1979 751 2233 822 procedit.
2271 751 2409 807 Sunt
2440 755 2531 823 qui
2567 764 2713 809 recte
2741 755 2925 811 vivere
2953 757 3205 813 videntur
3228 760 3562 829 hominibus,

1981 840 2076 896 sed
2109 842 2235 912 quia
2281 851 2427 898 recta
2483 845 2780 903 intentione
2826 861 2932 900 non
2990 846 3213 912 iaciunt,
3257 865 3289 903 a
3336 850 3448 907 Dw
3470 853 3563 921 qui

1981 945 2076 985 cor
2106 931 2327 1000 respicit
2375 948 2600 1002 pravum
2651 936 2969 1003 reprobatur
3016 945 3072 992 et
3122 939 3255 1004 vita,
3289 956 3409 1009 qua:
3445 957 3554 998 cre-

1980 1022 2208 1077 debatur
2234 1023 2395 1077 bona.
2430 1023 2587 1078 Omni
2619 1040 2750 1095 ergo
2796 1026 3072 1095 diligentia
3118 1030 3299 1087 cordis
3342 1033 3561 1087 mundi-

1982 1111 2109 1165 tiam
2145 1127 2324 1177 serva,
2352 1113 2479 1182 quia
2505 1116 2571 1169 ad
2593 1114 2711 1183 ejus
2739 1131 2965 1172 examen
2994 1120 3183 1175 modus
3208 1122 3566 1179 testimabitur

1977 1202 2123 1256 vitm.

2047 1295 2266 1352 Remove
2289 1314 2321 1350 a
2348 1307 2396 1352 te
2423 1314 2479 1352 os
2501 1315 2720 1367 pravum
2741 1309 2787 1353 et
2811 1300 3140 1358 detrahentia
3164 1303 3305 1359 labia
3325 1310 3427 1361 sint
3448 1325 3568 1379 pro-

1977 1386 2062 1439 cul
2096 1405 2127 1440 a
2156 1399 2223 1442 te.
2261 1388 2482 1444 Duobus
2526 1391 2697 1445 modis
2732 1393 3090 1457 sentiendum,
3121 1405 3180 1449 ut
3222 1405 3278 1452 et
3321 1414 3383 1454 os
3412 1408 3561 1455 tuum

1976 1494 2043 1535 ne
2094 1495 2319 1550 pravum
2398 1482 2647 1552 loquatur
2715 1482 2956 1552 aliquid,
3015 1495 3070 1543 et
3148 1496 3237 1542 tua
3301 1488 3442 1544 labia
3494 1507 3562 1545 ne

1975 1570 2404 1629 detractionibus
2449 1586 2765 1630 assuescant
2807 1577 3105 1645 custodias,
3142 1589 3202 1634 et
3246 1580 3384 1637 alios
3424 1598 3561 1652 quo-

1976 1662 2246 1732 que'quos
2276 1664 2404 1719 huic
2444 1664 2577 1720 vitio
2612 1665 2858 1722 subditos
2899 1668 3063 1734 nosti,
3096 1684 3162 1723 ne
3211 1678 3265 1725 te
3316 1687 3563 1727 corrum-

1975 1763 2124 1821 pant,
2149 1752 2343 1822 fugias.

277 1838 398 1893 sitis
442 1853 578 1892 sane
607 1837 714 1902 bis,
744 1851 864 1906 qua:
903 1852 936 1890 a
984 1835 1146 1890 Patre
1196 1835 1360 1891 verba
1392 1843 1705 1905 perceperat
1731 1834 1873 1889 redit
1903 1832 1947 1890 Β
2045 1841 2201 1896 Oculi
2221 1845 2298 1897 tui
2323 1854 2463 1898 recta
2494 1846 2723 1910 videant,
2747 1854 2795 1899 et
2825 1847 3086 1917 palpebra:
3107 1860 3212 1905 tua:
3252 1854 3555 1921 prwcedant

276 1930 343 1983 ad
392 1928 701 1983 docendam
754 1927 1056 1982 auditorem
1106 1940 1264 1981 suum
1311 1923 1665 1995 sapientiam,
1706 1939 1873 1994 quam

279 2022 467 2092 coepit.
680 2030 691 2040 ‘
1539 2010 1550 2022 ’

347 2112 521 2177 Audi,
575 2111 656 2180 ﬁli
696 2110 793 2176 mi,
836 2119 886 2164 et
939 2110 1144 2179 suscipe
1188 2107 1342 2163 uerba
1370 2124 1488 2162 mea
1534 2116 1590 2160 ut
1621 2104 1874 2177 multipli-

276 2214 468 2257 centur
509 2203 604 2256 tibi
632 2202 758 2256 anni
786 2202 926 2256 vitm.
965 2199 1022 2255 ld
1066 2206 1169 2266 est,
1200 2207 1261 2254 ut
1306 2199 1430 2253 vita:
1458 2206 1676 2253 aeternae
1731 2198 1872 2253 dona

274 2292 576 2362 percipias.

346 2381 566 2436 Ducam
605 2390 656 2434 te
696 2397 789 2452 per
811 2380 1021 2435 semitas
1053 2380 1336 2450 wquitatis,
1358 2396 1491 2450 quas
1511 2396 1628 2434 cum
1673 2381 1873 2450 ingres-

276 2490 368 2529 sus
394 2474 592 2543 fueris,
618 2488 723 2527 non
769 2466 1113 2525 arctabuntur
1156 2487 1363 2540 gressus
1407 2471 1503 2524 tui.
1552 2469 1788 2533 Semitas.
1818 2471 1872 2527 id

277 2576 384 2632 est,
415 2566 666 2621 actiones
690 2564 959 2635 aequitatis
990 2564 1115 2618 dum
1140 2563 1465 2617 inchoantur
1495 2571 1659 2617 arctau
1681 2561 1870 2619 viden-

281 2667 370 2712 tur
394 2666 455 2714 et
485 2666 763 2728 angustae,
795 2656 920 2710 dum
956 2669 1085 2709 vero
1113 2652 1413 2724 profectum
1462 2653 1716 2722 capiunt,
1755 2651 1870 2720 jam

276 2763 343 2803 ex
376 2745 777 2803 consuetudine
801 2744 1055 2814 spatiosae
1076 2743 1326 2798 videntur
1345 2750 1400 2797 et
1421 2742 1565 2806 latae,
1586 2740 1871 2807 Psalmista

279 2845 542 2902 testante,
573 2836 664 2906 qui
693 2851 817 2890 eum
854 2835 1114 2905 insipiens
1156 2832 1385 2887 Domino
1429 2831 1655 2887 dixisset
1687 2849 1700 2884 :
1732 2828 1873 2885 Pro-

275 2937 392 2997 pter
416 2926 578 2981 verba
616 2924 874 2979 labiorum
911 2934 1120 2977 tuorum
1157 2939 1251 2994 ego
1295 2921 1548 2975 custodiri
1573 2922 1681 2975 vias
1708 2920 1871 2974 duras

276 3018 455 3090 (Psal.
512 3019 648 3089 xw),
702 3016 1041 3088 postmodum
1085 3016 1199 3085 jam
1246 3013 1536 3084 proﬁciens
1588 3013 1866 3068 canebat:

287 3112 444 3167 Viam
476 3111 849 3167 mandatorum
877 3119 1088 3161 tuorum
1115 3106 1326 3161 cucurri
1348 3104 1473 3157 dum
1501 3102 1754 3157 dilatares
1782 3118 1873 3156 cor

1976 1950 2183 2003 gressus
2206 1944 2343 1987 tuos.
2375 1934 2482 1989 Iter
2513 1933 2770 2003 justitiae,
2798 1952 2906 2006 quo
2946 1939 3154 2008 ingredi
3197 1942 3394 1998 debeas
3441 1944 3563 1998 dili~

1976 2031 2166 2093 genter
2187 2025 2390 2088 edisne,
2415 2034 2471 2078 et
2506 2025 2561 2078 in
2583 2026 2795 2080 cunctis
2824 2043 2944 2096 qua:
2962 2044 3132 2098 agere
3154 2031 3417 2102 disponis,
3454 2035 3557 2088 sol-

1977 2112 2156 2168 licitus
2185 2114 2253 2167 ad
2272 2130 2442 2183 quem
2467 2115 2577 2169 sint
2604 2113 2767 2170 linem
2800 2128 3023 2172 ventura
3055 2121 3322 2188 pmvide;
3351 2123 3453 2178 hoc
3476 2132 3562 2178 est

1974 2207 2118 2261 enim
2144 2207 2430 2275 palpebras
2453 2214 2604 2261 recta
2631 2205 2932 2262 videntium
2957 2210 3257 2277 oculorum,
3284 2220 3406 2267 tuos
3424 2228 3557 2283 prse-

1974 2297 2169 2352 cedere
2197 2312 2437 2367 gressus,
2472 2290 2673 2352 bonum
2699 2313 2836 2367 opus
2863 2301 3007 2368 quod
3029 2309 3250 2357 acturus
3277 2317 3337 2358 es
3370 2304 3559 2359 sedula

1973 2388 2298 2459 cogitatione
2328 2387 2650 2458 praevenire,
2671 2394 2730 2442 et
2771 2390 2897 2457 quia
2923 2392 3219 2447 secundum
3265 2395 3434 2448 Deum
3488 2395 3561 2450 sit

1975 2479 2286 2535 meditando
2313 2478 2632 2547 praevidere.

2048 2567 2227 2638 Dirige
2247 2570 2487 2623 semitam
2524 2570 2741 2640 pedibus
2765 2572 2889 2625 tuis.
2919 2570 2998 2627 Ne
3021 2572 3269 2629 videlicet
3312 2589 3464 2630 erres
3501 2577 3556 2631 in

1973 2657 2186 2712 actibus
2208 2666 2304 2712 aut
2324 2659 2448 2713 lide.

2043 2749 2114 2802 Et
2145 2764 2322 2806 omnes
2352 2753 2447 2805 vite
2472 2763 2578 2807 tua:
2607 2753 2958 2807 stabilientttr.
2990 2753 3069 2809 Ne
3097 2755 3317 2811 levitate
3363 2759 3561 2814 mentis

1972 2853 2003 2892 a
2033 2840 2177 2894 bono
2204 2842 2474 2897 movearis
2501 2845 2799 2914 proposito.
2835 2843 2971 2899 Hinc
2996 2854 3051 2899 et
3073 2843 3363 2915 Apostolus
3387 2866 3400 2901 :
3435 2847 3559 2903 Staa

1973 2927 2101 2981 biles
2123 2938 2307 2995 estote,
2328 2938 2377 2984 et
2395 2930 2706 2999 immobiles,
2734 2932 3061 2988 abundantes
3080 2936 3137 2988 in
3163 2951 3315 3001 opere
3345 2936 3559 2992 Domini

1972 3034 2172 3089 semper
2203 3018 2254 3090 (ι
2280 3019 2406 3073 Cor.
2435 3021 2558 3093 xv).

2046 3109 2130 3163 Ne
2182 3109 2408 3164 declines
2463 3111 2533 3164 ad
2598 3112 2866 3166 dexteram
2924 3129 3089 3181 neque
3142 3115 3214 3168 ad
3264 3116 3554 3170 sinistram.

272 3223 453 3266 meum
485 3203 660 3281 (Psal.
700 3201 910 3277 ext-1n).
965 3201 1028 3258 Et
1070 3200 1115 3257 si
1150 3213 1280 3273 ergo
1326 3196 1547 3253 semitas
1596 3193 1868 3266 aequitatis
1897 3182 1941 3245 C
1973 3199 2202 3256 Dextera
2250 3200 2338 3256 via
2382 3200 2520 3257 bona
2572 3202 2792 3259 sinistra
2831 3204 3096 3274 accipitur
3138 3207 3386 3277 reproba.
3436 3206 3554 3261 Non

275 3318 401 3357 cum
434 3299 644 3366 ingredi
673 3297 907 3366 cmperis
926 3303 1090 3350 arcta:
1120 3294 1214 3349 tibi
1245 3290 1514 3356 videntur,
1537 3305 1659 3344 cum
1690 3298 1868 3343 tamen

277 3408 371 3448 eas
398 3393 681 3462 ingressus
719 3388 888 3443 lueris
908 3402 1016 3442 non
1044 3384 1399 3439 arctabuntur
1424 3396 1643 3452 gressus
1672 3379 1868 3433 mentis

277 3493 415 3549 tuae;
455 3481 555 3537 sed
584 3478 741 3548 juxta
785 3477 928 3547 quod
952 3475 1210 3530 Dominus
1230 3472 1325 3536 ait,
1348 3470 1534 3542 jugum
1562 3469 1680 3539 ejus
1704 3483 1871 3524 suave

274 3584 334 3632 et
359 3590 511 3630 onus
555 3574 675 3628 leve
723 3571 980 3641 reperies.
1031 3567 1241 3625 Etenim
1292 3564 1507 3635 reprobi
1535 3564 1589 3619 in
1624 3565 1727 3619 hac
1759 3562 1866 3617 vita

277 3665 454 3721 latum
485 3664 693 3718 intrant
717 3661 842 3725 iter,
870 3668 927 3714 at
956 3660 1012 3714 in
1042 3659 1128 3714 die
1152 3656 1448 3712 novissimo
1488 3655 1670 3725 ligatis
1698 3654 1869 3707 mani-

277 3757 381 3813 bus
428 3763 487 3811 et
528 3754 755 3825 pedibus
785 3752 1071 3808 mittentur
1100 3751 1154 3804 in
1189 3749 1461 3804 tenebras.
1518 3745 1687 3801 Pedes
1739 3761 1867 3801 vero

274 3844 580 3899 electorum
607 3841 912 3910 diriguntur
933 3839 987 3892 in
1022 3838 1167 3892 viam
1194 3836 1363 3905 pacis.

346 3934 424 3990 Et
449 3949 664 3988 currens
687 3948 791 3987 non
815 3929 1026 3985 habebis
1050 3926 1445 3997 offendiculum.
1482 3925 1601 3992 Quo
1634 3926 1868 3981 alacrius

274 4029 345 4083 ad
376 4025 647 4096 implenda
684 4023 780 4078 Dei
819 4021 1072 4077 mandata
1100 4018 1430 4080 cucurreris,
1463 4031 1529 4071 eo
1558 4017 1737 4072 minus
1769 4016 1867 4069 ad-

272 4132 461 4182 versa,
489 4129 611 4186 qua:
638 4121 692 4168 te
725 4112 1021 4182 impediant
1051 4108 1283 4165 timebis.
1309 4106 1443 4162 Nam
1476 4105 1785 4175 quicunque
1810 4104 1864 4158 in

273 4221 448 4278 prava
474 4205 688 4260 actione
709 4202 993 4266 desudant,
1016 4198 1396 4256 oﬂ‘endiculum
1423 4197 1480 4251 in
1502 4196 1680 4252 medio
1703 4209 1864 4249 cursu

274 4298 581 4369 reperiunt,
613 4296 743 4366 quia
791 4293 1064 4363 extemplo
1090 4293 1217 4349 dum
1246 4306 1354 4347 non
1394 4289 1726 4360 praevident,
1778 4303 1866 4342 ra-

272 4394 503 4462 piuntur
522 4390 590 4445 ad
610 4402 846 4459 plenam.

344 4480 643 4537 Comsdunt
694 4492 883 4546 panem
931 4472 1212 4543 impietatis
1255 4480 1304 4527 et
1355 4471 1534 4526 uinum
1568 4470 1862 4541 iniquitatis

271 4575 481 4629 bibam.
512 4572 590 4626 ita
618 4567 1124 4626 actioneseelerum
1156 4565 1323 4634 iniqui
1354 4564 1512 4635 quasi
1557 4563 1732 4630 epulis
1770 4563 1864 4619 de-

272 4665 552 4720 lectantur
586 4660 879 4732 appositis,
908 4666 966 4714 et
993 4663 1143 4712 certe
1167 4655 1352 4711 vinum
1380 4655 1757 4711 damnatorum
1783 4654 1867 4709 bi-

272 4759 415 4813 bunt
443 4764 499 4811 et
525 4753 889 4810 esurientibus
916 4750 1094 4820 spicas
1136 4748 1326 4804 tollere
1356 4748 1613 4819 gaudent,
1639 4755 1702 4801 ut
1743 4761 1866 4803 esse

272 4849 450 4904 nit-ris
480 4848 767 4917 impiorum
783 4843 1063 4913 Scriptura
1085 4856 1241 4897 sacra
1261 4849 1460 4896 testato
1469 4856 1515 4895 r.

342 4939 630 4994 Iutorum
656 4945 831 4991 autem
853 4935 1039 4990 semita
1061 4933 1214 5005 quasi
1244 4931 1340 4988 lux
1364 4930 1661 5003 splendens,
1690 4945 1869 5000 proce-

270 5031 408 5084 dens
434 5037 482 5083 et
512 5042 746 5082 crescens
771 5041 933 5095 usque
975 5023 1045 5076 ad
1078 5021 1361 5093 perfectam
1390 5021 1548 5076 diem.
1583 5020 1862 5077 Justorum

271 5133 446 5188 opera
474 5118 531 5171 in
559 5116 680 5171 luce
714 5114 954 5170 scientia:
983 5119 1339 5183 peraguntur,
1369 5118 1425 5167 et
1465 5120 1723 5169 aeternam
1767 5111 1865 5166 du-

271 5218 414 5267 cunt
439 5210 509 5265 ad
531 5209 725 5272 vitam,
756 5221 879 5275 qua:
898 5214 983 5260 est
1004 5202 1245 5273 perfecta
1271 5203 1409 5259 dies.

358 5300 463 5355 Via
492 5300 776 5369 impiorum
823 5296 1093 5351 tenebrosa
1119 5334 1135 5360 ,
1166 5295 1399 5349 nesciunt
1449 5295 1539 5348 ubi
1592 5303 1862 5349 corruant.

274 5391 427 5448 Dicit
447 5390 517 5445 de
540 5389 626 5444 his
650 5395 709 5444 et
730 5387 966 5449 Joannes
985 5386 1290 5457 apostolus:
1326 5384 1430 5450 Qui
1451 5384 1624 5455 diligit
1646 5384 1863 5454 fratrem

272 5497 463 5546 suum,
487 5482 545 5535 in
568 5480 765 5534 lumine
789 5488 984 5546 manet,
1009 5488 1059 5534 et
1095 5476 1406 5533 scandalum
1431 5478 1570 5531 ineo
1593 5493 1696 5531 non
1730 5488 1807 5530 est
1840 5491 1859 5529 :

274 5573 373 5645 qui
406 5582 583 5626 autem
609 5572 718 5625 adit
755 5571 975 5640 fratrem
1008 5585 1195 5633 suum,
1237 5570 1292 5623 in
1335 5566 1558 5622 tenebris
1582 5576 1657 5620 est
1677 5607 1691 5631 ,
1733 5578 1780 5621 et
1810 5568 1866 5621 in

280 5663 510 5719 tenebris
535 5660 807 5725 ambulat,
834 5670 881 5714 et
915 5659 1075 5713 nescit
1101 5675 1202 5729 quo
1231 5666 1336 5721 eat,
1356 5658 1483 5727 quia
1521 5656 1744 5709 tenebra:
1776 5656 1866 5708 ob-

282 5762 613 5811 trectaverunt
646 5751 827 5807 oculos
871 5751 986 5821 ejus
1016 5748 1069 5820 (1
1099 5749 1256 5804 Joan.
1282 5748 1362 5820 ιι).
1394 5745 1491 5802 Cui
1534 5753 1725 5801 contra
1773 5762 1863 5801 su-

1886 4523 1940 4583 D

1969 3308 2100 3362 ergo
2135 3293 2357 3347 dextera
2390 3294 2472 3347 via
2505 3293 2800 3358 ambulare,
2843 3296 2938 3351 sed
2968 3296 3033 3349 ad
3059 3295 3338 3351 dexteram
3384 3296 3551 3351 decli-

1968 3395 2100 3436 nare
2164 3381 2545 3451 probibemur,
2584 3383 2822 3438 declinat
2853 3385 2997 3439 enim
3047 3386 3116 3439 ad
3169 3384 3416 3439 dextram
3463 3385 3556 3454 qui

1968 3470 2199 3541 injustus
2236 3479 2353 3536 est,
2399 3470 2636 3526 declinat
2681 3473 2748 3527 ad
2803 3473 3082 3527 sinistram
3132 3474 3227 3541 qui
3277 3470 3381 3528 sibi
3442 3474 3561 3528 vult

1966 3574 2245 3630 arrogare,
2273 3561 2415 3630 quod
2439 3561 2619 3631 justus
2644 3569 2749 3627 est,
2780 3562 3013 3617 declinat
3050 3563 3118 3616 ad
3147 3562 3427 3617 dexteram
3459 3565 3552 3633 qui

1966 3652 2036 3707 de
2068 3654 2179 3708 suis
2209 3654 2416 3708 viribus
2444 3656 2751 3724 prsesumit,
2779 3655 3013 3711 declinat
3040 3657 3107 3712 ad
3136 3657 3412 3712 sinistram
3461 3658 3554 3727 qui

1966 3758 2065 3814 pro
2095 3758 2191 3798 sua
2219 3742 2510 3814 fragilitate
2534 3745 2785 3814 desperat
2811 3760 2870 3800 se
2890 3761 3048 3815 posse
3069 3746 3287 3811 salvari,
3320 3746 3556 3802 declinat

1965 3833 2032 3886 ad
2054 3834 2330 3887 dexteram
2358 3833 2449 3902 qui
2488 3834 2730 3889 stultitiae
2764 3833 3081 3903 famulatur,
3110 3838 3344 3892 declinat
3378 3837 3444 3891 ad
3476 3838 3552 3893 si-

1965 3923 2193 3976 nistram
2216 3922 2311 3992 qui
2336 3923 2451 3976 vult
2475 3923 2596 3992 plus
2630 3938 2823 3993 sapere
2867 3940 3028 3995 quam
3078 3935 3293 3995 oportet
3335 3943 3548 3998 sapere.

1966 4013 2115 4080 Quod
2141 4023 2198 4068 et
2235 4014 2301 4069 de
2326 4014 2542 4069 cmteris
2567 4016 2855 4070 virtutibus
2897 4031 2960 4071 ac
2993 4017 3137 4071 vitiis
3166 4017 3354 4072 eodem
3390 4018 3550 4075 modo

1965 4102 2307 4174 intelligitur.

2033 4198 2219 4253 Averte
2268 4198 2451 4268 pedem
2500 4208 2648 4253 tuum
2699 4216 2732 4252 a
2777 4198 2938 4253 malo.
2972 4199 3085 4254 Hoc
3107 4207 3215 4267 est,
3238 4215 3307 4256 ne
3331 4199 3417 4253 vel
3444 4201 3551 4257 huc

1963 4287 2048 4343 vel
2077 4288 2203 4343 illuc
2228 4304 2256 4342 a
2296 4303 2427 4344 vero
2452 4289 2655 4354 devies,
2701 4290 2829 4359 quia
2890 4290 3116 4344 virtutes
3163 4291 3549 4346 discretionem

1964 4388 2235 4449 quaerunt,
2263 4387 2318 4433 et
2342 4380 2595 4435 nimietas
2613 4380 2794 4435 omnis
2824 4380 2878 4434 in
2906 4379 3042 4435 vitio
3071 4390 3176 4436 est.

2041 4468 2168 4524 Vias
2189 4471 2349 4535 enim,
2378 4488 2497 4541 quw
2520 4489 2553 4525 a
2582 4473 2810 4527 dexteris
2852 4482 2973 4527 sunt
3000 4474 3140 4527 novit
3185 4473 3461 4530 Dominus.
3493 4475 3550 4532 lrl

1964 4570 2069 4627 est,
2100 4562 2267 4633 eligit,
2293 4562 2508 4632 placent
2531 4562 2630 4630 illi,
2666 4563 2791 4619 ideo
2828 4563 3247 4633 displicentibus
3273 4574 3329 4620 et
3353 4581 3547 4637 repro-

1964 4650 2050 4707 bis
2096 4652 2337 4707 dicturus
2363 4661 2485 4707 est:
2522 4653 2645 4708 Non
2704 4655 2823 4709 novi
2860 4670 2952 4709 vos
2983 4654 3202 4726 (Matth.
3252 4655 3375 4728 vn),
3406 4657 3551 4727 quod

1965 4754 2052 4800 est
2069 4745 2272 4810 dicere,
2294 4745 2410 4801 Non
2435 4761 2530 4801 vos
2557 4745 2715 4818 elegi,
2743 4763 2848 4803 non
2886 4748 3015 4802 mihi
3049 4748 3297 4818 placetis.

2038 4836 2160 4906 Ipse
2180 4846 2357 4890 autem
2384 4845 2552 4891 rectos
2574 4837 2727 4907 faciet
2755 4854 2941 4892 cursus
2973 4847 3089 4891 tuos
3110 4877 3124 4903 ,
3152 4838 3343 4892 itinera
3374 4844 3554 4892 autem

1967 4936 2060 4980 tua
2098 4928 2154 4981 in
2195 4942 2321 4997 pace
2363 4928 2636 4997 producet.
2676 4927 2732 4983 Si
2777 4928 3042 4984 averteris
3090 4943 3123 4982 a
3169 4928 3314 4982 maio
3354 4928 3548 4998 pedem

1963 5026 2138 5085 tuum,
2162 5019 2210 5074 si
2239 5020 2380 5074 bona
2406 5034 2528 5088 quae
2556 5020 2713 5075 docui
2736 5020 2963 5076 Domino
2973 5018 3201 5087 iuvante
3226 5018 3408 5072 facere
3433 5025 3547 5070 stu-

1963 5109 2163 5174 dueris,
2215 5110 2390 5165 aderit
2431 5110 2545 5179 ipse
2593 5110 2860 5179 propitius
2900 5108 3182 5164 conatibus
3222 5107 3363 5171 tuis,
3401 5111 3462 5158 ut
3491 5115 3552 5162 et

1965 5214 2109 5256 nunc
2128 5207 2276 5255 recte
2300 5199 2531 5270 ingredi,
2560 5206 2617 5254 et
2642 5210 2770 5253 tunc
2793 5198 2861 5252 ad
2885 5211 3076 5266 pacem
3123 5194 3310 5249 valeas
3352 5208 3545 5262 perve-

1965 5290 2084 5345 nire
2113 5289 2517 5359 sempiternam.

2592 5375 2818 5433 CAPUT
2859 5375 2922 5429 V.

2039 5469 2149 5525 Fili
2171 5471 2267 5535 mi,
2299 5468 2509 5523 attende
2532 5467 2601 5520 ad
2622 5467 2934 5538 sapientiam
2967 5479 3159 5530 meam,
3185 5472 3233 5517 et
3253 5461 3547 5534 prudentia!

1965 5578 2094 5618 metu
2120 5559 2317 5615 inclina
2355 5574 2538 5613 aurem
2588 5567 2753 5611 tuam.
2787 5556 3059 5611 Hactenus
3100 5553 3428 5627 generaliter
3453 5567 3545 5608 ca-

1964 5653 2256 5722 stigaverat
2289 5647 2612 5703 auditorem.
2643 5645 2782 5701 Hinc
2806 5646 2908 5701 sub
2935 5658 3115 5717 specie
3140 5642 3446 5701 meretricis
3470 5643 3547 5703 ab

1966 5742 2339 5800 hmretieorum
2367 5738 2610 5811 nequitia
2638 5739 2912 5810 prohibet.
