3962 6198
469 342 577 397 703

1106 337 1165 393 Β.
1206 333 1462 391 RABANI
1498 331 1717 389 MAURI
1755 329 2075 386 ARCHIEP.

2118 327 2427 387 MOGUNT.
2471 331 2756 390 OPERUM
2795 332 2974 390 PARS
3009 331 3097 391 l.l.
3585 345 3670 400 7N

473 453 803 529 prtedicaudi
863 456 1080 525 negotio
1148 454 1215 507 ad
1294 466 1525 521 superna
1600 450 1935 505 transvolare
1999 447 2134 505 etA
2161 446 2231 499 rit
2280 446 2431 515 prius
2485 456 2788 518 apostatam
2846 450 3173 515 nominavit,
3243 454 3362 522 quia
3417 456 3512 510 nisi
3554 475 3676 514 more.

471 547 715 605 celestis
736 546 859 600 vitae
881 559 1076 615 pascua
1109 544 1371 599 merearis
1401 543 1626 596 intrare.

555 635 701 690 Vade
734 634 802 694 ad
832 633 1129 705 formicam,
1172 649 1202 685 ο
1223 633 1391 701 piger,
1419 642 1466 685 et
1494 631 1771 685 considera
1794 631 1905 684 uias
1945 631 2059 700 ejus

472 738 524 784 et
548 728 689 781 disce
709 724 1042 795 sapientiam.
1084 722 1221 776 Hine
1260 730 1545 776 vacantem
1594 722 1844 775 hortatur
1871 735 2059 788 quem-

473 835 583 891 que
613 818 746 873 utsi
787 816 854 870 ad
895 815 1030 869 alios
1072 815 1398 869 erudiendos
1442 829 1551 868 non
1598 811 1822 874 sufﬁcit.
1864 812 2060 867 saltem

476 910 675 965 suimet
715 921 898 962 curam
939 919 1097 975 agere
1136 919 1242 958 non
1281 904 1543 975 negligat,
1573 918 1630 958 et
1658 905 1702 958 si
1736 903 2058 973 sapientiam

476 1000 660 1057 doceri
705 998 893 1068 nequit
929 998 998 1052 ab
1035 997 1280 1061 homine,
1315 996 1399 1050 vel
1433 995 1693 1066 operandi
1734 994 2054 1065 sapientiam

477 1093 651 1147 discat
685 1106 713 1143 a
741 1088 987 1143 formica.

549 1179 682 1245 Qua:
711 1195 829 1232 cum
855 1195 958 1232 non
978 1177 1164 1230 habeat
1192 1177 1399 1241 ducem,
1432 1192 1524 1229 nec
1546 1186 1936 1245 prreceptorem,
1967 1191 2059 1229 nec

477 1276 763 1346 principem
803 1283 955 1343 parat
1002 1282 1180 1326 (estate
1218 1273 1388 1325 cibum
1432 1273 1564 1338 sibi,
1607 1281 1655 1325 et
1695 1281 1970 1342 congregat
2006 1273 2060 1325 in

479 1382 643 1421 messe
670 1366 810 1437 quod
852 1364 1108 1419 comedat.
1151 1363 1208 1419 Si
1252 1365 1520 1419 tantillum
1571 1365 1770 1419 animal
1815 1364 2060 1435 principe

480 1473 676 1513 carens
704 1465 759 1511 et
785 1457 1010 1511 rationis
1034 1471 1250 1527 expers,
1282 1464 1475 1510 natura
1506 1456 1641 1511 duce
1674 1456 1776 1510 sibi
1802 1456 2063 1522 prmvidet

483 1550 537 1603 in
585 1556 897 1619 posterum,
946 1547 1114 1603 multo
1182 1549 1352 1619 magis
1408 1558 1462 1602 tu
1515 1550 1583 1604 ad
1631 1548 1918 1619 imaginem
1966 1547 2059 1602 Dei

481 1637 748 1700 conditus,
781 1637 848 1692 ad
874 1637 1160 1691 videndam
1199 1636 1315 1705 ejus
1348 1638 1573 1708 gloriam
1602 1647 1842 1702 vocatus,
1873 1638 2060 1693 docto-

484 1746 604 1784 rum
649 1729 964 1800 magisterio
997 1727 1211 1797 adjutus
1257 1730 1431 1800 ipsum
1472 1730 1807 1785 conditorem
1853 1730 2060 1785 habens

482 1821 695 1885 ducem,
721 1820 884 1876 debes
912 1820 967 1875 in
1004 1820 1256 1889 prtcsenti
1304 1821 1566 1877 bonorum
1596 1837 1820 1891 operum
1851 1820 2059 1876 fructus

482 1925 833 1981 congregare,
877 1912 1073 1981 quibus
1109 1919 1370 1967 aeternum
1409 1913 1559 1967 vivas
1600 1912 1653 1966 in
1690 1911 1891 1967 futuro.
1933 1911 2060 1967 Haec

481 2002 625 2057 enim
650 2002 758 2057 vita
796 2002 848 2056 in
878 2017 945 2058 eo
980 2003 1140 2058 messi
1192 2012 1538 2072 comparatur
1579 2011 1635 2059 et
1678 2005 1870 2069 testati,
1917 2005 2061 2074 quod

484 2092 600 2146 haec
645 2091 788 2146 inter
831 2092 1054 2147 ardores
1099 2093 1486 2158 tentationnm,
1530 2102 1743 2163 tempus
1785 2103 1871 2148 est
1910 2093 2060 2148 colli-

480 2178 641 2251 gendi
674 2178 976 2234 futurorum
1021 2181 1241 2250 praemia
1272 2182 1608 2237 meritorum.
1638 2180 1708 2237 At
1735 2183 1851 2239 dies
1871 2182 2060 2251 judicii

485 2268 678 2324 hiemis
736 2269 1006 2324 similatur
1077 2271 1375 2340 rigoribus,
1427 2273 1571 2342 quod
1627 2282 1756 2328 tunc
1803 2275 2060 2329 nimirum

486 2358 632 2414 nulla
673 2358 995 2430 relinquitur
1034 2359 1262 2415 facultas
1307 2376 1408 2431 pro
1453 2364 1565 2417 vita
1616 2362 1916 2431 laborandi,
1967 2366 2063 2422 sed

487 2456 695 2504 tantum
730 2450 941 2520 cogitur
969 2449 1199 2520 quisque
1236 2449 1303 2504 de
1342 2451 1539 2506 horreo
1574 2452 1769 2523 prisca:
1813 2456 2060 2519 actionis,

486 2537 627 2608 quod
654 2539 954 2594 recondidit
976 2539 1242 2610 proferre.
1275 2539 1430 2597 Unde
1459 2551 1514 2596 et
1539 2543 1799 2600 Dominus
1822 2546 2065 2617 praecipit

486 2628 673 2685 dicens
709 2645 723 2683 :
783 2628 944 2684 Orate
979 2641 1153 2686 autem
1185 2642 1240 2685 ut
1276 2649 1381 2687 non
1411 2633 1509 2702 ﬁat
1538 2634 1665 2705 fuga
1701 2646 1867 2691 uestra
1902 2638 2067 2695 hieme

486 2718 819 2773 uelsabbato.
863 2718 1051 2775 Hieme
1084 2721 1230 2775 enim
1274 2722 1521 2790 facultas,
1563 2726 1791 2782 sabbato
1826 2727 2064 2795 licentia,

479 2807 634 2877 juxta
680 2809 854 2881 legem
893 2811 1045 2867 deest
1078 2812 1288 2869 fructus
1315 2815 1439 2869 vita:
1478 2816 1766 2889 colligendi
1796 2833 1862 2875 ac
1901 2836 2068 2890 penu-

489 2900 624 2956 riam
657 2900 892 2971 fugiendi
917 2912 1254 2974 perpetuam.

563 2989 859 3063 Usquequo,
922 2995 1086 3064 piger,
1144 2995 1384 3052 dormis?
1448 3001 1660 3070 quando
1720 3003 1988 3074 consurgis
2036 3019 2069 3057 a

490 3098 673 3137 somno
713 3093 821 3150 tuo,
848 3084 1123 3155 paululum
1157 3087 1405 3156 dormies,
1436 3092 1711 3161 paululum
1736 3094 2064 3160 dormitabis,

485 3169 761 3240 paululum
798 3189 1033 3229 censeres
1055 3192 1240 3231 manus
1275 3187 1333 3232 ut
1355 3180 1609 3237 dormias.
1644 3181 1955 3255 Usquequo,
1983 3185 2069 3239 ἰη-

480 3263 627 3333 quit,
653 3264 856 3319 dormis
893 3266 948 3320 in
974 3267 1157 3322 vitiis?
1216 3270 1433 3339 quando
1477 3280 1632 3343 potes
1679 3289 1961 3347 resurgere
2004 3276 2073 3333 ad

486 3353 627 3409 bene
661 3356 993 3425 operandam
1023 3358 1112 3435 qui
1149 3359 1312 3415 noxio
1350 3368 1566 3431 torpore
1592 3364 1878 3435 depressus
1929 3381 2071 3422 sem-

487 3458 587 3514 per
614 3443 752 3500 dicis
782 3463 795 3499 :
827 3434 1102 3516 paululum
1146 3450 1323 3506 adhuc
1373 3450 1612 3521 jaceam,
1660 3434 1715 3511 et
1760 3456 1840 3511 sic
1885 3464 2069 3526 postea

480 3533 801 3603 paenitendo
858 3550 1160 3607 resurgam.
1211 3539 1299 3594 Fit
1347 3556 1582 3613 namque
1638 3551 1697 3598 ut
1754 3554 1806 3599 te
1859 3561 2073 3617 semper

482 3622 768 3681 ,dilferente
795 3642 931 3698 opus
958 3627 1161 3684 bonum
1207 3640 1429 3702 repente
1468 3632 1633 3701 judex
1663 3635 1755 3705 qui
1799 3636 1941 3691 mala
1978 3644 2068 3692 tua

492 3712 634 3769 facta
664 3716 874 3786 puniat,
907 3718 1051 3774 adsit
1079 3737 1091 3773 :
1124 3719 1237 3776 [loc
1264 3732 1348 3778 est
1372 3724 1518 3779 enim
1545 3728 1689 3795 quod
1714 3728 1995 3797 sequitur:

563 3803 634 3859 Et
678 3808 841 3861 ueniet
891 3810 987 3863 tibi
1033 3814 1188 3883 quasi
1250 3815 1416 3868 viator
1462 3827 1661 3887 egestas
1709 3829 1757 3872 et
1795 3823 2069 3891 pauperies

484 3897 636 3967 quasi
678 3898 759 3951 vir
795 3911 1050 3956 armatus.
1127 3902 1354 3976 Egestas
1404 3921 1637 3979 namque
1686 3917 1741 3963 et
1785 3911 2069 3981 pauperies

486 4001 646 4057 paena
697 3996 782 4043 est
833 3990 1047 4058 ultima,
1097 3991 1154 4047 in
1202 4007 1308 4064 qua
1356 3995 1595 4051 damnati
1646 3997 1723 4052 nil
1760 3999 2068 4055 divitiarum

487 4088 783 4135 merentur.
825 4080 991 4150 Quasi
1038 4084 1216 4139 viator
1267 4087 1470 4154 veniet,
1518 4089 1645 4159 quia
1690 4090 1983 4163 improvisa
2014 4101 2070 4148 et

486 4163 768 4256 subitanea
796 4192 808 4227 :
835 4176 990 4244 quasi
1020 4177 1105 4231 vir
1140 4188 1404 4246 armatus,
1432 4181 1557 4251 quia
1581 4182 1794 4239 devinci
1811 4192 2069 4256 perpetuo

488 4254 594 4317 non
625 4272 822 4334 potest.
853 4264 1009 4322 Patet
1032 4266 1187 4337 juxta
1217 4269 1455 4325 litteram
1486 4272 1613 4342 quia
1642 4274 1857 4346 pigritia
1885 4254 2067 4331 nutrix

488 4365 573 4411 est
606 4359 862 4429 egestatis
891 4369 945 4415 et
975 4363 1231 4432 penuriae.
1270 4362 1330 4418 Si
1363 4382 1482 4420 vero
1518 4362 1736 4441 impige'r
1759 4369 1943 4440 fueris,
1980 4390 2066 4427 ve-

2162 536 2524 606 superbientis
2565 538 2741 609 angeli
2787 554 2821 593 a
2868 549 3155 609 conspectu
3210 544 3491 601 conditoris
3536 552 3673 618 prius,

2160 626 2307 681 intus
2346 628 2630 683 aversione
2676 632 2876 686 mentis
2910 631 3148 698 caderet,
3200 633 3340 690 foras
3386 641 3674 704 postmodum

2159 735 2329 789 usque
2358 720 2426 776 ad
2453 722 2765 779 seminanda
2790 722 2971 793 jurgia
3021 741 3124 784 non
3148 727 3369 782 veniret.
3417 729 3538 795 Quia
3562 744 3679 789 recte

2160 812 2360 868 dicitur
2385 813 2528 883 quod
2557 816 2742 869 annuit
2766 816 2952 880 oculis,
2976 816 3096 871 terit
3115 818 3260 890 pede,
3283 820 3437 890 digito
3460 822 3674 892 loquitur,

2161 903 2391 959 interior
2434 920 2667 975 namque
2708 916 2795 962 est
2831 908 3073 964 custodia
3100 925 3223 980 qum
3253 913 3488 969 ordinata
3531 928 3682 972 servat

2160 997 2400 1052 exterius
2429 998 2690 1065 membra,
2716 1000 2807 1069 qui
2834 1016 2964 1071 ergo
3001 1009 3205 1057 statqu
3248 1006 3440 1060 mentis
3465 1007 3678 1075 perdidit.

2163 1086 2307 1142 foras
2335 1089 2390 1143 in
2420 1089 2834 1147 inconstantiam
2862 1093 3112 1149 motionis
3136 1093 3271 1160 fluit,
3294 1106 3447 1166 atque
3468 1100 3679 1156 exteriori

2161 1180 2459 1235 mobilitate
2502 1181 2706 1237 indicat
2757 1185 2901 1253 quod
2944 1185 3086 1239 nulla
3129 1187 3307 1243 radice
3339 1188 3546 1245 interius
3580 1194 3682 1246 sui»

2162 1272 2340 1327 sistat.

2233 1381 2339 1438 Sex
2375 1393 2495 1439 sunt
2530 1401 2648 1456 qute
2691 1386 2798 1440 odit
2831 1386 3112 1454 Dominus,
3138 1389 3407 1460 septimum
3445 1392 3686 1447 detestatur

2163 1475 2341 1528 anima
2368 1477 2503 1544 ejus.
2547 1475 2808 1532 Eumdem
2839 1493 2999 1547 quem
3036 1495 3199 1550 supra
3246 1480 3464 1550 plenius,
3491 1483 3598 1552 quia
3630 1483 3685 1538 sit

2163 1564 2392 1620 Domino
2454 1565 2668 1621 odihilis
2728 1566 3054 1624 discordiam
3114 1572 3425 1627 seminando
3470 1573 3681 1635 insinuat.

2164 1657 2307 1729 quod
2356 1666 2536 1713 autem
2586 1659 2797 1714 Domini
2848 1661 3085 1715 animam
3128 1663 3283 1729 dicit,
3318 1664 3533 1718 humano
3565 1679 3684 1718 more

2091 1789 2139 1849 Β
2167 1748 2315 1825 facit,
2364 1758 2423 1804 ut
2454 1765 2577 1804 eum
2607 1750 2763 1819 plena
2802 1749 3098 1806 intentione
3142 1764 3198 1807 et
3235 1768 3339 1806 non
3377 1754 3549 1807 leviter
3578 1753 3684 1808 tales

2165 1842 2342 1896 odisse
2376 1840 2666 1911 signiticet,
2712 1840 2819 1895 tale
2842 1850 2925 1895 est
2962 1842 3015 1896 in
3052 1842 3191 1897 Isaia
3219 1860 3231 1895 :
3258 1842 3510 1898 Kalendas
3532 1853 3686 1898 vestras

2161 1944 2209 1988 et
2231 1932 2582 1987 solemnitates
2608 1943 2805 1988 vestras
2829 1933 2991 1987 adicit
3015 1935 3197 1988 anima
3218 1952 3331 1989 mea
3352 1934 3477 2007 (lsa.
3500 1946 3557 2007 ι).

2233 2043 2425 2101 Oculos
2447 2043 2713 2108 sublimes,
2739 2042 2973 2115 linguam
3001 2045 3329 2110 mendacem,
3355 2062 3524 2100 manus
3548 2046 3683 2115 effatu.

2161 2133 2338 2190 dentes
2372 2133 2645 2187 innoxium
2676 2131 3003 2203 sanguinem,
3024 2149 3118 2186 cor
3139 2134 3437 2190 machinam
3468 2136 3690 2206 cogitatio-

2162 2242 2251 2280 nes
2281 2225 2552 2296 pessimas,
2586 2222 2740 2293 pedes
2779 2222 2975 2277 veloces
3002 2223 3074 2276 ad
3102 2224 3414 2278 currendum
3439 2224 3491 2277 in
3508 2225 3686 2291 malum,

2161 2318 2506 2393 profereptem
2550 2315 2845 2380 mendacia,
2891 2325 3071 2370 testem
3114 2315 3382 2385 fallacem,
3418 2327 3463 2371 et
3483 2334 3584 2371 eum
3619 2320 3691 2389 qui

2162 2414 2384 2469 seminat
2418 2412 2554 2464 inter
2574 2408 2765 2480 fratres
2786 2408 3097 2463 discordias.
3149 2409 3435 2465 Enumerat
3467 2426 3550 2465 sex
3572 2409 3688 2479 capi-

2166 2502 2292 2557 talia
2332 2500 2559 2557 crimina
2604 2513 2725 2569 qua:
2764 2506 2943 2554 tamen
3001 2501 3405 2571 comparatione
3439 2500 3688 2557 discordias

2166 2592 2516 2657 seminantis,
2564 2589 2718 2661 quasi
2776 2590 2987 2644 minora
3028 2591 3271 2662 deponit,
3318 2593 3435 2663 quia
3480 2592 3687 2646 nimirum

2166 2683 2342 2754 majus
2383 2690 2468 2737 est
2509 2680 2716 2737 facinus
2758 2679 2908 2745 illud,
2946 2697 3054 2751 quo
3095 2683 3281 2737 unitas
3335 2691 3383 2738 et
3428 2681 3687 2736 fraternitas

2167 2792 2289 2848 qua:
2313 2790 2410 2847 per
2441 2774 2676 2845 Spiritus
2710 2775 2882 2829 sancti
2913 2776 3143 2846 gratiam
3182 2786 3265 2832 est
3300 2792 3527 2833 connexa
3562 2774 3691 2830 dissi-

2168 2877 2344 2938 patur,
2362 2876 2537 2939 potest
2553 2866 2696 2923 enim
2718 2868 2943 2937 quilibet
2966 2868 3156 2925 oculos
3175 2869 3439 2940 jactanter
3462 2866 3689 2927 extollere,

2169 2961 2351 3032 lingua
2402 2959 2659 3023 mentiri,
2716 2958 3007 3014 homicidio
3051 2959 3259 3030 pollui,
3319 2961 3449 3016 mala
3489 2958 3691 3030 proximo

2170 3051 2491 3116 machinari,
2526 3050 2644 3105 aliis
2671 3048 2966 3105 sceleribus
2998 3051 3241 3106 membra
3277 3050 3510 3115 subdere,
3536 3047 3690 3102 falsum

2098 3143 2144 3207 C
2176 3153 2363 3201 contra
2405 3142 2712 3212 quempiam
2757 3142 3125 3197 testimonium
3175 3143 3434 3213 proferre,
3462 3140 3584 3211 quod
3608 3154 3690 3193 non

2170 3234 2314 3289 idem
2344 3248 2466 3289 esse
2496 3233 2794 3302 putandum
2822 3241 2927 3299 est,
2956 3234 3097 3303 quod
3126 3250 3293 3306 supra
3328 3234 3545 3304 linguam
3570 3243 3691 3285 mett-

2170 3327 2356 3383 dacem
2382 3326 2626 3381 nominat
2668 3343 2682 3379 :
2730 3333 2907 3394 potest
2936 3327 3081 3380 enim
3121 3325 3477 3388 mendacium,
3505 3321 3584 3378 sed
3609 3334 3691 3374 nun

2169 3428 2359 3474 contra
2401 3417 2707 3487 proximum
2752 3416 2880 3483 dici,
2921 3433 3047 3472 nam
3094 3425 3153 3473 et
3202 3419 3391 3473 beatus
3413 3412 3694 3487 Augustinus

2168 3519 2295 3567 octo
2322 3525 2443 3567 esse
2470 3524 2669 3581 genera
2708 3510 2994 3575 mendacii,
3028 3511 3080 3565 in
3118 3510 3259 3566 libro
3295 3526 3447 3583 quem
3475 3510 3534 3564 de
3568 3505 3690 3561 Meu-

2169 3601 2322 3657 daeio
2343 3601 2645 3671 composuit
2669 3602 2846 3666 docet,
2882 3609 3061 3671 potest
3094 3601 3315 3671 inquam
3340 3599 3561 3672 perditus
3578 3594 3695 3665 quis-

2167 3706 2273 3762 que
2293 3690 2597 3759 bujusmodi
2628 3691 2770 3745 mala
2798 3689 2885 3747 vel
2920 3690 3264 3764 sibimetipsi,
3289 3691 3370 3746 vel
3400 3691 3508 3745 aliis
3535 3687 3696 3743 inferre

2167 3798 2301 3852 pace
2342 3789 2556 3837 servata
2587 3782 2866 3851 Ecclesize,
2898 3791 2954 3838 at
2982 3784 3224 3840 Donatus
3252 3794 3306 3840 et
3324 3781 3478 3839 Arius
3519 3792 3697 3835 eorum-

2167 3888 2274 3943 que.
2317 3887 2578 3942 sequaces
2618 3874 2837 3944 gravius
2875 3881 2960 3929 est
3003 3876 3145 3944 quod
3190 3875 3447 3935 fecerunt,
3486 3870 3567 3942 qui
3593 3883 3696 3922 wu-

2168 3965 2407 4023 cordiatn
2436 3965 2688 4022 fraternae
2712 3966 2938 4023 unitatis
2966 3968 3272 4025 discordias
3307 3964 3595 4024 seminando
3616 3959 3697 4015 sci-

2169 4055 2385 4110 derunt.

2237 4159 2516 4227 Conserva,
2540 4160 2619 4230 ﬁli
2646 4163 2741 4228 nti,
2760 4174 3019 4234 prazcepta
3044 4166 3211 4235 patris
3233 4167 3328 4231 tui,
3357 4175 3402 4220 et
3425 4181 3484 4219 ne
3500 4160 3697 4216 dimittas

2168 4252 2328 4323 legem
2357 4254 2539 4307 matris
2562 4261 2686 4308 tuae.
2715 4253 2869 4310 Nunc
2895 4256 2994 4310 sub
3018 4254 3277 4314 adultera:
3301 4254 3528 4312 mulieris
3550 4247 3699 4321 specie

2167 4342 2419 4412 prohibet
2445 4343 2513 4397 ah
2542 4343 2816 4399 auditione
2844 4345 3136 4401 haereseos.

491 4445 593 4509 uiet
620 4458 673 4500 ut
699 4447 814 4516 fons
833 4452 1011 4505 messis
1032 4460 1144 4505 tua.
1173 4452 1403 4510 Fructus
1432 4459 1628 4513 terreni
1655 4474 1790 4528 quos
1818 4461 2063 4518 metimus

2241 4449 2372 4521 Liga
2392 4468 2454 4506 ea
2478 4452 2533 4506 in
2554 4454 2710 4508 corde
2729 4464 2819 4509 tuo
2832 4455 3050 4527 iugiter,
3066 4467 3115 4512 et
3136 4458 3401 4513 circumda
3418 4453 3597 4527 gutturi
3606 4459 3696 4510 tuo.

493 4550 599 4591 non
641 4535 772 4591 fonti
801 4551 1205 4610 comparantur,
1236 4545 1329 4600 sed
1359 4546 1633 4613 cisternaa,
1675 4550 1800 4620 quia
1838 4552 1902 4605 ad
1934 4560 2068 4607 tem-

493 4638 595 4697 pus
618 4634 847 4692 pascunt
871 4628 1204 4699 colligentem
1240 4640 1295 4688 et
1330 4634 1382 4688 in
1417 4643 1656 4706 tempore
1683 4638 1941 4695 deficiunt
1968 4658 1981 4696 :
2012 4651 2069 4698 at

491 4714 586 4783 qui
632 4714 859 4785 impiger
896 4715 1058 4772 fuerit
1089 4735 1186 4789 pro
1222 4722 1533 4780 caelestibus
1562 4725 1811 4784 laborare
1836 4729 2065 4801 divitiis,

492 4802 655 4873 hujus
682 4805 873 4860 messis
902 4814 962 4859 ut
996 4806 1116 4865 fons
1145 4810 1381 4877 advenit,
1411 4815 1537 4883 quia
1581 4819 1888 4875 mercedem
1918 4819 2069 4877 labo-

491 4912 613 4953 rum
644 4896 1040 4953 indelieientem
1070 4901 1348 4971 percipiet.
1551 4891 1555 4895 ’

567 4988 631 5043 Et
663 5000 861 5059 egestas
898 4988 1048 5062 longe
1079 4991 1241 5063 fugiet
1264 5013 1296 5048 a
1324 5006 1389 5049 te.
1417 4994 1553 5063 Quia
1592 5000 1844 5067 satiabor,
1871 5003 2065 5075 inquit,

491 5083 618 5133 dum
639 5079 1060 5149 manifestubitur
1078 5081 1247 5154 gloria
1267 5095 1357 5139 tua
1383 5084 1553 5158 (Psal.
1583 5088 1716 5161 xw).

567 5171 739 5227 Homo
770 5183 1033 5243 upostata,
1067 5176 1145 5230 uir
1173 5177 1395 5244 inutilis,
1430 5180 1670 5251 graditur
1694 5199 1783 5237 ore
1808 5200 2068 5255 perverso,

495 5264 675 5317 annuit
713 5262 900 5330 oculis,
939 5266 1056 5319 terit
1084 5264 1232 5337 pede,
1257 5269 1419 5341 digito
1455 5270 1703 5344 loquitur,
1722 5291 1886 5345 pravo
1916 5276 2070 5331 corde

495 5355 823 5409 machinatur
858 5358 1075 5426 malum,
1114 5370 1162 5414 et
1203 5362 1259 5416 in
1314 5365 1454 5418 omni
1493 5375 1719 5437 tempore
1766 5367 1950 5441 jurgia
1990 5386 2070 5423 se-

496 5444 678 5498 minat.
731 5446 950 5501 Dixerat
978 5449 1043 5503 de
1071 5449 1365 5508 haeresibus
1389 5462 1443 5509 et
1467 5455 1588 5510 aliis
1614 5456 1869 5511 vitiorum
1898 5473 2066 5528 gene-

498 5533 645 5593 ribus
713 5536 1022 5594 instituerat
1085 5552 1505 5614 praeceptorem,
1584 5547 1917 5602 excitaverat
1988 5547 2070 5619 pi-

500 5640 675 5694 grum.
708 5636 763 5679 at
791 5645 931 5683 nunc
971 5631 1245 5703 redarguit
1282 5643 1335 5689 et
1367 5636 1788 5693 schismaticum.
1823 5640 1923 5695 Ubi
1972 5658 2069 5695 no-

500 5712 721 5769 tandum
747 5715 870 5785 quia
900 5731 1058 5789 quem
1089 5724 1438 5781 scmiuantem
1476 5727 1650 5797 jurgia
1680 5728 1858 5783 dicere
1890 5730 2071 5785 volue-

2173 4553 2222 4598 et
2257 4544 2311 4598 in
2344 4545 2656 4615 cogitatione
2685 4559 2942 4618 prwcepta
2963 4548 3060 4602 Dei
3077 4549 3191 4617 ﬁxa
3221 4552 3380 4605 retine
3406 4556 3453 4603 et
3480 4540 3699 4615 loquelam

2174 4643 2338 4689 tuam.
2386 4633 2589 4691 Horum
2619 4637 2855 4709 undique
2880 4638 3181 4705 dulcedine,
3212 4656 3282 4696 nc
3310 4639 3443 4695 forte
3470 4637 3519 4691 in
3548 4634 3696 4700 lingua

2174 4728 2374 4783 labaris
2399 4729 2750 4784 communito.

2245 4818 2376 4873 Cum
2410 4818 2774 4883 ambulaueris,
2806 4820 3119 4891 gradiantur
3147 4831 3336 4887 tecum,
3371 4835 3481 4874 cum
3508 4810 3702 4870 dormie-

2168 4910 2261 4974 ris,
2282 4910 2578 4964 custodiant
2610 4918 2658 4963 te
2685 4924 2703 4961 :
2727 4920 2776 4965 et
2796 4911 3043 4983 euigilans
3065 4912 3275 4983 loquere
3293 4928 3407 4966 cum
3435 4911 3521 4963 eis.
3555 4904 3696 4959 Tanta

2167 4999 2241 5054 sit
2276 4998 2373 5053 tibi
2411 4998 2689 5055 meditatio
2719 4999 2912 5055 divinae
2951 5001 3103 5070 legis,
3135 5010 3193 5056 ut
3225 5017 3348 5058 cum
3376 4997 3587 5071 vigilans
3615 4989 3695 5045 ali-

2168 5090 2297 5162 quid
2339 5091 2651 5167 operaberis
2696 5092 2836 5147 hanc
2884 5093 3066 5147 sedula
3118 5103 3297 5149 mente
3340 5090 3557 5151 recolas;
3595 5094 3694 5137 01""

2172 5179 2511 5246 dormiveris,
2559 5181 2613 5234 in
2662 5181 2821 5251 hujus
2869 5185 3132 5238 memoria
3176 5186 3437 5255 quiescas,
3466 5192 3577 5236 eum
3599 5172 3694 5228 evi-

2169 5271 2423 5340 gilaveris
2443 5274 2583 5327 banc
2606 5273 2781 5342 primo
2805 5276 2872 5329 ad
2909 5285 3143 5331 mentem
3168 5291 3401 5339 revoces,
3429 5273 3503 5328 sic
3526 5266 3694 5325 etenim

2172 5363 2286 5427 fiet,
2313 5371 2372 5417 ut
2400 5378 2499 5418 nec
2521 5363 2748 5434 vigilans
2776 5362 3036 5429 edendas,
3066 5382 3167 5422 nec
3199 5381 3227 5420 a
3254 5366 3445 5420 timore
3465 5368 3694 5417 nocturno

2167 5453 2399 5509 laedaris.
2446 5453 2634 5521 Aliter,
2679 5469 2802 5509 cum
2835 5455 3196 5512 ambulaveris
3229 5458 3282 5511 in
3314 5454 3540 5526 profectu
3558 5444 3692 5517 justi-

2169 5545 2287 5599 tize:
2315 5544 2629 5615 gradiantur
2658 5552 2831 5599 tecum
2862 5546 3117 5601 mandata
3141 5546 3257 5612 Dei,
3281 5554 3339 5600 ut
3364 5554 3411 5598 te
3438 5540 3689 5597 instruant.

2168 5634 2301 5691 Cum
2342 5633 2629 5691 dormieris
2662 5634 2717 5689 in
2748 5643 2919 5691 morte
2957 5636 3263 5692 custodiant
3292 5636 3511 5689 animam
3549 5637 3688 5684 tum.

2171 5745 2236 5784 ne
2272 5729 2447 5800 rapiat
2475 5729 2684 5784 hostis:
2720 5744 2842 5783 cum
2871 5731 3209 5802 evigilaveris
3235 5731 3286 5786 in
3316 5723 3689 5785 resurrectione.
