3962 6198
246 345 349 402 705
1048 352 1412 415 EXPOSlTlO
1448 360 1518 416 ΙΝ
1555 360 1943 420 PROVERBIA
1983 364 2392 425 SALOMUNIS.
2434 402 2502 412 -
2534 368 2661 429 LIB.
2704 375 2744 428 l.
2868 374 2871 379 ’
3422 388 3530 444 700

246 463 475 532 loquere
520 478 643 519 cum
676 464 776 526 eis,
810 468 1109 534 expetendo
1133 472 1354 538 prarmia
1386 489 1505 544 qua:
1533 475 1652 540 tibi,
1690 477 1734 531 si
1771 491 1834 530 ea
1864 484 1911 541 Α
1942 476 2099 546 plene
2129 480 2476 538 considerare
2510 482 2729 548 subicit,
2763 499 2864 539 nec
2902 492 3081 542 tamen
3124 488 3297 560 ipsum
3320 496 3413 562 qui
3444 495 3526 553 fo-

244 569 518 621 servares,
540 559 927 627 promiserant.
1936 567 2013 620 ris
2040 575 2094 622 et
2123 568 2259 622 intra
2287 569 2488 640 degunt
2515 573 2783 641 aspiciunt
2807 590 2823 629 :
2852 568 3090 644 namque
3129 559 3231 634 hoc
3260 559 3521 654 estquod

314 645 433 701 Nec
464 647 695 720 capiaris
728 650 938 706 nutibus
971 651 1137 708 illius.
1173 654 1328 711 Patet
1356 658 1424 712 de
1445 657 1713 725 adultera,
1738 662 1832 715 sed
1932 656 2220 726 Apostolus
2247 660 2325 714 ait
2374 680 2386 715 :
2439 660 2707 732 Spiritalis
2744 666 2883 717 enim
2921 668 3098 721 omnia
3143 645 3527 746 judicat,.ipse

240 749 297 795 et
321 740 586 808 haeretici,
615 743 661 798 si
686 744 825 800 bene
853 746 1036 802 vivere
1060 756 1114 804 et
1139 759 1264 820 apte
1291 767 1350 807 se
1372 768 1533 822 agere
1555 754 1795 810 videntur

1933 757 2106 801 autem
2132 766 2165 802 a
2192 751 2394 805 nemine
2404 752 2687 821 judicatus
2710 754 2763 823 (Ι
2786 753 2908 809 Cor.
2939 756 3022 827 tt).

238 829 361 885 vide
389 846 465 886 ne
491 832 769 888 seducaris
796 850 982 891 eorum
1012 837 1291 894 doctrinis.
2000 839 2289 897 Considera
2318 846 2586 899 vecordem
2607 847 2873 916 juvenem,
2910 849 3000 919 qui
3033 854 3224 906 transit
3258 855 3313 908 in
3343 856 3523 926 platea

308 918 550 974 Pretium
577 924 715 976 enim
738 927 899 979 scorti
919 927 1006 981 vix
1025 929 1181 983 unius
1204 940 1278 984 est
1300 932 1472 1002 panis.
1517 932 1795 989 Recordar

1920 930 2079 1000 juxta
2096 932 2366 1002 angulum.
2383 932 2641 989 Juvenem
2662 946 2824 990 vocat
2843 938 3146 994 adulterum
3170 958 3276 998 non
3296 918 3524 1017 propter

241 1011 383 1080 quod
431 1013 615 1068 brevis
644 1014 890 1085 voluptas
935 1016 1311 1078 fornicationis
1350 1032 1406 1077 et
1442 1032 1699 1094 perpetua
1743 1036 1828 1082 est
1926 1022 2231 1087 veritatem,
2265 1026 2357 1079 sed
2393 1034 2612 1096 propter
2639 1027 3066 1085 instabilitatem.
3107 1031 3209 1099 Qui
3236 1011 3430 1093 transit
3464 1041 3525 1094 in

242 1115 395 1170 poena
439 1100 787 1161 fornicatoris
811 1123 825 1172 ;
853 1107 996 1164 sicut
1029 1112 1174 1166 enim
1210 1129 1349 1170 unus
1384 1116 1539 1185 panis
1576 1117 1824 1173 diurnam
1925 1110 2127 1180 μιθιθλ,
2162 1114 2287 1181 (illia
2323 1114 2563 1170 ἀϐεθτυίῑ
2605 1126 2890 1186 angustam
2915 1119 3078 1185 "iam.
3106 1136 3226 1191 ‘1033
3262 1124 3411 1180 ἀυοὶι
3449 1128 3518 1183 ad

243 1190 411 1246 solum
455 1192 652 1266 eﬂugat
684 1196 954 1266 esuriem,
996 1209 1050 1257 ει
1090 1203 1435 1262 nihilominus
1479 1211 1821 1277 postmodum
1924 1204 2123 1271 vitam;
2156 1204 2313 1274 juxta
2342 1207 2617 1277 angulum,
2647 1210 2774 1279 quia
2810 1210 3051 1266 deﬂectit
3077 1229 3108 1267 a
3136 1216 3478 1272 rectitudine.

243 1285 428 1349 esurit,
456 1288 545 1355 qui
595 1298 836 1345 comesto
878 1306 1017 1361 pane
1060 1303 1276 1353 saturus
1322 1299 1701 1357 abscesserat:
1743 1303 1795 1358 si:

1994 1295 2065 1349 Et
2104 1313 2263 1367 prope
2298 1299 2436 1352 uiam
2480 1299 2669 1354 domus
2708 1302 2853 1357 illius
2883 1306 3145 1375 graditur.
3200 1308 3336 1376 Quia
3367 1327 3397 1363 a
3425 1311 3510 1366 via

244 1377 330 1445 qui
360 1377 529 1433 iurrai
569 1380 638 1434 ad
669 1392 930 1451 scortum,
971 1386 1040 1440 ad
1066 1387 1255 1444 horam
1301 1392 1519 1463 quidem
1562 1407 1820 1466 evapora;
1922 1387 2171 1442 veritatis
2211 1388 2524 1456 declinavit,
2578 1392 2777 1450 merito
2823 1395 2926 1450 vite
2966 1399 3270 1455 meretricis
3317 1402 3510 1458 domus

242 1466 532 1533 libidinem,
566 1471 663 1526 sed
686 1482 808 1542 post
833 1475 1110 1546 paululum
1142 1482 1419 1539 ardentior
1443 1485 1603 1540 redit.

1919 1477 2005 1531 vel
2034 1479 2272 1534 haeretici
2301 1481 2605 1550 appropiat,
2635 1498 2756 1552 quae
2792 1495 2937 1540 recte
2976 1487 3130 1555 juxta
3161 1490 3306 1559 quod
3344 1507 3508 1564 expo-

311 1556 582 1630 Numquid
603 1560 918 1620 abscondere
935 1577 1100 1638 potest
1123 1572 1276 1626 homo
1301 1574 1472 1643 ignem
1500 1577 1555 1629 in
1581 1578 1698 1632 sinu
1721 1596 1795 1632 sui

1920 1568 2130 1624 suimus
2159 1579 2214 1624 et
2248 1570 2301 1624 in
2328 1571 2526 1641 platea,
2556 1582 2609 1627 et
2626 1574 2778 1643 juxta
2806 1577 3059 1647 angulum
3086 1556 3261 1648 posita
3294 1592 3397 1638 est.

245 1664 295 1707 ut
322 1655 623 1709 vestimenta
652 1656 793 1712 illius
813 1676 914 1714 non
940 1662 1257 1720 ardescunt?
1285 1666 1396 1722 Soli
1425 1669 1475 1723 ei
1502 1672 1795 1727 concedittn

1989 1658 2054 1712 In
2080 1660 2298 1713 obscuro
2328 1654 2782 1732 advesperascent'e
2803 1665 2912 1729 die,
2935 1668 2989 1720 in
3014 1669 3181 1723 noctis
3216 1672 3441 1726 tenebris
3462 1686 3513 1729 et

247 1743 611 1800 luereticorum
656 1746 823 1807 libros
860 1749 1039 1821 legere
1062 1754 1153 1823 qui
1185 1755 1320 1810 adeo
1357 1756 1620 1814 solidatus
1646 1772 1731 1816 est
1760 1761 1795 1815 it

1918 1747 2161 1819 caligine.
2190 1750 2325 1817 Quia
2339 1750 2454 1819 jam
2481 1752 2602 1807 talis
2626 1767 2722 1822 per
2744 1756 3039 1811 caecitatem
3066 1760 3245 1814 cordis
3267 1762 3335 1815 ad
3358 1770 3505 1819 tene-

244 1832 340 1889 iide
367 1835 654 1902 catholica,
687 1846 748 1892 ut
774 1839 858 1893 vel
886 1840 1174 1898 verborum
1202 1844 1482 1903 dulcedine
1502 1849 1585 1903 vel
1616 1852 1813 1906 astutia
1845 1842 1890 1901 Β
1917 1839 2046 1894 bras
2078 1838 2298 1896 [θεῑίῐιθῐ
2328 1851 2385 1897 ει
2410 1845 2620 1912 DCCCilli
2655 1854 2710 1899 θῑ
2734 1845 3116 1903 damnationis-

244 1933 461 1993 ucqueui
495 1926 567 1980 ab
595 1942 657 1981 ea
689 1932 979 2002 segregari,
1987 1928 2058 1983 Et
2085 1947 2200 1986 ecce
2229 1932 2419 1986 mulier
2450 1935 2676 1988 occurrit
2708 1934 2788 1990 illi
2808 1948 2997 1991 ornatu
3029 1941 3339 2007 meretricio,
3372 1959 3509 2013 pra:-

307 2011 425 2068 Non
447 2017 667 2085 grandis
689 2030 762 2072 est
786 2018 961 2090 culpa,
986 2039 1102 2077 cum
1125 2027 1240 2094 quis
1263 2027 1474 2096 furatus
1497 2027 1677 2099 fuerit,
1704 2042 1789 2089 etc

1912 2031 2104 2091 parata
2133 2021 2202 2075 ad
2224 2023 2506 2092 capiendas
2529 2026 2757 2080 animus.
2786 2026 2979 2082 Patent
3003 2029 3118 2083 haec
3143 2040 3335 2086 cuncta
3355 2011 3507 2103 iuxta

243 2102 454 2159 Fui-tum
492 2122 600 2162 non
643 2124 710 2163 ex
750 2124 847 2165 sua
897 2112 1257 2170 aestimatione
1294 2115 1387 2172 sed
1437 2134 1504 2174 εχ
1532 2136 1814 2192 compara-
1913 2112 2147 2167 litteram
2199 2115 2265 2171 de
2309 2118 2618 2173 meretricis
2666 2119 2943 2189 operibus.
2997 2121 3199 2177 Verum
3257 2124 3505 2182 doctrina

243 2194 377 2249 titme
401 2196 643 2266 majoris,
668 2199 720 2253 id
746 2208 830 2256 est
852 2202 1245 2271 adulterii,non
1269 2211 1487 2279 grandis
1507 2226 1626 2267 esse
1645 2215 1813 2285 culpa:
1912 2204 2168 2261 haeretica
2219 2222 2597 2281 quemcunque
2640 2211 2917 2267 incautum
2964 2217 3186 2283 reperit.
3227 2226 3283 2272 et
3308 2234 3502 2275 vecor-

245 2286 565 2352 perbibetur.
597 2288 747 2347 Sicut
786 2290 1118 2348 Hierusalem
1162 2299 1380 2367 gravius
1407 2303 1653 2368 peceanti
1678 2304 1795 2359 diei-

1910 2294 2053 2361 dem,
2084 2297 2227 2353 bttnc
2255 2299 2504 2370 decipere
2567 2309 2759 2367 tentat,
2792 2302 2906 2372 ipsa
2936 2305 3138 2359 etenim
3165 2315 3359 2362 ornatu
3390 2325 3518 2364 me.-

249 2386 348 2442 tur,
372 2377 672 2447 Justi/icata
709 2391 784 2434 est
809 2381 1041 2438 Sodoma
1075 2402 1139 2439 ex
1167 2395 1234 2453 te,
1275 2404 1381 2443 non
1417 2391 1543 2460 quia
1574 2390 1795 2449 Sodoma

1909 2386 2128 2441 retricio
2184 2399 2449 2458 apparet,
2516 2392 2644 2462 quia
2704 2392 2979 2449 immunda
3048 2396 3330 2469 praefulget
3390 2400 3503 2456 elo-

244 2465 375 2520 nulla
397 2468 480 2522 vel
516 2484 708 2539 pauca,
734 2471 828 2527 sed
853 2473 978 2543 quia
1002 2474 1334 2532 Hierusalem
1368 2477 1522 2550 plura
1543 2485 1795 2551 peccavit.

1908 2474 2146 2543 quentia.
2186 2475 2495 2549 Prmparata
2547 2490 2631 2536 est
2676 2482 2742 2535 ad
2773 2465 3068 2554 capiendas
3094 2465 3325 2554 animas,
3372 2491 3508 2560 quia.

305 2556 436 2621 Quia
466 2559 607 2614 zelus
636 2572 683 2615 et
707 2561 858 2632 furor
883 2564 978 2619 riri
1014 2583 1116 2620 non
1137 2580 1316 2638 parcet
1345 2569 1398 2624 in
1432 2571 1517 2624 die
1544 2573 1804 2640 vindictw,
1906 2579 2256 2638 quoscunque
2309 2569 2411 2625 Sibi
2472 2570 2744 2627 θεδοείπθ
2803 2580 2981 2644 Dom“
3040 2575 3269 2645 spiritali
3322 2593 3499 2636 ῐηοηθ

244 2663 330 2699 uec
360 2652 641 2719 acquiescet
669 2653 981 2724 cujusquam
1017 2658 1281 2727 precibus,
1304 2676 1396 2715 nec
1429 2664 1676 2734 suscipiet
1710 2684 1804 2736 pro
1904 2656 2145 2726 Ρθνίηιίῐ·

248 2737 582 2808 redemptione
615 2741 754 2795 dona
783 2743 1033 2813 plurima.
1073 2748 1138 2801 Et
1166 2748 1233 2803 de
1250 2749 1477 2807 Domino
1503 2754 1795 2827 intelligen-

1975 2745 2204 2803 Garrula
2233 2759 2282 2804 et
2320 2766 2476 2821 vaga,
2498 2753 2684 2820 quietis
2708 2755 3003 2825 impatiens.
3042 2758 3286 2826 Quietem
3310 2760 3503 2817 Eccle-

240 2822 380 2890 tlum,
421 2829 543 2897 quia
588 2830 682 2900 qui
736 2848 879 2887 nunc
921 2837 1097 2904 parcit
1126 2840 1373 2909 reprobis
1403 2858 1508 2897 non
1540 2822 1713 2915 parcit
1748 2849 1803 2903 in
1903 2838 1999 2894 εῖω
2021 2840 2239 2895 turbare
2272 2839 2610 2896 dCSidel'ans-

241 2912 318 2967 die
343 2917 547 2982 mortis,
572 2934 671 2974 nec
694 2923 993 2992 acquiescit
1014 2928 1265 2995 precibus
1310 2946 1434 2986 sero
1454 2912 1801 2994 clamantium
1973 2929 2086 2985 Nec
2114 2933 2289 2987 valens
2325 2935 2378 2987 in
2408 2933 2564 2987 domo
2593 2939 2872 2991 consistere
2896 2939 3133 3008 pedibus.
3164 2939 3318 2996 Nulla
3343 2944 3501 2998 eninr

240 3005 300 3057 ad
326 3020 401 3070 se,
430 3023 529 3062 nec
554 3010 693 3063 dona
728 3027 958 3081 quorum
997 3015 1070 3070 ibi
1098 3025 1309 3088 tempus
1357 3031 1413 3076 et
1438 3021 1664 3081 facultas
1695 3043 1801 3083 non
1901 3030 1983 3077 est
2011 3022 2237 3080 hmresis
2268 3038 2388 3093 quas
2420 3025 2614 3094 primis
2664 3028 2737 3081 sit
2781 3005 3035 3083 contenta
3085 3029 3382 3102 discipulis.
3424 3033 3490 3089 Hi

239 3105 332 3158 cst,
358 3099 592 3168 suscipit,
628 3100 833 3156 zelatur
860 3104 1003 3159 enim
1032 3106 1076 3161 si
1117 3109 1236 3176 quis
1260 3125 1510 3180 sponsam
1540 3130 1715 3183 suam,
1748 3118 1800 3172 id
1837 3183 1872 3192 Δ
1902 3118 2028 3165 sunt
2054 3112 2196 3166 enim
2219 3112 2410 3169 ἀοιιιιιδ
2440 3113 2576 3182 eius)
2610 3115 2704 3170 sed
2740 3132 2953 3188 semper
2982 3135 3151 3175 “OVOS
3175 3137 3312 3192 (11108
3345 3122 3490 3177 ἀθεί-

241 3187 331 3241 est,
360 3182 650 3238 Ecclesiam
689 3187 803 3242 sive
831 3189 1068 3245 animam
1114 3208 1386 3265 quamque
1429 3194 1638 3253 ﬁdelem
1680 3217 1802 3257 cor-
1828 3183 1873 3246 (ἶ
1906 3202 2014 3272 piat
2041 3205 2252 3273 quaerit.

245 3284 475 3341 rumpere
505 3278 802 3344 prarsumit.
1002 3299 1015 3307 ”
1976 3295 2134 3349 Nunc
2184 3296 2339 3365 foris,
2388 3314 2524 3351 nunc
2570 3298 2625 3351 in
2653 3298 2861 3369 platers,
2902 3318 3038 3356 nunc
3073 3305 3234 3374 juxta
3268 3305 3489 3376 angulos

1899 3386 2181 3440 insidians.
2215 3384 2397 3453 Foris,
2432 3404 2551 3442 cum
2576 3404 2813 3459 paganos
2839 3392 3010 3461 rapit;
3038 3395 3094 3447 in
3126 3395 3330 3466 plateis,
3363 3414 3487 3455 cum

1906 3477 2258 3548 voluptuosos
2280 3494 2293 3542 ;
2316 3479 2475 3547 juxta
2499 3481 2740 3549 angulos,
2765 3497 2885 3536 cum
2914 3483 3048 3539 alios
3074 3486 3378 3545 luereticos.

1967 3570 2458 3641 Appreltensumque
2502 3571 2840 3627 deosculatur
2884 3576 3151 3645 juvenem.
3180 3580 3480 3637 Verborum

810 3367 1040 3426 CAPUT
1083 3372 1189 3429 Vll.

304 3452 403 3510 Fili
427 3458 517 3523 mi,
542 3461 746 3513 custodi
776 3478 1036 3518 sermones
1066 3483 1226 3534 meos,
1255 3478 1357 3525 etc.
1383 3471 1451 3526 Et
1475 3474 1592 3529 haec
1618 3477 1796 3544 perio—

240 3545 325 3600 cha
348 3550 530 3603 eadem
553 3565 674 3620 quae
700 3554 949 3623 superior
975 3559 1076 3613 sub
1099 3563 1401 3619 meretricis
1424 3579 1654 3635 persona
1683 3569 1797 3638 ple-

241 3637 344 3692 nius
363 3639 609 3710 explicat.

298 3727 358 3782 Et
379 3729 533 3800 legem
556 3747 750 3800 meam,
772 3736 924 3805 quasi
942 3737 1195 3808 pupillam
1219 3742 1357 3797 oculi
1374 3727 1471 3798 tui.
1487 3744 1619 3799 Tam
1648 3747 1794 3802 solli-

238 3819 331 3874 cite
352 3837 523 3889 serva,
560 3840 680 3895 quae
708 3826 892 3892 doceo,
923 3831 1077 3899 quasi
1119 3832 1192 3886 nil
1222 3844 1369 3889 recte
1396 3837 1512 3893 sine
1538 3839 1620 3894 his
1643 3840 1791 3908 aspi-

239 3925 343 3964 cere
366 3913 561 3969 valeas.

299 4001 411 4075 Liga
455 4024 570 4060 eam
611 4009 664 4062 in
704 4009 883 4080 digitis
926 4013 1047 4067 tuis.
1094 4013 1275 4070 Scribe
1311 4016 1457 4072 illam
1504 4021 1559 4074 in
1597 4022 1792 4078 tabul.’s

239 4094 386 4149 cordis
438 4100 534 4151 tui.
582 4099 638 4154 lu
685 4101 890 4171 digitis,
938 4103 990 4158 in
1037 4106 1246 4163 actibus
1293 4110 1444 4166 dicit.
1497 4111 1555 4167 ln
1596 4115 1791 4170 tabulis

238 4187 411 4252 contis,
451 4189 502 4243 in
554 4190 835 4248 latitudine
891 4197 1254 4265 cogitationis,
1304 4201 1534 4274 denique
1584 4214 1639 4259 et
1685 4207 1789 4262 alia

1898 3655 2196 3711 fallentium
2223 3658 2605 3715 blandimentis
2628 3668 2805 3716 tentat
2833 3664 3163 3721 instabilem.

1966 3747 2033 3801 Et
2073 3750 2283 3820 procaci
2316 3749 2461 3804 vultu
2491 3750 2761 3806 blanditur
2803 3754 2980 3809 dicens
3025 3770 3045 3807 .'
3102 3755 3349 3815 Victimas
3382 3779 3483 3831 pro

1895 3838 2064 3892 salute
2093 3839 2270 3905 debui,
2303 3841 2456 3894 hodie
2492 3841 2698 3895 reddidi
2736 3853 2852 3897 uota
2878 3860 3012 3898 mea.
3041 3842 3205 3902 Juxta
3244 3850 3485 3906 litteram

1895 3940 2043 4001 patet
2075 3931 2394 3995 intellectus,
2443 3934 2564 4002 quia
2623 3936 2879 3989 meretrix
2911 3939 3216 3994 convivium
3266 3957 3487 4013 semper

1894 4022 2238 4092 magnificum
2269 4021 2351 4094 [se
2390 4025 2856 4098 permagnilicum]
2883 4042 3218 4098 praeparasse
3255 4030 3487 4086 fatetur-

1890 4113 1962 4167 At
1997 4113 2235 4169 haeretici
2265 4114 2319 4168 in
2348 4117 2558 4170 cunctis
2581 4133 2701 4185 quae
2735 4126 2922 4188 agunt,
2952 4119 3226 4173 victimam
3275 4136 3334 4175 se
3363 4136 3483 4177 suae

1892 4203 2083 4259 salutis
2135 4206 2242 4259 Deo
2278 4205 2556 4260 immolare
2610 4206 2690 4260 vel
2729 4217 3011 4262 autumant
3062 4210 3142 4265 vel
3201 4212 3483 4266 autumat”:

241 4276 489 4333 translatio
522 4280 603 4334 sic
635 4281 801 4336 dicit:
837 4282 1082 4339 Describe
1115 4303 1233 4340 eam
1270 4289 1325 4343 in
1360 4291 1637 4349 latitudine
1673 4313 1789 4350 cor-

237 4361 303 4417 dis
330 4368 419 4420 tui.

293 4454 381 4510 Dic
402 4461 859 4534 sapientite,soror
874 4482 987 4520 mea
1008 4484 1084 4533 es,
1100 4480 1145 4521 et
1167 4471 1500 4539 prudentiam
1513 4491 1636 4528 voca
1653 4477 1786 4530 umi-

293 4562 330 4587 m
360 4556 493 4587 tuam
565 4560 623 4587 ut
664 4552 924 4587 ι-ηειιυηηο
965 4566 1011 4587 ιι.
1044 4575 1073 4587 ι.
1102 4560 1319 4587 ...ηιμ-Α
1346 4572 1587 4587 -.......__-_
1655 4575 1691 4587 -.
1732 4568 1779 4587 .1.
1813 4528 1865 4587 Β

236 4558 331 4597 tam
359 4556 495 4602 tuam
514 4591 529 4615 ,
565 4560 623 4604 ut
662 4552 924 4608 custodiat
963 4566 1011 4609 te
1041 4575 1073 4611 a
1102 4560 1319 4614 muliere
1339 4572 1608 4631 extranea,
1643 4575 1691 4620 et
1720 4568 1784 4621 ab

234 4636 380 4692 aliena
408 4659 519 4713 qua:
550 4643 703 4698 verba
731 4663 828 4699 sua
854 4646 1030 4702 dulcia
1052 4649 1199 4718 facit.
1241 4651 1570 4724 Sapientiam
1595 4657 1783 4715 Eccle-

234 4728 437 4788 siasticze
473 4736 733 4791 doctrina:
769 4740 979 4795 sororia
1017 4743 1119 4796 tibi
1167 4743 1453 4802 dilectione
1494 4748 1780 4822 coniunge,

1891 4295 2130 4365 gestiunt
2160 4314 2172 4349 :
2210 4313 2333 4349 nam
2362 4305 2418 4351 et
2446 4296 2705 4351 Dominus
2734 4300 2799 4352 ad
2823 4299 3111 4370 discipulos
3136 4317 3151 4355 :
3189 4301 3295 4357 Sed
3323 4304 3486 4366 venit,

1892 4385 2087 4455 inquit,
2113 4387 2260 4450 liora,
2297 4397 2351 4439 ut
2382 4389 2550 4441 omnis
2580 4388 2668 4459 qui
2698 4388 3018 4455 interfecerit
3058 4408 3166 4458 vos,
3194 4392 3483 4447 arbitretur

1892 4500 1948 4537 se
1981 4483 2278 4554 obsequium
2299 4494 2552 4553 pra'sture
2574 4483 2683 4536 Deo
2708 4483 2888 4555 (Joan.
2915 4486 3047 4559 xvi).
3463 4560 3475 4571 .

1961 4575 2172 4630 lntexui
2190 4576 2400 4642 funibus
2423 4578 2612 4632 lectum
2641 4596 2834 4643 meum,
2854 4580 3014 4635 stravi
3041 4582 3298 4652 tapetibus
3324 4582 3486 4653 pictis:

1887 4685 1952 4722 ea:
1997 4667 2250 4739 zEgypto.
2312 4667 2499 4723 Solent
2550 4668 2673 4723 lecti
2720 4671 2810 4740 qui
2867 4687 2930 4725 ex
2974 4671 3187 4728 funibus
3217 4673 3486 4742 veljuxta

1887 4759 2049 4815 aliam
2118 4761 2526 4815 translationem
2579 4761 2781 4815 institis
2845 4762 3161 4819 intexuntur
3224 4766 3474 4821 meliores

232 4827 281 4872 ⁸η
302 4822 405 4879 1³³0
433 4833 482 4880 ιε
511 4842 544 4881 ³
571 4826 868 4897 Ρθηιηίοηθ
897 4842 1076 4887 servet
1102 4834 1380 4902 Ῑιεεΐθῑίοθι
1410 4854 1532 4907 (λικε
1559 4856 1589 4895 8
1619 4844 1783 4897 (είιειί-
1886 4854 2025 4917 fieri,
2058 4868 2226 4922 qnam.
2248 4853 2338 4922 qui
2384 4868 2448 4906 ex
2496 4853 2638 4923 ligno
2668 4854 2751 4907 vel
2787 4855 2937 4909 corio
2986 4856 3075 4909 vel.
3102 4856 3341 4926 qualibet
3369 4856 3483 4909 alia

233 4916 325 4966 tate
345 4913 593 4972 Ecclesia:
618 4919 879 4988 probatur
906 4929 1189 4978 extranea.

1907 4913 2112 4998 [talaria
2158 4913 2519 4998 instruuntur.
2560 4943 2617 4998 In
2651 4945 2790 5000 lecto
2838 4962 2964 5016 ergo
3004 4945 3220 5000 [mribus
3266 4946 3480 4999 intexto

289 5003 357 5059 De
392 5006 619 5076 fenestra
659 5011 798 5063 enim
836 5010 1024 5065 domus
1064 5029 1194 5067 mete
1232 5031 1325 5084 per
1358 5018 1617 5073 cancellos
1655 5039 1783 5091 pro-

1907 5035 2149 5090 neretrix
2170 5035 2450 5090 mollitiem
2486 5035 2803 5106 quiescendi
2833 5037 3092 5107 designat.
3117 5036 3172 5090 ln
3203 5035 3481 5104 tapetibus

229 5097 372 5161 tpexi,
403 5109 447 5152 et
480 5099 626 5153 rideo
665 5099 930 5168 parvulos.
978 5100 1133 5158 Patet
1166 5101 1324 5173 juxta
1365 5107 1634 5177 litteram,
1654 5113 1780 5183 quia

1907 5139 2018 5178 tero
2038 5124 2196 5194 pictis
2216 5139 2282 5178 ex
2311 5097 2569 5196 Egypt-0,
2595 5125 2759 5179 etiam
2790 5097 3065 5180 oculotv'um
3090 5131 3259 5178 tentat
3283 5122 3480 5177 illece»

229 5187 528 5255 sapientiora
587 5200 842 5262 aspectus
893 5196 1272 5266 magistrorum
1338 5209 1391 5255 et
1441 5202 1780 5260 infirmorum

1907 5187 2054 5279 was,-
2084 5216 2280 5284 quibus
2335 5187 2566 5270 nefando
2615 5224 2833 5285 aspectu
2889 5215 3113 5270 irrelitis
3167 5214 3375 5269 facilius
3398 5212 3478 5269 atﬁ

230 5289 359 5332 actus
389 5281 573 5336 sedulo
609 5282 921 5351 speculatur
958 5294 1014 5341 et
1054 5286 1295 5343 fortium.
1339 5290 1409 5345 At
1452 5302 1655 5347 aeterna
1686 5296 1780 5351 Dei

1913 5307 2185 5361 educenda
2211 5307 2409 5360 mentis
2431 5322 2629 5360 arcana
2657 5307 3067 5378 penetret,quia
3095 5322 3225 5361 vero
3249 5306 3471 5361 nomine

229 5368 462 5437 sapientia
503 5374 570 5428 de
599 5373 739 5429 caelo
784 5377 1082 5445 prospicit,
1130 5392 1189 5434 et
1220 5381 1366 5436 videt
1408 5398 1598 5440 omnes
1642 5386 1789 5443 ﬁlios
1885 5395 2094 5450 funium
2143 5395 2433 5465 aliquando
2481 5368 2877 5453 solent-divina
2926 5405 3192 5467 praecepta
3222 5399 3466 5469 ﬁgurari,

229 5457 495 5520 hominum.
528 5465 666 5537 Apte
703 5478 880 5523 autem
904 5468 1156 5525 Salomon
1201 5473 1265 5527 de
1306 5471 1544 5531 fenestra
1590 5479 1783 5535 domus
1884 5501 2004 5555 tutae
2031 5500 2060 5539 a
2100 5457 2299 5541 nostris
2327 5501 2425 5542 nos
2474 5487 2836 5556 voluptatibus
2873 5490 3171 5544 coercendo
3214 5490 3469 5560 religant,

227 5562 317 5605 sua:
335 5570 390 5611 se
409 5572 504 5626 per
527 5559 800 5614 cancellos
818 5562 1160 5631 prospexisse
1179 5563 1329 5631 dicit,
1358 5575 1415 5621 ut
1431 5558 1776 5636 parvulorum
1882 5574 2203 5644 promittunt
2226 5589 2285 5629 se
2316 5574 2552 5630 bmretici
2578 5586 2832 5633 contextu
2855 5581 3142 5635 verborum
3160 5582 3471 5637 caelestium

228 5653 354 5707 gesta
396 5646 732 5715 diiudicaret.
779 5649 881 5718 Qui
923 5651 1066 5705 enim
1121 5652 1188 5708 de
1222 5653 1457 5711 fenestra
1505 5675 1601 5729 per
1650 5678 1769 5716 can-
1882 5663 2097 5719 Salubre
2144 5664 2256 5719 suis
2305 5664 2645 5721 auditoribus
2691 5669 2845 5739 quasi
2893 5681 3123 5727 stratum
3162 5689 3377 5744 parare,
3411 5675 3465 5728 in

229 5731 368 5788 cellos
394 5740 670 5808 prospicit,
713 5740 825 5809 ipse
854 5740 1069 5810 quidem
1100 5759 1164 5797 ea
1195 5760 1314 5813 quae
1354 5746 1484 5804 loris
1522 5762 1772 5821 aguntur,
1880 5772 1986 5825 quo
2030 5774 2058 5811 a
2100 5757 2353 5812 vitiorum
2389 5758 2709 5815 tumultibus
2739 5760 2909 5819 libero
2953 5767 3114 5822 corde
3161 5769 3464 5837 quiescant,
