3962 6198
430 334 533 402 ⁸107

1044 341 1106 396 Β.
1145 339 1397 396 ΒΑΒΔΝΙ
1434 338 1649 395 MAL‘BI
1686 337 1999 393 ARCBIEP.
2042 336 2351 396 MOGUNT.
2391 338 2673 396 OPERLM
2710 338 2889 393 PARS
2923 337 3005 393 Ill.

3558 340 3671 393 703

422 457 519 513 sed
560 462 826 513 veraciter
860 455 967 510 illis
1008 452 1226 508 funibus
1276 460 1621 522 peccatorum
1671 457 1989 505 construunt
2017 452 2065 509 Α
2091 451 2383 522 discipulos
2430 452 2587 508 simul
2630 460 2684 506 et
2733 452 2918 506 turbas
2959 447 3161 514 doet.lt,
3191 450 3284 504 sed
3328 458 3378 504 et
3418 465 3515 520 per
3548 454 3677 506 vias

422 545 598 601 locum
646 542 981 613 perditionis,
1033 543 1125 595 ubi
1182 550 1440 611 perpetuo
1481 540 1645 609 pedes
1697 553 1992 608 manusque

419 632 618 700 alligati
660 632 999 687 damnentur.
1022 629 1098 684 De
1123 645 1232 698 quo
1269 630 1523 684 Dominus
1550 630 1604 683 in
1635 629 1947 699 Apocalypsi
1973 646 1985 681 :

426 723 490 775 Et
515 722 652 785 dedi,
690 721 882 790 inquit,
913 720 991 772 illi
1011 730 1208 790 tempus
1233 729 1287 773 ut
1328 719 1676 789 paenitentiam
1723 729 1916 788 ageret,
1941 728 1990 772 et

421 830 524 867 non
546 812 653 867 vult
682 811 923 883 paenitere
959 828 991 864 a
1019 810 1362 879 fornicatione
1387 827 1485 864 sua
1511 825 1532 863 :
1557 825 1672 863 ecce
1708 810 1855 863 mitto
1874 825 1989 862 eam

419 902 474 957 in
501 902 686 957 lectum
713 910 761 955 et
791 901 879 970 qui
902 901 1221 954 mwchantur
1266 915 1382 952 cum
1417 916 1479 952 ea
1514 899 1572 952 in
1601 898 1990 951 tribulationem

419 995 704 1049 maximam
752 991 933 1064 (Apoc.
986 990 1067 1059 ιι).
1123 990 1177 1043 In
1231 990 1495 1059 tapetibus
1549 1004 1679 1043 vero
1723 989 1884 1058 pictis
1919 1001 1989 1043 ex

420 1082 668 1154 Aigypto,
705 1090 929 1137 ornatus
955 1079 1272 1148 eloquentiae
1295 1088 1350 1133 et
1375 1077 1669 1133 dialecticae
1702 1077 1835 1131 artis
1863 1090 1983 1132 vero

419 1172 580 1235 sutia,
602 1185 720 1239 qua:
744 1168 812 1223 ab
840 1168 1071 1223 ethnicis
1089 1167 1349 1238 originem
1378 1166 1627 1235 sumpsit,
1648 1164 1983 1234 intelligitur,

416 1276 511 1331 per
536 1275 698 1330 quam
726 1273 880 1314 mens
901 1258 1155 1313 haeretica
1184 1271 1402 1311 sensum
1445 1255 1703 1310 doctrinae
1738 1254 1990 1323 pestilen—

418 1352 508 1415 tis,
531 1351 687 1422 quasi
719 1350 978 1406 meretrix
1021 1349 1236 1403 thorum
1265 1346 1522 1402 facinoris
1555 1362 1615 1401 se
1655 1346 1853 1400 texisse
1877 1345 1990 1416 glo-

425 1441 612 1496 tiatur.

491 1532 696 1603 Aspersi
721 1530 888 1585 cubile
912 1545 1079 1584 meum
1109 1527 1320 1599 myrrha
1354 1536 1399 1581 et
1432 1525 1545 1580 aloe
1567 1536 1613 1579 et
1635 1527 1983 1579 cinnamomo.

424 1623 749 1680 Promittunt
775 1638 833 1676 se
854 1621 986 1675 tales
1011 1620 1228 1674 odorem
1252 1617 1550 1672 ctelestium
1586 1617 1784 1670 habere
1813 1615 1982 1669 virtu-

420 1722 552 1778 tum,
580 1712 772 1782 quibus
812 1727 907 1766 sua
947 1725 1271 1778 suorumque
1301 1707 1463 1763 corda
1495 1707 1640 1760 velut
1670 1704 1863 1759 cubilia
1900 1720 1984 1757 ve-

418 1811 580 1857 nusta
632 1807 939 1864 censerent,
988 1814 1053 1853 ac
1099 1798 1278 1852 dicere
1326 1811 1482 1867 posse
1535 1811 1657 1849 cum
1710 1793 1984 1862 apostolis,
2021 1787 2063 1845 Β

417 1892 541 1964 quia
581 1889 773 1946 Christi
802 1890 964 1944 bonus
992 1889 1122 1942 odor
1137 1903 1316 1942 sumus
1342 1886 1449 1940 Deo
1475 1884 1557 1957 (II
1596 1885 1717 1938 Cor.
1758 1888 1840 1956 tt).

503 1979 648 2045 Veni,
698 1980 1013 2035 inebriemur
1055 1977 1297 2032 uberibus
1348 1978 1509 2031 donec
1550 1975 1812 2029 illucescat
1854 1974 1984 2029 dies.

425 2068 690 2126 Doctrina:
706 2078 909 2126 sancta
938 2068 1140 2139 poculis
1155 2083 1213 2122 se
1239 2068 1466 2122 invicem
1491 2067 1764 2122 satiandos
1780 2065 1991 2134 jactant

420 2160 682 2225 barretici,
729 2167 783 2213 et
821 2159 1076 2213 virtutum
1118 2156 1293 2227 gratia
1347 2156 1769 2228 conjungendos,
1819 2156 1987 2210 donec

386 2265 603 2315 ,eorum
632 2257 781 2320 gesta
810 2248 897 2302 lux
927 2256 1186 2316 sequatur
1209 2256 1429 2302 aeterna.

490 2339 614 2392 Non
642 2348 717 2392 est
743 2338 878 2391 enim
906 2337 982 2391 vir
1002 2337 1054 2389 in
1078 2336 1229 2389 domo
1249 2352 1363 2400 sua,
1390 2335 1517 2389 abiit
1550 2334 1853 2405 longissima
1885 2335 1985 2389 via.

416 2431 533 2487 Non
560 2440 661 2495 est,
692 2427 959 2498 inquiunt,
991 2429 1236 2483 Christus
1270 2427 1622 2497 corporaliter
1647 2428 1701 2482 in
1729 2427 1985 2491 Ecclesia,

417 2537 645 2593 surgens
669 2523 812 2575 enim
841 2535 871 2572 a
896 2518 1121 2572 mortuis
1148 2516 1391 2572 ascendit
1410 2516 1465 2570 in
1504 2515 1699 2572 caelum
1726 2516 1990 2584 nobisque

420 2611 775 2667 ministerium
824 2606 1178 2679 gubernanda:
1227 2606 1482 2661 Ecclesia:
1541 2621 1671 2672 suae,
1717 2605 1985 2671 videlicet,

418 2703 630 2764 domus,
657 2699 891 2768 reliquit.

488 2788 770 2844 Saeculum
816 2787 1049 2858 pecunia:
1101 2800 1273 2840 secum
1326 2782 1464 2839 tulit.
1510 2782 1749 2840 Gloriam
1803 2798 1987 2839 resur-

418 2881 676 2937 rectionis
695 2888 750 2935 et
770 2877 1189 2933 immortalitatis
1230 2865 1393 2932 decus
1420 2869 1601 2930 secum
1637 2872 1851 2939 detulit,
1880 2887 1987 2944 quo

420 2971 561 3026 illius
585 2969 777 3041 patriae
796 2969 941 3023 cives
968 2967 1264 3022 hetilicaret
1277 2981 1342 3022 ac
1365 2966 1584 3022 ditaret.

488 3064 557 3119 In
580 3064 665 3118 die
692 3062 858 3133 plena:
887 3061 1028 3115 lunte
1048 3075 1344 3115 reversurus
1370 3064 1445 3112 est
1479 3058 1690 3112 domum
1722 3073 1893 3113 suam.
1926 3054 1987 3110 In

2094 555 2236 609 saepe
2276 541 2364 596 his
2389 542 2483 611 qui
2510 540 2903 596 conveniebant
2954 539 3302 610 prmdicabat,
3344 550 3399 595 et
3447 556 3542 597 eos
3571 542 3679 610 qui

2092 645 2224 687 cura
2253 630 2563 701 indigebant
2586 631 2832 687 sanabat.
2854 629 2913 685 ln
2934 630 3050 700 ipsa
3063 630 3226 684 etiam
3249 642 3403 699 porta
3428 630 3682 689 civitatis

2095 720 2251 775 Naim
2277 729 2550 776 mortuum
2588 722 2920 776 resuscitans
2950 720 3196 791 exemplo
3231 722 3470 777 miraculi
3498 722 3682 777 verba

2093 823 2213 878 qua:
2239 809 2496 862 docuerat
2532 807 2966 874 commendabat,
3004 816 3061 863 et
3101 809 3229 878 quid
3257 809 3541 877 sequimini
3567 825 3682 865 eos

2094 900 2187 971 qui
2213 900 2265 953 in
2289 900 2487 954 abditis
2512 907 2702 954 contra
2730 913 2852 953 eum
2881 912 3008 953 suas
3027 906 3256 952 exerunt
3277 897 3517 968 linguas?

2167 988 2234 1044 In
2264 989 2388 1059 ipsis
2420 988 2620 1058 foribus
2646 987 2876 1058 loquitur
2902 988 3111 1041 dicens:
3141 986 3184 1041 0
3215 988 3310 1041 viri
3344 989 3412 1041 ad
3435 1003 3521 1041 vos
3548 987 3678 1041 cla-

2091 1079 2218 1133 mito
2245 1089 2293 1132 et
2327 1095 2426 1132 vox
2453 1094 2564 1131 mea
2591 1078 2660 1131 ad
2685 1077 2825 1146 ﬁlios
2865 1077 3151 1130 hominum.
3173 1074 3252 1130 Ad
3275 1076 3419 1131 viros
3440 1077 3614 1131 clama
3631 1086 3679 1141 t,

2090 1169 2144 1224 id
2170 1177 2274 1234 est,
2306 1168 2374 1222 ad
2403 1176 2651 1222 strenuos
2671 1166 2821 1221 verbi
2868 1167 3139 1220 auditores
3166 1166 3219 1219 in
3248 1175 3472 1235 utroque
3501 1180 3675 1221 sexu.

2091 1262 2226 1316 Nam
2254 1262 2345 1331 qui
2375 1260 2610 1324 feminae,
2642 1262 2696 1315 id
2712 1267 2815 1324 est,
2848 1257 2987 1314 ﬂuxa
3009 1267 3190 1313 mente
3214 1265 3356 1323 sunt,
3384 1259 3682 1329 sapientia:

2090 1352 2251 1406 verba
2274 1351 2553 1421 percipere
2579 1356 2868 1420 nequeunt.

2159 1443 2462 1512 Intelligite,
2492 1434 2717 1512 parvuli.
2743 1439 3009 1504 astutiam,
3032 1448 3079 1493 et
3099 1438 3393 1510 insipientes
3417 1440 3682 1494 animad-

2088 1535 2282 1588 vertite.
2308 1532 2646 1588 Manifestum
2671 1533 2737 1587 de
2763 1531 3007 1594 Domino,
3024 1531 3148 1600 quia
3170 1541 3365 1586 etcum
3388 1540 3536 1587 esset
3548 1534 3681 1602 ipse

2090 1625 2141 1678 in
2171 1624 2369 1679 mundo
2397 1624 2540 1677 omni
2568 1620 2735 1687 aetati,
2766 1622 2917 1676 sexui
2952 1631 3010 1677 et
3036 1622 3326 1678 conditioni
3350 1623 3559 1677 locutus
3579 1634 3683 1677 est;

2090 1712 2335 1777 verbum,
2385 1713 2493 1766 imo
2527 1712 2690 1766 etiam
2730 1709 3000 1766 clamabat
3041 1719 3194 1766 stans
3237 1711 3288 1765 in
3330 1711 3569 1782 templo:
3601 1709 3678 1767 Si

2093 1806 2208 1872 quis
2250 1804 2376 1865 sitit,
2413 1802 2585 1856 veniat
2621 1801 2690 1855 ad
2723 1817 2803 1855 me
2828 1809 2877 1855 et
2904 1799 3041 1855 bibat
3076 1799 3257 1872 (Joan.
3288 1787 3492 1874 vn);ct
3519 1819 3681 1856 nunc

2091 1907 2189 1961 per
2214 1893 2465 1947 doctores
2502 1889 2776 1956 Ecclesiat,
2807 1891 2911 1961 ipsi
2930 1890 3072 1945 enim
3103 1899 3226 1946 sunt
3256 1890 3397 1946 fores
3425 1891 3682 1947 civitatis

2091 1983 2245 2055 ejus;
2277 1983 2409 2038 viris
2444 1981 2604 2038 simul
2631 1996 2694 2037 ac
2716 1981 2931 2038 feminis
2955 1981 3304 2052 sapientibus,
3329 1990 3384 2037 et
3407 1983 3682 2052 insipien-

2094 2077 2235 2132 tibus
2278 2075 2580 2146 grandmvis
2625 2070 2902 2145 praedicat,
2950 2082 3006 2127 et
3054 2071 3311 2143 parvulis,
3357 2082 3415 2127 at
3471 2083 3681 2127 contra

2091 2166 2337 2221 doctrina
2368 2165 2527 2219 fallax
2556 2165 2694 2220 clam
2709 2173 2764 2220 et
2786 2164 3033 2235 privatim
3055 2179 3192 2235 quos
3211 2164 3464 2219 seducere
3484 2163 3683 2217 valeat

2090 2258 2297 2327 quaerit.

2162 2349 2377 2413 Audite,
2403 2364 2650 2418 quoniam
2699 2347 2762 2402 de
2812 2346 2959 2401 rebus
2996 2348 3200 2416 magnis
3246 2347 3484 2399 locutura
3524 2361 3677 2398 sum.

2090 2439 2295 2510 Magnis
2343 2453 2537 2509 nempe
2567 2438 2694 2508 quia
2725 2452 2949 2508 regnum
3004 2437 3262 2491 caelorum
3312 2444 3366 2490 et
3416 2436 3684 2504 promisit

2090 2538 2146 2584 et
2180 2528 2327 2584 dedit
2379 2528 2648 2597 ﬁdemque
2686 2536 2887 2581 sancta:
2935 2523 3217 2582 Trinitatis
3247 2526 3447 2589 docuit,
3502 2534 3683 2594 atque

2090 2618 2193 2672 alia
2223 2617 2503 2672 innumera
2546 2633 2666 2688 quae
2716 2616 2993 2688 prophetae
3020 2616 3069 2670 ei
3107 2615 3370 2686 loquenda
3402 2613 3686 2684 relinque-

2090 2706 2239 2763 bant.

2163 2798 2229 2852 Et
2253 2800 2551 2869 aperientur
2577 2797 2717 2851 labia
2739 2813 2880 2860 mea,
2913 2806 2968 2848 ut
2999 2804 3137 2849 recta
3166 2794 3466 2864 praedicent.
3496 2791 3677 2848 Labia

2088 2891 2205 2961 ejus
2231 2896 2359 2944 sunt
2381 2890 2487 2944 duo
2514 2887 2859 2943 Testamenta
2898 2887 3153 2941 concordi
3182 2887 3246 2941 ad
3278 2885 3506 2941 invicem
3534 2883 3685 2941 veris

2091 2980 2219 3035 tatis
2241 2979 2583 3034 attestatione
2599 2976 2903 3046 conjuncta,
2923 2993 3061 3047 qum,
3087 2976 3199 3047 ipsa
3225 2977 3279 3031 in
3307 2991 3471 3030 carne
3491 2993 3676 3047 appa-

2094 3081 2246 3127 rente
2275 3087 2372 3142 per
2399 3072 2570 3127 sancti
2603 3069 2839 3141 Spiritus
2862 3070 3082 3134 donum,
3115 3078 3240 3123 sunt
3267 3070 3332 3125 ad
3362 3066 3679 3139 pradican-

418 3161 655 3224 tempore
683 3168 789 3223 quo
823 3151 1117 3205 electorum
1168 3164 1387 3204 suorum
1423 3148 1663 3204 Ecclesia
1704 3164 1987 3204 numerum
2016 3142 2063 3206 C
2092 3163 2216 3219 dam
2239 3166 2467 3219 salutem
2490 3164 2799 3218 universum
2830 3171 3013 3233 aperta
3046 3177 3142 3232 per
3173 3163 3379 3218 orbem.

420 3240 771 3311 compleverit
794 3246 1095 3293 revertetur
1118 3234 1480 3303 adjndicium.

487 3329 674 3386 Statim
703 3346 817 3384 eam
841 3329 1075 3398 sequitur
1096 3328 1247 3397 quasi
1291 3327 1379 3381 bos
1401 3325 1587 3381 ductus
1613 3326 1682 3381 ad
1704 3327 1983 3381 victimam.

416 3419 475 3475 Id
509 3429 608 3484 est,
648 3419 800 3488 quasi
830 3418 1025 3473 stultus
1056 3416 1300 3471 nesciens
1335 3416 1449 3485 ipse
1475 3417 1666 3471 ductus
1693 3417 1761 3472 ad
1801 3417 1987 3471 interi-

417 3522 549 3567 tum.

484 3603 552 3656 Et
601 3599 869 3671 fortissimi
907 3599 1095 3671 quique
1141 3598 1393 3667 interfecti
1420 3607 1539 3652 sunt
1564 3597 1627 3651 ab
1668 3614 1747 3651 ea.
1777 3596 1848 3652 Ut
1872 3598 1986 3668 ipse

411 3693 665 3748 Salomon
689 3689 1118 3758 sapientissimus
1145 3687 1402 3750 virorum,
1428 3694 1487 3740 ut
1527 3685 1754 3740 Samson
1799 3675 1985 3740 l'ortis-

412 3786 605 3850 simus,
629 3793 691 3837 ut
721 3782 888 3836 David
936 3780 1422 3843 mansuetissimus,
1470 3793 1503 3832 a
1550 3777 1796 3831 muliebri
1840 3777 1985 3831 deci-

409 3877 556 3948 pula.
592 3875 659 3930 Ut
687 3873 946 3944 Origenes
972 3872 1039 3926 ab
1071 3870 1342 3933 haeretica,
1374 3885 1532 3938 quem
1560 3876 1683 3939 post
1709 3866 1981 3938 apostolos

407 3969 661 4025 Ecclesiae
688 3967 1005 4037 magistrum
1057 3964 1254 4028 fuisse,
1296 3962 1534 4034 quandiu
1583 3969 1731 4016 recte
1778 3960 1977 4029 sapuit,

406 4062 498 4133 qui
528 4060 822 4129 negaverit,
847 4066 1014 4113 errat.

490 4149 596 4204 Via:
613 4149 766 4218 inferi
793 4148 977 4201 domus
1000 4147 1134 4216 ejus,
1162 4155 1484 4217 penetrantes
1506 4143 1755 4198 interiora
1774 4144 1975 4198 mortis.

411 4240 517 4296 Sed
539 4239 604 4294 de
625 4238 864 4294 Ecclesia
911 4236 1170 4293 Dominus
1195 4235 1270 4289 ait
1295 4253 1307 4288 :
1343 4233 1480 4300 Quia
1504 4244 1667 4304 porta:
1691 4232 1846 4303 inferi
1876 4250 1978 4287 non

405 4328 756 4400 praevalebunt
813 4325 1057 4381 adversus
1111 4341 1225 4379 eam
1263 4322 1476 4394 (Matth.
1532 4321 1664 4391 xw).
1719 4320 1976 4375 Interiora

406 4428 586 4471 autem
627 4415 818 4470 mortis
875 4414 1138 4468 acerrima
1184 4412 1442 4484 gehennae
1503 4418 1791 4474 tormenta,
1821 4409 1974 4478 quasi

381 4506 643 4560 'arctiora
665 4512 719 4560 et
738 4504 1051 4558 obscuriora
1082 4481 1232 4567 dicit,
1260 4501 1456 4571 quibus
1485 4500 1770 4554 haereticos
1794 4508 1850 4554 et
1871 4498 1977 4553 for-
2001 4481 2053 4542 D

384 4597 642 4661 .nicarios
670 4603 883 4651 constat
919 4610 1037 4650 esse
1091 4594 1432 4665 mergendos,
1481 4593 1618 4646 sicut
1670 4592 1735 4646 de
1780 4590 1980 4645 sanctis

411 4702 509 4757 pro
556 4685 782 4741 Domino
820 4685 874 4739 in
922 4685 1025 4739 hac
1068 4685 1177 4738 vita
1220 4683 1548 4753 patientibus
1574 4683 1771 4736 dicitttr
1800 4699 1813 4734 :
1842 4682 1980 4746 Quia

405 4777 547 4831 misit
592 4792 677 4829 eos
730 4783 903 4828 custos
949 4774 1005 4827 in
1058 4775 1353 4827 interiorem
1392 4788 1647 4826 carcerem
1676 4770 1814 4843 (Act.
1844 4770 1977 4842 tm),

404 4868 731 4924 atrociorem
764 4865 1029 4927 videlicet,
1059 4864 1334 4919 {utiliorem
1367 4872 1421 4918 et
1447 4865 1836 4919 obscuriorem.

987 4953 1210 5010 CAPUT
1253 4953 1378 5008 \‘lll.

474 5048 729 5122 Nunquid
774 5065 876 5103 non
933 5046 1186 5117 sapientia
1230 5044 1463 5097 clamitat
1494 5053 1543 5098 et
1586 5044 1861 5114 prudentia
1884 5037 2005 5097 dat'

400 5161 570 5199 vocem
613 5141 805 5197 suam?
852 5138 1099 5207 Nunquid
1148 5150 1253 5190 non
1300 5134 1557 5188 Dominus
1600 5133 1778 5204 palam
1830 5133 1974 5188 locu-

400 5244 488 5289 tus
525 5241 608 5289 est
653 5232 874 5297 nmndo,
925 5239 979 5286 et
1028 5229 1081 5283 in
1149 5224 1359 5281 occulto
1419 5225 1631 5280 locutus
1671 5233 1755 5279 est
1802 5224 1975 5279 nihil?

400 5327 583 5399 (Joan.
612 5329 788 5400 xvut.)
818 5326 954 5394 Quid
981 5340 1130 5395 ergo,
1158 5324 1401 5393 neglecto
1427 5323 1543 5393 ejus
1567 5320 1880 5391 Evangelia,
1903 5320 1972 5375 ad

400 5419 630 5473 hacresin
657 5420 835 5489 potius
860 5417 944 5472 vel
957 5417 1192 5471 lascivia:
1212 5415 1536 5477 suasionem,
1555 5430 1674 5482 qua:
1701 5413 1753 5468 in
1774 5412 1971 5486 angulo

400 5519 705 5575 susurrant,
733 5511 1050 5565 audiendam
1082 5507 1265 5562 miseri
1291 5504 1598 5562 conﬂuunt?

2162 3255 2391 3325 Accipite
2432 3253 2762 3323 disciplima:
2808 3268 2999 3316 meum,
3024 3261 3073 3305 et
3106 3269 3210 3306 non
3237 3253 3545 3321 pecuniam;
3576 3254 3683 3308 do-

2087 3346 2307 3399 ctrinam
2335 3344 2501 3414 magis
2528 3359 2684 3414 quam
2710 3358 2900 3396 aurum
2940 3340 3128 3411 eligite.
3168 3336 3288 3395 Non
3313 3343 3529 3411 potestis
3555 3336 3678 3397 Deo

2086 3437 2276 3491 servire
2299 3445 2346 3489 et
2366 3450 2677 3489 mammonae
2700 3433 2914 3504 (Matth.
2937 3432 3032 3503 vt).

2156 3526 2270 3597 Ego
2317 3526 2577 3596 sapientia
2616 3524 2793 3579 habito
2837 3524 2891 3576 in
2911 3524 3147 3586 consilio,
3188 3522 3470 3579 eteruditis
3494 3522 3679 3581 inter-

2084 3633 2200 3672 sum
2239 3616 2657 3687 cogitationibus.
2709 3611 2807 3669 Ubi
2858 3615 2963 3669 duo
3004 3626 3051 3669 et
3093 3626 3196 3670 tres
3229 3617 3526 3688 congregati
3550 3618 3681 3687 fuc-

2086 3708 2187 3761 rint
2219 3708 2275 3760 in
2312 3706 2518 3760 nomine
2563 3721 2695 3766 meo,
2742 3705 2814 3759 ibi
2862 3723 2979 3760 sum
3022 3723 3113 3776 ego
3148 3708 3219 3773 in
3260 3708 3429 3763 medio
3476 3723 3676 3763 eorum

2085 3794 2299 3867 (Matth.
2317 3794 2492 3864 xvm).

2155 3884 2546 3955 Arrogantiam,
2579 3895 2627 3939 et
2661 3885 2976 3955 superbiam,
3010 3896 3059 3939 et
3088 3888 3224 3958 viam
3256 3902 3490 3955 pravam.
3524 3897 3576 3942 et
3602 3902 3674 3943 os

2084 3975 2313 4046 bilingue
2339 3975 2585 4029 detestor.
2630 3976 3012 4046 Arrogantiam
3067 3984 3123 4030 et
3170 3978 3474 4046 superbiam
3504 3977 3560 4032 in
3580 3980 3675 4034 eis

2081 4066 2176 4135 qui
2211 4081 2269 4121 se
2299 4065 2509 4119 caeteris
2546 4063 2797 4120 meliores
2833 4066 3123 4130 aestimant,
3165 4066 3308 4120 viam
3354 4081 3575 4136 pravam
3605 4069 3673 4124 in

2080 4158 2160 4211 eis
2180 4156 2274 4225 qui
2299 4165 2485 4226 aperte
2513 4156 2652 4210 mala
2678 4156 2902 4221 iaciunt,
2950 4172 3013 4211 os
3064 4156 3298 4227 bilingue
3330 4159 3382 4211 in
3410 4157 3536 4224 illis,
3566 4161 3673 4229 qui

2082 4247 2135 4302 in
2176 4247 2334 4303 bonis
2371 4263 2492 4318 quae.
2541 4246 2833 4316 loquuntur
2880 4246 3071 4302 stabile
3116 4248 3388 4318 quippiam
3422 4264 3528 4303 non
3567 4250 3674 4304 ha-

2079 4338 2225 4402 bent,
2254 4337 2348 4392 sed
2393 4336 2547 4405 juxta
2588 4336 2892 4391 auditorum
2922 4334 3130 4391 libitum
3177 4353 3272 4391 sua
3299 4336 3464 4391 verba
3515 4353 3675 4393 com-

2079 4435 2307 4481 mutant.

2156 4517 2331 4572 Meum
2379 4528 2453 4573 est
2496 4518 2773 4573 aemilium
2820 4528 2867 4572 et
2913 4519 3153 4589 (aquilas,
3204 4536 3318 4572 mea
3356 4522 3664 4590 prudentia,

2082 4623 2195 4660 mea
2217 4618 2291 4661 est
2310 4606 2583 4677 fortitudo.
2602 4602 2715 4661 Non
2733 4623 2790 4664 se
2805 4607 3026 4662 extollat
3040 4608 3269 4662 humana
3286 4612 3658 4681 prarsumptio,

2084 4697 2473 4767 plenitudinem
2505 4698 2763 4752 virtutum
2811 4696 2923 4751 sola
2974 4696 3070 4752 Dei
3106 4698 3368 4768 sapientia
3397 4700 3662 4768 possidet,

2083 4797 2138 4841 et
2162 4787 2228 4842 ab
2253 4786 2354 4842 hac
2383 4788 2616 4842 humana
2642 4784 2930 4842 inﬁrmitas
2950 4786 3206 4857 quidquid
3237 4788 3452 4842 virtutis
3474 4788 3658 4855 habet,

2087 4875 2311 4943 accepit.

2153 4965 2259 5018 Per
2303 4981 2384 5019 me
2413 4981 2553 5035 reges
2576 4968 2789 5035 regnant
2810 4975 2857 5019 et
2879 4966 3169 5019 conditores
3196 4964 3362 5034 legum
3379 4965 3534 5035 justa
3560 4971 3654 5022 de—

2079 5065 2314 5118 cernunt,
2342 5071 2434 5125 per
2459 5070 2541 5108 me
2558 5056 2813 5125 principes
2850 5057 3124 5125 imperant,
3147 5065 3194 5109 et
3224 5065 3454 5124 potentes
3479 5057 3652 5109 decer-

2081 5153 2208 5198 nunt
2222 5143 2509 5214 justitiam.
2555 5143 2730 5214 Reges
2758 5143 2886 5198 dicit
2912 5143 3193 5213 Apostolos
3219 5144 3333 5198 sive
3360 5125 3497 5198 alios
3522 5157 3646 5199 san-

2079 5244 2214 5298 ctos,
2247 5233 2337 5302 qui
2367 5243 2422 5287 et
2469 5234 2679 5303 seipsos
2725 5234 2981 5304 primum,
3012 5242 3066 5288 et
3106 5234 3297 5289 deinde
3353 5232 3648 5289 Ecclesium

2076 5325 2177 5380 sibi
2198 5324 2464 5379 subditam
2495 5323 2631 5378 bene
2654 5338 2839 5394 regere
2859 5326 3054 5377 sciunt.
3087 5323 3287 5394 Legum
3317 5323 3649 5387 conditores,

2075 5416 2349 5471 auditores
2364 5415 2644 5483 utriusque
2663 5411 3015 5480 Testamenti,
3029 5423 3085 5468 et
3098 5423 3383 5483 sequentes
3396 5413 3649 5467 Ecclesia:

2071 5507 2383 5576 scriptorcs,
2423 5505 2695 5576 principes
2740 5513 2795 5558 et
2839 5513 3086 5573 potentes
3134 5513 3357 5559 caeteros
3412 5504 3644 5559 lideliut'n

471 5597 539 5652 In
559 5600 774 5655 summis
801 5600 1114 5669 excelsisque
1143 5596 1415 5650 verticibus
1449 5611 1605 5666 super
1628 5597 1761 5651 viam
1791 5597 1844 5650 in
1866 5613 1974 5652 me-
2071 5603 2431 5667 praeceptores
2457 5608 2521 5647 ac
2551 5603 2792 5647 rectores
2821 5591 3070 5660 appellat,
3102 5593 3194 5660 qui
3234 5592 3420 5661 utique
3459 5606 3678 5645 omnes

400 5686 502 5740 diis
550 5687 744 5741 semitis
791 5699 935 5741 stans
984 5689 1138 5756 juxta
1194 5695 1369 5755 portas
1418 5686 1751 5741 civitatian
1791 5695 1971 5743 monte

2073 5705 2181 5744 non
2210 5689 2313 5743 nisi
2362 5704 2458 5760 per
2505 5687 2826 5757 sapientiam
2858 5696 2915 5741 ut
2944 5694 3126 5742 essent
3153 5687 3351 5757 aliquid
3402 5688 3642 5741 habent:
