3962 6198
309 276 413 333 Ἰθθ

1095 274 1460 335 EXPOSITIO
1500 277 1567 335 IN
1603 278 1899 336 PROVEKI

2037 281 2443 344 δΑιοιίοΝῐε.
2480 313 2557 334 σ-
2590 284 2718 341 LIB.
2757 283 2799 338 l.
2892 284 2903 293 '

3462 277 3565 337 ’ῖΐο

308 392 401 447 Ait
418 390 590 456 enim,
609 391 735 462 quia
751 407 864 447 sine
883 408 965 447 me
990 393 1123 449 nihil
1146 397 1358 465 potestis
1379 394 1551 466 facere
1572 396 1754 460 (Joan.
1777 396 1970 469 xv).\A
1999 400 2133 466 dies,
2157 403 2305 472 quia,
2327 411 2386 457 ut
2397 404 2655 474 propheta
2680 400 2779 465 ait,
2805 416 2837 453 a
2860 398 3114 469 principio
3133 412 3198 450 ea:
3218 396 3399 450 diebus
3416 409 3567 451 (Pler-

380 479 499 550 Ego
523 478 795 550 diligentes
837 497 918 534 me
942 481 1128 552 diligo,
1173 497 1221 538 et
1244 484 1337 554 qui
1377 500 1533 538 mane
1579 484 1794 555 vigilant
1822 486 1892 539 ad

313 589 394 627 me
419 571 685 626 invenient
717 588 817 626 me.
865 572 996 628 Tale
1021 581 1104 629 est
1145 582 1201 629 et
1235 574 1290 628 in
1318 575 1639 647 Evangelio:
1673 574 1776 640 Qui
1799 593 1893 630 au-

309 674 415 718 tem
458 663 635 733 diligit
665 679 766 729 me,
817 663 1066 734 diligetur
1087 682 1119 719 a
1147 663 1311 720 Patre
1345 683 1458 720 meo
1484 676 1530 720 et
1558 683 1651 737 ego
1677 667 1894 737 diligam

309 768 432 813 eum
475 761 526 805 et
569 751 915 821 manifestabo
942 753 991 805 ei
1031 769 1113 807 me
1154 755 1326 824 ipsum
1356 752 1538 826 (Joan.
1570 752 1701 823 xxv).
1741 755 1897 810 Mane

312 841 515 911 quippe
555 840 778 912 vigilant
800 841 869 896 ad
904 843 1246 913 sapientiam,
1283 844 1376 913 qui
1403 859 1616 912 semper
1641 844 1896 898 innovate

312 935 515 989 mentis
544 934 723 990 studio
748 934 814 989 ad
852 933 1054 990 Christi
1096 934 1359 990 visionem
1394 934 1706 1005 pertingere
1751 943 1898 989 sata-

312 1033 469 1094 gunt.

384 1112 594 1167 Mecum
615 1122 737 1167 sunt
757 1113 951 1168 divitiae
969 1122 1017 1167 et
1037 1112 1226 1184 gloria,
1251 1130 1372 1185 opes
1391 1115 1624 1183 superbae
1651 1122 1700 1169 et
1733 1113 1898 1183 justi-

311 1208 412 1260 tia.
447 1204 590 1275 Opes
630 1207 896 1275 superbas
917 1221 1048 1276 opes
1092 1206 1333 1261 excelsas
1365 1206 1517 1271 dicit,
1562 1214 1622 1260 ut
1654 1206 1896 1261 caelestia

312 1296 451 1350 dona
475 1295 757 1365 signiticet,
775 1293 960 1350 Graece
979 1295 1177 1349 etenim
1196 1296 1459 1366 superbus
1490 1294 1890 1365 Yperephanos,

317 1387 365 1440 id
390 1393 494 1444 est.
521 1400 681 1453 super
709 1399 972 1453 apparens
999 1384 1214 1450 dicitur,
1238 1393 1290 1439 et
1310 1385 1430 1440 ideo
1457 1394 1605 1440 recte
1630 1385 1895 1454 sapientia

313 1494 444 1547 opes
476 1477 857 1547 Yperephanas
903 1492 1084 1532 secum
1120 1493 1239 1533 esse
1284 1477 1437 1544 dicit,
1470 1477 1597 1548 quia
1636 1478 1897 1549 quidquid

313 1568 580 1622 donorum
634 1566 846 1621 cmiitus
906 1566 1151 1624 ﬁdelibus
1206 1568 1388 1633 datur,
1443 1568 1653 1623 cunctis
1707 1568 1894 1640 mundi

316 1660 512 1729 opibus
526 1657 875 1713 excellentius
894 1670 1013 1713 esse
1036 1659 1317 1728 probatur,
1334 1658 1480 1729 quod
1506 1659 1671 1715 etiam
1695 1660 1894 1715 adden-

1977 491 2175 546 nitatis
2198 494 2456 563 gaudebat
2477 508 2639 546 unum
2669 506 2778 544 esse
2798 504 2915 542 cum
2943 485 3100 540 Patre
3123 485 3306 556 (Mich.
3338 488 3411 556 v).
3436 486 3569 541 Erat

1992 583 2140 647 omni
2169 592 2414 653 tempore
2442 584 2631 638 ludens
2662 582 2715 636 in
2745 580 2873 635 orbe
2905 587 3189 641 terrarum,
3216 577 3343 646 quia
3372 585 3567 632 etcum

1995 679 2235 741 tempora
2264 675 2412 729 orbis
2438 689 2502 728 ac
2523 680 2787 727 creaturae
2803 685 2922 725 esse
2949 669 3262 738 erupissent,
3282 668 3399 737 ipse
3424 669 3569 738 quod

1995 770 2113 814 erat
2139 777 2261 816 cum
2293 772 2445 832 patre
2467 762 2608 816 ﬁlius
2634 761 2903 824 manebat,
2928 759 3041 813 haec
3066 758 3186 812 ideo
3214 772 3282 812 ne
3304 758 3424 827 quis
3444 773 3568 813 cum

1974 863 2117 903 .cum
2146 851 2411 904 creaturis
2437 859 2492 904 et
2522 848 2853 916 temporibus
2879 847 3110 915 coepisse
3143 845 3475 914 perhiberet.
3505 844 3570 898 Et

1984 938 2195 994 delicia:
2216 940 2330 1010 ejus
2350 950 2471 994 sunt
2504 955 2614 993 esse
2649 956 2765 992 cum
2800 938 2926 1006 ﬁliis
2959 938 3248 1000 hominum,
3271 936 3398 1006 quia
3425 935 3569 991 desi-

1995 1030 2151 1085 derat
2181 1030 2234 1085 in
2267 1045 2453 1085 comm
2483 1045 2667 1084 amore
2696 1028 2993 1097 quiescere,
3032 1042 3132 1081 nos
3158 1027 3421 1082 bonorum
3443 1040 3568 1096 gra-

1997 1120 2069 1173 tia
2096 1119 2410 1173 meritorum
2443 1119 2510 1173 ad
2537 1134 2596 1172 se
2621 1117 2907 1172 videndum
2931 1116 3243 1185 perducere.

2066 1208 2262 1262 Beatus
2281 1209 2433 1263 homo
2455 1208 2543 1278 qui
2567 1208 2715 1262 audit
2735 1223 2851 1269 me,
2867 1207 2955 1275 qui
2976 1203 3154 1274 vigilat
3181 1202 3250 1256 ad
3267 1203 3405 1270 [ores
3424 1218 3575 1256 meas

1995 1299 2244 1369 quotidie,
2289 1307 2334 1351 et
2392 1298 2621 1351 observat
2650 1296 2720 1350 ad
2747 1306 2915 1366 postes
2940 1294 3057 1347 ostii
3098 1294 3220 1347 ntei.
3250 1292 3417 1348 Fores
3445 1308 3579 1348 suas

1996 1400 2051 1444 et
2098 1397 2279 1457 postes
2333 1387 2454 1442 ostii
2511 1387 2593 1441 sui
2641 1385 2951 1455 Scripturas
3001 1391 3234 1445 sanctas,
3280 1389 3336 1436 et
3384 1396 3568 1435 eorum

1977 1479 2242 1533 doctores
2264 1485 2560 1545 nuncupat,
2583 1475 2698 1530 sine
2740 1472 2935 1543 quibus
2970 1472 3039 1529 ad
3054 1472 3224 1529 vitam
3276 1485 3435 1540 quam
3461 1469 3574 1540 poL

1999 1569 2193 1624 licetur
2219 1584 2325 1624 non
2355 1568 2599 1623 valemus
2633 1566 2859 1636 ingredi.

2595 1655 2821 1712 CAPUT
2874 1654 2976 1710 IX.
3060 1699 3067 1708 .

315 1752 382 1803 «ιο
399 1751 666 1819 justitiam
698 1748 1035 1805 manifestius
1065 1750 1315 1805 inculcat.
1340 1748 1475 1804 Nam
1499 1757 1742 1805 terrenas
1764 1764 1896 1820 opes
1923 1744 1971 1804 Β
2067 1749 2334 1820 Sapientia
2363 1749 2636 1817 wdiﬁcavit
2671 1747 2769 1800 sibi
2814 1746 3045 1801 domum.
3073 1743 3210 1811 Quia
3248 1744 3316 1799 de
3357 1742 3572 1798 aeterni-

319 1852 370 1895 et
400 1841 631 1911 gloriam
664 1840 858 1909 saepius
894 1840 1093 1896 habent
1139 1840 1346 1911 injusti,
1398 1856 1491 1894 nos
1525 1850 1696 1894 autem
1733 1840 1787 1893 in
1816 1856 1899 1893 re-

321 1929 680 1993 surrectt'one,
699 1929 839 1982 sicut
866 1927 1058 1983 Petrus
1108 1929 1206 1993 ait,
1258 1945 1413 1983 novos
1449 1928 1600 1983 ctelos
1630 1938 1675 1982 et
1720 1944 1901 1982 novam

319 2030 516 2072 terram
547 2028 597 2072 et
640 2018 893 2089 promissa
922 2019 1085 2088 ipsius
1110 2031 1467 2090 exspectamus
1498 2018 1583 2092 (II
1614 2016 1762 2073 Petr.
1794 2017 1900 2087 ut),

325 2107 377 2159 in
412 2106 609 2174 quibus
630 2106 840 2176 justitia
864 2107 1090 2160 habitat.

388 2193 649 2248 Dominus
678 2194 904 2265 possedit
932 2212 1013 2249 me
1036 2197 1247 2250 iniium
1286 2198 1486 2251 viarum
1524 2214 1763 2251 suarum.
1791 2196 1901 2251 Via}

321 2282 537 2335 Domini
582 2292 707 2337 sunt
752 2298 915 2353 opera
945 2282 1080 2351 ejus,
1125 2301 1352 2354 quorum
1380 2285 1810 2341 consideratione
1835 2286 1902 2340 ad

323 2372 485 2427 ﬁdem
520 2372 602 2427 vel
648 2374 973 2445 agnitionem
1009 2375 1253 2444 pervenit
1294 2360 1589 2439 hominum,
1622 2375 1900 2430 inuisibilia

319 2466 459 2517 enim
505 2464 669 2532 ipsius
700 2482 731 2517 a
756 2475 995 2518 creatura
1028 2465 1209 2519 mundi
1237 2483 1327 2536 per
1352 2483 1413 2520 ea
1456 2482 1571 2537 qua:
1605 2466 1745 2535 facta
1780 2473 1901 2519 sunt

320 2552 581 2607 intellecta
606 2555 993 2624 conspiciuntur
1025 2553 1201 2622 (Rom.
1236 2556 1296 2627 ι).
1341 2555 1451 2610 νίω
1479 2540 1595 2625 ejus
1620 2568 1748 2611 sunt
1774 2558 1900 2626 ipsa:

320 2642 761 2707 illuminationcs,
812 2658 910 2712 per
948 2659 1082 2712 quas
1130 2659 1190 2697 se
1219 2653 1274 2699 et
1326 2645 1583 2715 angelicis
1625 2646 1902 2714 spiritibus

322 2740 378 2784 et
398 2732 674 2786 mentibus
699 2732 934 2787 ostendit
960 2733 1227 2798 humanis,
1259 2733 1309 2787 in
1352 2750 1579 2802 quarum
1611 2734 1763 2788 initio
1791 2738 1900 2788 via-

322 2838 443 2876 rum
470 2824 788 2892 sapientiam
815 2825 1073 2894 possedit,
1092 2826 1214 2894 quia
1245 2826 1296 2880 in
1320 2827 1616 2896 primordio
1641 2836 1901 2883 creatura:

327 2916 604 2972 nascentis
633 2916 817 2981 ﬁlium,
850 2917 1084 2987 quicum
1112 2934 1178 2973 eo
1212 2927 1403 2973 cuneta
1446 2920 1756 2989 disponeret
1802 2921 1900 2974 ha-

326 3007 463 3060 huit.
490 3005 598 3061 Sed
646 3022 713 3061 ne
745 3014 957 3077 putaret
992 3008 1185 3077 aliquis
1217 3010 1404 3063 harum
1431 3008 1485 3062 in
1514 3009 1668 3063 initio
1693 3010 1901 3071 viarum

2005 1848 2116 1894 tate
2140 1839 2438 1893 divinitatis
2488 1838 2686 1892 Christi
2734 1834 3060 1889 sufﬁcienter
3084 1836 3317 1900 dixerat,
3343 1835 3494 1889 addit
3522 1841 3583 1887 et

2004 1929 2069 1984 de
2116 1937 2390 1997 assumpta
2439 1926 2772 1981 humanitate
2828 1925 3027 1979 dicere.
3093 1923 3366 1994 Sapientia
3413 1923 3577 1993 igitur

2001 2017 2287 2072 aediﬁcavit
2334 2016 2441 2071 sibi
2470 2015 2708 2078 domum,
2741 2015 2865 2084 quia
2921 2013 3193 2067 hominem
3242 2011 3407 2066 Filius
3451 2012 3573 2077 Dei,-

2002 2122 2161 2176 quem
2229 2107 2283 2159 in
2347 2105 2551 2160 unitate
2615 2119 2724 2158 suae
2786 2116 3032 2173 personae
3106 2102 3404 2170 susciperet
3464 2102 3575 2170 ipse

2003 2198 2222 2254 creavit.

2078 2288 2283 2343 Excidit
2330 2286 2596 2340 columnas
2658 2295 2866 2354 septem.
2930 2283 3198 2338 Ecelesias
3244 2298 3340 2353 per
3388 2283 3571 2336 orbem

2002 2379 2304 2451 septiformi
2334 2380 2506 2448 gratia
2537 2377 2773 2447 Spiritus
2816 2376 3009 2431 erexit.
3034 2374 3165 2442 Qua:
3192 2375 3409 2430 domum
3431 2373 3570 2442 ejus;

2002 2475 2054 2529 id
2083 2483 2186 2536 est,
2234 2471 2546 2543 mysterium
2582 2467 2968 2524 incarnationis
2992 2465 3128 2533 ejus,
3162 2480 3228 2521 ne
3250 2464 3574 2536 perﬁdorqu

2005 2561 2349 2632 inprobitate
2378 2558 2637 2614 memoria
2686 2556 2982 2623 tolleretur,
3037 2555 3326 2619 credendo,
3355 2553 3577 2609 colendo

2001 2666 2056 2710 et
2094 2654 2455 2725 praedicando,
2508 2652 2665 2722 quasi
2716 2651 3068 2705 sustentando
3092 2649 3448 2713 continerent,
3492 2646 3587 2702 vel-

2001 2748 2148 2799 certe
2176 2742 2453 2812 sapientia:
2496 2741 2692 2795 domus
2735 2738 2974 2794 Eccles‘a
3003 2736 3204 2792 Christi
3238 2744 3341 2801 est,
3371 2735 3577 2790 colum-

2003 2850 2087 2889 na:
2135 2842 2317 2897 autem
2348 2833 2598 2887 doctores
2627 2839 2828 2884 sancta:
2854 2829 3109 2883 Ecclesia:
3138 2826 3431 2897 septiformi
3460 2824 3580 2895 Spic-

2001 2925 2107 2979 ritu
2136 2924 2301 2994 pleni,
2342 2922 2528 2993 quales
2558 2919 2708 2975 fuere
2750 2918 2934 2983 Iacob,
2969 2918 3181 2989 Cephas
3222 2925 3277 2973 et
3319 2915 3577 2981 Joannes,

2004 3030 2139 3084 quas
2181 3013 2435 3068 nimirum
2472 3011 2749 3065 columnas
2799 3008 3062 3079 sapientia
3115 3008 3332 3073 excidit,
3358 3008 3481 3076 quia
3510 3007 3579 3063 ab

325 3098 412 3153 vel
434 3097 722 3167 aliquando
753 3107 876 3154 ante
904 3108 1140 3170 tempora
1165 3099 1331 3154 lilium
1356 3114 1476 3155 esse
1505 3101 1735 3171 caspisse
1756 3101 1891 3172 vigi-
1922 3088 1967 3149 Ο
2000 3118 2187 3159 amore
2241 3101 2527 3172 przesentis
2575 3099 2759 3154 saeculi
2805 3096 3100 3166 disjunetas
3149 3097 3215 3151 ad
3258 3096 3586 3166 portandam

322 3189 500 3243 lanter
520 3189 764 3259 adiunxit
787 3204 801 3243 :

393 3279 687 3350 Antequam
708 3279 989 3349 quidquam
1016 3278 1209 3348 faceret
1243 3297 1275 3333 a
1301 3280 1578 3350 principio,
1604 3281 1668 3333 ab
1708 3291 1901 3335 aeterno

328 3373 571 3425 ordinata
592 3388 731 3437 sum,
759 3382 805 3426 et
829 3388 891 3426 ea:
923 3373 1149 3442 antiquis
1176 3382 1451 3443 antequam
1491 3381 1630 3425 terra
1659 3372 1824 3441 ﬁeret,
1848 3382 1905 3427 et

331 3472 555 3528 caetera,
573 3480 745 3534 usque
794 3465 918 3519 dum
958 3466 1055 3530 ait,
1097 3466 1305 3536 quando
1347 3468 1666 3536 appendebot
1710 3469 1903 3538 funda-

330 3563 501 3606 menta
529 3563 703 3618 terra',
753 3570 870 3606 cum
916 3571 975 3608 eo
1022 3571 1165 3608 eram
1208 3565 1393 3609 cuncta
1427 3572 1751 3627 componens.
1805 3559 1901 3614 Cui

332 3643 503 3697 simile
529 3642 685 3697 estin
718 3643 1024 3714 Evangelio.
1067 3643 1135 3697 In
1156 3644 1407 3715 principio
1443 3656 1552 3700 erat
1589 3646 1903 3712 Verbum,.et

344 3730 561 3786 Verbum
614 3743 724 3787 erat
773 3734 914 3804 apud
968 3732 1156 3799 Deum,
1193 3743 1241 3787 et
1287 3733 1427 3788 Deus
1481 3746 1595 3789 erat
1654 3734 1900 3802 Verbum,

332 3825 506 3877 omnia
537 3840 630 3894 per
654 3825 823 3893 ipsum
850 3823 995 3892 [acta
1036 3833 1154 3877 sunt
1198 3822 1377 3894 (Joan.
1419 3828 1478 3896 ι).
1508 3824 1734 3879 Pereaut
1775 3839 1902 3895 ergo

331 3911 417 3979 qui
450 3920 651 3981 negant
681 3911 774 3965 Dei
796 3911 1071 3975 virtutem,
1090 3919 1144 3964 et
1177 3911 1267 3964 Dei
1295 3911 1634 3980 sapientiam,
1656 3912 1903 3965 videlicet

330 4001 603 4056 Christum
650 4000 718 4055 ab
760 4000 938 4064 initio,
968 4000 1077 4055 imo
1099 4007 1154 4055 et
1190 4009 1317 4054 ante
1338 4015 1495 4054 omne
1523 4001 1666 4070 quod
1693 4002 1794 4055 diei
1818 4001 1901 4055 vel

328 4093 549 4168 cogitari
576 4100 776 4162 potest,
802 4091 1014 4146 initium
1039 4091 1109 4147 ab
1134 4091 1248 4161 ipso
1279 4102 1432 4161 patre
1461 4090 1625 4148 fuisse
1652 4094 1902 4164 progeni-

330 4182 471 4251 tum;
513 4183 618 4237 alia
649 4182 951 4247 translatio,
973 4183 1116 4236 hunc
1154 4180 1331 4236 locum
1369 4182 1445 4235 ita
1471 4182 1694 4250 incipit:
1724 4183 1903 4236 Domi-

334 4292 429 4330 nus
460 4274 653 4329 creavit
678 4289 759 4327 me
786 4272 1103 4342 principium
1146 4273 1347 4325 viarum
1387 4287 1602 4325 suarum
1644 4272 1699 4325 in
1746 4287 1901 4341 opera

328 4384 444 4420 sua.
471 4366 625 4433 Quod
649 4366 717 4420 de
745 4364 1119 4420 incarnatione
1166 4364 1441 4419 Dominiea
1485 4365 1684 4420 dictum
1713 4365 1900 4420 Patres

330 4459 656 4530 intelligunt,
688 4458 933 4513 dicentes
960 4457 1087 4528 quia
1111 4456 1246 4512 certi
1277 4446 1450 4527 gratia
1488 4453 1901 4527 mysterii'dixe-

329 4554 398 4607 rit
424 4572 437 4605 :
466 4552 725 4607 Dominus
754 4551 949 4606 creavit
994 4566 1094 4615 me,
1125 4556 1181 4604 et
1209 4563 1338 4614 non,
1365 4547 1527 4603 Pater
1556 4548 1756 4603 creavit
1796 4564 1899 4603 me.

327 4648 486 4711 Caro,
535 4646 807 4716 inquiunt,
848 4644 1134 4698 Dominum
1182 4644 1443 4713 agnoscit,
1479 4642 1646 4715 gloria
1688 4641 1903 4698 Patrem

331 4739 527 4807 signat,
545 4744 791 4792 creatura
808 4734 1091 4790 Dominum
1111 4733 1418 4799 conﬁtetur,
1435 4735 1669 4790 charitas
1686 4734 1901 4789 Patrem

330 4828 498 4880 novit.
532 4825 884 4895 Principium,
922 4822 1006 4879 vel
1056 4824 1109 4877 in
1140 4823 1404 4894 principio
1433 4824 1636 4877 viarum
1663 4839 1901 4876 suarum.

330 4919 395 4973 Et
424 4920 538 4990 ipse
585 4920 660 4973 ait
703 4935 716 4972 :
757 4915 871 4987 Ego
898 4933 1014 4971 sum
1039 4917 1143 4982 via,
1172 4916 1297 4986 quia
1343 4931 1568 4987 surgens
1600 4931 1628 4969 a
1673 4915 1901 4970 mortuis

332 5010 434 5062 iter
463 4992 589 5063 fecit
606 5007 861 5063 Ecclesiae
887 5022 998 5063 sua:
1018 5007 1086 5063 ad
1117 5021 1337 5077 regnum
1361 5006 1542 5061 Deiad
1563 5007 1728 5059 vitam
1748 5015 1901 5061 alter.—

332 5116 476 5156 nam.
506 5100 574 5154 In
593 5117 749 5170 opera
777 5117 897 5165 sua,
932 5101 1056 5169 quia
1087 5100 1155 5155 ad
1200 5098 1510 5154 redimenda
1544 5113 1705 5166 opera
1736 5098 1906 5166 patris

334 5206 363 5244 a
392 5190 709 5261 corruptela:
744 5191 973 5245 servitio
1005 5190 1261 5246 liberaret
1290 5209 1301 5244 :
1332 5205 1462 5245 caro
1506 5189 1652 5244 enim
1703 5188 1905 5243 Christi

332 5292 547 5352 pr0pter
575 5297 767 5352 opera,
794 5281 1047 5336 divinitas
1077 5291 1201 5335 ante
1226 5297 1411 5351 opera.

403 5371 470 5424 Et
516 5353 829 5425 delectabar.
856 5387 949 5441 per
998 5371 1230 5440 singulos
1280 5370 1389 5425 dies
1419 5370 1604 5424 ludens
1634 5385 1809 5423 caram
1847 5384 1907 5422 eo

1931 4427 1978 4486 D

2001 3191 2243 3263 ejusdem
2292 3191 2552 3248 Ecclesia:
2599 3188 2862 3245 fabricam
2909 3196 3121 3244 mentes
3170 3186 3582 3259 pmdicantium

2004 3285 2198 3340 erexit.

2074 3373 2369 3429 Immolavit
2400 3373 2634 3427 victimas
2685 3388 2831 3426 suas.
2876 3369 3002 3425 Suis
3030 3368 3371 3440 passionibus
3391 3367 3581 3422 Eccle-

2003 3467 2137 3520 siam
2169 3464 2534 3530 conservavit,
2568 3463 2657 3517 vel.
2699 3463 2865 3517 vitam
2916 3461 3317 3531 praedicandum
3354 3460 3579 3514 mactari

2003 3558 2056 3611 in
2085 3556 2456 3627 persecutione
2496 3554 2763 3623 permisit,
2814 3552 3013 3621 quibus
3063 3550 3309 3605 videlicet
3346 3549 3584 3605 victimis

2003 3646 2292 3702 contraria:
2333 3653 2458 3699 sunt
2504 3644 2737 3697 victima:
2777 3640 3109 3704 meretricis,
3133 3640 3199 3694 ad
3227 3654 3362 3708 quas
3386 3639 3587 3694 stultos

2004 3740 2219 3803 invitat,
2251 3746 2310 3791 ut
2340 3752 2501 3807 super
2540 3736 2737 3788 lectum
2787 3741 2892 3798 est,
2923 3734 3107 3787 dicens
3135 3749 3148 3784 :
3194 3728 3441 3785 Viotimas
3485 3746 3583 3801 pro

2002 3831 2172 3884 salute
2209 3829 2383 3892 debui,
2410 3828 2564 3881 hodie
2588 3826 2792 3879 reddidi
2816 3833 2935 3877 vota
2957 3839 3093 3876 mea.

2075 3919 2287 3973 Miscuit
2328 3920 2498 3972 vinum
2541 3926 2590 3970 et
2616 3915 2880 3986 proposuit
2927 3928 3159 3966 mensam
3185 3927 3353 3965 suam.
3377 3910 3579 3965 Divini-

2006 4010 2132 4064 tatis
2180 4023 2289 4062 suae
2331 4021 2527 4061 arcana
2568 4019 2764 4074 capere
2799 4018 2904 4057 non
2934 4002 3252 4065 valentlbus,
3286 4010 3589 4069 assumptus

2003 4098 2356 4155 humanitatis
2403 4104 2739 4152 sacramenta
2802 4093 3095 4164 patefecit,
3161 4100 3216 4146 et
3282 4090 3579 4161 Scriptum

2003 4205 2173 4245 saera:
2194 4188 2385 4259 pabula
2408 4188 2564 4243 nobis
2598 4184 2888 4267 aperiendo
2917 4182 3259 4254 prteparavit.

2073 4284 2218 4339 Misit
2250 4282 2470 4338 ancillas
2504 4299 2628 4336 suas
2669 4291 2721 4335 ut
2752 4289 2994 4334 vocarent
3049 4279 3118 4334 ad
3174 4295 3365 4345 arcem,
3405 4289 3454 4334 et
3506 4280 3589 4334 ad?

2005 4376 2194 4429 mania
2228 4374 2469 4428 civitatis.
2508 4373 2895 4428 Praxiicatores
2941 4370 3183 4425 inﬁrmos
3230 4386 3294 4425 ac
3332 4370 3589 4440 despica-v

2008 4468 2144 4522 biles
2186 4465 2367 4535 elegit,
2401 4466 2490 4533 qui
2540 4462 2723 4518 ﬁdeles
2749 4461 2976 4532 p0pulos
3023 4461 3091 4515 ad
3134 4474 3361 4532 superna
3387 4461 3591 4530 patric

2009 4558 2247 4613 caelestis
2271 4556 2495 4611 aediﬁcia
2526 4554 2854 4625 colligerent.

2078 4644 2136 4701 Si
2165 4647 2279 4716 quis
2306 4654 2381 4697 est
2404 4643 2650 4714 parvulus
2684 4642 2853 4696 veniat
2888 4641 2956 4695 ad
2986 4657 3085 4695 me.
3122 4638 3191 4693 Et
3219 4638 3592 4711 insipientibus

2009 4736 2184 4789 locuta
2215 4745 2310 4788 est.
2342 4733 2602 4788 Parvulos
2638 4732 2771 4788 dicit
2815 4731 3066 4796 humiles,
3113 4729 3427 4800 insipientes
3447 4743 3593 4784 velut

2009 4842 2139 4891 eos,
2169 4826 2257 4895 qui
2288 4827 2354 4880 de
2383 4826 2666 4879 mundanae
2710 4822 2985 4892 sapientiae
3030 4820 3170 4874 fastu
3218 4819 3294 4873 nil
3338 4819 3585 4881 habent;

2010 4918 2142 4973 tales
2167 4925 2347 4971 autem
2373 4925 2531 4971 vocat
2548 4924 2606 4968 ut
2630 4928 2726 4968 eos
2749 4927 2847 4967 sua
2873 4909 3117 4967 doctrina
3152 4907 3421 4977 sapientes
3450 4903 3590 4959 red-

2009 5008 2102 5060 dat
2124 5015 2176 5060 et
2198 5005 2359 5059 altos.

2092 5093 2307 5158 Venite,
2332 5092 2581 5146 comedite
2620 5106 2805 5161 panem
2857 5103 3065 5151 meum,.
3100 5092 3148 5139 et
3192 5083 3347 5137 bibite
3399 5082 3587 5136 sinum

2015 5185 2153 5257 quod
2194 5184 2377 5237 miscui
2419 5183 2580 5236 vobis.
2631 5181 2685 5234 In
2731 5194 2869 5249 pane
2908 5177 3087 5231 divina
3113 5173 3351 5243 eloquia,
3375 5172 3590 5227 invino

2019 5277 2188 5330 mixto
2213 5274 2499 5342 conjuncta
2546 5273 2597 5325 in
2627 5286 2785 5325 unam
2811 5268 3009 5324 Christi
3047 5279 3334 5336 personam
3361 5264 3593 5319 deitatisv

2006 5373 2062 5419 et
2102 5363 2452 5418 humanitatis
2501 5360 2615 5428 ejus
2661 5370 2858 5414 natura.
2911 5355 3254 5426 exprimitur,
3306 5362 3366 5409 ut
3414 5370 3591 5424 supra.

334 5463 471 5516 omni
499 5476 744 5532 tempore.
785 5460 990 5515 Ludens
1038 5462 1094 5517 in
1141 5461 1261 5515 orbe
1308 5471 1589 5525 terrarum,
1616 5448 1680 5513 let
1709 5457 1910 5511 delicia:
2010 5452 2213 5506 dictum
2241 5460 2345 5515 cst,
2372 5449 2457 5504 vel
2487 5456 2634 5503 certe
2656 5448 2707 5501 in
2730 5461 2869 5516 pane
2888 5446 3133 5515 corporis
3150 5445 3342 5515 ipsius,
3372 5443 3429 5497 in
3449 5444 3586 5498 vino-

334 5571 478 5617 :nca',
501 5569 611 5606 esse
635 5568 753 5606 cum
772 5552 897 5621 filiis
921 5553 1210 5607 hominum.
1260 5551 1556 5605 Ludentem
1603 5547 1730 5602 dicit
1772 5563 1906 5617 gau—

2012 5545 2179 5617 mixto
2194 5541 2465 5611 sanguinis
2481 5539 2809 5594 sacrosancti
2835 5538 3173 5608 mysterium,
3185 5551 3303 5607 quo!
3319 5536 3372 5591 in
3395 5535 3585 5600 altari,

340 5641 566 5696 dentem.
619 5643 748 5697 Erat
775 5659 905 5713 ergo
933 5643 1123 5698 ludens
1161 5659 1341 5696 coram
1373 5651 1525 5710 patre
1553 5655 1653 5709 per
1675 5639 1911 5707 singulos
2012 5648 2195 5688 mensa
2223 5633 2470 5685 videlicet
2492 5631 2608 5699 ciuis
2638 5630 2918 5691 satiamur,
2941 5628 3261 5683 ostcudi‘ur.
