3962 6198
334 351 432 414 7H

977 357 1038 412 Β.
1081 355 1339 412 ιιλΒΔιςι
1376 353 1592 411 MAUBI
1629 346 1925 408 Αιιειιῑεῐ»

2037 345 2299 405 ξοευκτ.
2342 342 2624 402 ΟΡΕΒιῖΜ
2659 343 2840 400 PARS
2879 342 2964 399 Ill.

3483 336 3600 395 Ἰιὲ

401 473 706 546 Πιιὲιιφιίιες
737 471 1020 541 infantiam
1047 481 1093 525 et
1116 471 1282 536 visite,
1305 478 1354 526 et
1391 468 1659 522 ambulate
1681 482 1776 536 per
1803 463 1909 517 aias
1940 464 1988 521 A
2017 464 2320 517 convivimu
2368 477 2505 532 pene
2531 461 2720 516 iisdem
2749 461 2929 514 verbis
2957 459 3186 512 invitare
3217 459 3448 512 vitetur.
3487 457 3602 512 Sed

327 566 642 639 prudentiw.
674 563 804 619 Post
828 563 1042 620 oblatas
1063 560 1248 632 epulas
1286 560 1432 614 addit
1462 566 1517 613 et
1540 559 1664 612 vita:
1690 554 1912 617 monita,

331 663 394 712 ut
425 670 564 726 quos
593 654 862 724 perceptis
892 667 1004 707 sua:
1033 649 1426 706 incarnationis
1473 646 1746 719 mysteriis
1773 642 1914 698 refe-

329 747 430 813 cit,
455 746 718 803 doctrinae
754 745 962 816 pariter
983 743 1232 798 instituat
1249 739 1450 796 verbis.

405 838 512 904 Qui
553 835 725 892 erudit
779 835 1066 888 derisorcm
1119 832 1228 904 ipse
1255 830 1354 885 sibi
1378 829 1506 899 facit
1547 827 1828 898 injuriam,
1867 835 1918 879 et

329 930 423 1001 qui
465 928 640 998 arguit
679 927 918 995 impium,
949 935 1162 995 generat
1205 924 1466 977 maculans
1504 923 1623 976 sibi.
1646 919 1808 988 Qdasi
1839 919 1921 972 in-

337 1030 664 1087 terrogares.
695 1015 806 1071 Cur
848 1014 1110 1084 sapientia
1155 1013 1408 1084 parvulos
1456 1025 1570 1080 pra:
1609 1009 1821 1064 cteteris
1865 1014 1922 1062 et

335 1106 654 1176 insipientes
681 1105 750 1158 ad
776 1119 903 1159 suas
932 1104 1192 1158 invitaret
1233 1103 1420 1173 epulas
1461 1118 1476 1154 :
1525 1101 1672 1166 Ideo,
1722 1097 1918 1168 inquit,

335 1197 457 1259 l'eci,
517 1194 642 1264 quia
693 1192 896 1248 frustra
943 1193 1187 1260 laborat,
1236 1194 1329 1264 qui
1369 1193 1592 1248 verbum
1648 1189 1923 1260 sapientia:

333 1286 608 1342 inculcare
650 1285 843 1340 nititur
885 1287 960 1350 ei,
1013 1285 1106 1355 qui
1153 1286 1340 1341 audire
1368 1285 1682 1349 contemnit,
1710 1283 1923 1354 sapien-

331 1378 530 1432 tiorem
558 1393 618 1432 se
635 1377 860 1432 doctore
883 1391 939 1431 et
967 1374 1228 1444 majorem
1265 1377 1502 1431 existere
1529 1376 1776 1430 credens.

409 1469 537 1524 Noli
565 1485 786 1540 arguere
817 1469 1102 1524 derisorem
1124 1485 1189 1522 ne
1210 1469 1378 1523 oderit
1399 1479 1468 1522 te.
1485 1467 1601 1522 Non
1625 1476 1708 1523 est
1729 1467 1924 1522 timen-

343 1560 474 1614 dum
515 1575 582 1613 ne
611 1558 706 1614 tibi
736 1557 948 1614 derisor
977 1573 1099 1614 cum
1141 1557 1388 1628 arguitur
1415 1556 1767 1612 contumelias
1790 1555 1926 1610 infe-

343 1657 444 1712 rat,
500 1649 594 1703 sed
645 1648 750 1703 hoc
795 1648 977 1718 potius
1024 1647 1440 1718 providendum,
1499 1663 1568 1701 ne
1603 1655 1810 1700 tractus
1857 1645 1928 1700 ad

338 1739 518 1791 odium
545 1735 695 1808 pejor
717 1736 830 1790 ﬁat.
861 1735 1095 1806 Ideoque
1124 1735 1220 1790 tibi
1255 1735 1543 1806 aliquOtics
1564 1736 1633 1790 ab
1659 1733 1776 1802 ejus
1800 1748 1925 1787 cor-

2017 555 2200 620 distat,
2232 555 2374 624 quod
2399 553 2488 608 illa
2516 552 2833 622 simpliciter
2859 551 2928 606 ad
2955 565 3011 604 se
3038 549 3242 611 venire,
3281 548 3395 602 haec
3415 557 3604 602 autem

2018 660 2158 715 quos
2183 653 2343 700 vocat
2362 645 2430 700 ad
2457 659 2516 698 se
2536 643 2812 698 declinare
2831 641 3043 704 suadet,
3072 639 3195 708 quia
3223 636 3314 692 illa
3341 637 3606 691 nimirum

2019 734 2088 790 ad
2118 743 2326 790 rectum
2376 733 2604 788 actionis
2643 733 2746 786 iter
2773 745 2909 801 quos
2935 738 3182 784 errantes
3210 728 3384 783 cernit
3410 741 3610 782 accer—

2019 824 2122 892 sit;
2154 825 2269 880 baec
2291 831 2440 878 recte
2457 823 2766 894 gradientes
2789 821 2859 876 ab
2899 819 3094 874 itinere
3127 833 3226 872 suo
3257 815 3496 884 deviare,
3547 825 3615 870 et

2022 917 2090 972 ad
2117 931 2177 971 se
2203 915 2471 971 divertere
2493 915 2668 970 docet.

2083 1005 2258 1077 atque
2284 1005 2493 1076 furtim
2516 1003 2780 1058 dulciores
2819 1011 2961 1067 sunt,
2994 1009 3042 1055 et
3074 1000 3226 1070 panis
3267 997 3613 1054 absconditus

2022 1101 2254 1155 suavior.
2311 1099 2588 1170 Sapientia
2652 1097 2827 1168 palam
2889 1109 3132 1150 mensam
3189 1092 3500 1163 proposuit,
3548 1099 3621 1145 et

2023 1189 2241 1246 miscuit
2263 1189 2445 1243 viuum
2477 1201 2653 1251 suum,
2697 1196 2752 1239 at
2785 1183 2947 1240 stulta
2989 1181 3186 1238 mulier
3209 1181 3284 1236 nil
3328 1195 3616 1236 meracum

2023 1279 2230 1336 habens
2275 1279 2341 1332 ad
2374 1293 2543 1348 aquas
2585 1277 2832 1339 furtivas,
2877 1284 2934 1330 et
2981 1273 3356 1329 absconditum
3408 1286 3618 1342 pauent

1925 1379 1934 1400 ‘
2025 1387 2376 1445 quoscunque
2407 1371 2549 1426 valet
2579 1377 2856 1440 aggregat,
2905 1367 3028 1438 quia
3056 1365 3332 1422 Catholica
3364 1363 3619 1420 Ecclesia

2025 1467 2200 1540 palam
2231 1465 2430 1520 mundo
2457 1465 2770 1518 diurnorum
2818 1460 3153 1531 eloquiorum
3205 1458 3444 1514 convivia
3473 1473 3624 1528 pan-

2026 1559 2127 1624 dit,
2157 1555 2456 1612 divinitatis
2482 1565 2536 1609 et
2553 1552 2909 1608 humanitatis
2939 1549 3140 1605 Christi
3190 1548 3442 1620 mysteria
3464 1545 3624 1602 cele-

2027 1648 2234 1704 branda
2257 1647 2522 1718 prmcipit,
2545 1645 2626 1699 vel
2658 1652 2806 1700 certe
2840 1643 2894 1697 in
2933 1642 3060 1696 vino
3088 1639 3257 1694 mixto
3295 1639 3623 1694 bistoricam

2029 1742 2208 1805 simul,
2235 1750 2290 1796 ct
2313 1739 2656 1810 allegoricam
2679 1737 3015 1793 auditoribus
3037 1735 3151 1790 suis
3178 1733 3456 1789 scientiam
3485 1745 3620 1803 pro-

341 1829 584 1899 reptione
633 1843 743 1883 non
777 1836 886 1882 tua:
938 1828 1266 1891 timiditatis,
1315 1828 1410 1884 sed
1463 1829 1768 1884 dilectionis
1812 1827 1927 1895 ejus
1957 1813 2002 1876 Β
2030 1833 2199 1904 pinat,
2225 1839 2285 1885 υι
2328 1847 2429 1902 pro
2461 1845 2558 1885 suo
2586 1843 2854 1900 quemque
2896 1836 3056 1897 captu
3079 1827 3206 1880 vim:
3249 1823 3453 1894 poculis
3487 1824 3630 1878 reﬂ-

339 1920 514 1988 gratia
544 1919 890 1974 cessandum.

411 2012 586 2080 Argue
605 2011 891 2080 sapientem
917 2020 966 2064 et
987 2009 1166 2082 diliget
1189 2020 1257 2066 te.
1277 2010 1586 2082 Sapientem
1613 2010 1665 2064 in
1687 2009 1926 2079 profectu

343 2099 598 2169 positum,
654 2098 706 2154 id
740 2107 850 2166 est,
898 2109 1197 2155 amatorem
1244 2100 1521 2171 sapientiae
1569 2099 1718 2164 dicit,
1770 2113 1928 2168 quem

339 2205 504 2259 supra
557 2204 669 2260 prae
715 2191 1018 2246 humilitate
1059 2191 1342 2261 parvulum
1399 2189 1750 2261 nuncupavit,
1806 2203 1929 2244 nam

343 2281 617 2351 perfectus
649 2282 864 2352 sapiens
884 2297 992 2337 non
1025 2283 1186 2338 habet
1212 2299 1348 2353 opus
1371 2283 1549 2354 argui.

421 2371 615 2427 "utier
663 2373 827 2428 stulta
879 2383 928 2428 et
981 2373 1212 2428 clamosa
1257 2373 1510 2444 plenaque
1561 2372 1842 2438 illecebris,
1883 2383 1931 2426 ct

341 2463 471 2518 nihil
497 2463 712 2517 mnino
744 2463 917 2517 sciens
939 2464 1071 2518 sedit
1101 2466 1155 2519 in
1178 2465 1379 2534 foribus
1400 2481 1586 2520 contus
1615 2481 1747 2532 suta,
1775 2481 1934 2536 super

342 2553 550 2609 sellam.
605 2552 794 2607 Mulier
845 2563 1026 2608 autem
1077 2555 1193 2610 hazc
1233 2555 1454 2610 ha‘rcsls
1501 2566 1606 2621 est,
1657 2555 1933 2611 contraria

345 2645 602 2699 nimirum
652 2641 953 2711 sapientiae,
1004 2658 1125 2713 qua:
1157 2659 1255 2698 sua
1308 2646 1558 2714 superius
1597 2652 1934 2700 sacramenta

349 2735 568 2790 cecinit.
599 2733 754 2790 Sedit
778 2745 957 2791 autem
983 2746 1040 2791 et
1075 2737 1190 2807 ipsa
1227 2737 1281 2791 in
1335 2736 1542 2793 foribus
1564 2739 1755 2795 domus
1799 2753 1930 2805 suae,

349 2827 405 2881 id
451 2834 554 2892 est,
606 2827 660 2881 in
699 2827 1011 2883 doctoribus
1045 2827 1316 2896 falsitatis,
1367 2831 1492 2899 quia
1544 2830 1598 2885 in
1637 2831 1934 2900 penetralia

345 2917 588 2988 perﬁdiae
618 2918 845 2973 miseros
883 2917 1117 2975 fallendo
1146 2920 1512 2976 introducunt.
1545 2919 1720 2992 Super
1746 2921 1931 2977 sellam

346 3017 553 3074 autem,
597 3009 724 3079 quia
771 3010 1084 3066 cathedram
1126 3011 1229 3067 sibi
1269 3011 1667 3082 praedicationis
1689 3019 1932 3082 usurpat.

347 3101 474 3158 Haec
516 3114 602 3159 est
646 3105 906 3160 cathedra
960 3105 1303 3176 pestilentiae,
1347 3105 1400 3160 in
1451 3121 1556 3176 qua
1614 3105 1803 3160 beatus
1851 3105 1937 3159 vir

345 3193 537 3247 sedere
561 3194 846 3248 detrectat.
887 3193 953 3248 In
980 3194 1184 3248 excelso
1234 3195 1380 3249 urbis
1419 3195 1550 3250 loco.
1583 3195 1724 3252 Dicit
1769 3204 1824 3252 et
1867 3195 1934 3251 de
1961 3177 2006 3238 (ἶ

346 3283 635 3352 sapientia,
669 3284 793 3351 quia
827 3283 880 3337 in
911 3285 1136 3338 summis
1149 3284 1495 3353 ,excelsisque
1523 3285 1812 3340 verticibus
1842 3285 1934 3340 dat

349 3387 538 3426 vocem
565 3388 739 3438 suam,
770 3373 866 3428 sed
899 3373 987 3428 illa
1024 3375 1077 3428 in
1119 3374 1449 3430 sublimitate
1491 3377 1772 3444 virtutum,
1819 3378 1935 3433 huic

349 3459 402 3514 in
431 3461 723 3530 supercilio
741 3462 994 3517 elationis
1020 3464 1306 3518 attollitur.

423 3550 492 3606 Ut
524 3563 727 3607 vocaret
755 3563 1084 3608 transeuntes
1103 3571 1195 3626 per
1215 3557 1435 3622 viam,et
1463 3568 1730 3628 pergentes
1749 3556 1936 3612 itinere

349 3659 469 3696 suo.
516 3643 689 3699 Vocat
735 3644 959 3698 hazresis
1019 3646 1086 3699 ad
1133 3645 1414 3716 perﬁdiam
1441 3661 1583 3718 saepe
1607 3645 1932 3712 Catholicos,

347 3747 485 3803 quos
507 3733 612 3788 iter
631 3742 838 3789 rectum
866 3749 1048 3806 agere,
1077 3745 1132 3791 et
1161 3736 1304 3790 viam
1329 3737 1509 3792 saeculi
1525 3736 1684 3807 hujus
1707 3738 1936 3794 transire

347 3823 514 3878 citius
560 3823 720 3891 velle,
754 3833 919 3895 atque
965 3827 1034 3882 ad
1083 3835 1343 3882 aeternam
1398 3833 1626 3899 patriam
1679 3829 1936 3886 festinare

349 3915 637 3984 conspicit.

421 4005 526 4070 Qui
558 4014 632 4059 est
653 4007 926 4076 parvulus,
953 4008 1174 4064 declinet
1225 4009 1295 4064 ad
1321 4026 1420 4076 me,
1445 4021 1493 4066 et
1518 4012 1725 4066 vecordi
1759 4011 1934 4068 locuta

347 4103 442 4150 est.
470 4095 536 4150 Et
559 4098 820 4167 sapientia
855 4102 1108 4170 parvulos
1137 4113 1301 4174 atque
1328 4104 1643 4176 insipientes
1684 4105 1750 4160 ad
1773 4122 1930 4162 suum

2027 1923 2157 1978 ciat.
2187 1923 2257 1976 At
2284 1921 2664 1976 haereticorum
2698 1917 2940 1973 doctrina
2967 1915 3196 1986 publica:
3239 1914 3360 1970 ﬁdei
3402 1922 3456 1968 et
3487 1929 3630 1986 pro.

2029 2010 2248 2066 fessioni
2291 2025 2389 2064 sua
2434 2009 2686 2064 secretim
2734 2009 2950 2062 decreta
2976 2003 3259 2076 pra‘ponit,
3299 2013 3356 2058 et
3387 2018 3510 2058 eum
3539 2003 3628 2057 nil

2028 2100 2270 2170 spiritale
2322 2100 2522 2156 habeat
2570 2099 2872 2154 suaviorem
2905 2113 2964 2152 se
2997 2095 3279 2150 catholicis
3305 2093 3632 2164 pastoribus

2028 2190 2310 2245 scientiam
2348 2189 2520 2258 jactat
2539 2189 2753 2254 docere,
2782 2196 2841 2242 ut
2869 2187 3077 2242 scilicet
3104 2186 3362 2240 libentius
3387 2183 3632 2239 audian-

2029 2287 2118 2334 tur
2139 2289 2195 2334 et
2219 2287 2470 2350 agantur,
2499 2295 2620 2349 qua:
2646 2278 2821 2348 palam
2851 2278 2904 2332 in
2947 2275 3189 2332 Ecclesia
3220 2276 3326 2331 dici
3352 2275 3633 2347 credique

2030 2371 2404 2442 prohibentur.
2449 2371 2518 2426 Et
2557 2371 2766 2427 dulcius
2810 2370 3094 2425 hauriatur
3151 2368 3454 2438 insipientia
3495 2384 3635 2438 qua:

2030 2474 2253 2535 putatur
2279 2465 2526 2530 scientia,
2557 2463 2712 2533 cujus
2743 2462 3011 2534 prohibita
3057 2460 3267 2516 furatur
3315 2460 3451 2515 audi.
3475 2461 3630 2514 ntia.

2029 2557 2218 2612 Potest
2245 2556 2300 2612 in
2348 2556 2503 2626 aquis
2551 2553 2767 2609 furtivis
2807 2552 3070 2624 baptisma
3108 2551 3526 2612 haereticorum,
3565 2549 3630 2603 in

2031 2662 2171 2718 pane
2223 2647 2541 2704 abscondito
2591 2645 2902 2701 eorumdem
2945 2643 3270 2700 sacriﬁcium
3317 2642 3629 2712 designari.

2033 2740 2103 2795 At
2131 2741 2285 2811 juxta
2316 2739 2552 2793 litteram
2584 2736 2779 2792 mulier
2809 2734 3051 2790 adultera
3083 2734 3136 2787 in
3193 2733 3346 2803 aquis
3401 2731 3636 2786 furtivis

2035 2845 2089 2886 et
2113 2847 2251 2908 pane
2273 2831 2591 2886 abscondito
2618 2829 2891 2900 prohibita
2919 2837 2974 2882 et
3004 2826 3191 2882 illicita
3216 2825 3476 2882 concubia
3505 2825 3616 2878 (iul-

2035 2927 2180 2980 ciora
2209 2939 2330 2980 esse
2362 2930 2659 2978 asseverat.

2106 3015 2172 3069 Et
2201 3015 2454 3086 ignoravit
2487 3015 2611 3084 quia
2633 3015 2867 3084 gigantes
2900 3012 2969 3066 ibi
2997 3012 3121 3065 sint.
3163 3007 3228 3064 Et
3260 3012 3314 3064 in
3335 3009 3634 3080 profundis

2035 3107 2230 3176 inferni
2261 3107 2354 3162 via:
2401 3105 2537 3176 ejus.
2594 3103 2774 3159 Nescit
2807 3100 3068 3168 adultera,
3109 3101 3281 3155 nescit
3311 3099 3632 3162 haereticus,

2037 3200 2162 3271 quia
2214 3197 2472 3254 immundi
2519 3195 2754 3268 Spiritus
2816 3209 2943 3250 suas
2992 3193 3182 3248 domus
3231 3191 3501 3248 habitant.
3560 3192 3641 3247 Et.

2038 3294 2130 3366 qui
2180 3293 2234 3347 in
2263 3289 2546 3362 profundis
2574 3287 2768 3342 inferni
2819 3302 3008 3358 poenas
3041 3285 3192 3339 luunt
3237 3294 3488 3350 aeternas,
3519 3285 3634 3354 ipsi

2040 3385 2094 3440 in
2131 3385 2344 3443 actibus
2367 3379 2790 3442 luxuriosorum,
2824 3377 2924 3447 ipsi
2953 3377 3323 3430 limreticorum
3353 3375 3636 3448 dogmati-

2037 3477 2159 3538 bus,
2187 3473 2341 3545 quasi
2359 3471 2622 3528 conviviis
2653 3469 2986 3524 delectantur
3005 3467 3219 3538 opimis.
3249 3466 3318 3520 At
3357 3481 3480 3521 cum
3523 3465 3640 3521 rite

2041 3567 2093 3622 in
2125 3565 2361 3620 Ecclesia
2400 3561 2599 3617 Christi
2646 3569 2982 3616 sacramenta
3019 3559 3362 3613 celebrantur
3385 3598 3401 3624 ,
3456 3555 3636 3613 Chri-

2039 3657 2110 3713 sti
2141 3656 2363 3711 verbum
2392 3655 2626 3720 auditur,
2665 3660 2718 3707 et
2741 3659 3115 3714 conservatur,
3153 3647 3243 3720 qui
3286 3659 3369 3704 est
3409 3650 3640 3719 sapien-

2041 3751 2112 3806 tia
2145 3750 2262 3815 Dci,
2293 3755 2505 3803 constat
2529 3745 2672 3816 quod
2711 3741 2964 3816 angelica:
2991 3743 3220 3798 virtutes
3241 3741 3311 3796 ibi
3335 3741 3463 3804 sint,
3489 3741 3634 3796 etin

2039 3839 2272 3896 excelsis
2317 3837 2585 3892 emtorurﬂ
2630 3833 2870 3890 conviva:
2921 3832 3175 3887 ﬁdelium.
3232 3829 3429 3884 Panem
3479 3830 3638 3884 enim

2041 3930 2154 3988 caeli
2181 3929 2320 3984 dedit
2349 3929 2422 3982 eis
2447 3968 2462 3993 ,
2531 3942 2717 3998 panem
2757 3923 3057 3996 angelorum
3102 3921 3433 3976 manducavit
3461 3920 3638 3973 homo

2041 4022 2223 4096 (loco.
2259 4021 2354 4094 Vl).

369 4219 3582 4246 .___,_________________________________________________.

1508 4367 1807 4446 LIBER
1903 4367 2462 4449 SECUNDUS.

1503 4547 1950 4609 PARABOLJE
1995 4545 2474 4608 SALOMONIS.
3399 4556 3412 4585 '

971 4815 1199 4872 CAPUT
1241 4817 1307 4873 Χ.

425 4904 702 4961 Parabolas
731 4905 1048 4962 Salomonis.
1079 4909 1286 4964 Novum
1318 4909 1471 4981 ponit
1497 4910 1708 4967 titulum
1737 4954 1752 4980 ,
1805 4915 1931 4984 quia

349 5015 548 5057 imvum
575 5013 746 5070 genus
779 4997 1068 5056 locutionis
1113 5001 1325 5072 incipit,
1367 5011 1426 5056 ut
1463 5017 1568 5057 non
1619 5003 1758 5058 sicut
1785 5005 1934 5074 prius

348 5095 414 5150 de
462 5092 688 5164 singulis
747 5091 1011 5147 bonorum
1072 5092 1403 5149 tnalorumve
1456 5093 1700 5162 partibus
1731 5095 1935 5148 diutius

348 5188 622 5257 disputet,
669 5187 765 5240 sed
825 5184 1050 5241 alternis
1093 5185 1340 5242 versibus
1389 5195 1543 5242 actus
1587 5194 1936 5254 utrorumque

349 5279 640 5333 describat.

421 5367 592 5422 Filius
623 5371 833 5440 sapiens
853 5367 1087 5438 lartiﬁcat
1117 5379 1340 5440 patrem,
1365 5369 1510 5440 ﬁlius
1537 5381 1710 5424 autem
1740 5370 1931 5424 stultus

351 5462 593 5516 mwstitia
616 5475 687 5516 est
721 5465 904 5520 matris
935 5482 1063 5520 sure.
1095 5463 1196 5532 Qui
1227 5474 1447 5536 accepta
1502 5465 1623 5520 ﬁdei
1676 5466 1932 5543 mysteria

353 5547 489 5603 bene
514 5561 714 5615 servat,
747 5551 986 5610 lmtiflcat
1011 5555 1180 5610 Deum
1221 5555 1437 5611 Patrem
1462 5597 1477 5621 ,
1524 5557 1615 5624 qui
1660 5571 1787 5611 vero
1824 5557 1936 5611 lucc

353 5639 568 5695 actione
601 5642 740 5694 mala
790 5643 870 5696 vel
901 5644 1092 5700 haeresi
1117 5643 1502 5712 commaculat,
1527 5655 1754 5701 matrem
1800 5661 1935 5700 con-

357 5727 535 5782 tristat
559 5728 876 5785 Ecclesium.
1575 5730 1586 5738 ’

1962 4825 2016 4884 1)
2116 4823 2238 4878 Non
2267 4823 2556 4894 proderunt
2587 4822 2822 4878 thesauri
2847 4821 3148 4893 impietatis,
3169 4821 3381 4893 justitia
3405 4839 3526 4878 vero
3555 4825 3628 4881 li-

2040 4914 2236 4968 berabit
2283 4931 2315 4968 a
2346 4923 2530 4968 morte.
2581 4911 2648 4968 Et
2690 4929 2720 4968 a
2761 4912 3070 4967 transitoria
3113 4920 3288 4967 morte
3335 4913 3535 4984 sa‘pius
3571 4925 3640 4972 ut

2043 5005 2338 5070 Danielem,
2367 5015 2420 5060 et
2447 5015 2556 5060 tres
2585 5021 2803 5076 pueros,
2832 5011 2888 5060 et
2922 5020 2952 5058 a
2983 5017 3241 5076 perpetua
3287 5021 3504 5076 semper
3539 5008 3638 5078 ju--

2041 5095 2187 5151 stitia
2231 5095 2443 5151 liberat.
2475 5097 2546 5149 At
2569 5110 2696 5150 vero
2736 5095 2973 5150 thesauri
2999 5110 3095 5166 per
3121 5095 3452 5166 impietatem
3489 5111 3627 5152 con-

2042 5187 2268 5259 gregati,
2293 5196 2346 5241 et
2375 5188 2418 5242 si
2446 5186 2734 5257 aliquando
2768 5203 2798 5240 a
2845 5195 3018 5242 morte
3061 5187 3329 5260 corporali
3376 5188 3636 5244 videntur

2041 5278 2272 5348 eripere,
2300 5276 2420 5348 plus
2463 5287 2640 5332 tamen
2683 5277 2808 5332 mali
2867 5276 3172 5348 impietate,
3221 5267 3327 5349 qua
3372 5278 3629 5349 acquisiti

2038 5379 2187 5435 sunt,
2219 5385 2380 5440 quam
2411 5369 2676 5425 commodi
2710 5371 2761 5424 iu
2788 5385 2854 5426 eo
2880 5371 3022 5442 quod
3064 5385 3163 5442 pro
3190 5369 3298 5425 vita
3335 5381 3461 5425 sunt
3490 5370 3629 5436 dati,

2039 5459 2348 5516 conferunt.

2117 5551 2238 5606 Non
2261 5553 2445 5624 afﬂiget
2493 5551 2749 5607 Dominus
2781 5555 2920 5622 fame
2950 5569 3182 5608 annnam
3220 5552 3374 5624 justi,
3410 5564 3458 5605 et
3488 5551 3630 5604 insi-

2043 5643 2160 5696 dias
2193 5643 2472 5712 impiorum
2503 5642 2778 5697 subvertet.
2823 5643 2891 5697 Et
2941 5643 2984 5700 si
3034 5645 3250 5716 quando
3271 5642 3475 5713 justum
3524 5642 3632 5696 im-

2044 5733 2116 5805 pii
2159 5733 2299 5790 fame
2343 5731 2584 5804 afﬂigunt
2620 5733 2702 5788 vel
2749 5735 2912 5790 etiam
2968 5746 3200 5802 necant,
3248 5751 3354 5791 non
3399 5732 3630 5788 laedetur
