3962 6198
264 305 380 361 71⁸5

1066 267 1428 352 exposrno
1465 293 1531 348 lN
1567 287 1958 350 movemus
2001 284 2410 345 SALOMONIS.
2449 319 2522 331 --
2559 286 2688 342 LIB.
2724 284 2786 341 ιι.

3447 237 3551 326 m

262 420 457 475 anima
477 413 613 486 ejus,
646 425 805 480 quam
834 409 1092 465 Dominus
1122 408 1173 461 in
1204 406 1383 461 futura
1410 407 1520 462 vita
1548 407 1663 462 sive
1688 405 1858 477 gloria
1886 406 1939 465 A
1964 400 2047 457 vel
2066 416 2161 457 sua
2181 400 2265 456 vel
2287 401 2665 471 proximorum
2692 409 2896 466 errata,
2920 417 2987 456 ne
3016 400 3083 455 ad
3117 402 3397 458 sanitatem
3426 419 3550 476 per-

262 508 501 567 visiouis
527 504 859 565 consolatur,
879 500 970 571 qui
999 506 1053 554 et
1075 499 1291 554 easdem
1324 498 1611 569 impiorum
1638 496 1863 553 insidias

266 603 331 659 in
356 602 503 670 ipsos
516 597 662 668 juste
692 593 985 662 iudicando
1010 598 1305 660 retorquet.

351 689 652 761 Egestatent
677 692 927 754 operatur
953 696 1141 734 manus
1172 679 1391 732 remissa
1417 692 1435 730 :
1467 694 1656 732 manus
1682 685 1861 731 autem

270 781 497 852 fortium
525 774 738 830 diuitias
776 780 950 843 parat.
984 768 1087 837 Qui
1133 768 1468 840 negligenter
1499 767 1637 852 vivit.
1666 767 1717 821 in
1761 768 1867 822 hoc

270 868 499 933 saeclo,
530 863 711 937 egebit
735 860 893 917 bonis
923 860 976 914 in
1016 858 1234 924 futuro;
1284 866 1341 912 at
1380 857 1472 927 qui
1521 855 1734 911 fortiter
1766 857 1869 911 Do-

273 959 433 1015 mino
461 954 682 1019 militat,
709 950 913 1007 divitiis
949 957 1165 1004 azternte
1211 947 1561 1004 beatitudinis
1611 962 1867 1002 remune-

273 1060 456 1109 ratur.

356 1143 462 1211 Qui
497 1146 777 1212 congregat
798 1137 854 1191 in
872 1151 1037 1191 utesse
1062 1134 1206 1205 ﬁlius
1248 1133 1454 1205 sapiens
1487 1142 1562 1188 est
1589 1147 1608 1188 :
1639 1133 1729 1204 qui
1773 1149 1870 1184 au-

174 1260 184 1273 ·
278 1245 387 1288 tem
411 1232 582 1287 stertit
612 1237 813 1291 aestate,
838 1226 981 1298 ﬁlius
1028 1225 1374 1296 confusionis.
1428 1222 1531 1290 Qui
1578 1228 1872 1294 congregat

278 1324 504 1381 Christo
534 1320 745 1375 animas
767 1316 1026 1391 ﬁdelium,
1052 1316 1194 1372 ﬁlius
1246 1316 1462 1387 sapiens
1489 1325 1603 1381 est;
1651 1323 1708 1370 et
1752 1315 1873 1385 qui-

280 1418 410 1472 dem
447 1415 565 1469 luec
605 1410 799 1466 messis
844 1408 1013 1463 multa
1046 1414 1150 1472 est,
1174 1406 1407 1477 operarii
1460 1414 1642 1461 autem
1689 1405 1867 1476 pauci.

280 1504 389 1573 Qui
438 1518 566 1559 vero
598 1502 703 1557 hoc
739 1508 977 1569 tempore
1028 1495 1340 1568 acceptabili
1380 1496 1546 1551 etiam
1592 1511 1623 1550 a
1652 1511 1747 1551 sua
1786 1512 1873 1551 sa-

280 1595 397 1650 lute
444 1589 685 1649 curanda
711 1587 993 1659 torpescit,
1025 1585 1387 1642 confundetur
1421 1586 1475 1641 in
1504 1584 1592 1641 die
1638 1585 1872 1641 retribu-

282 1689 469 1744 tionis.

1963 492 2200 557 veniant,
2229 491 2564 548 det‘endendo
2589 499 2902 564 contegunt,
2932 492 3073 562 quod
3106 509 3392 551 exsecraris
3417 497 3550 554 Pro-

1964 583 2147 653 pheta,
2178 582 2465 638 Dominum
2498 588 2636 645 orat,
2678 590 2866 636 utnon
2899 582 3131 637 declinet
3158 599 3254 639 cor
3292 601 3449 642 suum
3492 586 3546 644 in

1962 673 2190 730 verbum
2246 672 2475 738 malum,
2522 672 2590 729 ad
2653 673 2990 729 excusandas
3053 675 3430 735 excusationes
3491 681 3546 736 in

1964 764 2219 837 peccatis.

2040 854 2106 910 In
2132 855 2285 910 labiis
2315 854 2565 925 sapientis
2600 854 2889 909 invenietur
2910 855 3188 925 sapientia,
3220 867 3267 912 et
3303 860 3447 932 virga
3493 863 3550 916 in

1969 949 2124 1003 dorso
2150 947 2263 1018 ejus
2288 948 2377 1018 qui
2407 946 2600 1017 indiget
2631 944 2805 1000 corde.
2839 946 2999 1018 Virga
3030 947 3083 1003 in
3114 948 3276 1006 dorso
3303 960 3407 1015 est,
3430 953 3552 1009 vin-

1970 1038 2109 1092 dicta
2137 1036 2190 1091 in
2221 1036 2629 1107 posterioribus,
2662 1035 2715 1090 id
2741 1042 2845 1102 est,
2876 1035 2928 1091 in
2965 1040 3211 1108 sequenti
3240 1041 3369 1107 vita,
3389 1059 3553 1114 quam

1970 1129 2106 1184 bene
2129 1128 2284 1200 plaga
2311 1128 2398 1182 illa
2430 1126 2638 1183 famosa
2687 1142 2794 1197 qua
2822 1127 3078 1184 Philistaei
3110 1129 3163 1184 in
3208 1132 3424 1190 natibus
3468 1134 3552 1191 fe-

1971 1219 2270 1283 riebantur,
2308 1218 2581 1288 exprimit.
2624 1216 2726 1285 Qui
2752 1233 2882 1290 ergo
2920 1235 3025 1275 non
3058 1220 3397 1295 vultvirgam
3423 1208 3555 1295 por-'-

1973 1317 2090 1363 tare
2118 1308 2172 1363 in
2202 1308 2364 1363 dorso
2410 1317 2591 1375 portet
2636 1309 2691 1364 in
2729 1309 2888 1365 labiis
2931 1311 3273 1382 sapientiam,
3304 1313 3558 1384 loquatur

1971 1400 2157 1456 laudes
2179 1399 2415 1468 Christi,
2459 1409 2514 1456 et
2560 1410 2825 1474 praecepta
2883 1405 3158 1475 prmdicet.
3196 1407 3394 1462 Verum
3426 1410 3553 1481 quia

1971 1507 2186 1562 semper
2212 1491 2499 1547 Dominum
2544 1491 2797 1560 laudare,
2841 1510 2948 1549 non
2978 1504 3159 1551 autem
3211 1512 3427 1569 semper
3462 1498 3559 1553 do-

1972 1597 2244 1648 cerc,non
2279 1583 2458 1638 omnia
2488 1598 2609 1652 qua:
2655 1585 2805 1639 novit
2851 1600 3040 1642 omnes
3091 1587 3286 1645 docere
3326 1589 3554 1661 sapienti

1972 1676 2244 1740 convenit,
2268 1683 2412 1730 recte
2439 1674 2702 1730 subditur.

351 1774 658 1832 Benedictio
685 1788 841 1843 super
871 1779 1027 1841 caput
1051 1769 1225 1840 justi,
1270 1786 1328 1824 os
1370 1776 1544 1823 autem
1586 1767 1869 1837 impiorum
1897 1755 1945 1814 Β
2043 1766 2313 1839 Sapientes
2347 1767 2669 1822 abscondunt
2699 1768 2989 1823 scientiam.
3016 1769 3260 1827 Scientes
3286 1770 3553 1834 videlicet.

283 1868 449 1939 operit
494 1864 763 1937 iniquitas.
798 1860 967 1917 Justis
1019 1860 1227 1915 dicetur
1264 1859 1318 1914 in
1346 1858 1595 1930 judicio:
1654 1854 1866 1923 Venite,

285 1958 565 2024 benedicti,
602 1954 847 2028 percipite
877 1970 1091 2024 regnum
1136 1951 1330 2023 (Matth
1383 1950 1528 2023 xxv).
1564 1948 1638 2006 Os
1685 1959 1867 2005 autem

285 2051 577 2122 impiorum
604 2048 747 2117 quod
778 2044 1181 2109 eomessationi,
1213 2042 1460 2099 ebrietati
1490 2050 1544 2098 et
1589 2039 1870 2112 colloquiis

285 2141 444 2196 malis
463 2138 754 2202 serviebat,
795 2135 1082 2205 iniquitate
1101 2148 1265 2205 quam
1291 2132 1456 2203 gessit
1482 2133 1871 2189 condemnabi-

288 2241 397 2286 tur.
424 2229 667 2299 Denique
717 2241 781 2282 os
816 2225 960 2280 illius
983 2224 1193 2295 operuit
1221 2223 1476 2294 iniquitas
1499 2263 1514 2289 ,
1561 2224 1653 2293 qui
1680 2224 1735 2278 in
1758 2231 1871 2279 tor-

287 2320 488 2376 mentis
520 2318 726 2389 positus
756 2316 993 2385 linguam
1024 2313 1127 2370 sibi
1165 2314 1216 2368 in
1244 2328 1349 2383 qua
1392 2313 1462 2369 ob
1485 2313 1640 2383 plura
1665 2313 1871 2370 scelera

286 2412 409 2483 plus
431 2410 653 2481 punitus
676 2415 779 2471 est,
801 2405 1109 2478 refrigerari
1140 2404 1382 2476 quaesivit

358 2498 618 2555 Memoria
643 2495 782 2568 justi
819 2512 937 2549 cum
985 2494 1231 2549 laudibus
1280 2504 1329 2549 et
1359 2511 1546 2549 nomen
1594 2495 1873 2567 impiorum

288 2597 572 2658 putrescat.
598 2587 664 2642 Et
691 2588 748 2641 in
776 2586 880 2641 hac
905 2586 1012 2640 vita
1035 2583 1206 2640 bonos
1231 2585 1343 2640 sive
1364 2586 1609 2641 viventes
1635 2586 1750 2641 sive
1778 2586 1874 2642 de~

289 2681 509 2737 functos
532 2678 780 2735 laudibus
797 2677 1028 2735 efferunt
1052 2696 1065 2732 :
1108 2677 1396 2748 Impiorum
1426 2688 1607 2734 autem
1636 2689 1692 2736 et
1719 2690 1876 2751 actus

290 2772 634 2828 deteStantur
654 2779 710 2825 et
737 2784 969 2835 nomen;
1007 2768 1138 2823 etin
1166 2768 1275 2822 vita
1314 2768 1495 2824 futura
1537 2768 1671 2838 justi
1694 2770 1750 2825 in
1779 2770 1875 2828 Dei

290 2864 543 2919 laudibus
588 2865 797 2929 vivunt,
830 2862 1180 2932 reproborum
1204 2872 1382 2916 autem
1424 2863 1616 2931 honor,
1645 2880 1874 2921 nomen-

290 2970 398 3029 que
419 2956 714 3027 laudesque
741 2955 988 3026 putribus
1037 2956 1297 3026 gehennae
1340 2954 1617 3027 suppliciis
1661 2964 1877 3011 mutan-

292 3059 419 3105 tur:
451 3045 554 3102 Ubi
584 3047 772 3101 vermis
827 3062 1006 3100 eorum
1047 3062 1150 3100 non
1192 3047 1416 3100 moritur
1444 3058 1491 3101 et
1522 3047 1653 3118 ignis
1693 3064 1875 3103 eorum

292 3154 396 3191 non
416 3137 779 3207 exstinguetur
805 3135 940 3208 (Isa.
979 3134 1147 3198 Lm).

363 3225 472 3292 Qui
518 3225 752 3280 ambulat
774 3225 1106 3297 simpliciter,
1142 3225 1376 3280 ambulat
1404 3226 1724 3296 confidenter
1750 3228 1879 3298 :qui

292 3329 465 3372 autem
495 3318 741 3388 depravat
766 3318 879 3373 vias
908 3334 1031 3372 suas
1054 3357 1069 3383 ,
1110 3319 1417 3387 manifestus
1467 3320 1586 3372 erit.
1618 3314 1718 3385 Qui
1750 3318 1880 3373 sitn-

292 3410 511 3479 pliciter
546 3424 608 3464 se
641 3409 824 3465 vivere
868 3411 1017 3465 novit
1065 3409 1289 3466 fallaciae
1319 3419 1511 3466 cuncta
1543 3411 1750 3482 spernit
1784 3410 1880 3471 ad-

294 3514 482 3564 versa,
531 3499 658 3569 quia
692 3514 751 3555 se
803 3515 899 3571 per
928 3502 1031 3557 hoc
1080 3500 1146 3555 ad
1199 3500 1390 3573 gaudia
1433 3510 1722 3556 venturum
1759 3516 1880 3557 esse

296 3590 536 3646 conlidit.
569 3590 762 3646 Dicens
807 3606 930 3646 cum
976 3591 1288 3661 Propheta:
1329 3591 1587 3646 Dominus
1636 3590 1882 3660 defensor

296 3684 417 3736 vita:
438 3697 568 3736 mete
601 3699 635 3735 a
682 3692 784 3752 quo
820 3681 1108 3752 trepidabo,
1136 3691 1240 3737 etc.
1275 3679 1447 3753 (Psal.
1477 3680 1649 3751 xxvi).
1690 3679 1761 3735 At
1787 3680 1880 3752 qui

298 3771 478 3841 pravis
514 3769 715 3826 incedit
738 3771 1046 3826 viis'nole‘ns
1072 3771 1222 3836 licet,
1251 3770 1481 3842 patescit
1519 3785 1582 3825 ac
1601 3770 1760 3842 digna
1803 3769 1880 3824 fa-

300 3860 401 3913 ctis
422 3859 612 3929 recipit
640 3877 654 3915 :
684 3858 819 3915 nihil
853 3861 995 3915 enim
1019 3861 1288 3915 occultum
1344 3859 1487 3930 quod
1532 3876 1639 3916 non
1679 3859 1883 3915 revela-

301 3948 461 4003 bitur.

373 4035 477 4101 Qui
505 4037 689 4091 annuit
719 4037 871 4092 oculo
913 4036 1345 4091 dabit'dolorem.
1386 4037 1488 4105 Qui
1518 4035 1738 4093 nutibus
1759 4052 1883 4092 ocu-

304 4126 475 4193 lorum
536 4128 724 4184 irridet
770 4129 1007 4199 aliquem
1039 4132 1147 4184 non
1178 4128 1355 4183 evadit
1410 4128 1528 4183 sine
1554 4127 1738 4183 dolore
1766 4136 1881 4182 tor-

307 4219 469 4273 menti
511 4228 604 4272 aut
636 4218 1002 4288 paenitudinis.
1032 4218 1108 4274 De
1131 4218 1377 4289 qualibus
1403 4218 1532 4274 dicit
1558 4217 1875 4273 Psalmista:

310 4308 410 4375 Qui
453 4301 676 4364 oderunt
721 4327 803 4364 me
841 4312 1004 4382 gratis
1050 4319 1098 4364 et
1144 4309 1445 4364 annuebant
1497 4308 1663 4364 oculis
1705 4306 1878 4381 (Psal.

304 4404 509 4472 xxxiv).
542 4401 636 4457 Vel
675 4409 823 4458 certe
860 4402 951 4473 qui
982 4400 1172 4455 annuit
1205 4400 1380 4465 oculo,
1419 4399 1566 4455 dabit
1614 4399 1879 4468 dolorem,

304 4490 427 4559 quia
459 4491 605 4560 ﬁlius
623 4489 828 4546 stultus
853 4491 1097 4545 mmstitia
1124 4500 1195 4546 est
1225 4491 1382 4545 matri
1405 4506 1533 4545 sum.

371 4581 578 4638 Stultus
610 4584 763 4639 labiis
816 4584 1186 4640 verberabitur.
1231 4585 1297 4639 Et
1348 4584 1462 4639 suis
1488 4583 1734 4639 videlicet
1756 4583 1878 4654 qui-

303 4673 404 4729 bus
436 4674 684 4730 damnari
734 4677 951 4743 meruit,
975 4676 1102 4747 quia
1131 4691 1276 4731 mors
1305 4683 1360 4729 et
1388 4675 1498 4730 vita
1546 4675 1599 4729 in
1635 4674 1882 4730 manibus

307 4764 520 4835 lingua',
545 4765 626 4820 vel
654 4780 842 4821 eorum
872 4784 900 4819 a
926 4768 1143 4835 quibus,
1170 4766 1294 4835 quia
1326 4765 1527 4836 corrigi
1553 4780 1659 4820 non
1684 4764 1879 4834 potuit,

305 4856 633 4910 sententiam
664 4855 1023 4911 damnationis
1075 4857 1301 4926 accepit.
1343 4854 1623 4924 Quomodo
1664 4854 1885 4910 Psalmi-

303 4955 386 5001 sta
414 4959 541 5001 cum
564 4944 671 4999 ait:
708 4945 949 5010 Domine,
982 4946 1144 5001 libera
1190 4949 1422 5002 animam
1449 4961 1619 5002 meam
1663 4966 1697 5003 a
1731 4946 1884 5003 labiis

304 5035 497 5105 iniquis
520 5042 570 5088 et
591 5044 633 5088 ‘a
669 5034 848 5106 lingua
893 5035 1076 5091 dolosa
1108 5035 1279 5107 (Psal.
1329 5037 1498 5110 cxrx),
1524 5047 1813 5108 utrumque
1854 5055 1886 5095 a

304 5124 534 5179 Domino
569 5126 781 5194 quaerit,
812 5134 871 5179 ut
899 5134 953 5181 et
973 5125 1086 5196 ipse
1131 5126 1272 5181 labia
1318 5128 1501 5197 iniqua
1552 5143 1618 5183 ac
1646 5127 1884 5198 linguam

302 5214 544 5269 dolosam
580 5231 687 5270 non
725 5214 940 5283 habeat,
965 5227 1016 5272 et
1062 5216 1287 5272 aliorum
1324 5218 1607 5289 iniquitate
1643 5234 1707 5274 ac
1749 5219 1886 5276 dolis

303 5306 525 5361 minimc
549 5308 721 5377 possit
742 5308 936 5379 decipi.

382 5395 524 5451 Vena
561 5399 677 5454 vita:
718 5417 774 5454 os
810 5400 967 5470 justi.
999 5401 1067 5456 Et
1114 5402 1374 5459 Dominus
1424 5405 1489 5459 de
1527 5404 1837 5461 doctoribus

309 5486 413 5552 Qui
435 5491 622 5555 credit,
652 5491 846 5560 inquit,
870 5492 924 5546 in
959 5509 1064 5558 me,
1096 5493 1229 5547 sicut
1266 5494 1393 5548 dicit
1418 5493 1689 5566 Scriptura
1712 5537 1727 5562 ,
1777 5497 1882 5565 ﬂu-

308 5579 443 5633 mina
472 5580 539 5633 de
567 5590 739 5634 ventre
762 5582 879 5652 ejus
905 5582 1067 5651 ﬂuent
1089 5600 1239 5654 aqua:
1262 5586 1406 5640 view.

377 5671 444 5724 Et
490 5689 547 5726 os
584 5673 865 5741 impiorum
897 5675 1061 5745 operit
1104 5676 1373 5748 iniquitas.
1407 5676 1558 5748 lmpii
1616 5685 1738 5733 sunt
1785 5678 1878 5747 qui

626 5765 899 5831 ΡΑΤιιοι.
957 5766 1121 5830 CXI.

1906 4454 1960 4515 Β
1980 4474 1981 4477 γ

1972 1857 2099 1928 quia
2125 1864 2335 1927 tempus
2366 1857 2577 1912 tacendi
2600 1865 2656 1911 et
2682 1865 2892 1928 tempus
2918 1858 3165 1929 loquendi
3193 1879 3206 1915 :
3250 1861 3400 1919 Unde
3426 1863 3559 1918 Pro-

1972 1950 2172 2021 pheta:
2215 1948 2356 2002 Dum
2391 1948 2715 2015 consisteret,
2744 1949 2940 2020 inquit,
2985 1964 3225 2021 peccator
3281 1955 3557 2011 adversum

1938 2057 2074 2120 .me,
2097 2040 2335 2101 obmutui
2357 2051 2404 2096 et
2438 2041 2747 2096 humiliatus
2769 2060 2908 2107 sunt,
2931 2054 2978 2097 et
3007 2044 3130 2098 silui
3152 2064 3183 2099 a
3204 2046 3350 2101 bonis
3379 2046 3555 2119 (Psal.

1974 2131 2240 2205 xxxviii);
2281 2141 2335 2189 et
2357 2132 2681 2203 Apostolus:
2714 2133 2864 2187 Nihil
2884 2134 3122 2204 judicavi
3147 2153 3226 2190 me
3270 2137 3403 2193 scire
3425 2138 3563 2195 inter

1973 2239 2109 2292 vos,
2168 2225 2271 2281 nisi
2347 2223 2616 2281 Christum
2675 2222 2858 2281 Iesum
2930 2236 2981 2281 et
3045 2228 3182 2282 hunc
3247 2230 3561 2300 cruciﬁxum

1973 2315 2036 2394 (Ι
2058 2318 2182 2376 Cor.
2218 2317 2300 2391 ιι).

2049 2406 2123 2466 0s
2161 2419 2336 2465 autem
2390 2407 2540 2464 stulti
2590 2406 2887 2477 confusioni
2932 2408 3230 2478 proximum
3272 2419 3369 2465 est.
3422 2406 3559 2480 Quia

1976 2501 2061 2581 vel
2087 2503 2393 2559 inordinate
2432 2502 2596 2568 bona,
2625 2500 2710 2556 vel
2749 2509 2934 2570 aperte
2962 2500 3199 2571 loquitur
3227 2502 3387 2558 mala.

2050 2592 2358 2649 Substantia
2384 2593 2559 2647 divitis
2584 2591 2706 2646 urbs
2732 2592 3055 2661 fortitudinis
3078 2593 3211 2663 ejus,
3238 2611 3400 2663 pavor
3427 2608 3563 2665 pau~

1977 2699 2156 2754 perum
2173 2693 2370 2754 egestas
2386 2698 2584 2737 eorum.
2596 2680 2794 2737 Divites
2811 2683 3087 2737 conlidunt
3100 2682 3151 2736 in
3171 2683 3389 2746 divitiis,
3409 2681 3559 2753 quasi

1978 2774 2037 2828 in
2061 2773 2195 2828 urbe
2216 2773 2454 2837 munita;
2481 2788 2744 2844 pauperes
2772 2773 2892 2829 ideo
2917 2783 3130 2842 pavent,
3182 2790 3248 2828 ne
3286 2772 3561 2835 deliciam.

1978 2863 2103 2932 quia
2129 2877 2187 2917 se
2213 2871 2411 2916 norunt
2441 2876 2656 2932 egenos.
2684 2860 3012 2931 Spiritaliter
3032 2863 3122 2933 qui
3149 2863 3201 2917 in
3222 2861 3388 2917 Deum
3414 2863 3563 2920 dives

1979 2961 2064 3010 est
2110 2969 2209 3024 per
2251 2953 2390 3008 bona
2439 2967 2624 3023 opera,
2655 2952 2876 3008 conlidit
2926 2953 2979 3007 in
3010 2952 3123 3018 illo,
3148 2954 3299 3023 quasi
3347 2954 3398 3007 in
3429 2954 3563 3009 urbe

1979 3043 2396 3115 inexpugnabili.
2435 3043 2560 3113 quia
2617 3059 2646 3097 a
2692 3041 2838 3100 nullo
2875 3051 3052 3112 potest
3086 3045 3236 3098 hoste
3282 3044 3559 3113 superari;

1979 3144 2036 3189 at
2062 3136 2154 3205 qui
2187 3135 2442 3188 virtutum
2472 3134 2652 3205 inopia
2680 3143 3103 3205 coangustantur
3122 3175 3136 3198 ,
3183 3134 3301 3189 ideo
3330 3135 3565 3190 caelesti-

1977 3225 2079 3280 bus
2116 3233 2278 3294 egent
2318 3224 2540 3289 divitiis,
2564 3224 2689 3294 quia
2720 3223 2881 3278 noxio
2913 3238 3109 3293 pavore
3162 3224 3354 3278 timent
3402 3225 3564 3279 duros

1978 3328 2076 3383 pro
2105 3312 2333 3367 Domino
2371 3312 2604 3367 tolerare
2625 3310 2855 3366 labores.

2047 3404 2385 3458 Abscondunt
2411 3403 2589 3456 odium
2617 3401 2758 3456 labia
2784 3400 3082 3465 mendacia,
3110 3403 3198 3473 qui
3223 3401 3420 3473 profert
3442 3419 3565 3458 con-

1980 3493 2249 3549 tumeliam
2274 3494 2523 3565 insipiens
2549 3502 2645 3548 est.
2675 3491 2730 3548 Si
2761 3507 2890 3564 ergo
2928 3507 3089 3546 verax
3125 3500 3178 3547 et
3202 3493 3417 3562 sapiens
3442 3508 3566 3550 esse

1979 3583 2276 3649 desideras,
2300 3584 2483 3639 odium
2522 3600 2696 3655 neque
2742 3584 2793 3638 in
2836 3584 3151 3639 abscondito
3178 3584 3357 3639 cordis
3387 3596 3567 3641 conte-

1957 3691 2066 3746 ‘ge,
2098 3690 2198 3730 nec
2223 3690 2320 3744 per
2357 3674 2468 3729 oris
2492 3673 2871 3730 contumeliam
2907 3673 3089 3744 profer
3111 3714 3125 3740 ,
3180 3673 3277 3730 sed
3309 3684 3457 3728 tuum
3513 3685 3566 3731 et

1980 3779 2076 3820 cor
2097 3763 2382 3819 dileCtione
2401 3773 2455 3818 et
2476 3777 2538 3818 os
2560 3764 2786 3818 veritate
2814 3762 3103 3832 repleatur.

2054 3853 2221 3921 Quasi
2254 3870 2345 3924 per
2372 3854 2534 3907 risum
2567 3859 2757 3907 stultus
2783 3863 3031 3922 operatur
3052 3850 3219 3907 scelus
3244 3893 3259 3918 ,
3309 3854 3567 3921 sapientia

1982 3956 2153 4000 autem
2197 3954 2272 4000 est
2310 3947 2421 3999 viro
2464 3945 2763 4014 prudentia.
2809 3943 3100 3998 Prudentia
3151 3960 3180 3998 a
3232 3944 3566 4013 providendo

1982 4053 2177 4093 nomen
2202 4037 2420 4107 accipit,
2452 4036 2646 4093 stultus
2685 4045 2770 4092 est
2811 4036 2971 4107 igitur
2995 4036 3087 4105 qui
3132 4035 3328 4106 gaudet
3356 4035 3410 4090 in
3458 4052 3566 4092 seco

1982 4129 2114 4185 lere.
2144 4127 2415 4199 Sapientis
2455 4135 2632 4182 autem
2678 4133 2762 4182 est
2802 4135 2859 4181 et
2903 4125 3039 4197 ejus,
3071 4126 3161 4197 qui
3202 4125 3305 4181 viri
3352 4126 3569 4183 nomine

1983 4220 2176 4291 dignus
2201 4220 2273 4274 sit
2304 4218 2617 4289 praavidere,
2648 4221 2771 4289 quia
2821 4217 2961 4273 risus
2990 4212 3173 4273 dolere
3202 4217 3564 4291 miscebitur,

1982 4278 2248 4383 etgaudia
2279 4278 2538 4382 peccandi
2568 4278 2725 4381 pinna
2748 4316 3006 4382 sequetur
3028 4278 3265 4365 ultionis.

2059 4402 2211 4469 Quod
2251 4405 2395 4458 timet
2425 4402 2616 4474 impius
2663 4404 2833 4469 veniet,
2865 4391 3191 4479 supersum.
3238 4403 3568 4458 Desiderium

1986 4510 2140 4549 suum
2172 4494 2334 4565 justis
2370 4493 2602 4548 dabitur.
2634 4495 2710 4550 De
2741 4494 2829 4549 illo
2859 4494 3022 4565 impio
3049 4484 3213 4561 dicit,
3259 4495 3348 4566 qui
3391 4495 3570 4549 sciens

1986 4595 2192 4657 peccat,
2224 4587 2375 4642 timet
2396 4572 2525 4657 ergo
2549 4576 2745 4659 impius
2764 4587 2947 4643 videre
2969 4574 3273 4643 districtum
3298 4584 3565 4657 judicent:

1988 4678 2306 4735 Desiderant
2321 4677 2456 4750 justi
2490 4678 2708 4733 dissolvi
2736 4687 2791 4732 et
2817 4693 2935 4734 esse
2957 4694 3081 4733 eum
3115 4678 3351 4733 Christo.
3382 4676 3471 4732 llle
3502 4692 3569 4731 ne

1988 4768 2218 4824 terrenis
2246 4767 2457 4839 gaudiis
2485 4754 2745 4838 privet’d‘r,
2773 4778 2830 4824 et
2863 4768 3187 4840 sempiterna
3234 4768 3435 4823 ultione
3463 4768 3571 4837 ple-

1989 4868 2212 4915 ctatur:
2253 4856 2343 4916 isti
2395 4875 2462 4916 ne
2500 4857 2765 4915 incolatus
2814 4874 3000 4915 eorum
3042 4858 3425 4930 prolongctui',
3473 4857 3567 4912 sed

1985 4952 2207 5021 praemia
2258 4967 2357 5022 pro
2396 4951 2590 5022 quibus
2641 4959 2917 5006 certavere
2959 4949 3278 5019 percipiant.
3318 4944 3597 5016 Utrisque

1986 5050 2163 5098 autem
2189 5041 2328 5112 quod
2359 5043 2521 5099 corde
2555 5049 2741 5097 tenent
2765 5041 3032 5097 adveniet.

2093 5134 2260 5199 Quasi
2290 5144 2564 5204 tempestas
2601 5133 2859 5187 transiens
2888 5148 2991 5185 non
3018 5130 3115 5185 erit
3146 5131 3355 5199 impius.
3379 5127 3566 5184 Justus

1985 5234 2159 5277 autem
2180 5225 2330 5294 quasi
2358 5223 2753 5293 fundamentum
2784 5223 3171 5291 sempiternum.
3205 5219 3279 5275 De
3310 5236 3564 5290 persecu-

1990 5313 2224 5369 tionibus
2244 5313 2496 5368 Ecclesia:
2522 5312 2674 5375 dicit.
2696 5312 2788 5382 qui
2833 5313 3050 5366 domum
3089 5309 3211 5365 ﬁdei
3253 5310 3568 5365 subvertere

1986 5412 2251 5477 quierunt,
2277 5404 2370 5459 sed
2425 5403 2516 5458 illa
2559 5404 2612 5458 in
2643 5418 2773 5458 vero
2806 5400 3174 5467 fundamento,
3205 5401 3308 5455 hoc
3348 5408 3463 5467 est,
3512 5401 3566 5456 in

1984 5494 2205 5550 Christo
2230 5494 2489 5549 collocata
2516 5507 2531 5545 :
2562 5493 2662 5562 ipsi
2689 5490 2962 5562 extemplo
2990 5490 3322 5560 dispereunt.

2055 5582 2201 5639 Sicut
2231 5594 2433 5639 acetum
2458 5584 2719 5650 dentibus,
2743 5594 2790 5638 et
2831 5583 3007 5654 fumus
3041 5581 3206 5636 oculis
3231 5622 3247 5648 ,
3300 5583 3377 5637 sic
3421 5582 3572 5654 piger

1982 5676 2063 5732 his
2114 5678 2204 5747 qui
2237 5677 2491 5733 miserunt
2536 5693 2674 5733 eum.
2720 5675 2873 5732 Sicut
2914 5674 3292 5732 haereticorum
3340 5676 3562 5747 perﬁdia

3052 5768 3131 5827 ἓξ)
