3962 6198
361 218 418 272 'i.l
428 217 465 272 ὅ

1005 213 1064 268 Β.
1105 213 1353 270 [MBAN
1394 211 1612 268 MAUlil
1649 211 1967 268 ARClllEP.
2011 212 2316 270 MOGUN'I‘.
2347 214 2630 272 οΡΕιιυΜ
2673 215 2848 272 PARS
2883 217 2972 274 Ill.

3511 221 3615 277 716

359 333 513 389 bonis
532 331 846 387 doctoribus
875 328 1175 384 molestiam
1219 338 1442 400 generat
1466 339 1521 384 et
1547 328 1834 398 lacrymas,
1859 325 1938 380 sic
1967 331 2013 387 Α
2041 324 2153 378 sive
2177 325 2534 396 ignorantiam
2561 325 2880 397 disciplinae,
2910 325 2992 381 vel
3031 325 3291 397 proximis
3333 341 3622 385 contume-

357 425 495 483 male
525 425 710 480 vivens
751 421 1062 478 Catholicus
1105 422 1184 477 cis
1225 421 1316 492 qui
1364 436 1421 476 se
1477 420 1633 474 ﬁdem
1681 433 1832 472 suam
1874 431 1939 470 ex

356 521 609 594 operibus
660 519 947 575 ostendere
989 515 1270 586 jusserunt
1313 530 1410 586 per
1458 513 1705 568 inertiam
1761 510 1942 581 gravis

356 621 458 669 est.
488 611 638 668 Oculi
666 610 862 680 quippe
885 615 939 662 et
989 607 1177 661 detttcs
1213 603 1626 677 prtedicaliomrs
1666 609 1788 654 sunt
1818 617 1940 650 san-

357 713 455 759 ctae
494 701 768 764 Ecclesiae,
791 699 883 768 qui
913 707 966 753 et
1000 706 1147 753 recta
1179 696 1374 750 itinera
1428 691 1722 763 praevidere
1753 700 1807 742 ct
1841 686 1939 740 ali-

360 804 538 850 menta
557 791 815 864 spiritalia
840 803 1124 861 suggerere
1144 787 1316 842 solent
1342 800 1356 840 :
1383 799 1543 855 porro
1565 791 1773 837 acetum
1799 779 1940 850 quod

357 903 387 940 a
416 888 540 942 vino
567 885 858 955 degenerat
879 922 894 944 ,
925 889 982 935 ct
1025 879 1202 934 fumus
1231 878 1319 948 qui
1361 877 1430 931 ab
1471 876 1592 946 igne
1640 873 1941 929 ascendens

358 975 653 1039 evanescit,
694 987 788 1028 eos
815 973 906 1042 qui
933 971 999 1026 ab
1029 967 1407 1024 Ecclesiastica
1437 965 1702 1020 suavitate
1729 970 1782 1016 et
1809 962 1937 1016 cha-

362 1071 518 1126 ritate
544 1084 640 1139 per
666 1065 973 1136 superbiam
1013 1071 1068 1118 et
1108 1059 1406 1117 socordiam
1443 1057 1759 1113 recedentes
1802 1054 1942 1108 hanc

359 1159 520 1216 etiam
541 1155 721 1212 verbis
745 1155 1058 1226 impugnant
1081 1151 1309 1221 figurate
1333 1145 1673 1203 denuntiant.
1709 1144 1785 1199 De
1813 1143 1937 1213 qui-

359 1253 461 1307 bus
483 1249 614 1306 dicit
657 1246 892 1302 Joannes
922 1263 935 1298 :
969 1242 1054 1298 Ea:
1082 1243 1228 1296 nobis
1257 1236 1624 1305 exierunt,sed
1656 1252 1758 1290 non
1790 1241 1938 1288 erant

360 1357 424 1396 ea:
448 1339 616 1405 nobis,
649 1345 752 1393 etc.

433 1431 614 1487 Timor
639 1427 851 1484 Domini
878 1433 1100 1497 apponet
1129 1423 1259 1488 dies,
1286 1431 1332 1476 et
1369 1419 1496 1474 anni
1517 1417 1797 1489 impiorum
1826 1414 1940 1467 bre-

361 1524 652 1582 riabuntur.
685 1520 787 1590 Qui
830 1519 941 1574 Deo
979 1516 1206 1572 lidcliter
1253 1513 1522 1576 serviunt,
1580 1518 1782 1564 interna
1821 1506 1939 1560 luce

363 1613 702 1671 donabantur
732 1629 746 1665 :
777 1618 833 1664 at
863 1608 955 1678 qui
976 1605 1238 1676 impietati
1262 1602 1659 1672 mancipantur,
1687 1611 1809 1652 cum
1837 1595 1940 1650 hac

360 1707 468 1762 vita
490 1704 720 1777 perdunt
739 1703 881 1757 bona
909 1715 1027 1770 quae
1065 1695 1336 1752 amabant.

435 1793 764 1868 Easpectatio
781 1791 1066 1862 justorum,
1089 1786 1294 1851 ltrtitia,
1319 1801 1432 1855 spes
1458 1792 1630 1837 autem
1659 1779 1936 1850 impiorum

359 1885 562 1959 peribit.
586 1883 741 1939 Patet
789 1880 914 1952 quia
955 1877 1087 1949 justi
1129 1875 1396 1932 laetantur
1441 1873 1493 1928 iu
1537 1868 1938 1940 exspectatione

361 1958 484 2033 vita:
533 1974 846 2046 sequentis,
907 1968 1152 2041 quamvis
1213 1964 1601 2021 contristentur
1651 1958 1936 2014 alllietione

361 2049 627 2140 pressura:
651 2061 960 2136 praesentis;
1006 2057 1147 2113 unde
1185 2063 1268 2110 est
1309 2052 1440 2108 illud
1466 2070 1479 2106 :
1509 2049 1589 2105 Tu
1620 2066 1674 2104 es
1701 2047 1829 2102 mihi
1856 2064 1936 2100 re-
1959 2073 1984 2090 ο

361 2136 564 2230 iugium
608 2173 643 2210 α
677 2167 922 2226 pressura
963 2163 1080 2220 qua:
1129 2142 1470 2200 circumdedit
1519 2157 1624 2204 me,
1653 2136 1934 2193 exsultatio

360 2223 474 2304 inea
500 2223 688 2318 (Eccli.
724 2239 822 2316 LI).
859 2240 932 2296 At
956 2251 1085 2296 vero
1132 2236 1281 2306 impii
1303 2233 1396 2304 qui
1440 2246 1498 2288 se
1524 2237 1736 2302 putant,
1763 2227 1818 2282 in
1845 2223 1933 2280 t'u-

361 2349 484 2396 turo
509 2335 868 2408 requietum,
903 2337 998 2386 aut
1023 2335 1171 2384 certe
1194 2325 1369 2380 nullos
1405 2329 1527 2394 post
1572 2329 1805 2375 mortem
1846 2319 1930 2370 lu-

363 2441 546 2497 turos,
597 2427 878 2483 falluntur.
913 2420 1100 2493 Neque
1151 2419 1278 2474 huic
1327 2423 1591 2487 repugnat
1630 2411 1932 2476 sententiae,

361 2523 505 2594 quod
529 2533 693 2591 supra
735 2517 938 2572 dictum
961 2522 1064 2578 est,
1088 2509 1226 2583 quod
1247 2509 1390 2565 timet
1418 2508 1626 2578 impius,
1657 2504 1818 2560 veniet
1839 2519 1931 2557 su-

359 2629 451 2685 per
473 2626 610 2674 eum,
647 2615 774 2665 sunt
802 2605 945 2661 enim
983 2603 1076 2675 qui
1103 2601 1335 2658 scientes
1387 2597 1624 2654 iuturqu
1667 2596 1929 2652 bonorum

363 2704 731 2772 malorumque
777 2696 1038 2772 judicium
1078 2692 1426 2749 nihilominus
1472 2689 1798 2760 negligentia
1845 2685 1930 2741 vel

361 2789 733 2862 desperatione
769 2785 853 2841 vel
879 2784 1042 2840 etiam
1079 2782 1146 2837 de
1175 2779 1436 2836 industria
1491 2785 1758 2850 peccant:
1788 2776 1932 2831 Tali-

359 2887 460 2941 bus
480 2897 607 2954 ergo
632 2879 880 2936 interitus
916 2890 1078 2947 quem
1109 2873 1301 2929 timent
1327 2871 1605 2936 adveniet;
1660 2875 1805 2934 sunt,
1836 2866 1928 2938 qui

358 2974 500 3030 mala
533 2987 652 3044 qua:
683 2967 886 3044 iaciunt
908 2971 1001 3022 aut
1023 2977 1296 3034 nunquam
1337 2959 1604 3033 punienda
1637 2959 1925 3022 aestimant,

2040 412 2140 468 lias
2169 413 2546 486 ingerunt,~vel
2572 425 2720 470 certe
2762 417 2886 488 quia
2923 417 3090 471 omnis
3114 417 3208 484 qui
3237 434 3289 471 se
3309 417 3506 472 exultat
3530 419 3627 473 liu-

2040 504 2329 559 miliabitur
2351 505 2567 578 (Matth.
2598 506 2776 579 xxm).

2114 595 2212 650 Ubi
2233 609 2405 652 autem
2432 597 2720 662 humilitas,
2747 599 2818 653 ibi
2857 601 3132 670 sapientia.
3157 600 3508 668 Abscondistt,
3535 600 3630 656 iu-

2039 691 2174 760 quit,
2201 691 2312 744 Ita'c
2341 709 2372 743 (ι
2402 691 2722 762 sapientibus
2759 703 2807 746 et
2835 693 3200 764 prudentibus,
3225 703 3273 748 et
3299 693 3533 749 ret'clasti
3560 711 3628 753 ea

2037 781 2267 850 parvulis
2298 781 2514 850 (Matt/1.
2551 782 2650 854 xt),
2681 783 2733 839 id
2757 793 2860 850 est,
2884 783 3194 838 humilibus.

2113 871 2322 926 Mortuo
2348 872 2556 928 homine
2607 875 2786 944 impio,
2815 873 2960 928 nulla
3013 876 3112 928 erit
3159 874 3298 930 ultra
3323 893 3456 946 spes.
3506 875 3629 932 Heu

2039 968 2233 1024 misere
2263 969 2403 1023 hanc
2429 970 2752 1025 sententiam
2781 969 3076 1039 pertransit
3097 971 3633 1042 Origenes,quipost

2040 1059 2345 1114 universale
2404 1068 2817 1130 extremumque
2869 1060 3130 1131 judicium
3167 1061 3332 1115 vitam
3391 1061 3634 1118 credidit

2037 1150 2286 1204 omnibus
2326 1151 2504 1220 impiis
2539 1160 2595 1206 et
2639 1152 3012 1220 peccatoribus
3039 1152 3287 1206 dandam.
3318 1151 3632 1209 Notandum

2039 1245 2242 1303 autem,
2271 1239 2396 1308 quia
2419 1239 2522 1294 etsi
2550 1238 2728 1310 impiis
2756 1249 2879 1310 post
2910 1249 3135 1294 mortem
3158 1255 3280 1311 spes
3305 1241 3476 1296 veniae
3517 1257 3636 1297 non

2037 1337 2141 1390 est,
2175 1335 2300 1382 sunt
2345 1335 2522 1384 tamen
2552 1330 2642 1398 qui
2678 1330 2744 1384 de
2785 1329 3080 1386 levioribus
3109 1331 3386 1400 peccatis,
3429 1331 3636 1401 quibus

2037 1417 2256 1486 obligati
2281 1416 2520 1473 defunmi
2547 1413 2690 1483 Sunt,
2722 1429 2847 1492 post
2889 1430 3118 1476 mortem
3142 1430 3368 1492 possunt
3389 1421 3628 1487 absolvi,

2039 1506 2124 1562 vel
2167 1507 2346 1578 poenis
2375 1509 2621 1566 videlicet
2665 1511 2909 1582 castigati
2949 1511 3033 1566 vel
3078 1527 3298 1566 suorum
3347 1513 3630 1582 precibus,

2039 1597 2416 1670 eleemosynis,
2447 1600 2730 1654 missarum
2761 1600 3216 1657 eclebratiouibus
3243 1601 3503 1668 absoluti,
3529 1604 3633 1659 sed

1969 1677 2014 1737 Β
2044 1689 2159 1742 lucc
2186 1690 2592 1760 quibuscuuque
2630 1691 2784 1756 ﬁunt,
2812 1700 2866 1746 et
2898 1700 3024 1747 ante
3052 1690 3335 1760 judicium,
3363 1703 3420 1748 et
3443 1693 3512 1748 de
3543 1692 3630 1750 le-

2037 1777 2276 1834 vioribus
2318 1780 2452 1834 tiunt
2476 1781 2765 1836 erratibus.
2792 1779 2893 1848 Qui
2916 1798 3045 1836 vero
3066 1798 3124 1838 se
3147 1782 3305 1853 longo
3335 1793 3458 1854 post
3477 1782 3635 1853 judi-

2037 1869 2178 1922 cium
2223 1879 2482 1940 tempore,
2511 1869 2823 1928 liberandos
2870 1880 3084 1942 putant.
3113 1871 3374 1928 falluntur
3421 1883 3476 1929 et
3506 1873 3630 1930 for-

2040 1970 2184 2016 tasse
2215 1963 2281 2017 ad
2303 1978 2396 2018 eos
2421 1965 2659 2033 pertinet
2687 1965 2830 2034 quod
2862 1965 3124 2034 sequitur.

2109 2051 2176 2104 Et
2219 2053 2529 2122 exspectatio
2575 2053 2920 2108 sollicitorum
2977 2055 3184 2126 peribit.
3237 2056 3373 2111 item
3399 2056 3506 2112 alia
3538 2071 3636 2114 est

2035 2151 2376 2218 sollicitudo,
2423 2167 2584 2222 quam
2623 2153 2747 2208 boni
2799 2169 3014 2224 semper
3073 2155 3141 2209 ad
3197 2154 3472 2224 implenda
3525 2155 3634 2210 Dei

2035 2249 2299 2310 pnecepta
2329 2235 2705 2298 sunt’acciucti
2731 2257 2746 2296 :
2773 2243 2876 2296 alia
2907 2259 3012 2314 qua
3044 2247 3277 2315 reprobi,
3302 2261 3426 2300 cum
3441 2247 3634 2301 scien-

2037 2341 2118 2385 tes
2144 2339 2390 2400 peeeant,
2427 2331 2642 2388 solliciti
2685 2341 2929 2388 metuunt
2979 2335 3194 2404 quando
3220 2344 3480 2391 aeternam
3525 2353 3631 2391 ra-

2034 2422 2251 2492 piantur
2282 2422 2349 2476 ad
2382 2437 2598 2493 poenam
2621 2463 2636 2486 ,
2687 2423 2915 2494 ideoque
2967 2433 3112 2480 recte
3147 2426 3482 2496 expectatio
3526 2441 3635 2481 eo-

2035 2529 2154 2568 rum
2201 2514 2292 2584 qui
2314 2513 2426 2569 Deo
2453 2513 2682 2570 sollicita
2711 2524 2892 2570 mente
2934 2515 3177 2570 serviunt
3221 2518 3579 2572 coronabitur
3613 2560 3625 2572 .

2034 2621 2223 2661 eorum
2248 2621 2378 2661 vero
2405 2605 2498 2676 qui
2528 2605 2696 2660 Deum
2742 2615 3147 2662 contemnentes
3190 2617 3246 2663 et
3287 2617 3416 2663 ante
3465 2607 3636 2678 judi-

2033 2697 2176 2752 cium
2226 2695 2343 2766 ejus
2383 2697 2600 2767 propria
2647 2699 2978 2754 conscientia
3025 2715 3085 2755 se
3145 2711 3435 2756 accusante
3486 2717 3631 2760 con-

2034 2788 2374 2843 demnentur.
2394 2789 2728 2860 Exspectatio
2741 2789 3083 2846 sollicitarum
3097 2792 3298 2862 peribit.
3319 2793 3474 2849 Hunc
3494 2809 3630 2849 ver-

2032 2895 2150 2936 sum
2176 2881 2333 2952 longe
2356 2881 2514 2938 aliter
2539 2882 2703 2939 habet
2724 2883 2942 2954 antiqua
2979 2883 3257 2944 translatio
3280 2926 3296 2949 ,
3337 2901 3457 2956 quae
3493 2887 3575 2941 ait
3607 2907 3622 2940 :

2031 2970 2278 3040 Defuncti
2306 2971 2530 3028 hominis
2559 2971 2696 3044 justi
2727 2990 2832 3028 non
2853 2974 3038 3046 peribit
3063 2992 3196 3046 spes,
3223 2975 3392 3046 gloria
3432 2988 3624 3032 autem

359 3073 454 3121 aut
489 3065 626 3121 bene
663 3070 833 3135 gesta,
863 3059 1086 3127 ideoque
1118 3055 1259 3111 bona
1297 3051 1544 3108 mercede
1578 3065 1930 3107 remuneran—
1955 3055 2001 3118 ο
2033 3065 2308 3134 impiorum
2336 3063 2538 3134 ρετίωι,

359 3159 424 3214 da
454 3154 721 3226 iudicant,
745 3153 812 3208 de
837 3149 1033 3220 quibus
1052 3155 1202 3204 recte
1228 3145 1428 3202 dicitur
1457 3161 1470 3195 :
1516 3142 1651 3211 Quia
1683 3159 1797 3213 spes
1821 3143 1922 3196 im-

356 3245 561 3317 piorum
581 3241 788 3313 peribit,
819 3253 944 3294 nam
963 3245 1019 3293 et
1043 3235 1109 3292 de
1131 3235 1219 3291 his
1247 3234 1339 3306 qui
1359 3233 1593 3289 scientes
1609 3231 1926 3302 delinquunt

357 3335 750 3403 subsequenter
771 3327 1031 3399 adjungit.

427 3419 708 3476 Fortitudo
749 3416 999 3488 simplicis
1024 3416 1108 3470 via
1145 3413 1355 3469 Domini
1385 3454 1401 3480 ,
1453 3425 1501 3468 et
1531 3429 1690 3484 pavor
1724 3413 1806 3467 Ius
1835 3412 1928 3485 qui

359 3519 642 3584 operantur
658 3507 876 3563 malum.
929 3504 1010 3572 Si,
1042 3505 1254 3574 inquit,
1297 3503 1476 3559 abdita
1521 3501 1924 3574 Scripturarum

356 3601 810 3674 comprehendere
837 3612 942 3654 non
970 3596 1136 3662 vales,
1164 3611 1271 3651 non
1294 3602 1476 3651 tamen
1503 3595 1569 3650 de
1592 3595 1765 3650 salute
1805 3595 1924 3650 des-

353 3707 530 3765 peres,
555 3690 650 3748 sed
677 3689 903 3762 gradere
937 3685 1081 3742 viam
1119 3684 1352 3752 Domini,
1377 3699 1475 3756 age
1511 3683 1654 3740 bona
1681 3699 1799 3754 quas
1829 3700 1926 3740 no-

355 3785 456 3852 sti,
501 3793 556 3840 et
582 3783 724 3838 inter
749 3779 918 3836 fortes
940 3775 1454 3834 connumeraberis:
1487 3775 1582 3831 sed
1618 3775 1812 3830 merito
1833 3792 1922 3846 pa-

359 3890 516 3948 veant
536 3880 634 3947 illi,
661 3879 752 3950 qui
785 3886 931 3934 recta
953 3891 1072 3948 quae
1094 3883 1294 3931 norunt
1333 3873 1514 3931 facere
1545 3878 1920 3938 contemnunt,

353 3973 476 4044 quia
497 3979 645 4029 certa
668 3977 874 4028 restant
899 3983 1020 4039 qua:
1040 3967 1318 4039 patiantur
1349 3965 1510 4022 mala.

963 4057 1188 4117 CAPUT
1233 4057 1325 4115 XI.

424 4154 638 4213 Statera
663 4149 848 4208 dolosa
879 4148 1198 4204 abominatio
1223 4147 1365 4220 apud
1384 4146 1688 4212 Dominum,
1712 4156 1760 4200 et
1791 4163 1921 4216 pon-

347 4249 448 4304 dus
474 4260 683 4318 mquam
707 4241 946 4299 uoluntas
997 4240 1132 4312 ejus.
1175 4238 1389 4295 Statera
1435 4238 1618 4296 dolosa
1665 4253 1771 4294 non
1801 4247 1920 4292 tan-

345 4344 462 4392 tum
483 4335 540 4390 in
575 4329 976 4390 mensuratione
1015 4327 1277 4400 pecuniae,
1311 4326 1406 4384 sed
1450 4328 1587 4384 etin
1632 4327 1917 4399 iudiciaria

2095 3151 2281 3208 Justus
2308 3154 2374 3208 de
2393 3155 2638 3226 angustia
2676 3155 2926 3211 liberatus
2959 3167 3054 3223 est,
3079 3167 3126 3212 et
3156 3157 3394 3212 tradetur
3417 3160 3623 3230 impius

2025 3257 2118 3308 pro
2143 3257 2224 3295 eo.
2250 3241 2452 3314 Martyr
2479 3242 2706 3313 quisque
2731 3243 2798 3299 de
2825 3247 3072 3316 angustia
3113 3246 3384 3316 passionis
3413 3247 3625 3304 libera-

2028 3341 2113 3388 tus
2147 3340 2252 3400 est,
2273 3342 2394 3404 post
2416 3343 2663 3400 mortem,
2697 3343 2751 3390 et
2781 3337 3024 3392 tradetur
3045 3338 3098 3392 in
3121 3353 3334 3408 ptenam
3361 3354 3461 3409 pro
3488 3339 3622 3410 ejus

2025 3435 2187 3478 causa
2219 3431 2550 3492 persecutor,
2571 3425 2662 3494 qui
2696 3423 2842 3478 illum
2893 3427 3218 3498 angustavit.
3248 3427 3415 3483 Jacob
3458 3445 3620 3484 mar-

2027 3513 2168 3584 tyrio
2195 3525 2485 3570 coronatus
2537 3525 2639 3583 est,
2665 3515 2860 3572 Petrus
2887 3517 2954 3573 de
2987 3534 3207 3576 carcere
3235 3521 3521 3587 liberatus,
3551 3534 3622 3578 et

2026 3602 2269 3659 llcrodes
2297 3605 2389 3676 qui
2415 3620 2508 3662 eos
2546 3614 2861 3677 persecutus
2886 3616 2989 3675 est,
3019 3623 3051 3662 a
3078 3611 3353 3665 vermibus
3382 3611 3620 3667 visibili-

2027 3703 2108 3748 ter
2140 3703 2508 3766 consumptus,
2535 3704 2592 3750 et
2628 3696 2970 3752 invisibiliter
3009 3705 3196 3770 raptus
3239 3709 3342 3766 est,
3366 3701 3456 3754 ubi
3489 3718 3616 3756 ver-

2025 3785 2123 3840 mis
2144 3786 2256 3856 ejus
2288 3803 2392 3842 non
2422 3787 2674 3842 morietur
2710 3797 2759 3842 et
2787 3786 2921 3860 ignis
2946 3787 3061 3859 ejus
3105 3805 3210 3844 non
3242 3791 3619 3862 exstinguetur

2025 3872 2157 3946 (Isa.
2184 3875 2354 3949 txvt).

2096 3965 2390 4021 Simulator
2420 3983 2508 4021 ore
2534 3967 2724 4040 decipit
2767 3969 2996 4024 amicum
3024 3986 3178 4024 suum
3203 4010 3219 4038 ,
3253 3970 3392 4042 justi
3427 3985 3614 4030 autem

2021 4054 2378 4109 liberabuntur
2409 4056 2646 4111 scientia.
2672 4055 2969 4113 Haereticus
3007 4055 3266 4116 simulans
3294 4060 3615 4119 doctrinam

2021 4145 2342 4202 catholicam
2366 4147 2565 4217 decipit
2593 4147 2891 4205 auditorem
2921 4163 3099 4217 suum,
3126 4151 3218 4221 qui
3250 4161 3429 4208 autem
3450 4151 3614 4221 jusle

2021 4237 2305 4292 veritatem
2331 4245 2630 4309 sequuntur
2651 4238 2944 4311 Evangelii,
2971 4240 3342 4299 liberabuntur
3372 4245 3614 4302 scientia

2020 4326 2284 4383 catholica
2314 4343 2380 4382 ne
2401 4327 2643 4397 decipula
2675 4329 2952 4398 rapiantur
2971 4330 3242 4386 haeretica.

345 4422 672 4481 discretione
701 4426 866 4475 tenet.
901 4416 1002 4485 Qui
1028 4416 1172 4472 enim
1211 4416 1368 4472 aliter
1392 4430 1612 4472 causam
1638 4416 1912 4487 pauperis,
1939 4400 1995 4462 1)
2091 4417 2195 4484 Qui
2213 4419 2429 4489 despicit
2456 4421 2681 4474 amicum
2705 4436 2881 4486 suum,
2917 4419 3152 4492 indigens
3177 4423 3333 4476 corde
3355 4433 3430 4478 est
3454 4465 3468 4488 ,
3521 4426 3608 4479 rir

343 4513 500 4570 aliter
518 4509 774 4583 potentis,
801 4506 959 4562 aliter
975 4503 1196 4573 sodalis,
1225 4505 1383 4562 aliter
1410 4505 1558 4560 audit
1584 4505 1767 4577 ignoti,
1799 4513 1914 4558 sta-

345 4613 460 4658 tera
485 4601 671 4671 utique
704 4597 866 4653 librat
911 4597 1125 4667 iniqua;
1177 4595 1272 4651 sed
1299 4595 1428 4652 etis
1473 4596 1563 4664 qui
1619 4610 1718 4650 sua
1777 4596 1914 4650 bene

342 4713 491 4775 gesta
514 4701 738 4758 meliora
757 4713 916 4770 quam
942 4696 1309 4768 proximorum
1337 4705 1539 4760 suaque
1566 4695 1745 4743 errata
1766 4685 1914 4755 judi-

341 4806 428 4854 cat
453 4795 652 4853 leviora
681 4793 879 4850 trutina
925 4789 1186 4862 ponderat
1223 4785 1428 4851 dolosa,
1457 4795 1558 4839 nec
1604 4797 1710 4836 non
1737 4789 1792 4836 et
1824 4779 1914 4834 ille

339 4890 430 4962 qui
452 4903 618 4946 onera
634 4881 990 4957 importabilia
1017 4879 1242 4952 imponit
1261 4877 1315 4932 in
1336 4878 1590 4933 humeros
1612 4873 1907 4937 hominum,

341 4984 454 5056 ipse
470 4991 656 5040 autem
698 4995 808 5034 uno
839 4977 1006 5049 digito
1031 4991 1130 5030 suo
1159 4989 1264 5029 non
1295 4971 1410 5028 vult
1434 4985 1498 5026 ea
1530 4977 1748 5040 tangere
1773 4987 1786 5022 :
1821 4967 1912 5022 ille

338 5077 501 5133 etiam
546 5075 640 5146 qui
665 5073 807 5129 bona
854 5069 909 5126 in
963 5064 1175 5140 publico
1203 5073 1259 5119 et
1284 5061 1424 5119 mala
1457 5061 1566 5133 agit
1593 5061 1646 5115 in
1677 5057 1908 5124 occulto,

338 5181 438 5236 pro
465 5165 750 5238 iniquitate
788 5159 940 5216 libra:
981 5156 1178 5214 dolosa
1213 5153 1552 5210 abominatur
1576 5167 1607 5205 a
1645 5150 1905 5214 Domino;

339 5268 394 5312 at
415 5258 505 5327 qui
531 5253 814 5313 sinceriter
833 5250 946 5322 agit
965 5249 1017 5304 in
1044 5243 1312 5310 omnibus,
1335 5243 1425 5313 qui
1454 5257 1672 5298 causam
1703 5247 1757 5294 et
1782 5255 1908 5294 eau-

339 5364 456 5404 sam
487 5362 640 5418 aequa
666 5345 824 5400 lance
851 5340 1128 5403 discernit,
1153 5338 1201 5393 is
1249 5336 1501 5391 nimirum
1544 5332 1676 5404 justi
1711 5331 1911 5402 judicis

338 5439 591 5497 voluntati
617 5445 672 5494 et
693 5433 890 5492 actioni
907 5425 1175 5504 congruit.

412 5527 511 5584 Ubi
539 5529 695 5597 fuerit
721 5523 982 5590 superbia,
1010 5525 1082 5578 ibi
1103 5523 1198 5577 erit
1221 5531 1268 5576 et
1295 5519 1627 5576 contumelia.
1663 5520 1796 5586 Quia
1821 5535 1906 5573 su-

337 5617 489 5686 perbi
521 5626 605 5672 vel
631 5614 1014 5690 contumeliose
1036 5629 1096 5669 se
1126 5622 1316 5684 gerunt
1345 5653 1360 5678 ,
1401 5627 1497 5681 per
1538 5621 1900 5681 contemptum

2015 4521 2190 4564 autem
2226 4509 2452 4577 prudens
2478 4512 2684 4564 tacebit.
2713 4509 2828 4565 Non
2853 4519 2938 4566 est
2973 4511 3346 4582 despiciendus
3373 4514 3451 4569 vel
3497 4517 3602 4572 de-

2019 4602 2272 4656 ridendus
2298 4617 2327 4655 a
2358 4602 2530 4667 nobis,
2563 4601 2654 4672 qui
2695 4617 2792 4657 nos
2833 4601 3148 4672 simpliciter
3182 4619 3367 4660 amare
3391 4607 3600 4675 proba-

2018 4700 2122 4758 tur,
2147 4691 2358 4746 etiamsi
2404 4693 2580 4762 inepte
2626 4691 2756 4762 quid
2798 4708 2896 4762 per
2941 4695 3262 4765 imperitiam
3310 4695 3462 4752 facit.
3491 4697 3604 4766 Qui

2015 4784 2161 4840 enim
2192 4785 2293 4840 hoc
2321 4783 2472 4850 facit,
2499 4785 2744 4856 indignus
2773 4793 2856 4840 est
2881 4786 3180 4856 sapientiae,
3204 4796 3261 4840 at
3292 4803 3428 4845 vero
3463 4805 3603 4862 pru-

2015 4873 2148 4929 dens
2172 4873 2400 4944 quisque
2426 4875 2491 4928 de
2527 4874 2712 4928 talium
2738 4875 3040 4930 commissis
3071 4878 3283 4946 publice
3307 4888 3473 4946 tacet,
3498 4883 3599 4937 sed

2014 4967 2131 5020 hanc
2161 4965 2370 5021 occulte
2395 4965 2646 5036 castigat,
2673 4965 2815 5036 quod
2845 4966 2983 5022 idem
3033 4969 3385 5038 sequentibus
3430 4968 3600 5026 versi-

2013 5059 2148 5114 culis
2183 5058 2384 5113 arctius
2412 5057 2712 5112 inculcatur
2737 5058 2862 5113 dum
2892 5059 3108 5114 dicitur.

2085 5149 2188 5216 Qui
2209 5149 2439 5204 ambulat
2480 5148 2862 5219 fraudulenter,
2885 5151 3076 5204 revelat
3115 5169 3346 5218 arcana;
3369 5155 3459 5224 qui
3486 5171 3590 5209 au-

2014 5253 2114 5296 tem
2156 5238 2325 5308 ﬁdelis
2362 5247 2456 5303 est,
2477 5239 2633 5293 amici
2663 5237 2793 5293 celat
2817 5241 3168 5294 commissum.
3217 5241 3283 5295 Et
3330 5243 3388 5297 in
3413 5242 3594 5301 Evan-

2013 5333 2152 5404 gelio
2177 5332 2470 5388 Dominus:
2512 5327 2570 5384 Si
2611 5331 2897 5401 peccaverit
2928 5331 2982 5383 in
3008 5339 3056 5384 te
3101 5331 3268 5400 frater
3287 5341 3433 5398 tuus,
3457 5335 3586 5386 vade

2009 5439 2055 5480 et
2084 5427 2284 5496 corripe
2321 5439 2436 5478 eum
2467 5423 2602 5476 inter
2627 5431 2675 5476 te
2699 5433 2747 5476 et
2767 5421 2932 5490 ipsum
2959 5437 3158 5488 solum;
3189 5422 3232 5476 si
3261 5430 3311 5476 te
3338 5423 3584 5488 audierit,

2005 5519 2240 5572 lucratus
2301 5517 2405 5571 eris
2459 5515 2674 5584 fratrem
2747 5530 2904 5576 uum,
2965 5524 3069 5570 etc.
3119 5513 3344 5586 (Matth.
3393 5515 3588 5587 XVIII).

2009 5611 2156 5667 Unde
2186 5621 2237 5664 ct
2263 5611 2349 5666 hic
2383 5617 2525 5663 recte
2547 5603 2909 5662 subinfertur:
