3962 6198
235 294 343 352 ῗιῗ

1017 286 1377 344 EXPOSITIO
1416 289 1480 343 IN
1520 282 1909 343 l'ROVlZRlllA
1951 282 2357 342 SALOMONIS.
2396 318 2461 325 -—
2501 280 2625 339 Ui}.
2667 280 2733 339 Il.

3387 286 3487 342 718

312 399 412 455 Ubi
452 414 555 453 non
589 411 666 452 est
708 401 1023 466 gubernator
1047 436 1063 459 ,
1102 395 1323 465 populus
1376 404 1623 458 corruet;
1672 393 1815 446 salus
1845 398 1891 456 Α
1923 392 2176 455 tendunt,
2216 402 2275 446 ut
2308 393 2409 447 hoc
2444 402 2556 457 est,
2589 392 2731 463 quod
2761 409 2923 464 supra
2952 395 3167 449 dicitur.
3204 392 3395 453 Manus
3432 401 3488 453 in

235 503 415 544 autem
460 488 549 541 ubi
574 486 738 539 multa
769 485 1008 538 consilia.
1036 484 1114 539 Ne
1145 484 1287 538 enim
1327 494 1380 537 te
1412 491 1631 552 putares
1657 480 1819 535 amici

234 577 531 634 commissa
555 575 599 628 si
626 573 899 644 corrigere
920 589 1025 627 nou
1055 582 1208 643 potes
1235 572 1374 626 ultra
1398 572 1575 627 celare
1602 571 1817 634 debere,

235 679 391 725 recte
413 667 546 722 dicit
571 664 828 736 populum
871 663 990 718 sine
1020 662 1381 736 gubernatore
1401 677 1679 726 corruere,
1706 660 1820 717 sal-

234 763 354 817 vari
402 769 585 815 autem
616 757 708 812 ubi
755 755 923 811 multa
973 763 1101 812 sunt
1144 755 1401 820 consilia,
1443 763 1504 809 ut
1551 755 1822 819 ostendat,

229 853 383 923 quod
410 851 559 906 solus
587 847 876 904 emendare
901 862 1007 901 non
1029 846 1195 913 vales,
1219 847 1463 918 pluribus
1502 860 1623 901 esse
1672 860 1827 901 reve-

231 945 484 1007 landum,
522 950 579 995 ut
599 939 840 995 unanimi
871 939 1111 993 omnium
1137 939 1440 1011 corrigatur
1466 937 1751 992 industria.

276 1023 584 1103 'Aﬂligetur
625 1027 765 1083 malo
803 1028 893 1099 qui
922 1025 1081 1097 [idem
1134 1027 1260 1096 facit
1306 1044 1402 1097 pro
1447 1035 1716 1081 extraneo.
1765 1024 1824 1079 ln

233 1130 494 1191 promptu
524 1126 608 1175 est
632 1118 830 1172 littera:
853 1132 1063 1183 sensus,
1094 1117 1189 1172 sed
1230 1127 1315 1172 est
1352 1133 1382 1172 a
1420 1126 1566 1173 sorte
1612 1126 1830 1173 sancto-

233 1230 362 1267 rum
394 1220 690 1266 extraneus
712 1209 802 1279 qui
841 1218 1060 1280 peccata
1091 1223 1185 1263 sua
1217 1208 1529 1279 pmnitendo
1553 1209 1829 1278 corrigere

236 1299 554 1357 dissimulat
594 1300 704 1358 :Et
728 1300 1035 1369 quicunque
1084 1297 1280 1353 talibus
1308 1298 1393 1353 vel
1431 1299 1827 1353 communionis

235 1396 478 1467 gratiam
501 1393 767 1457 concedit,
795 1391 877 1446 vel
905 1392 1069 1446 vitam
1099 1390 1364 1461 promittit
1399 1399 1682 1454 teternam,
1705 1391 1829 1459 quia

235 1501 345 1557 pro
365 1493 625 1539 extraneo
673 1482 832 1538 ﬁdem
864 1479 1011 1546 fecit,
1048 1481 1284 1551 seipsum
1330 1480 1574 1550 proiecto
1601 1489 1727 1534 ante
1751 1480 1832 1534 di-

239 1577 426 1632 stricti
454 1574 659 1646 judicis
680 1574 864 1629 oculos
897 1573 1099 1628 ultione
1124 1573 1340 1642 dignum
1374 1572 1626 1625 reddidit.

322 1666 431 1733 Qui
451 1676 624 1720 mitem
657 1673 797 1719 cavet
819 1663 1029 1734 laqueos
1050 1680 1261 1718 securus
1285 1663 1402 1716 erit.
1454 1660 1689 1717 Securus
1727 1662 1830 1716 erit

1926 501 2086 537 ntanu
2134 502 2237 539 non
2279 486 2374 538 erit
2421 485 2668 537 innocens
2715 501 2933 549 manus,
2987 484 3148 550 item,
3178 486 3497 557 pra‘stolatio

1923 573 2205 643 impiorum
2239 573 2410 643 furor,
2446 573 2571 642 quia
2616 573 2932 643 plerumque
2980 574 3061 629 ira
3094 590 3193 644 per
3219 574 3495 634 silentium

1925 663 2104 719 clausa
2139 665 2278 719 intra
2310 674 2543 721 mentem
2571 666 2943 721 vehementius
2971 675 3183 723 azstuat.

1996 754 2103 809 Alii
2138 755 2378 810 dividunt
2402 756 2613 827 propria
2643 766 2689 811 et
2721 756 2935 812 ditiores
2961 758 3117 827 fiunt.
3146 759 3281 828 Quia
3314 771 3501 817 centu-

1926 850 2073 918 plum
2115 848 2386 919 accipiunt.
2422 849 2477 903 in
2511 850 2614 904 hoc
2651 856 2927 920 tempore,
2966 857 3022 907 et
3051 851 3105 907 in
3142 850 3337 911 Stacqu
3366 871 3501 911 ven-

1930 946 2052 992 turo
2079 939 2244 993 vitam
2277 947 2557 993 aeternam.

1999 1032 2105 1086 Alii
2146 1035 2353 1101 rapiunt
2391 1050 2495 1087 non
2531 1050 2629 1088 sua
2664 1044 2714 1088 et
2750 1051 2951 1097 semper
2994 1035 3048 1090 in
3095 1045 3317 1107 egestate
3356 1048 3496 1093 sunt.

1932 1118 2158 1190 Semper
2191 1121 2364 1191 inquit
2394 1116 2449 1176 in
2480 1131 2719 1194 egestate
2746 1140 2854 1178 non
2882 1126 3055 1180 solum
3091 1126 3144 1180 in
3183 1131 3501 1197 tormentis,

1933 1212 2021 1265 ubi
2059 1227 2158 1267 nec
2196 1208 2390 1266 stillam
2428 1229 2611 1283 aqure,
2663 1216 2803 1269 unde
2850 1216 2915 1270 ad
2964 1217 3231 1272 modicum
3280 1219 3504 1291 refrige-

1933 1313 2140 1369 rentur,
2180 1305 2471 1374 accipiunt,
2513 1306 2604 1360 scd
2644 1314 2698 1360 et
2733 1307 2784 1360 in
2824 1308 3076 1375 prtesenti
3115 1309 3227 1376 ubi,
3259 1312 3502 1379 quamvis

1934 1395 2216 1448 innumera
2251 1395 2443 1463 rapiat,
2481 1412 2694 1465 semper
2723 1413 2917 1452 avarus
2947 1407 3085 1468 eget.

2004 1483 2193 1537 Anima
2239 1501 2356 1554 qum
2401 1483 2653 1539 benedicit
2703 1485 3128 1557 impinguabitur,
3172 1499 3221 1542 et
3262 1491 3351 1561 qui
3390 1491 3505 1545 inc-

1937 1574 2073 1626 briat
2094 1614 2108 1636 ,
2148 1574 2256 1643 ipse
2287 1590 2489 1645 quoque
2516 1574 2877 1630 inebriabitur.
2912 1577 3011 1644 Qui
3043 1580 3280 1635 exterius
3307 1583 3504 1650 praedi-

1934 1665 2109 1719 cando
2163 1664 2470 1734 bcnedicit,
2526 1667 2751 1723 interius
2805 1671 3074 1738 augmenti
3128 1673 3505 1743 pinguedinem

240 1761 300 1815 in
329 1759 513 1813 futuro
550 1756 642 1827 qui
677 1771 822 1810 nunc
866 1756 1005 1809 bene
1036 1752 1414 1809 formidolosus
1452 1761 1506 1809 οἱ
1535 1769 1629 1807 sua
1670 1753 1831 1807 scdu-
1862 1747 1907 1804 Β
1935 1757 2148 1827 recipit.
2194 1758 2260 1811 Et
2294 1760 2418 1812 dum
2451 1774 2605 1813 sacro
2636 1759 2755 1814 oleo
2784 1771 3017 1814 mentem
3051 1765 3354 1818 auditorum
3391 1767 3507 1820 ine-

242 1850 335 1903 lus
358 1855 540 1903 errata
569 1859 668 1916 per
687 1844 1056 1916 ptenitentiam
1103 1853 1280 1908 curat,
1301 1851 1357 1896 et
1395 1843 1461 1897 ab
1490 1841 1831 1913 impaeniten-

243 1940 385 1993 tiutn
415 1953 475 1992 se
495 1937 757 1992 societate
778 1943 956 1989 servat
978 1935 1289 1989 immunem.

322 2030 521 2083 Manus
543 2030 598 2083 in
612 2045 770 2083 manu
788 2043 892 2081 non
907 2028 1001 2081 erit
1018 2028 1263 2081 innocens
1287 2024 1477 2079 malus.
1494 2023 1595 2092 Qui
1616 2038 1831 2077 manum

231 2120 425 2191 jungit
456 2119 513 2173 in
541 2134 705 2173 manu
733 2117 804 2172 nil
822 2119 1005 2187 utique
1025 2125 1304 2187 operatur,
1324 2115 1417 2170 sed
1442 2114 1699 2169 manusin
1721 2130 1834 2167 ma-

238 2229 319 2265 nu
346 2226 455 2265 non
474 2210 582 2265 erit
596 2209 856 2263 innocens
878 2208 1070 2273 malus,
1087 2206 1211 2276 quia
1227 2206 1328 2260 etsi
1344 2205 1410 2258 ab
1428 2204 1609 2273 iniqua
1624 2204 1837 2257 actione

238 2318 445 2357 manus
489 2302 559 2356 ad
591 2301 781 2357 horam
821 2300 1108 2364 subtrahit,
1139 2298 1317 2354 cordis
1354 2304 1533 2350 tamen
1582 2294 1838 2349 innocen-

241 2394 380 2447 tiam
412 2390 594 2445 malus
621 2390 821 2445 habere
859 2405 968 2445 non
999 2387 1136 2443 valet
1163 2405 1175 2441 :
1212 2388 1353 2441 unde
1380 2395 1436 2441 ct
1468 2384 1833 2455 prtemittitur.

319 2480 690 2535 Abominabile
726 2480 948 2534 Domino
1002 2496 1092 2534 cor
1141 2495 1378 2549 pravum.
1428 2474 1613 2531 Semen
1664 2484 1839 2529 autem

231 2573 519 2642 justorum
568 2570 871 2624 salenbitur.
905 2568 1020 2624 Hoc
1067 2577 1169 2635 est,
1202 2568 1342 2638 quod
1388 2582 1552 2636 supra
1598 2565 1835 2620 dicitur:

242 2661 556 2717 Seminanti
602 2670 774 2717 autem
808 2661 1075 2732 justitiam
1118 2678 1313 2717 merces
1358 2660 1551 2730 ﬁdelis,
1579 2658 1663 2714 vel
1694 2668 1841 2714 certe

242 2768 443 2809 semen
478 2752 751 2820 justorum
782 2752 1094 2819 salvabitur,
1125 2752 1250 2823 quia
1291 2753 1379 2821 qui
1428 2751 1841 2821 praecedentium

237 2846 524 2915 justoan
555 2845 798 2916 exempla
833 2854 1141 2910 sectantur,
1191 2846 1385 2900 horum
1423 2859 1637 2915 quoque
1680 2844 1843 2899 vesti-

246 2937 333 3008 εἰει
363 2936 435 2989 ad
467 2934 698 2990 videnda
731 2937 919 2991 salutis
946 2945 1160 2992 aeternae
1195 2935 1387 3006 gaudia
1419 2943 1737 3004 sequuntur,
1779 2935 1844 2989 de

244 3028 454 3097 quibus
477 3026 646 3105 Isaias
671 3044 684 3080 :
710 3023 900 3081 Omnes
918 3028 1005 3098 qui
1030 3026 1246 3080 viderint
1268 3039 1372 3091 eos,
1403 3035 1709 3096 cognoscent
1732 3043 1839 3089 eos,

1935 1847 2116 1901 hriare
2166 1862 2271 1900 non
2324 1848 2550 1912 desinit,
2602 1857 2730 1917 potu
2780 1849 3059 1919 multiplici
3105 1854 3346 1908 muneris
3393 1855 3510 1910 ine-

1937 1937 2141 1991 briatus
2170 1952 2232 1991 ex
2242 1938 2453 1991 crescit.

2010 2024 2113 2093 Qui
2165 2029 2434 2083 abscondit
2485 2026 2748 2098 frumenta
2800 2028 3131 2085 maledicitur
3175 2031 3228 2086 in
3273 2030 3509 2101 populis,

1939 2119 2226 2173 benedictio
2262 2131 2437 2173 autem
2472 2137 2628 2191 super
2660 2130 2815 2191 caput
2850 2121 3198 2178 vendentium.
3239 2124 3339 2189 Qui
3380 2140 3508 2178 san-

1939 2219 2041 2263 ctae
2078 2209 2481 2279 praedicationis
2514 2210 2654 2278 apud
2688 2225 2747 2266 se
2776 2209 2943 2265 verba
2981 2213 3206 2277 retinet,
3244 2214 3366 2268 talis
3401 2233 3508 2269 πιθα

1940 2298 2191 2354 ledicitur
2235 2300 2286 2353 in
2336 2299 2578 2370 populis,
2633 2302 2757 2370 quia
2805 2302 2860 2356 in
2905 2301 3071 2358 solius
3114 2304 3268 2375 culpa
3308 2306 3511 2361 silentii

1940 2405 2039 2460 pro
2073 2388 2363 2445 multorum
2400 2406 2534 2460 quos
2568 2392 2842 2463 corrigere
2874 2394 3049 2462 potuit
3083 2411 3240 2466 ptena
3293 2396 3513 2451 damna.

1944 2490 2050 2546 tur,
2087 2481 2202 2551 ipse
2235 2491 2318 2537 est
2347 2497 2535 2537 servus
2569 2483 2723 2555 piger
2758 2492 2814 2539 et
2846 2485 3048 2549 malus,
3082 2487 3173 2556 qui
3203 2501 3301 2556 pro
3338 2498 3515 2543 reten-

1944 2571 2088 2626 tione
2126 2573 2343 2638 talenti,
2384 2574 2526 2643 quod
2564 2574 2803 2644 accepit,
2837 2574 2892 2630 in
2927 2558 3227 2632 exteriores
3268 2581 3516 2636 tenebras

1943 2662 2141 2718 missus
2173 2672 2277 2718 est.
2315 2663 2562 2720 Vendunt
2597 2674 2778 2721 autem
2814 2664 3142 2722 frumentum
3173 2669 3264 2738 qui
3294 2671 3516 2724 verbum

1945 2753 2071 2807 vita:
2112 2754 2452 2810 audientibus
2486 2756 2802 2822 conferunt,
2835 2772 2867 2810 a
2901 2758 3095 2826 quibus
3124 2759 3355 2827 pretium
3395 2759 3514 2814 ﬁdei

1944 2850 2002 2894 et
2038 2842 2397 2898 confessionis
2433 2846 2737 2915 accipiant,
2777 2847 2988 2902 dicente
3022 2848 3249 2903 Domino
3284 2868 3297 2903 :
3343 2850 3518 2920 Nego-

1946 2932 2152 2987 tiamini
2187 2934 2310 2987 dum
2346 2937 2489 2989 venio
2540 2936 2713 3006 (Luc.
2747 2939 2879 3010 x1!)
2903 2980 2917 3002 ,
2968 2955 3195 3009 quorum
3230 2941 3392 3011 capiti
3430 2944 3521 2997 be-

1948 3021 2181 3077 nedictio
2215 3027 2560 3093 supervenit,
2608 3027 2730 3082 dum
2780 3029 3004 3102 singulis
3057 3031 3122 3086 de
3168 3033 3261 3086 tali
3306 3034 3519 3104 negotio

246 3093 374 3187 quia
411 3116 502 3170 isti
530 3093 650 3168 sunt
672 3132 843 3170 semen
870 3093 953 3170 cui
980 3115 1234 3170 benedixit
1265 3093 1516 3169 Dominus
1539 3114 1672 3187 (Isa.
1706 3116 1838 3186 LXI).
1872 3093 1916 3154 (λ
1951 3111 2288 3168 redeuntium
2326 3116 2585 3172 Dominus
2619 3119 2791 3174 dicit:
2830 3093 2997 3191 Euge,
3023 3138 3166 3176 serve
3203 3124 3331 3179 bone
3364 3093 3414 3178 evt
3448 3126 3518 3195 ﬁ-

323 3204 581 3261 Circulus
610 3220 800 3261 aureus
833 3207 886 3260 in
915 3206 1127 3261 naribus
1156 3208 1265 3261 suis
1310 3206 1497 3260 mulier
1538 3205 1760 3276 pulchra
1799 3216 1847 3259 et

250 3300 433 3368 fatua.
458 3296 736 3351 Circulum
763 3312 985 3353 aureum
1010 3298 1052 3352 si
1082 3299 1133 3351 in
1164 3299 1383 3352 naribus
1411 3298 1522 3351 suis
1545 3296 1748 3361 ﬂxeris,
1766 3296 1849 3351 ni-

252 3392 561 3446 hilominus
591 3389 678 3445 ille
715 3398 913 3445 terram
940 3399 1153 3445 vertere
1181 3404 1314 3445 naso
1358 3397 1411 3445 et
1440 3389 1723 3444 volutabro
1753 3388 1847 3441 luti

252 3490 524 3552 properat
548 3479 812 3551 immergi,
838 3480 911 3534 ita
936 3479 1127 3534 mulier
1156 3479 1301 3533 fatua
1324 3480 1367 3533 si
1398 3479 1847 3549 pulchritudinem

252 3572 446 3625 vultus
478 3569 563 3623 vel
592 3570 807 3625 habitus
834 3571 1119 3639 acceperit,
1152 3585 1303 3625 suam
1331 3578 1507 3624 tamen
1552 3568 1745 3623 faciem
1784 3570 1850 3623 ad

253 3662 450 3716 inﬁma
475 3660 772 3727 declinare,
796 3675 946 3715 suam
990 3660 1384 3731 speciositatem
1425 3661 1491 3713 ad
1533 3661 1851 3716 evertendas

252 3753 467 3821 ubique
498 3750 771 3806 castitatis
798 3749 1068 3815 ﬂosculos,
1094 3750 1464 3815 circumferre,
1491 3765 1548 3805 se
1583 3765 1740 3806 emno
1758 3767 1851 3805 vo-

250 3844 488 3916 luptatis
532 3843 811 3913 inquinare
859 3843 1047 3916 diligit.
1088 3844 1279 3898 Aliter.
1321 3843 1421 3911 Qui
1474 3853 1850 3899 ornamentum

251 3936 576 3991 divinorum
614 3934 947 4005 eloquiorum
982 3935 1293 3991 meditando
1347 3936 1714 4005 consequitur,
1761 3936 1853 3989 sed

251 4028 375 4082 hsce
408 4024 558 4080 male
584 4024 811 4081 vivendo
837 4026 1162 4096 insequitur,
1187 4026 1447 4081 circulum
1488 4041 1712 4081 aureum
1752 4027 1852 4079 lia-

250 4119 349 4174 bet
382 4119 442 4172 in
480 4116 725 4180 naribus,
752 4116 846 4172 sed
879 4132 1028 4172 more
1057 4117 1171 4172 suis
1212 4125 1409 4171 terram
1451 4118 1699 4187 subigere
1746 4130 1851 4169 non

253 4207 511 4269 desistit,
546 4205 668 4274 quia
693 4207 833 4275 quod
860 4208 1026 4262 odore
1052 4207 1258 4262 notitia:
1286 4209 1542 4277 percepit,
1578 4208 1851 4260 innnunda

249 4302 478 4354 actione
511 4297 823 4353 sordidavit.
856 4298 1083 4368 ldeoque
1121 4300 1241 4354 talis
1284 4300 1459 4353 anima
1498 4299 1690 4353 mulier
1738 4298 1853 4367 pul-

248 4393 388 4447 chra
433 4399 494 4444 et
545 4390 685 4444 fatua
724 4405 842 4447 esse
868 4401 1133 4455 censetur,
1166 4392 1289 4461 quia
1334 4391 1641 4446 carnalibus
1670 4392 1849 4445 dedita

251 4480 570 4545 illecebris,
593 4481 814 4550 pulchra
842 4490 925 4536 est
948 4496 1050 4550 per
1084 4482 1362 4537 scientiam
1383 4521 1399 4540 .
1427 4481 1519 4534 sed
1548 4496 1645 4550 per
1684 4481 1851 4535 actio-

252 4591 383 4627 nem
417 4571 597 4625 fatua.
636 4570 824 4635 Aliter,
866 4572 990 4641 quia
1018 4571 1316 4626 doctrinam
1343 4571 1652 4624 literetieam
1680 4571 1853 4626 nitore

250 4665 395 4717 vidit
427 4660 640 4728 eloquii
667 4659 1026 4730 resplendere,
1055 4676 1155 4716 nec
1186 4668 1365 4713 tamen
1402 4659 1683 4728 sapientiae
1727 4670 1851 4730 apto

252 4752 553 4807 intellectu
592 4763 907 4820 congruere.
941 4747 1201 4813 δίκαιαι,
1228 4748 1419 4816 inquit,
1445 4761 1637 4802 aureus
1665 4749 1719 4801 in
1752 4761 1850 4801 na-

253 4845 404 4897 ribus
441 4840 582 4901 suis,
609 4837 663 4892 id
691 4847 793 4902 est,
820 4838 1040 4908 pulchra
1068 4845 1123 4892 ct
1165 4835 1507 4891 circumﬂexu
1558 4837 1755 4892 locutio
1797 4838 1850 4891 in

248 4935 527 4990 sensibus
566 4931 761 4984 mentis
792 4930 987 4993 stultte,
1019 4929 1104 4983 cui
1144 4945 1206 4984 ex
1252 4929 1432 4997 loquio
1471 4944 1661 4982 aurum
1712 4945 1846 4997 pen-

249 5027 363 5085 det,
402 5021 511 5078 sed
550 5029 725 5074 tamen
756 5034 820 5075 ex
846 5028 1073 5076 terrente
1100 5020 1411 5075 intentionis
1438 5021 1675 5089 pondere
1702 5036 1851 5075 more

250 5116 372 5169 suis
394 5113 471 5171 ad
490 5110 775 5179 superiora
798 5125 905 5164 non
934 5110 1170 5177 respicit,
1192 5110 1332 5177 quod
1367 5117 1583 5163 secutus
1605 5109 1853 5179 exposuit

251 5208 478 5263 dicens,
508 5200 702 5254 Mulier
726 5200 944 5269 pulchra
969 5209 1015 5252 ct
1057 5198 1204 5265 fatua
1229 5215 1321 5268 per
1338 5198 1671 5252 intellectum.

332 5292 683 5348 Desiderium
713 5291 978 5360 justorum
1014 5305 1162 5342 omne
1199 5290 1389 5342 bonum
1416 5299 1525 5353 est,
1556 5300 1602 5343 et
1632 5300 1850 5359 prtesto-

253 5385 392 5437 latio
432 5381 722 5449 impiorum
752 5381 925 5450 furor.
954 5378 1179 5447 Semper
1199 5378 1327 5446 justi
1352 5378 1619 5449 justitiam
1657 5379 1852 5447 ubique

253 5488 509 5545 regnare
544 5472 890 5538 desiderant,
931 5480 988 5525 at
1026 5470 1175 5540 impii
1209 5472 1375 5525 etiam
1408 5486 1531 5524 eum
1571 5471 1852 5539 quiescere

256 5567 331 5620 ab
380 5563 696 5633 impietatis
730 5562 1050 5618 executione
1084 5560 1307 5626 vident,
1344 5561 1622 5631 proposito
1671 5571 1852 5614 tamen

258 5656 401 5709 dira:
434 5654 641 5708 mentis
668 5655 734 5707 ad
765 5650 1104 5708 inferendam
1140 5650 1358 5705 cuilibet
1388 5651 1497 5705 vim
1536 5650 1734 5707 furoris
1771 5650 1853 5704 in-

1947 3203 2077 3257 delis
2098 3245 2112 3268 ,
2143 3208 2266 3276 quia
2304 3224 2460 3276 super
2485 3227 2654 3279 pauca
2685 3213 2831 3280 fuisti
2860 3213 3060 3281 ﬁdelis,
3093 3231 3247 3284 super
3274 3215 3438 3270 ntulta
3472 3228 3520 3271 te

1890 3348 1911 3367 .
1948 3294 2299 3359 constituam;
2331 3297 2469 3348 intra
2496 3297 2550 3349 in
2578 3299 2827 3367 gaudium
2856 3300 3053 3354 domini
3082 3303 3159 3354 tui
3198 3301 3407 3375 (Ibid).

2016 3381 2158 3438 Bene
2184 3387 2447 3457 consurgit
2478 3386 2710 3443 diluculo
2732 3430 2746 3456 ,
2772 3392 2861 3462 qui
2886 3393 3074 3463 qutcrit
3104 3392 3237 3447 bona
3256 3435 3272 3460 ,
3300 3394 3388 3465 qui
3426 3413 3521 3449 au-

1948 3483 2049 3527 tem
2073 3474 2404 3545 investigator
2432 3479 2689 3533 malorum
2719 3491 2793 3534 cst
2818 3478 3224 3552 apprimeturab
3254 3486 3344 3538 eis.
3378 3485 3521 3539 Bona

1950 3576 2191 3629 quaerere
2243 3580 2361 3633 qua:
2411 3565 2589 3623 facere
2634 3569 2876 3636 debeas;
2925 3572 3121 3641 quibus
3167 3574 3233 3628 ad
3281 3575 3520 3631 ccnlestia

1950 3652 2090 3707 bona
2120 3656 2406 3724 pervenias
2426 3697 2440 3721 ,
2471 3657 2574 3713 hoc
2601 3668 2680 3712 est
2698 3700 2712 3723 ,
2743 3659 2879 3714 bene
2905 3659 3136 3715 diluculo
3163 3678 3484 3735 consurgere
3504 3704 3517 3729 ,

1953 3744 2005 3798 id
2039 3754 2121 3799 est
2158 3757 2432 3802 crescente
2470 3748 2588 3803 luce
2627 3750 2866 3805 scientia)
2904 3751 2969 3803 ad
3007 3754 3204 3805 bonum
3245 3770 3378 3822 opus
3426 3772 3519 3809 ac-

1953 3834 2123 3903 cingi,
2166 3834 2249 3889 vel
2287 3845 2436 3891 certe
2475 3838 2642 3904 bene,
2678 3838 2730 3893 id
2764 3847 2879 3905 est,
2909 3841 2975 3893 ad
3013 3840 3175 3893 vitam
3212 3845 3519 3913 consurgit,

1954 3925 2006 3977 in
2038 3935 2278 3996 tempore
2308 3932 2750 3996 resurrectionis,
2782 3933 2871 4001 qui
2903 3949 3046 3988 nunc
3075 3934 3212 3989 bona
3238 3934 3432 4004 quarrit
3466 3935 3520 3987 in

1956 4023 2196 4084 tempore
2243 4020 2609 4087 operationis,
2660 4023 2752 4091 qui
2800 4032 2977 4079 autem
3024 4026 3163 4079 mala
3208 4041 3327 4096 qua:
3378 4027 3523 4081 dicat

1954 4106 2065 4160 sive
2105 4118 2259 4180 agat,
2302 4111 2456 4166 modo
2491 4111 2659 4166 solers
2694 4114 2946 4183 inquirit,
2984 4124 3110 4171 tunc
3157 4133 3343 4172 eorum
3390 4133 3522 4187 pon-

1955 4198 2081 4249 dere
2110 4199 2175 4252 ad
2206 4200 2399 4253 altiora
2432 4203 2579 4270 regni
2615 4204 2895 4272 perveniat
2927 4206 3250 4262 retardatur.

2027 4286 2129 4352 Qui
2166 4289 2388 4359 conﬁdet
2432 4293 2485 4345 in
2525 4292 2721 4346 diritiis
2761 4295 2868 4347 suis
2909 4306 3143 4363 corruet,
3177 4296 3313 4366 justi
3348 4309 3518 4353 autem

1953 4380 2103 4447 quasi
2147 4382 2309 4436 circus
2354 4383 2538 4452 folium
2584 4386 2967 4453 germinabunt.
3019 4389 3117 4454 Qui
3166 4391 3521 4459 pmscntibus

1957 4468 2111 4522 bonis
2143 4469 2386 4536 inhians,
2427 4470 2600 4526 Futura
2642 4490 2747 4528 non
2784 4477 3014 4547 cogitat,
3050 4479 3290 4548 utrisque
3327 4480 3379 4534 in
3423 4496 3521 4534 no-

1956 4559 2175 4613 vissimo
2205 4563 2410 4617 carebit
2441 4583 2452 4617 :
2488 4565 2579 4633 qui
2610 4574 2787 4618 autem
2820 4583 2914 4635 spe
2944 4567 3240 4624 futurorum
3277 4575 3523 4641 praemio-

1956 4664 2073 4701 rum
2112 4651 2251 4704 bona
2288 4649 2492 4706 faciunt
2525 4654 2579 4708 in
2621 4658 2903 4724 pnesenti,
2939 4658 3084 4727 juste
3132 4676 3250 4729 qua:
3302 4675 3517 4731 sperant

1956 4739 2242 4807 accipiunt.
2298 4740 2493 4797 Vircns
2545 4746 2740 4814 quippe
2792 4746 2841 4799 in
2882 4749 3072 4803 arbore
3108 4750 3288 4804 folium
3319 4752 3521 4805 fructus

1954 4844 2088 4896 quos
2123 4830 2356 4885 nondum
2400 4836 2681 4889 ostendere
2724 4836 2919 4901 habet,
2955 4840 3127 4905 signat
3171 4841 3235 4892 ad
3280 4840 3519 4896 lttltirns,

1955 4927 2002 4970 ct
2024 4918 2159 4987 justi
2188 4924 2339 4990 quasi
2371 4924 2535 4977 circus
2566 4927 2747 4992 fufium
2780 4932 3069 4996 germinant
3100 4932 3224 4996 quia
3254 4946 3348 4997 spe
3387 4930 3520 4982 salvi

1960 5010 2081 5063 facti
2102 5052 2116 5074 ,
2152 5012 2203 5064 in
2240 5014 2357 5067 ltdel
2390 5030 2450 5069 ac
2484 5018 2741 5068 virtutum
2772 5018 2941 5085 gratia
2973 5018 3233 5085 proﬁcere
3263 5034 3367 5071 non
3402 5034 3520 5071 ces-

1954 5113 2109 5166 sant,
2164 5104 2336 5159 donec
2389 5106 2452 5159 ad
2504 5106 2737 5159 fructum
2786 5108 3101 5162 desidet-alte
3151 5108 3521 5163 retributionis;

1954 5192 2237 5263 attingant.

2025 5283 2128 5350 Qui
2171 5285 2440 5337 conturbat
2478 5285 2685 5340 domum
2725 5301 2873 5340 suam
2914 5288 3191 5355 possidtbit
3231 5300 3434 5354 rentes,
3474 5303 3519 5343 et

1952 5377 2041 5445 qui
2083 5376 2271 5430 stultus
2311 5384 2414 5441 est,
2454 5377 2634 5429 serviet
2673 5377 2911 5446 sapienti.
2956 5378 3055 5442 Qui
3095 5388 3329 5430 mentem
3370 5394 3520 5432 snam

1958 5460 2274 5522 tumultibus
2328 5463 2658 5537 cogitatuum
2713 5467 2996 5521 noxiorum
3049 5470 3360 5523 conturbati
3416 5488 3516 5523 nor

1959 5558 2179 5624 metuit,
2214 5558 2354 5624 hanc
2381 5557 2567 5625 utique
2596 5557 2951 5628 malignorum
2990 5559 3271 5629 Spirituum
3311 5560 3524 5614 ﬂatibus

1957 5646 2151 5716 quibus
2198 5649 2461 5703 obruatur
2509 5648 2710 5715 aperit,
2751 5658 2805 5702 et
2849 5650 2936 5717 qui
2986 5651 3181 5705 stultus
3227 5653 3524 5719 Eztpit'fttlt‘ttl
