  <div class='ocr_page' id='page_1' title='image "/cluster/home/n/w/nwhite01/storage/ocr_20150623/111/hvd.32044054759766/365.png"; bbox 0 0 3962 6198; ppageno 0'>
   <div class='ocr_carea' id='block_1_1' title="bbox 499 301 602 355">
    <p class='ocr_par' dir='ltr' id='par_1_1' title="bbox 499 301 602 355">
     <span class='ocr_line' id='line_1_1' title="bbox 499 301 602 355; baseline 0.029 -3"><span class='ocrx_word' id='word_1_1' title='bbox 499 301 602 355; x_wconf 77' lang='grc'><strong>’119</strong></span> 
     </span>
    </p>
   </div>
   <div class='ocr_carea' id='block_1_2' title="bbox 1137 293 3118 352">
    <p class='ocr_par' dir='ltr' id='par_1_2' title="bbox 1137 293 3118 352">
     <span class='ocr_line' id='line_1_2' title="bbox 1137 293 3118 352; baseline -0.001 -2"><span class='ocrx_word' id='word_1_2' title='bbox 1137 299 1195 352; x_wconf 82' lang='grc' dir='ltr'><strong>Β.</strong></span> <span class='ocrx_word' id='word_1_3' title='bbox 1238 296 1489 352; x_wconf 75' lang='lat' dir='ltr'><strong>RABANI</strong></span> <span class='ocrx_word' id='word_1_4' title='bbox 1530 294 1746 352; x_wconf 71' lang='grc' dir='ltr'><strong>ΜΛυηί</strong></span> <span class='ocrx_word' id='word_1_5' title='bbox 1785 293 2099 350; x_wconf 78' lang='lat' dir='ltr'><strong>ARClllEP.</strong></span> <span class='ocrx_word' id='word_1_6' title='bbox 2141 293 2447 350; x_wconf 79' lang='lat' dir='ltr'><strong>MOGUNT.</strong></span> <span class='ocrx_word' id='word_1_7' title='bbox 2489 295 2776 352; x_wconf 80' lang='lat' dir='ltr'><strong>OPERUM</strong></span> <span class='ocrx_word' id='word_1_8' title='bbox 2813 295 2993 350; x_wconf 76' lang='lat' dir='ltr'><strong>PARS</strong></span> <span class='ocrx_word' id='word_1_9' title='bbox 3031 295 3118 349; x_wconf 84' lang='lat' dir='ltr'><strong>Ill.</strong></span> 
     </span>
    </p>
   </div>
   <div class='ocr_carea' id='block_1_3' title="bbox 3587 301 3673 358">
    <p class='ocr_par' dir='ltr' id='par_1_3' title="bbox 3587 301 3673 358">
     <span class='ocr_line' id='line_1_3' title="bbox 3587 301 3673 358; baseline 0.023 -3"><span class='ocrx_word' id='word_1_10' title='bbox 3587 301 3673 358; x_wconf 73' lang='lat'><strong>720</strong></span> 
     </span>
    </p>
   </div>
   <div class='ocr_carea' id='block_1_4' title="bbox 495 405 3678 488">
    <p class='ocr_par' dir='ltr' id='par_1_4' title="bbox 495 405 3678 488">
     <span class='ocr_line' id='line_1_4' title="bbox 495 405 3678 488; baseline -0.001 -20"><span class='ocrx_word' id='word_1_11' title='bbox 495 415 836 488; x_wconf 74' lang='lat' dir='ltr'><strong>persequitur</strong></span> <span class='ocrx_word' id='word_1_12' title='bbox 883 427 982 482; x_wconf 77' lang='lat' dir='ltr'><strong>per</strong></span> <span class='ocrx_word' id='word_1_13' title='bbox 1029 410 1129 464; x_wconf 89' lang='lat' dir='ltr'><strong>hoc</strong></span> <span class='ocrx_word' id='word_1_14' title='bbox 1176 410 1227 466; x_wconf 89' lang='lat' dir='ltr'><strong>ei</strong></span> <span class='ocrx_word' id='word_1_15' title='bbox 1277 408 1440 464; x_wconf 86' lang='lat' dir='ltr'><strong>etiam</strong></span> <span class='ocrx_word' id='word_1_16' title='bbox 1491 407 1818 462; x_wconf 90' lang='lat' dir='ltr'><strong>dominando</strong></span> <span class='ocrx_word' id='word_1_17' title='bbox 1867 406 2064 470; x_wconf 88' lang='lat' dir='ltr'><strong>servit,</strong></span> <span class='ocrx_word' id='word_1_18' title='bbox 2096 409 2144 467; x_wconf 82' lang='grc' dir='ltr'>Λ</span> <span class='ocrx_word' id='word_1_19' title='bbox 2173 422 2368 477; x_wconf 89' lang='lat' dir='ltr'><strong>magno</strong></span> <span class='ocrx_word' id='word_1_20' title='bbox 2397 406 2680 464; x_wconf 84' lang='lat' dir='ltr'><strong>sacerdote</strong></span> <span class='ocrx_word' id='word_1_21' title='bbox 2712 407 2824 478; x_wconf 82' lang='lat' dir='ltr'>Ipse</span> <span class='ocrx_word' id='word_1_22' title='bbox 2849 414 3000 462; x_wconf 86' lang='lat' dir='ltr'><strong>stans</strong></span> <span class='ocrx_word' id='word_1_23' title='bbox 3026 405 3182 474; x_wconf 75' lang='lat' dir='ltr'><strong>iuxta</strong></span> <span class='ocrx_word' id='word_1_24' title='bbox 3219 421 3359 462; x_wconf 89' lang='lat' dir='ltr'><strong>aram</strong></span> <span class='ocrx_word' id='word_1_25' title='bbox 3395 417 3446 464; x_wconf 92' lang='lat' dir='ltr'><strong>et</strong></span> <span class='ocrx_word' id='word_1_26' title='bbox 3479 410 3604 466; x_wconf 86' lang='lat' dir='ltr'><strong>circa</strong></span> <span class='ocrx_word' id='word_1_27' title='bbox 3627 411 3678 468; x_wconf 89' lang='lat' dir='ltr'><strong>il-</strong></span> 
     </span>
    </p>
   </div>
   <div class='ocr_carea' id='block_1_5' title="bbox 497 496 2066 580">
    <p class='ocr_par' dir='ltr' id='par_1_5' title="bbox 497 496 2066 580">
     <span class='ocr_line' id='line_1_5' title="bbox 497 496 2066 580; baseline -0.01 -15"><span class='ocrx_word' id='word_1_28' title='bbox 497 511 620 580; x_wconf 85' lang='lat' dir='ltr'><strong>quia</strong></span> <span class='ocrx_word' id='word_1_29' title='bbox 653 505 966 580; x_wconf 86' lang='lat' dir='ltr'><strong>patientiam</strong></span> <span class='ocrx_word' id='word_1_30' title='bbox 995 501 1110 572; x_wconf 86' lang='lat' dir='ltr'><strong>eius</strong></span> <span class='ocrx_word' id='word_1_31' title='bbox 1137 498 1431 572; x_wconf 85' lang='lat' dir='ltr'><strong>premendo</strong></span> <span class='ocrx_word' id='word_1_32' title='bbox 1463 498 1828 568; x_wconf 77' lang='lat' dir='ltr'><strong>probatiorem</strong></span> <span class='ocrx_word' id='word_1_33' title='bbox 1858 496 2066 560; x_wconf 88' lang='lat' dir='ltr'><strong>reddit,</strong></span> 
     </span>
    </p>
   </div>
   <div class='ocr_carea' id='block_1_6' title="bbox 495 587 2070 657">
    <p class='ocr_par' dir='ltr' id='par_1_6' title="bbox 495 587 2070 657">
     <span class='ocr_line' id='line_1_6' title="bbox 495 587 2070 657; baseline -0.011 -1"><span class='ocrx_word' id='word_1_34' title='bbox 495 609 552 656; x_wconf 88' lang='lat' dir='ltr'><strong>ut</strong></span> <span class='ocrx_word' id='word_1_35' title='bbox 583 615 642 654; x_wconf 89' lang='lat' dir='ltr'><strong>se</strong></span> <span class='ocrx_word' id='word_1_36' title='bbox 680 595 930 651; x_wconf 74' lang='lat' dir='ltr'><strong>videlicet</strong></span> <span class='ocrx_word' id='word_1_37' title='bbox 958 593 1210 648; x_wconf 89' lang='lat' dir='ltr'><strong>damnato</strong></span> <span class='ocrx_word' id='word_1_38' title='bbox 1231 629 1247 654; x_wconf 94' lang='lat'><strong>,</strong></span> <span class='ocrx_word' id='word_1_39' title='bbox 1280 587 1368 643; x_wconf 85' lang='lat' dir='ltr'><strong>i-lle</strong></span> <span class='ocrx_word' id='word_1_40' title='bbox 1397 587 1644 644; x_wconf 73' lang='lat' dir='ltr'><strong>brevium</strong></span> <span class='ocrx_word' id='word_1_41' title='bbox 1676 601 1774 656; x_wconf 91' lang='lat' dir='ltr'><strong>pro</strong></span> <span class='ocrx_word' id='word_1_42' title='bbox 1808 601 1916 657; x_wconf 92' lang='lat' dir='ltr'><strong>quo</strong></span> <span class='ocrx_word' id='word_1_43' title='bbox 1951 600 2070 640; x_wconf 87' lang='lat' dir='ltr'><strong>cer-</strong></span> 
     </span>
    </p>
   </div>
   <div class='ocr_carea' id='block_1_7' title="bbox 496 685 920 756">
    <p class='ocr_par' dir='ltr' id='par_1_7' title="bbox 496 685 920 756">
     <span class='ocr_line' id='line_1_7' title="bbox 496 685 920 756; baseline -0.021 -11"><span class='ocrx_word' id='word_1_44' title='bbox 496 690 646 744; x_wconf 81' lang='lat' dir='ltr'><strong>tabat</strong></span> <span class='ocrx_word' id='word_1_45' title='bbox 673 685 920 756; x_wconf 85' lang='lat' dir='ltr'><strong>accipiat.</strong></span> 
     </span>
    </p>
   </div>
   <div class='ocr_carea' id='block_1_8' title="bbox 565 764 2072 846">
    <p class='ocr_par' dir='ltr' id='par_1_8' title="bbox 565 764 2072 846">
     <span class='ocr_line' id='line_1_8' title="bbox 565 764 2072 846; baseline -0.011 -12"><span class='ocrx_word' id='word_1_46' title='bbox 565 777 795 832; x_wconf 76' lang='lat' dir='ltr'><strong>Fructus</strong></span> <span class='ocrx_word' id='word_1_47' title='bbox 815 774 985 846; x_wconf 83' lang='lat' dir='ltr'><strong>justi,</strong></span> <span class='ocrx_word' id='word_1_48' title='bbox 1019 769 1218 842; x_wconf 81' lang='lat' dir='ltr'><strong>lignum</strong></span> <span class='ocrx_word' id='word_1_49' title='bbox 1249 768 1385 824; x_wconf 71' lang='lat' dir='ltr'><strong>vitm.</strong></span> <span class='ocrx_word' id='word_1_50' title='bbox 1424 765 1635 823; x_wconf 78' lang='lat' dir='ltr'><strong>Merces</strong></span> <span class='ocrx_word' id='word_1_51' title='bbox 1657 764 1790 837; x_wconf 86' lang='lat' dir='ltr'><strong>iusti</strong></span> <span class='ocrx_word' id='word_1_52' title='bbox 1819 764 1957 819; x_wconf 82' lang='lat' dir='ltr'><strong>visio</strong></span> <span class='ocrx_word' id='word_1_53' title='bbox 1988 771 2072 820; x_wconf 85' lang='lat' dir='ltr'><strong>est</strong></span> 
     </span>
    </p>
   </div>
   <div class='ocr_carea' id='block_1_9' title="bbox 494 857 2071 938">
    <p class='ocr_par' dir='ltr' id='par_1_9' title="bbox 494 857 2071 938">
     <span class='ocr_line' id='line_1_9' title="bbox 494 857 2071 938; baseline -0.011 -11"><span class='ocrx_word' id='word_1_54' title='bbox 494 869 724 934; x_wconf 83' lang='lat' dir='ltr'><strong>Christi,</strong></span> <span class='ocrx_word' id='word_1_55' title='bbox 754 869 867 938; x_wconf 88' lang='lat' dir='ltr'><strong>ipse</strong></span> <span class='ocrx_word' id='word_1_56' title='bbox 897 876 1128 934; x_wconf 84' lang='lat' dir='ltr'><strong>namque</strong></span> <span class='ocrx_word' id='word_1_57' title='bbox 1155 869 1236 916; x_wconf 89' lang='lat' dir='ltr'><strong>est</strong></span> <span class='ocrx_word' id='word_1_58' title='bbox 1267 858 1532 931; x_wconf 85' lang='lat' dir='ltr'><strong>sapientia</strong></span> <span class='ocrx_word' id='word_1_59' title='bbox 1553 897 1570 925; x_wconf 92' lang='lat'><strong>,</strong></span> <span class='ocrx_word' id='word_1_60' title='bbox 1618 858 1686 914; x_wconf 90' lang='lat' dir='ltr'><strong>de</strong></span> <span class='ocrx_word' id='word_1_61' title='bbox 1723 872 1828 928; x_wconf 85' lang='lat' dir='ltr'><strong>qua</strong></span> <span class='ocrx_word' id='word_1_62' title='bbox 1867 857 2071 913; x_wconf 90' lang='lat' dir='ltr'><strong>dictum</strong></span> 
     </span>
    </p>
   </div>
   <div class='ocr_carea' id='block_1_10' title="bbox 495 948 2071 1033">
    <p class='ocr_par' dir='ltr' id='par_1_10' title="bbox 495 948 2071 1033">
     <span class='ocr_line' id='line_1_10' title="bbox 495 948 2071 1033; baseline -0.013 -12"><span class='ocrx_word' id='word_1_63' title='bbox 495 975 612 1030; x_wconf 88' lang='lat' dir='ltr'><strong>est,</strong></span> <span class='ocrx_word' id='word_1_64' title='bbox 658 961 862 1033; x_wconf 78' lang='lat' dir='ltr'><strong>lignum</strong></span> <span class='ocrx_word' id='word_1_65' title='bbox 910 957 1034 1012; x_wconf 77' lang='lat' dir='ltr'><strong>vita:</strong></span> <span class='ocrx_word' id='word_1_66' title='bbox 1079 963 1164 1011; x_wconf 90' lang='lat' dir='ltr'><strong>est</strong></span> <span class='ocrx_word' id='word_1_67' title='bbox 1205 950 1659 1024; x_wconf 87' lang='lat' dir='ltr'><strong>amplectentibus</strong></span> <span class='ocrx_word' id='word_1_68' title='bbox 1703 965 1825 1004; x_wconf 88' lang='lat' dir='ltr'><strong>eam</strong></span> <span class='ocrx_word' id='word_1_69' title='bbox 1851 989 1868 1014; x_wconf 90' lang='lat'><strong>,</strong></span> <span class='ocrx_word' id='word_1_70' title='bbox 1915 957 1972 1004; x_wconf 89' lang='lat' dir='ltr'><strong>et</strong></span> <span class='ocrx_word' id='word_1_71' title='bbox 2015 948 2071 1002; x_wconf 90' lang='lat' dir='ltr'><strong>in</strong></span> 
     </span>
    </p>
   </div>
   <div class='ocr_carea' id='block_1_11' title="bbox 491 1039 2072 1126">
    <p class='ocr_par' dir='ltr' id='par_1_11' title="bbox 491 1039 2072 1126">
     <span class='ocr_line' id='line_1_11' title="bbox 491 1039 2072 1126; baseline -0.011 -16"><span class='ocrx_word' id='word_1_72' title='bbox 491 1050 848 1126; x_wconf 79' lang='lat' dir='ltr'><strong>Apocalypsi,</strong></span> <span class='ocrx_word' id='word_1_73' title='bbox 895 1047 984 1120; x_wconf 92' lang='lat' dir='ltr'><strong>qui</strong></span> <span class='ocrx_word' id='word_1_74' title='bbox 1031 1046 1239 1110; x_wconf 83' lang='lat' dir='ltr'><strong>vicerit,</strong></span> <span class='ocrx_word' id='word_1_75' title='bbox 1284 1044 1488 1114; x_wconf 85' lang='lat' dir='ltr'><strong>inquit,</strong></span> <span class='ocrx_word' id='word_1_76' title='bbox 1534 1041 1670 1097; x_wconf 85' lang='lat' dir='ltr'><strong>dabo</strong></span> <span class='ocrx_word' id='word_1_77' title='bbox 1716 1040 1765 1094; x_wconf 86' lang='lat' dir='ltr'><strong>ei</strong></span> <span class='ocrx_word' id='word_1_78' title='bbox 1810 1039 1961 1096; x_wconf 87' lang='lat' dir='ltr'><strong>edere</strong></span> <span class='ocrx_word' id='word_1_79' title='bbox 2008 1039 2072 1093; x_wconf 86' lang='lat' dir='ltr'><strong>de</strong></span> 
     </span>
    </p>
   </div>
   <div class='ocr_carea' id='block_1_12' title="bbox 491 1129 2066 1220">
    <p class='ocr_par' dir='ltr' id='par_1_12' title="bbox 491 1129 2066 1220">
     <span class='ocr_line' id='line_1_12' title="bbox 491 1129 2066 1220; baseline -0.011 -18"><span class='ocrx_word' id='word_1_80' title='bbox 491 1149 630 1220; x_wconf 88' lang='lat' dir='ltr'><strong>ligno</strong></span> <span class='ocrx_word' id='word_1_81' title='bbox 654 1145 801 1209; x_wconf 65' lang='lat' dir='ltr'><strong>vitea,</strong></span> <span class='ocrx_word' id='word_1_82' title='bbox 831 1140 970 1213; x_wconf 87' lang='lat' dir='ltr'><strong>quod</strong></span> <span class='ocrx_word' id='word_1_83' title='bbox 995 1148 1068 1194; x_wconf 88' lang='lat' dir='ltr'><strong>est</strong></span> <span class='ocrx_word' id='word_1_84' title='bbox 1101 1139 1158 1192; x_wconf 92' lang='lat' dir='ltr'><strong>in</strong></span> <span class='ocrx_word' id='word_1_85' title='bbox 1209 1136 1457 1208; x_wconf 76' lang='lat' dir='ltr'><strong>paradiso</strong></span> <span class='ocrx_word' id='word_1_86' title='bbox 1486 1134 1584 1188; x_wconf 86' lang='lat' dir='ltr'><strong>Dei</strong></span> <span class='ocrx_word' id='word_1_87' title='bbox 1610 1133 1710 1188; x_wconf 87' lang='lat' dir='ltr'><strong>mei</strong></span> <span class='ocrx_word' id='word_1_88' title='bbox 1735 1131 1935 1204; x_wconf 86' lang='lat' dir='ltr'><strong>(Apoc.</strong></span> <span class='ocrx_word' id='word_1_89' title='bbox 1967 1147 2004 1186; x_wconf 81' lang='grc' dir='ltr'>ιι</span> <span class='ocrx_word' id='word_1_90' title='bbox 2027 1129 2066 1203; x_wconf 88' lang='grc'><strong>).</strong></span> 
     </span>
    </p>
   </div>
   <div class='ocr_carea' id='block_1_13' title="bbox 493 1222 2067 1298">
    <p class='ocr_par' dir='ltr' id='par_1_13' title="bbox 493 1222 2067 1298">
     <span class='ocr_line' id='line_1_13' title="bbox 493 1222 2067 1298; baseline -0.013 -4"><span class='ocrx_word' id='word_1_91' title='bbox 493 1239 560 1293; x_wconf 84' lang='grc' dir='ltr'><strong>Ει</strong></span> <span class='ocrx_word' id='word_1_92' title='bbox 603 1238 746 1292; x_wconf 87' lang='lat' dir='ltr'><strong>hunc</strong></span> <span class='ocrx_word' id='word_1_93' title='bbox 785 1233 1019 1286; x_wconf 80' lang='lat' dir='ltr'><strong>fructum</strong></span> <span class='ocrx_word' id='word_1_94' title='bbox 1049 1227 1209 1282; x_wconf 90' lang='lat' dir='ltr'><strong>modo</strong></span> <span class='ocrx_word' id='word_1_95' title='bbox 1246 1226 1378 1298; x_wconf 90' lang='lat' dir='ltr'><strong>iusti</strong></span> <span class='ocrx_word' id='word_1_96' title='bbox 1409 1230 1762 1296; x_wconf 79' lang='lat' dir='ltr'><strong>exspectant,</strong></span> <span class='ocrx_word' id='word_1_97' title='bbox 1797 1222 2067 1292; x_wconf 90' lang='lat' dir='ltr'><strong>quandiu,</strong></span> 
     </span>
    </p>
   </div>
   <div class='ocr_carea' id='block_1_14' title="bbox 493 1313 2067 1398">
    <p class='ocr_par' dir='ltr' id='par_1_14' title="bbox 493 1313 2067 1398">
     <span class='ocr_line' id='line_1_14' title="bbox 493 1313 2067 1398; baseline -0.012 -14"><span class='ocrx_word' id='word_1_98' title='bbox 493 1331 630 1384; x_wconf 86' lang='lat' dir='ltr'><strong>sicut</strong></span> <span class='ocrx_word' id='word_1_99' title='bbox 656 1323 971 1398; x_wconf 63' lang='lat' dir='ltr'><strong>praedictum</strong></span> <span class='ocrx_word' id='word_1_100' title='bbox 998 1326 1081 1374; x_wconf 87' lang='lat' dir='ltr'><strong>cst</strong></span> <span class='ocrx_word' id='word_1_101' title='bbox 1098 1359 1112 1384; x_wconf 95' lang='lat'><strong>,</strong></span> <span class='ocrx_word' id='word_1_102' title='bbox 1141 1317 1297 1388; x_wconf 87' lang='lat' dir='ltr'><strong>quasi</strong></span> <span class='ocrx_word' id='word_1_103' title='bbox 1321 1316 1504 1371; x_wconf 84' lang='lat' dir='ltr'><strong>virens</strong></span> <span class='ocrx_word' id='word_1_104' title='bbox 1527 1314 1712 1370; x_wconf 75' lang='lat' dir='ltr'><strong>lolium</strong></span> <span class='ocrx_word' id='word_1_105' title='bbox 1739 1313 2067 1386; x_wconf 79' lang='lat' dir='ltr'><strong>germinant.</strong></span> 
     </span>
    </p>
   </div>
   <div class='ocr_carea' id='block_1_15' title="bbox 565 1405 2069 1488">
    <p class='ocr_par' dir='ltr' id='par_1_15' title="bbox 565 1405 2069 1488">
     <span class='ocr_line' id='line_1_15' title="bbox 565 1405 2069 1488; baseline -0.011 -13"><span class='ocrx_word' id='word_1_106' title='bbox 565 1419 631 1474; x_wconf 80' lang='lat' dir='ltr'><strong>Et</strong></span> <span class='ocrx_word' id='word_1_107' title='bbox 670 1417 759 1488; x_wconf 86' lang='lat' dir='ltr'><strong>qui</strong></span> <span class='ocrx_word' id='word_1_108' title='bbox 787 1413 1003 1484; x_wconf 77' lang='lat' dir='ltr'><strong>suscipit</strong></span> <span class='ocrx_word' id='word_1_109' title='bbox 1031 1411 1236 1465; x_wconf 84' lang='lat' dir='ltr'><strong>animas</strong></span> <span class='ocrx_word' id='word_1_110' title='bbox 1267 1407 1470 1479; x_wconf 77' lang='lat' dir='ltr'><strong>sapiens</strong></span> <span class='ocrx_word' id='word_1_111' title='bbox 1501 1416 1596 1462; x_wconf 88' lang='lat' dir='ltr'><strong>est.</strong></span> <span class='ocrx_word' id='word_1_112' title='bbox 1629 1405 1732 1474; x_wconf 89' lang='lat' dir='ltr'><strong>Qui</strong></span> <span class='ocrx_word' id='word_1_113' title='bbox 1764 1405 2069 1460; x_wconf 86' lang='lat' dir='ltr'><strong>animarum</strong></span> 
     </span>
    </p>
   </div>
   <div class='ocr_carea' id='block_1_16' title="bbox 2171 495 3680 571">
    <p class='ocr_par' dir='ltr' id='par_1_16' title="bbox 2171 495 3680 571">
     <span class='ocr_line' id='line_1_16' title="bbox 2171 495 3680 571; baseline 0.005 -21"><span class='ocrx_word' id='word_1_114' title='bbox 2171 497 2281 550; x_wconf 89' lang='lat' dir='ltr'><strong>lum</strong></span> <span class='ocrx_word' id='word_1_115' title='bbox 2309 511 2510 553; x_wconf 87' lang='lat' dir='ltr'><strong>corona</strong></span> <span class='ocrx_word' id='word_1_116' title='bbox 2538 497 2767 552; x_wconf 81' lang='lat' dir='ltr'><strong>fratrum</strong></span> <span class='ocrx_word' id='word_1_117' title='bbox 2784 537 2800 562; x_wconf 96' lang='lat'><strong>,</strong></span> <span class='ocrx_word' id='word_1_118' title='bbox 2825 505 2920 550; x_wconf 89' lang='lat' dir='ltr'><strong>aut</strong></span> <span class='ocrx_word' id='word_1_119' title='bbox 2941 511 3064 551; x_wconf 87' lang='lat' dir='ltr'><strong>ossa</strong></span> <span class='ocrx_word' id='word_1_120' title='bbox 3086 536 3101 562; x_wconf 95' lang='lat'><strong>,</strong></span> <span class='ocrx_word' id='word_1_121' title='bbox 3133 495 3184 550; x_wconf 90' lang='lat' dir='ltr'><strong>id</strong></span> <span class='ocrx_word' id='word_1_122' title='bbox 3208 504 3287 552; x_wconf 89' lang='lat' dir='ltr'><strong>est</strong></span> <span class='ocrx_word' id='word_1_123' title='bbox 3303 537 3317 562; x_wconf 94' lang='lat'><strong>,</strong></span> <span class='ocrx_word' id='word_1_124' title='bbox 3342 497 3546 554; x_wconf 83' lang='lat' dir='ltr'><strong>virtutes</strong></span> <span class='ocrx_word' id='word_1_125' title='bbox 3567 517 3680 571; x_wconf 83' lang='lat' dir='ltr'><strong>quas</strong></span> 
     </span>
    </p>
   </div>
   <div class='ocr_carea' id='block_1_17' title="bbox 2171 585 3684 662">
    <p class='ocr_par' dir='ltr' id='par_1_17' title="bbox 2171 585 3684 662">
     <span class='ocr_line' id='line_1_17' title="bbox 2171 585 3684 662; baseline 0.006 -22"><span class='ocrx_word' id='word_1_126' title='bbox 2171 586 2548 641; x_wconf 77' lang='lat' dir='ltr'><strong>luereticorum</strong></span> <span class='ocrx_word' id='word_1_127' title='bbox 2591 585 2756 642; x_wconf 81' lang='lat' dir='ltr'><strong>factio</strong></span> <span class='ocrx_word' id='word_1_128' title='bbox 2806 587 3048 642; x_wconf 86' lang='lat' dir='ltr'><strong>cernitur</strong></span> <span class='ocrx_word' id='word_1_129' title='bbox 3084 586 3282 643; x_wconf 82' lang='lat' dir='ltr'><strong>habere</strong></span> <span class='ocrx_word' id='word_1_130' title='bbox 3313 591 3521 658; x_wconf 86' lang='lat' dir='ltr'><strong>putredo</strong></span> <span class='ocrx_word' id='word_1_131' title='bbox 3552 593 3684 662; x_wconf 83' lang='lat' dir='ltr'><strong>pravi</strong></span> 
     </span>
    </p>
   </div>
   <div class='ocr_carea' id='block_1_18' title="bbox 2171 675 2786 746">
    <p class='ocr_par' dir='ltr' id='par_1_18' title="bbox 2171 675 2786 746">
     <span class='ocr_line' id='line_1_18' title="bbox 2171 675 2786 746; baseline 0.002 -17"><span class='ocrx_word' id='word_1_132' title='bbox 2171 675 2438 746; x_wconf 81' lang='lat' dir='ltr'><strong>dogmatis</strong></span> <span class='ocrx_word' id='word_1_133' title='bbox 2468 677 2786 746; x_wconf 86' lang='lat' dir='ltr'><strong>corrumpit.</strong></span> 
     </span>
    </p>
   </div>
   <div class='ocr_carea' id='block_1_19' title="bbox 2241 763 3688 850">
    <p class='ocr_par' dir='ltr' id='par_1_19' title="bbox 2241 763 3688 850">
     <span class='ocr_line' id='line_1_19' title="bbox 2241 763 3688 850; baseline 0.006 -32"><span class='ocrx_word' id='word_1_134' title='bbox 2241 763 2590 835; x_wconf 77' lang='lat' dir='ltr'><strong>Cogitationes</strong></span> <span class='ocrx_word' id='word_1_135' title='bbox 2621 765 2925 836; x_wconf 86' lang='lat' dir='ltr'><strong>justorum,</strong></span> <span class='ocrx_word' id='word_1_136' title='bbox 2955 766 3202 837; x_wconf 87' lang='lat' dir='ltr'><strong>judicta;</strong></span> <span class='ocrx_word' id='word_1_137' title='bbox 3230 777 3276 822; x_wconf 84' lang='lat' dir='ltr'><strong>et</strong></span> <span class='ocrx_word' id='word_1_138' title='bbox 3311 769 3510 825; x_wconf 86' lang='lat' dir='ltr'><strong>consilia</strong></span> <span class='ocrx_word' id='word_1_139' title='bbox 3533 772 3688 850; x_wconf 62' lang='grc' dir='ltr'><strong>ἰηγιὶο-</strong></span> 
     </span>
    </p>
   </div>
   <div class='ocr_carea' id='block_1_20' title="bbox 2171 856 3688 934">
    <p class='ocr_par' dir='ltr' id='par_1_20' title="bbox 2171 856 3688 934">
     <span class='ocr_line' id='line_1_20' title="bbox 2171 856 3688 934; baseline 0.008 -26"><span class='ocrx_word' id='word_1_140' title='bbox 2171 871 2286 908; x_wconf 91' lang='lat' dir='ltr'><strong>rum</strong></span> <span class='ocrx_word' id='word_1_141' title='bbox 2316 856 2675 926; x_wconf 76' lang='lat' dir='ltr'><strong>fraudulenta.</strong></span> <span class='ocrx_word' id='word_1_142' title='bbox 2703 856 2840 914; x_wconf 83' lang='lat' dir='ltr'><strong>Justi</strong></span> <span class='ocrx_word' id='word_1_143' title='bbox 2871 875 2968 914; x_wconf 86' lang='lat' dir='ltr'><strong>sua</strong></span> <span class='ocrx_word' id='word_1_144' title='bbox 3001 859 3142 914; x_wconf 80' lang='lat' dir='ltr'><strong>facta</strong></span> <span class='ocrx_word' id='word_1_145' title='bbox 3169 861 3214 915; x_wconf 88' lang='lat' dir='ltr'><strong>si</strong></span> <span class='ocrx_word' id='word_1_146' title='bbox 3239 861 3451 918; x_wconf 88' lang='lat' dir='ltr'><strong>Domino</strong></span> <span class='ocrx_word' id='word_1_147' title='bbox 3475 865 3688 934; x_wconf 76' lang='lat' dir='ltr'><strong>placeant</strong></span> 
     </span>
    </p>
   </div>
   <div class='ocr_carea' id='block_1_21' title="bbox 2171 945 3691 1022">
    <p class='ocr_par' dir='ltr' id='par_1_21' title="bbox 2171 945 3691 1022">
     <span class='ocr_line' id='line_1_21' title="bbox 2171 945 3691 1022; baseline 0.006 -22"><span class='ocrx_word' id='word_1_148' title='bbox 2171 945 2355 1000; x_wconf 89' lang='lat' dir='ltr'><strong>sedula</strong></span> <span class='ocrx_word' id='word_1_149' title='bbox 2383 948 2738 1003; x_wconf 87' lang='lat' dir='ltr'><strong>meditatione</strong></span> <span class='ocrx_word' id='word_1_150' title='bbox 2769 947 3102 1018; x_wconf 89' lang='lat' dir='ltr'><strong>diiudicant,</strong></span> <span class='ocrx_word' id='word_1_151' title='bbox 3133 965 3200 1005; x_wconf 91' lang='lat' dir='ltr'><strong>ne</strong></span> <span class='ocrx_word' id='word_1_152' title='bbox 3229 949 3360 1006; x_wconf 80' lang='lat' dir='ltr'><strong>forte</strong></span> <span class='ocrx_word' id='word_1_153' title='bbox 3387 952 3506 1022; x_wconf 88' lang='lat' dir='ltr'><strong>ipsis</strong></span> <span class='ocrx_word' id='word_1_154' title='bbox 3539 954 3691 1009; x_wconf 84' lang='lat' dir='ltr'><strong>minus</strong></span> 
     </span>
    </p>
   </div>
   <div class='ocr_carea' id='block_1_22' title="bbox 2170 1036 3691 1107">
    <p class='ocr_par' dir='ltr' id='par_1_22' title="bbox 2170 1036 3691 1107">
     <span class='ocr_line' id='line_1_22' title="bbox 2170 1036 3691 1107; baseline 0.005 -15"><span class='ocrx_word' id='word_1_155' title='bbox 2170 1036 2415 1092; x_wconf 89' lang='lat' dir='ltr'><strong>sollicitis</strong></span> <span class='ocrx_word' id='word_1_156' title='bbox 2439 1053 2705 1107; x_wconf 89' lang='lat' dir='ltr'><strong>supernus</strong></span> <span class='ocrx_word' id='word_1_157' title='bbox 2729 1039 2933 1095; x_wconf 82' lang='lat' dir='ltr'><strong>arbiter</strong></span> <span class='ocrx_word' id='word_1_158' title='bbox 2955 1050 3145 1096; x_wconf 90' lang='lat' dir='ltr'><strong>contra</strong></span> <span class='ocrx_word' id='word_1_159' title='bbox 3173 1056 3266 1096; x_wconf 91' lang='lat' dir='ltr'><strong>eos</strong></span> <span class='ocrx_word' id='word_1_160' title='bbox 3287 1041 3596 1098; x_wconf 80' lang='lat' dir='ltr'><strong>invisibiliter</strong></span> <span class='ocrx_word' id='word_1_161' title='bbox 3615 1047 3691 1100; x_wconf 88' lang='lat' dir='ltr'><strong>ad-</strong></span> 
     </span>
    </p>
   </div>
   <div class='ocr_carea' id='block_1_23' title="bbox 2168 1126 3690 1204">
    <p class='ocr_par' dir='ltr' id='par_1_23' title="bbox 2168 1126 3690 1204">
     <span class='ocr_line' id='line_1_23' title="bbox 2168 1126 3690 1204; baseline 0.006 -24"><span class='ocrx_word' id='word_1_162' title='bbox 2168 1141 2325 1182; x_wconf 80' lang='lat' dir='ltr'><strong>versa</strong></span> <span class='ocrx_word' id='word_1_163' title='bbox 2351 1127 2633 1198; x_wconf 77' lang='lat' dir='ltr'><strong>disponat,</strong></span> <span class='ocrx_word' id='word_1_164' title='bbox 2657 1126 2812 1197; x_wconf 83' lang='lat' dir='ltr'><strong>juxta</strong></span> <span class='ocrx_word' id='word_1_165' title='bbox 2845 1131 2976 1186; x_wconf 89' lang='lat' dir='ltr'><strong>illud</strong></span> <span class='ocrx_word' id='word_1_166' title='bbox 3003 1131 3245 1202; x_wconf 81' lang='lat' dir='ltr'><strong>Apostoli</strong></span> <span class='ocrx_word' id='word_1_167' title='bbox 3272 1150 3284 1186; x_wconf 92' lang='lat'><strong>:</strong></span> <span class='ocrx_word' id='word_1_168' title='bbox 3317 1131 3372 1187; x_wconf 89' lang='lat' dir='ltr'><strong>Si</strong></span> <span class='ocrx_word' id='word_1_169' title='bbox 3397 1136 3690 1204; x_wconf 78' lang='lat' dir='ltr'><strong>nosmetipsos</strong></span> 
     </span>
    </p>
   </div>
   <div class='ocr_carea' id='block_1_24' title="bbox 2169 1217 3690 1296">
    <p class='ocr_par' dir='ltr' id='par_1_24' title="bbox 2169 1217 3690 1296">
     <span class='ocr_line' id='line_1_24' title="bbox 2169 1217 3690 1296; baseline 0.007 -26"><span class='ocrx_word' id='word_1_170' title='bbox 2169 1217 2586 1287; x_wconf 80' lang='lat' dir='ltr'><strong>dijudicaremus</strong></span> <span class='ocrx_word' id='word_1_171' title='bbox 2605 1261 2619 1285; x_wconf 93' lang='lat'><strong>,</strong></span> <span class='ocrx_word' id='word_1_172' title='bbox 2649 1237 2752 1275; x_wconf 89' lang='lat' dir='ltr'><strong>non</strong></span> <span class='ocrx_word' id='word_1_173' title='bbox 2778 1221 2956 1293; x_wconf 83' lang='lat' dir='ltr'><strong>utique</strong></span> <span class='ocrx_word' id='word_1_174' title='bbox 2971 1221 3339 1293; x_wconf 82' lang='lat' dir='ltr'><strong>judicaremur</strong></span> <span class='ocrx_word' id='word_1_175' title='bbox 3365 1223 3382 1294; x_wconf 95' lang='lat'><strong>(</strong></span> <span class='ocrx_word' id='word_1_176' title='bbox 3406 1223 3434 1278; x_wconf 96' lang='lat' dir='ltr'><strong><em>I</em></strong></span> <span class='ocrx_word' id='word_1_177' title='bbox 3457 1222 3566 1280; x_wconf 89' lang='lat' dir='ltr'><strong>Cor.</strong></span> <span class='ocrx_word' id='word_1_178' title='bbox 3590 1240 3637 1280; x_wconf 76' lang='grc' dir='ltr'>ιι</span> <span class='ocrx_word' id='word_1_179' title='bbox 3658 1226 3690 1296; x_wconf 93' lang='grc'><strong>).</strong></span> 
     </span>
    </p>
   </div>
   <div class='ocr_carea' id='block_1_25' title="bbox 2167 1307 3692 1386">
    <p class='ocr_par' dir='ltr' id='par_1_25' title="bbox 2167 1307 3692 1386">
     <span class='ocr_line' id='line_1_25' title="bbox 2167 1307 3692 1386; baseline 0.007 -26"><span class='ocrx_word' id='word_1_180' title='bbox 2167 1307 2237 1361; x_wconf 83' lang='lat' dir='ltr'><strong>At</strong></span> <span class='ocrx_word' id='word_1_181' title='bbox 2275 1310 2489 1379; x_wconf 91' lang='lat' dir='ltr'><strong>reprobi</strong></span> <span class='ocrx_word' id='word_1_182' title='bbox 2528 1311 2693 1366; x_wconf 84' lang='lat' dir='ltr'><strong>divini</strong></span> <span class='ocrx_word' id='word_1_183' title='bbox 2729 1312 2938 1368; x_wconf 89' lang='lat' dir='ltr'><strong>timoris</strong></span> <span class='ocrx_word' id='word_1_184' title='bbox 2966 1313 3121 1369; x_wconf 86' lang='lat' dir='ltr'><strong>obliti</strong></span> <span class='ocrx_word' id='word_1_185' title='bbox 3153 1313 3222 1370; x_wconf 88' lang='lat' dir='ltr'><strong>de</strong></span> <span class='ocrx_word' id='word_1_186' title='bbox 3251 1313 3430 1370; x_wconf 80' lang='lat' dir='ltr'><strong>fraude</strong></span> <span class='ocrx_word' id='word_1_187' title='bbox 3456 1329 3601 1386; x_wconf 87' lang='lat' dir='ltr'><strong>quam</strong></span> <span class='ocrx_word' id='word_1_188' title='bbox 3624 1315 3692 1371; x_wconf 81' lang='lat' dir='ltr'><strong>ia-</strong></span> 
     </span>
    </p>
   </div>
   <div class='ocr_carea' id='block_1_26' title="bbox 2169 1405 2980 1478">
    <p class='ocr_par' dir='ltr' id='par_1_26' title="bbox 2169 1405 2980 1478">
     <span class='ocr_line' id='line_1_26' title="bbox 2169 1405 2980 1478; baseline 0.002 -20"><span class='ocrx_word' id='word_1_189' title='bbox 2169 1405 2313 1458; x_wconf 86' lang='lat' dir='ltr'><strong>ciant</strong></span> <span class='ocrx_word' id='word_1_190' title='bbox 2335 1445 2349 1468; x_wconf 89' lang='lat'><strong>,</strong></span> <span class='ocrx_word' id='word_1_191' title='bbox 2379 1419 2475 1460; x_wconf 90' lang='lat' dir='ltr'><strong>sua</strong></span> <span class='ocrx_word' id='word_1_192' title='bbox 2502 1405 2728 1460; x_wconf 89' lang='lat' dir='ltr'><strong>consilia</strong></span> <span class='ocrx_word' id='word_1_193' title='bbox 2761 1415 2980 1478; x_wconf 90' lang='lat' dir='ltr'><strong>cogunt.</strong></span> 
     </span>
    </p>
   </div>
   <div class='ocr_carea' id='block_1_27' title="bbox 490 1492 3694 1580">
    <p class='ocr_par' dir='ltr' id='par_1_27' title="bbox 490 1492 3694 1580">
     <span class='ocr_line' id='line_1_27' title="bbox 490 1492 3694 1580; baseline -0.004 -14"><span class='ocrx_word' id='word_1_194' title='bbox 490 1527 676 1567; x_wconf 86' lang='lat' dir='ltr'><strong>curam</strong></span> <span class='ocrx_word' id='word_1_195' title='bbox 715 1523 814 1580; x_wconf 90' lang='lat' dir='ltr'><strong>pro</strong></span> <span class='ocrx_word' id='word_1_196' title='bbox 856 1504 1088 1562; x_wconf 87' lang='lat' dir='ltr'><strong>Domino</strong></span> <span class='ocrx_word' id='word_1_197' title='bbox 1131 1501 1374 1572; x_wconf 88' lang='lat' dir='ltr'><strong>suscipit.</strong></span> <span class='ocrx_word' id='word_1_198' title='bbox 1409 1499 1480 1556; x_wconf 88' lang='lat' dir='ltr'><strong>Ut</strong></span> <span class='ocrx_word' id='word_1_199' title='bbox 1506 1514 1601 1555; x_wconf 87' lang='lat' dir='ltr'><strong>eas</strong></span> <span class='ocrx_word' id='word_1_200' title='bbox 1628 1499 1839 1554; x_wconf 87' lang='lat' dir='ltr'><strong>scilicet</strong></span> <span class='ocrx_word' id='word_1_201' title='bbox 1867 1496 1950 1552; x_wconf 89' lang='lat' dir='ltr'><strong>vel</strong></span> <span class='ocrx_word' id='word_1_202' title='bbox 1983 1513 2069 1552; x_wconf 88' lang='lat' dir='ltr'><strong>er-</strong></span> <span class='ocrx_word' id='word_1_203' title='bbox 2092 1492 2122 1552; x_wconf 64' lang='grc' dir='ltr'><strong>ε</strong></span> <span class='ocrx_word' id='word_1_204' title='bbox 2207 1565 2212 1568; x_wconf 93' lang='lat'><em>_</em></span> <span class='ocrx_word' id='word_1_205' title='bbox 2247 1494 2400 1551; x_wconf 78' lang='lat' dir='ltr'><strong>Verte</strong></span> <span class='ocrx_word' id='word_1_206' title='bbox 2427 1498 2614 1568; x_wconf 87' lang='lat' dir='ltr'><strong>impios</strong></span> <span class='ocrx_word' id='word_1_207' title='bbox 2641 1507 2690 1552; x_wconf 86' lang='lat' dir='ltr'><strong>et</strong></span> <span class='ocrx_word' id='word_1_208' title='bbox 2721 1515 2827 1552; x_wconf 88' lang='lat' dir='ltr'><strong>non</strong></span> <span class='ocrx_word' id='word_1_209' title='bbox 2855 1508 3040 1565; x_wconf 88' lang='lat' dir='ltr'><strong>erunt,</strong></span> <span class='ocrx_word' id='word_1_210' title='bbox 3069 1499 3258 1555; x_wconf 85' lang='lat' dir='ltr'><strong>domus</strong></span> <span class='ocrx_word' id='word_1_211' title='bbox 3285 1510 3450 1555; x_wconf 88' lang='lat' dir='ltr'><strong>autem</strong></span> <span class='ocrx_word' id='word_1_212' title='bbox 3465 1504 3694 1572; x_wconf 73' lang='lat' dir='ltr'><strong>iustorum</strong></span> 
     </span>
    </p>
   </div>
   <div class='ocr_carea' id='block_1_28' title="bbox 494 1590 2070 1664">
    <p class='ocr_par' dir='ltr' id='par_1_28' title="bbox 494 1590 2070 1664">
     <span class='ocr_line' id='line_1_28' title="bbox 494 1590 2070 1664; baseline -0.011 -6"><span class='ocrx_word' id='word_1_213' title='bbox 494 1609 675 1658; x_wconf 80' lang='lat' dir='ltr'><strong>rantes</strong></span> <span class='ocrx_word' id='word_1_214' title='bbox 703 1601 926 1664; x_wconf 88' lang='lat' dir='ltr'><strong>doceat,</strong></span> <span class='ocrx_word' id='word_1_215' title='bbox 955 1595 1043 1650; x_wconf 91' lang='lat' dir='ltr'><strong>vel</strong></span> <span class='ocrx_word' id='word_1_216' title='bbox 1069 1602 1295 1649; x_wconf 70' lang='lat' dir='ltr'><strong>mmstas</strong></span> <span class='ocrx_word' id='word_1_217' title='bbox 1323 1591 1547 1656; x_wconf 86' lang='lat' dir='ltr'><strong>soletur,</strong></span> <span class='ocrx_word' id='word_1_218' title='bbox 1578 1590 1663 1645; x_wconf 87' lang='lat' dir='ltr'><strong>vel</strong></span> <span class='ocrx_word' id='word_1_219' title='bbox 1690 1598 1908 1661; x_wconf 79' lang='lat' dir='ltr'><strong>agentes</strong></span> <span class='ocrx_word' id='word_1_220' title='bbox 1934 1596 2070 1644; x_wconf 89' lang='lat' dir='ltr'><strong>tem-</strong></span> 
     </span>
    </p>
   </div>
   <div class='ocr_carea' id='block_1_29' title="bbox 2165 1587 3700 1662">
    <p class='ocr_par' dir='ltr' id='par_1_29' title="bbox 2165 1587 3700 1662">
     <span class='ocr_line' id='line_1_29' title="bbox 2165 1587 3700 1662; baseline 0.003 -21"><span class='ocrx_word' id='word_1_221' title='bbox 2165 1589 2502 1658; x_wconf 87' lang='lat' dir='ltr'><strong>permanebit.</strong></span> <span class='ocrx_word' id='word_1_222' title='bbox 2534 1587 2688 1645; x_wconf 86' lang='lat' dir='ltr'><strong>Versi</strong></span> <span class='ocrx_word' id='word_1_223' title='bbox 2721 1590 2788 1645; x_wconf 89' lang='lat' dir='ltr'><strong>de</strong></span> <span class='ocrx_word' id='word_1_224' title='bbox 2818 1589 2920 1644; x_wconf 88' lang='lat' dir='ltr'><strong>hac</strong></span> <span class='ocrx_word' id='word_1_225' title='bbox 2946 1589 3059 1644; x_wconf 85' lang='lat' dir='ltr'><strong>vita</strong></span> <span class='ocrx_word' id='word_1_226' title='bbox 3087 1591 3241 1662; x_wconf 88' lang='lat' dir='ltr'><strong>impii</strong></span> <span class='ocrx_word' id='word_1_227' title='bbox 3271 1607 3372 1646; x_wconf 86' lang='lat' dir='ltr'><strong>non</strong></span> <span class='ocrx_word' id='word_1_228' title='bbox 3399 1592 3700 1660; x_wconf 90' lang='lat' dir='ltr'><strong>crunt,quod</strong></span> 
     </span>
    </p>
   </div>
   <div class='ocr_carea' id='block_1_30' title="bbox 488 1677 3701 1762">
    <p class='ocr_par' dir='ltr' id='par_1_30' title="bbox 488 1677 3701 1762">
     <span class='ocr_line' id='line_1_30' title="bbox 488 1677 3701 1762; baseline -0.004 -15"><span class='ocrx_word' id='word_1_229' title='bbox 488 1691 762 1762; x_wconf 87' lang='lat' dir='ltr'><strong>poralibus</strong></span> <span class='ocrx_word' id='word_1_230' title='bbox 784 1687 942 1744; x_wconf 90' lang='lat' dir='ltr'><strong>bonis</strong></span> <span class='ocrx_word' id='word_1_231' title='bbox 968 1690 1265 1748; x_wconf 90' lang='lat' dir='ltr'><strong>sustentet,</strong></span> <span class='ocrx_word' id='word_1_232' title='bbox 1293 1681 1378 1735; x_wconf 87' lang='lat' dir='ltr'><strong>vel</strong></span> <span class='ocrx_word' id='word_1_233' title='bbox 1406 1681 1702 1736; x_wconf 79' lang='lat' dir='ltr'><strong>renitentes</strong></span> <span class='ocrx_word' id='word_1_234' title='bbox 1729 1680 1796 1734; x_wconf 92' lang='lat' dir='ltr'><strong>ad</strong></span> <span class='ocrx_word' id='word_1_235' title='bbox 1829 1677 2068 1733; x_wconf 86' lang='lat' dir='ltr'><strong>remedia</strong></span> <span class='ocrx_word' id='word_1_236' title='bbox 2097 1755 2137 1762; x_wconf 77' lang='lat'><em>_</em></span> <span class='ocrx_word' id='word_1_237' title='bbox 2168 1677 2418 1744; x_wconf 85' lang='lat' dir='ltr'><strong>fuerant,</strong></span> <span class='ocrx_word' id='word_1_238' title='bbox 2461 1679 2587 1749; x_wconf 87' lang='lat' dir='ltr'><strong>quia</strong></span> <span class='ocrx_word' id='word_1_239' title='bbox 2629 1686 2752 1750; x_wconf 90' lang='lat' dir='ltr'><strong>post</strong></span> <span class='ocrx_word' id='word_1_240' title='bbox 2797 1689 3026 1735; x_wconf 90' lang='lat' dir='ltr'><strong>mortem</strong></span> <span class='ocrx_word' id='word_1_241' title='bbox 3076 1695 3186 1734; x_wconf 89' lang='lat' dir='ltr'><strong>non</strong></span> <span class='ocrx_word' id='word_1_242' title='bbox 3233 1681 3406 1751; x_wconf 88' lang='lat' dir='ltr'><strong>qualia</strong></span> <span class='ocrx_word' id='word_1_243' title='bbox 3449 1682 3701 1736; x_wconf 88' lang='lat' dir='ltr'><strong>credebant</strong></span> 
     </span>
    </p>
   </div>
   <div class='ocr_carea' id='block_1_31' title="bbox 491 1755 3704 1849">
    <p class='ocr_par' dir='ltr' id='par_1_31' title="bbox 491 1755 3704 1849">
     <span class='ocr_line' id='line_1_31' title="bbox 491 1755 3704 1849; baseline -0.004 -13"><span class='ocrx_word' id='word_1_244' title='bbox 491 1755 680 1836; x_wconf 76' lang='lat' dir='ltr'><strong>salutis</strong></span> <span class='ocrx_word' id='word_1_245' title='bbox 710 1776 1024 1849; x_wconf 87' lang='lat' dir='ltr'><strong>protrahat,</strong></span> <span class='ocrx_word' id='word_1_246' title='bbox 1053 1772 1138 1828; x_wconf 88' lang='lat' dir='ltr'><strong>vel</strong></span> <span class='ocrx_word' id='word_1_247' title='bbox 1179 1779 1400 1843; x_wconf 86' lang='lat' dir='ltr'><strong>pastore</strong></span> <span class='ocrx_word' id='word_1_248' title='bbox 1440 1769 1726 1825; x_wconf 88' lang='lat' dir='ltr'><strong>destitutas</strong></span> <span class='ocrx_word' id='word_1_249' title='bbox 1763 1767 2062 1837; x_wconf 82' lang='lat' dir='ltr'><strong>gubernet,</strong></span> <span class='ocrx_word' id='word_1_250' title='bbox 2097 1755 2142 1816; x_wconf 82' lang='grc' dir='ltr'><strong>Β</strong></span> <span class='ocrx_word' id='word_1_251' title='bbox 2169 1767 2481 1835; x_wconf 90' lang='lat' dir='ltr'><strong>inveniunt,</strong></span> <span class='ocrx_word' id='word_1_252' title='bbox 2520 1767 2616 1824; x_wconf 89' lang='lat' dir='ltr'><strong>sed</strong></span> <span class='ocrx_word' id='word_1_253' title='bbox 2653 1783 2746 1839; x_wconf 88' lang='lat' dir='ltr'><strong>spe</strong></span> <span class='ocrx_word' id='word_1_254' title='bbox 2784 1784 2881 1824; x_wconf 83' lang='lat' dir='ltr'><strong>sua</strong></span> <span class='ocrx_word' id='word_1_255' title='bbox 2924 1768 3173 1826; x_wconf 84' lang='lat' dir='ltr'><strong>frustrati</strong></span> <span class='ocrx_word' id='word_1_256' title='bbox 3215 1787 3313 1842; x_wconf 91' lang='lat' dir='ltr'><strong>pro</strong></span> <span class='ocrx_word' id='word_1_257' title='bbox 3350 1771 3570 1842; x_wconf 53' lang='lat' dir='ltr'><strong>praemiis</strong></span> <span class='ocrx_word' id='word_1_258' title='bbox 3612 1780 3704 1824; x_wconf 85' lang='lat' dir='ltr'><strong>tor-</strong></span> 
     </span>
    </p>
   </div>
   <div class='ocr_carea' id='block_1_32' title="bbox 491 1855 2066 1940">
    <p class='ocr_par' dir='ltr' id='par_1_32' title="bbox 491 1855 2066 1940">
     <span class='ocr_line' id='line_1_32' title="bbox 491 1855 2066 1940; baseline -0.01 -15"><span class='ocrx_word' id='word_1_259' title='bbox 491 1886 598 1940; x_wconf 86' lang='lat' dir='ltr'><strong>quo</strong></span> <span class='ocrx_word' id='word_1_260' title='bbox 626 1881 733 1924; x_wconf 89' lang='lat' dir='ltr'><strong>una</strong></span> <span class='ocrx_word' id='word_1_261' title='bbox 764 1880 944 1922; x_wconf 83' lang='lat' dir='ltr'><strong>secum</strong></span> <span class='ocrx_word' id='word_1_262' title='bbox 973 1863 1154 1935; x_wconf 86' lang='lat' dir='ltr'><strong>plures</strong></span> <span class='ocrx_word' id='word_1_263' title='bbox 1186 1861 1254 1915; x_wconf 91' lang='lat' dir='ltr'><strong>ad</strong></span> <span class='ocrx_word' id='word_1_264' title='bbox 1283 1859 1570 1915; x_wconf 91' lang='lat' dir='ltr'><strong>Dominum</strong></span> <span class='ocrx_word' id='word_1_265' title='bbox 1593 1858 1860 1928; x_wconf 81' lang='lat' dir='ltr'><strong>perducat</strong></span> <span class='ocrx_word' id='word_1_266' title='bbox 1881 1897 1898 1924; x_wconf 87' lang='lat'><strong>,</strong></span> <span class='ocrx_word' id='word_1_267' title='bbox 1929 1855 2022 1927; x_wconf 88' lang='lat' dir='ltr'><strong>qui</strong></span> <span class='ocrx_word' id='word_1_268' title='bbox 2049 1895 2066 1922; x_wconf 90' lang='lat'><strong>,</strong></span> 
     </span>
    </p>
   </div>
   <div class='ocr_carea' id='block_1_33' title="bbox 491 1945 2068 2028">
    <p class='ocr_par' dir='ltr' id='par_1_33' title="bbox 491 1945 2068 2028">
     <span class='ocr_line' id='line_1_33' title="bbox 491 1945 2068 2028; baseline -0.009 -15"><span class='ocrx_word' id='word_1_269' title='bbox 491 1961 710 2028; x_wconf 87' lang='lat' dir='ltr'><strong>inquam</strong></span> <span class='ocrx_word' id='word_1_270' title='bbox 731 1996 747 2019; x_wconf 95' lang='lat'><strong>,</strong></span> <span class='ocrx_word' id='word_1_271' title='bbox 778 1955 851 2010; x_wconf 88' lang='lat' dir='ltr'><strong>ita</strong></span> <span class='ocrx_word' id='word_1_272' title='bbox 880 1953 1090 2008; x_wconf 88' lang='lat' dir='ltr'><strong>animas</strong></span> <span class='ocrx_word' id='word_1_273' title='bbox 1118 1949 1382 2020; x_wconf 88' lang='lat' dir='ltr'><strong>suscipit,</strong></span> <span class='ocrx_word' id='word_1_274' title='bbox 1413 1949 1629 2019; x_wconf 88' lang='lat' dir='ltr'><strong>sapiens</strong></span> <span class='ocrx_word' id='word_1_275' title='bbox 1656 1956 1775 2012; x_wconf 87' lang='lat' dir='ltr'><strong>est,</strong></span> <span class='ocrx_word' id='word_1_276' title='bbox 1816 1947 1944 2017; x_wconf 90' lang='lat' dir='ltr'><strong>quia</strong></span> <span class='ocrx_word' id='word_1_277' title='bbox 1986 1945 2068 2000; x_wconf 89' lang='lat' dir='ltr'><strong>ni-</strong></span> 
     </span>
    </p>
   </div>
   <div class='ocr_carea' id='block_1_34' title="bbox 488 2036 2064 2114">
    <p class='ocr_par' dir='ltr' id='par_1_34' title="bbox 488 2036 2064 2114">
     <span class='ocr_line' id='line_1_34' title="bbox 488 2036 2064 2114; baseline -0.008 -8"><span class='ocrx_word' id='word_1_278' title='bbox 488 2051 686 2106; x_wconf 87' lang='lat' dir='ltr'><strong>mirum</strong></span> <span class='ocrx_word' id='word_1_279' title='bbox 713 2061 823 2103; x_wconf 69' lang='lat' dir='ltr'><strong>suae</strong></span> <span class='ocrx_word' id='word_1_280' title='bbox 849 2045 1043 2100; x_wconf 82' lang='lat' dir='ltr'><strong>animae</strong></span> <span class='ocrx_word' id='word_1_281' title='bbox 1066 2057 1166 2114; x_wconf 86' lang='lat' dir='ltr'><strong>per</strong></span> <span class='ocrx_word' id='word_1_282' title='bbox 1187 2042 1304 2098; x_wconf 65' lang='lat' dir='ltr'><strong>haac</strong></span> <span class='ocrx_word' id='word_1_283' title='bbox 1326 2041 1471 2097; x_wconf 88' lang='lat' dir='ltr'><strong>unde</strong></span> <span class='ocrx_word' id='word_1_284' title='bbox 1498 2038 1782 2096; x_wconf 87' lang='lat' dir='ltr'><strong>sublimius</strong></span> <span class='ocrx_word' id='word_1_285' title='bbox 1805 2053 1931 2094; x_wconf 89' lang='lat' dir='ltr'><strong>cum</strong></span> <span class='ocrx_word' id='word_1_286' title='bbox 1955 2036 2064 2093; x_wconf 87' lang='lat' dir='ltr'><strong>Do-</strong></span> 
     </span>
    </p>
   </div>
   <div class='ocr_carea' id='block_1_35' title="bbox 493 2142 1159 2211">
    <p class='ocr_par' dir='ltr' id='par_1_35' title="bbox 493 2142 1159 2211">
     <span class='ocr_line' id='line_1_35' title="bbox 493 2142 1159 2211; baseline -0.015 -14"><span class='ocrx_word' id='word_1_287' title='bbox 493 2142 639 2197; x_wconf 88' lang='lat' dir='ltr'><strong>mino</strong></span> <span class='ocrx_word' id='word_1_288' title='bbox 667 2144 858 2211; x_wconf 80' lang='lat' dir='ltr'><strong>regnet</strong></span> <span class='ocrx_word' id='word_1_289' title='bbox 882 2142 1159 2206; x_wconf 86' lang='lat' dir='ltr'><strong>procurat.</strong></span> 
     </span>
    </p>
   </div>
   <div class='ocr_carea' id='block_1_36' title="bbox 561 2219 2066 2302">
    <p class='ocr_par' dir='ltr' id='par_1_36' title="bbox 561 2219 2066 2302">
     <span class='ocr_line' id='line_1_36' title="bbox 561 2219 2066 2302; baseline -0.011 -14"><span class='ocrx_word' id='word_1_290' title='bbox 561 2231 619 2288; x_wconf 90' lang='lat' dir='ltr'><strong>Si</strong></span> <span class='ocrx_word' id='word_1_291' title='bbox 657 2231 836 2302; x_wconf 83' lang='lat' dir='ltr'><strong>justus</strong></span> <span class='ocrx_word' id='word_1_292' title='bbox 875 2228 931 2282; x_wconf 87' lang='lat' dir='ltr'><strong>in</strong></span> <span class='ocrx_word' id='word_1_293' title='bbox 972 2235 1116 2280; x_wconf 87' lang='lat' dir='ltr'><strong>terra</strong></span> <span class='ocrx_word' id='word_1_294' title='bbox 1157 2223 1380 2296; x_wconf 83' lang='lat' dir='ltr'><strong>recipit,</strong></span> <span class='ocrx_word' id='word_1_295' title='bbox 1419 2231 1615 2293; x_wconf 88' lang='lat' dir='ltr'><strong>quanto</strong></span> <span class='ocrx_word' id='word_1_296' title='bbox 1661 2219 1828 2291; x_wconf 86' lang='lat' dir='ltr'><strong>magis</strong></span> <span class='ocrx_word' id='word_1_297' title='bbox 1874 2219 2066 2290; x_wconf 87' lang='lat' dir='ltr'><strong>impius</strong></span> 
     </span>
    </p>
   </div>
   <div class='ocr_carea' id='block_1_37' title="bbox 485 2310 2062 2392">
    <p class='ocr_par' dir='ltr' id='par_1_37' title="bbox 485 2310 2062 2392">
     <span class='ocr_line' id='line_1_37' title="bbox 485 2310 2062 2392; baseline -0.008 -15"><span class='ocrx_word' id='word_1_298' title='bbox 485 2333 531 2376; x_wconf 85' lang='lat' dir='ltr'><strong>ct</strong></span> <span class='ocrx_word' id='word_1_299' title='bbox 576 2318 864 2392; x_wconf 78' lang='lat' dir='ltr'><strong>peccator?</strong></span> <span class='ocrx_word' id='word_1_300' title='bbox 889 2316 947 2372; x_wconf 87' lang='lat' dir='ltr'><strong>Si</strong></span> <span class='ocrx_word' id='word_1_301' title='bbox 993 2315 1164 2370; x_wconf 65' lang='lat' dir='ltr'><strong>sancti</strong></span> <span class='ocrx_word' id='word_1_302' title='bbox 1205 2321 1476 2384; x_wconf 85' lang='lat' dir='ltr'><strong>martyres</strong></span> <span class='ocrx_word' id='word_1_303' title='bbox 1523 2319 1673 2367; x_wconf 88' lang='lat' dir='ltr'><strong>tanta</strong></span> <span class='ocrx_word' id='word_1_304' title='bbox 1719 2310 1863 2380; x_wconf 84' lang='lat' dir='ltr'><strong>passi</strong></span> <span class='ocrx_word' id='word_1_305' title='bbox 1909 2317 2062 2376; x_wconf 92' lang='lat' dir='ltr'><strong>sunt,</strong></span> 
     </span>
    </p>
   </div>
   <div class='ocr_carea' id='block_1_38' title="bbox 482 2397 2066 2482">
    <p class='ocr_par' dir='ltr' id='par_1_38' title="bbox 482 2397 2066 2482">
     <span class='ocr_line' id='line_1_38' title="bbox 482 2397 2066 2482; baseline -0.008 -17"><span class='ocrx_word' id='word_1_306' title='bbox 482 2411 645 2482; x_wconf 82' lang='lat' dir='ltr'><strong>justi,</strong></span> <span class='ocrx_word' id='word_1_307' title='bbox 677 2414 882 2480; x_wconf 89' lang='lat' dir='ltr'><strong>quanta</strong></span> <span class='ocrx_word' id='word_1_308' title='bbox 908 2413 1070 2477; x_wconf 90' lang='lat' dir='ltr'><strong>putas</strong></span> <span class='ocrx_word' id='word_1_309' title='bbox 1097 2418 1192 2459; x_wconf 89' lang='lat' dir='ltr'><strong>eos</strong></span> <span class='ocrx_word' id='word_1_310' title='bbox 1222 2416 1442 2457; x_wconf 87' lang='lat' dir='ltr'><strong>manere</strong></span> <span class='ocrx_word' id='word_1_311' title='bbox 1483 2408 1750 2456; x_wconf 87' lang='lat' dir='ltr'><strong>tormenta</strong></span> <span class='ocrx_word' id='word_1_312' title='bbox 1771 2439 1786 2464; x_wconf 91' lang='lat'><strong>,</strong></span> <span class='ocrx_word' id='word_1_313' title='bbox 1816 2398 1908 2468; x_wconf 88' lang='lat' dir='ltr'><strong>qui</strong></span> <span class='ocrx_word' id='word_1_314' title='bbox 1947 2397 2066 2453; x_wconf 87' lang='lat' dir='ltr'><strong>illos</strong></span> 
     </span>
    </p>
   </div>
   <div class='ocr_carea' id='block_1_39' title="bbox 485 2487 2064 2572">
    <p class='ocr_par' dir='ltr' id='par_1_39' title="bbox 485 2487 2064 2572">
     <span class='ocr_line' id='line_1_39' title="bbox 485 2487 2064 2572; baseline -0.009 -16"><span class='ocrx_word' id='word_1_315' title='bbox 485 2501 792 2572; x_wconf 84' lang='lat' dir='ltr'><strong>ailligebant</strong></span> <span class='ocrx_word' id='word_1_316' title='bbox 831 2495 1052 2568; x_wconf 90' lang='lat' dir='ltr'><strong>iniusti,</strong></span> <span class='ocrx_word' id='word_1_317' title='bbox 1083 2493 1154 2549; x_wconf 79' lang='lat' dir='ltr'><strong>si-</strong></span> <span class='ocrx_word' id='word_1_318' title='bbox 1173 2491 1274 2548; x_wconf 88' lang='lat' dir='ltr'><strong>Job</strong></span> <span class='ocrx_word' id='word_1_319' title='bbox 1303 2499 1358 2547; x_wconf 92' lang='lat' dir='ltr'><strong>et</strong></span> <span class='ocrx_word' id='word_1_320' title='bbox 1385 2491 1585 2547; x_wconf 87' lang='lat' dir='ltr'><strong>Tobias</strong></span> <span class='ocrx_word' id='word_1_321' title='bbox 1633 2489 1923 2560; x_wconf 62' lang='lat' dir='ltr'><strong>casterique</strong></span> <span class='ocrx_word' id='word_1_322' title='bbox 1969 2487 2064 2544; x_wconf 88' lang='lat' dir='ltr'><strong>Dei</strong></span> 
     </span>
    </p>
   </div>
   <div class='ocr_carea' id='block_1_40' title="bbox 483 2580 2064 2655">
    <p class='ocr_par' dir='ltr' id='par_1_40' title="bbox 483 2580 2064 2655">
     <span class='ocr_line' id='line_1_40' title="bbox 483 2580 2064 2655; baseline -0.008 -9"><span class='ocrx_word' id='word_1_323' title='bbox 483 2590 674 2655; x_wconf 87' lang='lat' dir='ltr'><strong>electi,</strong></span> <span class='ocrx_word' id='word_1_324' title='bbox 707 2596 858 2642; x_wconf 89' lang='lat' dir='ltr'><strong>tanta</strong></span> <span class='ocrx_word' id='word_1_325' title='bbox 894 2586 950 2641; x_wconf 89' lang='lat' dir='ltr'><strong>in</strong></span> <span class='ocrx_word' id='word_1_326' title='bbox 993 2584 1096 2640; x_wconf 89' lang='lat' dir='ltr'><strong>hac</strong></span> <span class='ocrx_word' id='word_1_327' title='bbox 1134 2583 1246 2638; x_wconf 91' lang='lat' dir='ltr'><strong>vita</strong></span> <span class='ocrx_word' id='word_1_328' title='bbox 1290 2591 1614 2653; x_wconf 87' lang='lat' dir='ltr'><strong>receperunt</strong></span> <span class='ocrx_word' id='word_1_329' title='bbox 1641 2581 1900 2646; x_wconf 86' lang='lat' dir='ltr'><strong>adversa,</strong></span> <span class='ocrx_word' id='word_1_330' title='bbox 1936 2580 2064 2650; x_wconf 88' lang='lat' dir='ltr'><strong>quid</strong></span> 
     </span>
    </p>
   </div>
   <div class='ocr_carea' id='block_1_41' title="bbox 487 2670 2068 2744">
    <p class='ocr_par' dir='ltr' id='par_1_41' title="bbox 487 2670 2068 2744">
     <span class='ocr_line' id='line_1_41' title="bbox 487 2670 2068 2744; baseline -0.005 -10"><span class='ocrx_word' id='word_1_331' title='bbox 487 2677 862 2743; x_wconf 87' lang='lat' dir='ltr'><strong>contristaris,</strong></span> <span class='ocrx_word' id='word_1_332' title='bbox 904 2675 950 2730; x_wconf 92' lang='lat' dir='ltr'><strong>si</strong></span> <span class='ocrx_word' id='word_1_333' title='bbox 995 2683 1046 2730; x_wconf 94' lang='lat' dir='ltr'><strong>te</strong></span> <span class='ocrx_word' id='word_1_334' title='bbox 1085 2673 1176 2744; x_wconf 90' lang='lat' dir='ltr'><strong>qui</strong></span> <span class='ocrx_word' id='word_1_335' title='bbox 1216 2681 1326 2727; x_wconf 89' lang='lat' dir='ltr'><strong>tam</strong></span> <span class='ocrx_word' id='word_1_336' title='bbox 1366 2672 1524 2742; x_wconf 86' lang='lat' dir='ltr'><strong>longe</strong></span> <span class='ocrx_word' id='word_1_337' title='bbox 1555 2670 1694 2726; x_wconf 76' lang='lat' dir='ltr'><strong>inira</strong></span> <span class='ocrx_word' id='word_1_338' title='bbox 1728 2670 1940 2726; x_wconf 90' lang='lat' dir='ltr'><strong>illorum</strong></span> <span class='ocrx_word' id='word_1_339' title='bbox 1974 2685 2068 2726; x_wconf 87' lang='lat' dir='ltr'><strong>vc-</strong></span> 
     </span>
    </p>
   </div>
   <div class='ocr_carea' id='block_1_42' title="bbox 484 2759 2068 2842">
    <p class='ocr_par' dir='ltr' id='par_1_42' title="bbox 484 2759 2068 2842">
     <span class='ocr_line' id='line_1_42' title="bbox 484 2759 2068 2842; baseline -0.008 -16"><span class='ocrx_word' id='word_1_340' title='bbox 484 2770 642 2842; x_wconf 86' lang='lat' dir='ltr'><strong>stigia</strong></span> <span class='ocrx_word' id='word_1_341' title='bbox 665 2767 842 2839; x_wconf 89' lang='lat' dir='ltr'><strong>iaces,</strong></span> <span class='ocrx_word' id='word_1_342' title='bbox 875 2773 1092 2822; x_wconf 89' lang='lat' dir='ltr'><strong>tentans</strong></span> <span class='ocrx_word' id='word_1_343' title='bbox 1115 2763 1183 2818; x_wconf 90' lang='lat' dir='ltr'><strong>ad</strong></span> <span class='ocrx_word' id='word_1_344' title='bbox 1213 2761 1482 2818; x_wconf 90' lang='lat' dir='ltr'><strong>modicum</strong></span> <span class='ocrx_word' id='word_1_345' title='bbox 1512 2759 1729 2816; x_wconf 85' lang='lat' dir='ltr'><strong>alilictio</strong></span> <span class='ocrx_word' id='word_1_346' title='bbox 1759 2759 1972 2832; x_wconf 78' lang='lat' dir='ltr'><strong>tangit?</strong></span> <span class='ocrx_word' id='word_1_347' title='bbox 2000 2759 2068 2814; x_wconf 86' lang='lat' dir='ltr'><strong>Et</strong></span> 
     </span>
    </p>
   </div>
   <div class='ocr_carea' id='block_1_43' title="bbox 485 2848 2069 2930">
    <p class='ocr_par' dir='ltr' id='par_1_43' title="bbox 485 2848 2069 2930">
     <span class='ocr_line' id='line_1_43' title="bbox 485 2848 2069 2930; baseline -0.006 -16"><span class='ocrx_word' id='word_1_348' title='bbox 485 2860 708 2930; x_wconf 83' lang='lat' dir='ltr'><strong>quidem</strong></span> <span class='ocrx_word' id='word_1_349' title='bbox 742 2867 795 2913; x_wconf 92' lang='lat' dir='ltr'><strong>te</strong></span> <span class='ocrx_word' id='word_1_350' title='bbox 821 2855 924 2912; x_wconf 89' lang='lat' dir='ltr'><strong>etsi</strong></span> <span class='ocrx_word' id='word_1_351' title='bbox 953 2853 1180 2925; x_wconf 90' lang='lat' dir='ltr'><strong>impium</strong></span> <span class='ocrx_word' id='word_1_352' title='bbox 1209 2852 1390 2908; x_wconf 86' lang='lat' dir='ltr'><strong>dicere</strong></span> <span class='ocrx_word' id='word_1_353' title='bbox 1429 2858 1524 2905; x_wconf 91' lang='lat' dir='ltr'><strong>aut</strong></span> <span class='ocrx_word' id='word_1_354' title='bbox 1563 2849 1788 2905; x_wconf 88' lang='lat' dir='ltr'><strong>credere</strong></span> <span class='ocrx_word' id='word_1_355' title='bbox 1823 2863 1930 2903; x_wconf 91' lang='lat' dir='ltr'><strong>non</strong></span> <span class='ocrx_word' id='word_1_356' title='bbox 1975 2848 2069 2904; x_wconf 88' lang='lat' dir='ltr'><strong>de-</strong></span> 
     </span>
    </p>
   </div>
   <div class='ocr_carea' id='block_1_44' title="bbox 485 2941 2063 3024">
    <p class='ocr_par' dir='ltr' id='par_1_44' title="bbox 485 2941 2063 3024">
     <span class='ocr_line' id='line_1_44' title="bbox 485 2941 2063 3024; baseline -0.009 -15"><span class='ocrx_word' id='word_1_357' title='bbox 485 2954 610 3019; x_wconf 89' lang='lat' dir='ltr'><strong>bes,</strong></span> <span class='ocrx_word' id='word_1_358' title='bbox 646 2957 988 3024; x_wconf 87' lang='lat' dir='ltr'><strong>peccatorem</strong></span> <span class='ocrx_word' id='word_1_359' title='bbox 1017 2955 1198 3002; x_wconf 89' lang='lat' dir='ltr'><strong>tamen</strong></span> <span class='ocrx_word' id='word_1_360' title='bbox 1229 2952 1283 3000; x_wconf 89' lang='lat' dir='ltr'><strong>te</strong></span> <span class='ocrx_word' id='word_1_361' title='bbox 1311 2959 1464 3010; x_wconf 87' lang='lat' dir='ltr'><strong>esse,</strong></span> <span class='ocrx_word' id='word_1_362' title='bbox 1503 2943 1558 2998; x_wconf 90' lang='lat' dir='ltr'><strong>id</strong></span> <span class='ocrx_word' id='word_1_363' title='bbox 1597 2952 1714 3008; x_wconf 90' lang='lat' dir='ltr'><strong>est,</strong></span> <span class='ocrx_word' id='word_1_364' title='bbox 1756 2941 1935 3012; x_wconf 89' lang='lat' dir='ltr'><strong>aliqua</strong></span> <span class='ocrx_word' id='word_1_365' title='bbox 1963 2941 2063 2996; x_wconf 91' lang='lat' dir='ltr'><strong>ha-</strong></span> 
     </span>
    </p>
   </div>
   <div class='ocr_carea' id='block_1_45' title="bbox 486 3031 2064 3114">
    <p class='ocr_par' dir='ltr' id='par_1_45' title="bbox 486 3031 2064 3114">
     <span class='ocr_line' id='line_1_45' title="bbox 486 3031 2064 3114; baseline -0.008 -15"><span class='ocrx_word' id='word_1_366' title='bbox 486 3045 618 3099; x_wconf 89' lang='lat' dir='ltr'><strong>bere</strong></span> <span class='ocrx_word' id='word_1_367' title='bbox 655 3047 910 3114; x_wconf 87' lang='lat' dir='ltr'><strong>peccata,</strong></span> <span class='ocrx_word' id='word_1_368' title='bbox 951 3051 1118 3110; x_wconf 88' lang='lat' dir='ltr'><strong>parva</strong></span> <span class='ocrx_word' id='word_1_369' title='bbox 1153 3035 1266 3092; x_wconf 88' lang='lat' dir='ltr'><strong>sive</strong></span> <span class='ocrx_word' id='word_1_370' title='bbox 1309 3048 1541 3106; x_wconf 85' lang='lat' dir='ltr'><strong>magna,</strong></span> <span class='ocrx_word' id='word_1_371' title='bbox 1587 3040 1775 3104; x_wconf 89' lang='lat' dir='ltr'><strong>aperta</strong></span> <span class='ocrx_word' id='word_1_372' title='bbox 1815 3031 1932 3087; x_wconf 88' lang='lat' dir='ltr'><strong>sive</strong></span> <span class='ocrx_word' id='word_1_373' title='bbox 1967 3047 2064 3087; x_wconf 88' lang='lat' dir='ltr'><strong>oc-</strong></span> 
     </span>
    </p>
   </div>
   <div class='ocr_carea' id='block_1_46' title="bbox 2171 1858 3700 1933">
    <p class='ocr_par' dir='ltr' id='par_1_46' title="bbox 2171 1858 3700 1933">
     <span class='ocr_line' id='line_1_46' title="bbox 2171 1858 3700 1933; baseline 0.003 -22"><span class='ocrx_word' id='word_1_374' title='bbox 2171 1865 2353 1913; x_wconf 90' lang='lat' dir='ltr'><strong>menta</strong></span> <span class='ocrx_word' id='word_1_375' title='bbox 2389 1858 2678 1929; x_wconf 90' lang='lat' dir='ltr'><strong>recipiunt.</strong></span> <span class='ocrx_word' id='word_1_376' title='bbox 2720 1859 2922 1915; x_wconf 87' lang='lat' dir='ltr'><strong>Domus</strong></span> <span class='ocrx_word' id='word_1_377' title='bbox 2962 1870 3144 1916; x_wconf 89' lang='lat' dir='ltr'><strong>autem</strong></span> <span class='ocrx_word' id='word_1_378' title='bbox 3179 1861 3448 1933; x_wconf 89' lang='lat' dir='ltr'><strong>iustorum</strong></span> <span class='ocrx_word' id='word_1_379' title='bbox 3471 1902 3486 1926; x_wconf 95' lang='lat'><strong>,</strong></span> <span class='ocrx_word' id='word_1_380' title='bbox 3525 1860 3570 1916; x_wconf 90' lang='lat' dir='ltr'><strong>id</strong></span> <span class='ocrx_word' id='word_1_381' title='bbox 3605 1869 3700 1926; x_wconf 89' lang='lat' dir='ltr'><strong>est,</strong></span> 
     </span>
    </p>
   </div>
   <div class='ocr_carea' id='block_1_47' title="bbox 2169 1949 3701 2024">
    <p class='ocr_par' dir='ltr' id='par_1_47' title="bbox 2169 1949 3701 2024">
     <span class='ocr_line' id='line_1_47' title="bbox 2169 1949 3701 2024; baseline 0.001 -20"><span class='ocrx_word' id='word_1_382' title='bbox 2169 1949 2408 2005; x_wconf 84' lang='lat' dir='ltr'><strong>Ecclesia</strong></span> <span class='ocrx_word' id='word_1_383' title='bbox 2447 1966 2568 2021; x_wconf 72' lang='lat' dir='ltr'><strong>quae</strong></span> <span class='ocrx_word' id='word_1_384' title='bbox 2605 1951 2801 2022; x_wconf 89' lang='lat' dir='ltr'><strong>partim</strong></span> <span class='ocrx_word' id='word_1_385' title='bbox 2835 1953 3218 2024; x_wconf 82' lang='lat' dir='ltr'><strong>peregrinatur</strong></span> <span class='ocrx_word' id='word_1_386' title='bbox 3255 1953 3507 2020; x_wconf 89' lang='lat' dir='ltr'><strong>interius,</strong></span> <span class='ocrx_word' id='word_1_387' title='bbox 3535 1953 3701 2024; x_wconf 85' lang='lat' dir='ltr'><strong>partim</strong></span> 
     </span>
    </p>
   </div>
   <div class='ocr_carea' id='block_1_48' title="bbox 2169 2041 3706 2116">
    <p class='ocr_par' dir='ltr' id='par_1_48' title="bbox 2169 2041 3706 2116">
     <span class='ocr_line' id='line_1_48' title="bbox 2169 2041 3706 2116; baseline 0.001 -20"><span class='ocrx_word' id='word_1_388' title='bbox 2169 2050 2364 2114; x_wconf 79' lang='lat' dir='ltr'><strong>regnat</strong></span> <span class='ocrx_word' id='word_1_389' title='bbox 2409 2041 2465 2097; x_wconf 90' lang='lat' dir='ltr'><strong>in</strong></span> <span class='ocrx_word' id='word_1_390' title='bbox 2494 2041 2652 2110; x_wconf 68' lang='lat' dir='ltr'><strong>caelo,</strong></span> <span class='ocrx_word' id='word_1_391' title='bbox 2688 2058 2966 2114; x_wconf 88' lang='lat' dir='ltr'><strong>nunquam</strong></span> <span class='ocrx_word' id='word_1_392' title='bbox 3003 2043 3224 2112; x_wconf 80' lang='lat' dir='ltr'><strong>deﬁcit;</strong></span> <span class='ocrx_word' id='word_1_393' title='bbox 3273 2045 3366 2100; x_wconf 88' lang='lat' dir='ltr'><strong>sed</strong></span> <span class='ocrx_word' id='word_1_394' title='bbox 3415 2058 3706 2116; x_wconf 65' lang='lat' dir='ltr'><strong>quaecunque</strong></span> 
     </span>
    </p>
   </div>
   <div class='ocr_carea' id='block_1_49' title="bbox 2168 2133 3707 2207">
    <p class='ocr_par' dir='ltr' id='par_1_49' title="bbox 2168 2133 3707 2207">
     <span class='ocr_line' id='line_1_49' title="bbox 2168 2133 3707 2207; baseline 0.001 -19"><span class='ocrx_word' id='word_1_395' title='bbox 2168 2134 2412 2190; x_wconf 73' lang='lat' dir='ltr'><strong>ineuibra</strong></span> <span class='ocrx_word' id='word_1_396' title='bbox 2439 2133 2557 2204; x_wconf 87' lang='lat' dir='ltr'><strong>eius</strong></span> <span class='ocrx_word' id='word_1_397' title='bbox 2583 2136 2711 2191; x_wconf 89' lang='lat' dir='ltr'><strong>hinc</strong></span> <span class='ocrx_word' id='word_1_398' title='bbox 2737 2135 2827 2192; x_wconf 94' lang='lat' dir='ltr'><strong>illo</strong></span> <span class='ocrx_word' id='word_1_399' title='bbox 2855 2137 3216 2206; x_wconf 86' lang='lat' dir='ltr'><strong>perveniunt,</strong></span> <span class='ocrx_word' id='word_1_400' title='bbox 3243 2137 3438 2194; x_wconf 89' lang='lat' dir='ltr'><strong>ibidem</strong></span> <span class='ocrx_word' id='word_1_401' title='bbox 3467 2136 3518 2191; x_wconf 91' lang='lat' dir='ltr'><strong>in</strong></span> <span class='ocrx_word' id='word_1_402' title='bbox 3543 2134 3707 2207; x_wconf 84' lang='lat' dir='ltr'><strong>gaudia</strong></span> 
     </span>
    </p>
   </div>
   <div class='ocr_carea' id='block_1_50' title="bbox 2167 2227 3707 2298">
    <p class='ocr_par' dir='ltr' id='par_1_50' title="bbox 2167 2227 3707 2298">
     <span class='ocr_line' id='line_1_50' title="bbox 2167 2227 3707 2298; baseline -0.002 -18"><span class='ocrx_word' id='word_1_403' title='bbox 2167 2241 2288 2296; x_wconf 65' lang='lat' dir='ltr'><strong>qua:</strong></span> <span class='ocrx_word' id='word_1_404' title='bbox 2317 2227 2608 2298; x_wconf 88' lang='lat' dir='ltr'><strong>sperabant</strong></span> <span class='ocrx_word' id='word_1_405' title='bbox 2637 2227 2938 2283; x_wconf 88' lang='lat' dir='ltr'><strong>inveniunt.</strong></span> <span class='ocrx_word' id='word_1_406' title='bbox 2969 2227 3165 2295; x_wconf 76' lang='lat' dir='ltr'><strong>Aliter,</strong></span> <span class='ocrx_word' id='word_1_407' title='bbox 3199 2238 3335 2283; x_wconf 71' lang='lat' dir='ltr'><strong>certe</strong></span> <span class='ocrx_word' id='word_1_408' title='bbox 3359 2227 3534 2298; x_wconf 86' lang='lat' dir='ltr'><strong>impios</strong></span> <span class='ocrx_word' id='word_1_409' title='bbox 3557 2237 3599 2280; x_wconf 86' lang='lat' dir='ltr'><strong>et</strong></span> <span class='ocrx_word' id='word_1_410' title='bbox 3623 2242 3707 2278; x_wconf 85' lang='lat' dir='ltr'><strong>non</strong></span> 
     </span>
    </p>
   </div>
   <div class='ocr_carea' id='block_1_51' title="bbox 2166 2315 3709 2390">
    <p class='ocr_par' dir='ltr' id='par_1_51' title="bbox 2166 2315 3709 2390">
     <span class='ocr_line' id='line_1_51' title="bbox 2166 2315 3709 2390; baseline -0.002 -20"><span class='ocrx_word' id='word_1_411' title='bbox 2166 2325 2338 2371; x_wconf 83' lang='lat' dir='ltr'><strong>erunt.</strong></span> <span class='ocrx_word' id='word_1_412' title='bbox 2379 2315 2517 2384; x_wconf 85' lang='lat' dir='ltr'><strong>Quia</strong></span> <span class='ocrx_word' id='word_1_413' title='bbox 2551 2316 2720 2372; x_wconf 89' lang='lat' dir='ltr'><strong>multa</strong></span> <span class='ocrx_word' id='word_1_414' title='bbox 2757 2317 3010 2388; x_wconf 87' lang='lat' dir='ltr'><strong>impietas</strong></span> <span class='ocrx_word' id='word_1_415' title='bbox 3046 2317 3102 2372; x_wconf 90' lang='lat' dir='ltr'><strong>in</strong></span> <span class='ocrx_word' id='word_1_416' title='bbox 3131 2318 3242 2373; x_wconf 91' lang='lat' dir='ltr'><strong>diis</strong></span> <span class='ocrx_word' id='word_1_417' title='bbox 3282 2317 3546 2390; x_wconf 87' lang='lat' dir='ltr'><strong>gentium,</strong></span> <span class='ocrx_word' id='word_1_418' title='bbox 3569 2315 3709 2370; x_wconf 83' lang='lat' dir='ltr'><strong>multa</strong></span> 
     </span>
    </p>
   </div>
   <div class='ocr_carea' id='block_1_52' title="bbox 2166 2405 3711 2478">
    <p class='ocr_par' dir='ltr' id='par_1_52' title="bbox 2166 2405 3711 2478">
     <span class='ocr_line' id='line_1_52' title="bbox 2166 2405 3711 2478; baseline -0.001 -18"><span class='ocrx_word' id='word_1_419' title='bbox 2166 2405 2226 2460; x_wconf 89' lang='lat' dir='ltr'><strong>in</strong></span> <span class='ocrx_word' id='word_1_420' title='bbox 2265 2406 2430 2462; x_wconf 89' lang='lat' dir='ltr'><strong>sectis</strong></span> <span class='ocrx_word' id='word_1_421' title='bbox 2473 2407 2852 2462; x_wconf 71' lang='lat' dir='ltr'><strong>limreticorum</strong></span> <span class='ocrx_word' id='word_1_422' title='bbox 2875 2447 2891 2474; x_wconf 90' lang='lat'><strong>,</strong></span> <span class='ocrx_word' id='word_1_423' title='bbox 2931 2407 3100 2463; x_wconf 88' lang='lat' dir='ltr'><strong>multa</strong></span> <span class='ocrx_word' id='word_1_424' title='bbox 3141 2407 3200 2462; x_wconf 89' lang='lat' dir='ltr'><strong>in</strong></span> <span class='ocrx_word' id='word_1_425' title='bbox 3243 2407 3522 2478; x_wconf 65' lang='lat' dir='ltr'><strong>priestigiis</strong></span> <span class='ocrx_word' id='word_1_426' title='bbox 3557 2421 3711 2476; x_wconf 80' lang='lat' dir='ltr'><strong>mago-</strong></span> 
     </span>
    </p>
   </div>
   <div class='ocr_carea' id='block_1_53' title="bbox 2167 2497 3708 2570">
    <p class='ocr_par' dir='ltr' id='par_1_53' title="bbox 2167 2497 3708 2570">
     <span class='ocr_line' id='line_1_53' title="bbox 2167 2497 3708 2570; baseline -0.001 -20"><span class='ocrx_word' id='word_1_427' title='bbox 2167 2513 2318 2563; x_wconf 88' lang='lat' dir='ltr'><strong>rum,</strong></span> <span class='ocrx_word' id='word_1_428' title='bbox 2364 2497 2531 2552; x_wconf 86' lang='lat' dir='ltr'><strong>multa</strong></span> <span class='ocrx_word' id='word_1_429' title='bbox 2577 2499 2631 2553; x_wconf 92' lang='lat' dir='ltr'><strong>in</strong></span> <span class='ocrx_word' id='word_1_430' title='bbox 2657 2499 3126 2568; x_wconf 89' lang='lat' dir='ltr'><strong>persecutionibus</strong></span> <span class='ocrx_word' id='word_1_431' title='bbox 3156 2499 3368 2555; x_wconf 79' lang='lat' dir='ltr'><strong>exstitit</strong></span> <span class='ocrx_word' id='word_1_432' title='bbox 3395 2511 3708 2570; x_wconf 82' lang='lat' dir='ltr'><strong>paganorum.</strong></span> 
     </span>
    </p>
   </div>
   <div class='ocr_carea' id='block_1_54' title="bbox 2169 2588 3712 2658">
    <p class='ocr_par' dir='ltr' id='par_1_54' title="bbox 2169 2588 3712 2658">
     <span class='ocr_line' id='line_1_54' title="bbox 2169 2588 3712 2658; baseline -0.001 -13"><span class='ocrx_word' id='word_1_433' title='bbox 2169 2588 2274 2645; x_wconf 90' lang='lat' dir='ltr'><strong>Sed</strong></span> <span class='ocrx_word' id='word_1_434' title='bbox 2311 2591 2428 2657; x_wconf 90' lang='lat' dir='ltr'><strong>bis,</strong></span> <span class='ocrx_word' id='word_1_435' title='bbox 2458 2591 2688 2646; x_wconf 89' lang='lat' dir='ltr'><strong>Domino</strong></span> <span class='ocrx_word' id='word_1_436' title='bbox 2715 2591 2974 2658; x_wconf 84' lang='lat' dir='ltr'><strong>donante,</strong></span> <span class='ocrx_word' id='word_1_437' title='bbox 3001 2591 3314 2658; x_wconf 89' lang='lat' dir='ltr'><strong>subversis,</strong></span> <span class='ocrx_word' id='word_1_438' title='bbox 3344 2591 3516 2646; x_wconf 89' lang='lat' dir='ltr'><strong>ablata</strong></span> <span class='ocrx_word' id='word_1_439' title='bbox 3539 2598 3612 2644; x_wconf 89' lang='lat' dir='ltr'><strong>est</strong></span> <span class='ocrx_word' id='word_1_440' title='bbox 3639 2603 3712 2658; x_wconf 49' lang='lat' dir='ltr'><strong>pa.</strong></span> 
     </span>
    </p>
   </div>
   <div class='ocr_carea' id='block_1_55' title="bbox 2167 2677 3710 2754">
    <p class='ocr_par' dir='ltr' id='par_1_55' title="bbox 2167 2677 3710 2754">
     <span class='ocr_line' id='line_1_55' title="bbox 2167 2677 3710 2754; baseline -0.005 -17"><span class='ocrx_word' id='word_1_441' title='bbox 2167 2683 2303 2738; x_wconf 88' lang='lat' dir='ltr'><strong>riter</strong></span> <span class='ocrx_word' id='word_1_442' title='bbox 2327 2683 2492 2739; x_wconf 89' lang='lat' dir='ltr'><strong>etiam</strong></span> <span class='ocrx_word' id='word_1_443' title='bbox 2525 2683 2786 2738; x_wconf 88' lang='lat' dir='ltr'><strong>memoria</strong></span> <span class='ocrx_word' id='word_1_444' title='bbox 2817 2682 3112 2754; x_wconf 86' lang='lat' dir='ltr'><strong>impietatis</strong></span> <span class='ocrx_word' id='word_1_445' title='bbox 3140 2697 3333 2739; x_wconf 86' lang='lat' dir='ltr'><strong>eorum</strong></span> <span class='ocrx_word' id='word_1_446' title='bbox 3357 2722 3373 2748; x_wconf 92' lang='lat'><strong>,</strong></span> <span class='ocrx_word' id='word_1_447' title='bbox 3411 2689 3466 2737; x_wconf 87' lang='lat' dir='ltr'><strong>et</strong></span> <span class='ocrx_word' id='word_1_448' title='bbox 3489 2678 3591 2750; x_wconf 89' lang='lat' dir='ltr'><strong>iam</strong></span> <span class='ocrx_word' id='word_1_449' title='bbox 3628 2677 3710 2748; x_wconf 87' lang='lat' dir='ltr'><strong>ipsi</strong></span> 
     </span>
    </p>
   </div>
   <div class='ocr_carea' id='block_1_56' title="bbox 2167 2772 3714 2847">
    <p class='ocr_par' dir='ltr' id='par_1_56' title="bbox 2167 2772 3714 2847">
     <span class='ocr_line' id='line_1_56' title="bbox 2167 2772 3714 2847; baseline -0.003 -18"><span class='ocrx_word' id='word_1_450' title='bbox 2167 2773 2350 2844; x_wconf 89' lang='lat' dir='ltr'><strong>apices</strong></span> <span class='ocrx_word' id='word_1_451' title='bbox 2375 2773 2556 2839; x_wconf 87' lang='lat' dir='ltr'><strong>stulti,</strong></span> <span class='ocrx_word' id='word_1_452' title='bbox 2583 2774 2696 2846; x_wconf 90' lang='lat' dir='ltr'><strong>ipsa</strong></span> <span class='ocrx_word' id='word_1_453' title='bbox 2725 2773 2978 2845; x_wconf 85' lang='lat' dir='ltr'><strong>dogmata</strong></span> <span class='ocrx_word' id='word_1_454' title='bbox 3004 2774 3128 2846; x_wconf 84' lang='lat' dir='ltr'><strong>igne</strong></span> <span class='ocrx_word' id='word_1_455' title='bbox 3156 2784 3348 2847; x_wconf 87' lang='lat' dir='ltr'><strong>rapta,</strong></span> <span class='ocrx_word' id='word_1_456' title='bbox 3375 2783 3434 2829; x_wconf 93' lang='lat' dir='ltr'><strong>ut</strong></span> <span class='ocrx_word' id='word_1_457' title='bbox 3461 2775 3512 2830; x_wconf 90' lang='lat' dir='ltr'><strong>in</strong></span> <span class='ocrx_word' id='word_1_458' title='bbox 3536 2772 3714 2843; x_wconf 84' lang='lat' dir='ltr'><strong>Epheso</strong></span> 
     </span>
    </p>
   </div>
   <div class='ocr_carea' id='block_1_57' title="bbox 2167 2865 3712 2938">
    <p class='ocr_par' dir='ltr' id='par_1_57' title="bbox 2167 2865 3712 2938">
     <span class='ocr_line' id='line_1_57' title="bbox 2167 2865 3712 2938; baseline -0.004 -19"><span class='ocrx_word' id='word_1_459' title='bbox 2167 2874 2347 2920; x_wconf 89' lang='lat' dir='ltr'><strong>actum</strong></span> <span class='ocrx_word' id='word_1_460' title='bbox 2379 2873 2622 2936; x_wconf 90' lang='lat' dir='ltr'><strong>tempore</strong></span> <span class='ocrx_word' id='word_1_461' title='bbox 2651 2865 3019 2936; x_wconf 88' lang='lat' dir='ltr'><strong>apostolorum</strong></span> <span class='ocrx_word' id='word_1_462' title='bbox 3050 2865 3308 2938; x_wconf 82' lang='lat' dir='ltr'><strong>legimus.</strong></span> <span class='ocrx_word' id='word_1_463' title='bbox 3341 2865 3532 2920; x_wconf 87' lang='lat' dir='ltr'><strong>Domus</strong></span> <span class='ocrx_word' id='word_1_464' title='bbox 3565 2869 3712 2916; x_wconf 80' lang='lat' dir='ltr'><strong>autem</strong></span> 
     </span>
    </p>
   </div>
   <div class='ocr_carea' id='block_1_58' title="bbox 2157 2957 3711 3029">
    <p class='ocr_par' dir='ltr' id='par_1_58' title="bbox 2157 2957 3711 3029">
     <span class='ocr_line' id='line_1_58' title="bbox 2157 2957 3711 3029; baseline -0.004 -17"><span class='ocrx_word' id='word_1_465' title='bbox 2157 2957 2428 3029; x_wconf 84' lang='lat' dir='ltr'><strong>justorum</strong></span> <span class='ocrx_word' id='word_1_466' title='bbox 2451 2958 2804 3029; x_wconf 87' lang='lat' dir='ltr'><strong>permanebit,</strong></span> <span class='ocrx_word' id='word_1_467' title='bbox 2831 2959 2955 3029; x_wconf 89' lang='lat' dir='ltr'><strong>quia</strong></span> <span class='ocrx_word' id='word_1_468' title='bbox 2983 2967 3178 3016; x_wconf 88' lang='lat' dir='ltr'><strong>sancta</strong></span> <span class='ocrx_word' id='word_1_469' title='bbox 3205 2959 3450 3016; x_wconf 88' lang='lat' dir='ltr'><strong>Ecclesia</strong></span> <span class='ocrx_word' id='word_1_470' title='bbox 3477 2967 3711 3026; x_wconf 88' lang='lat' dir='ltr'><strong>nunquam</strong></span> 
     </span>
    </p>
   </div>
   <div class='ocr_carea' id='block_1_59' title="bbox 2167 3050 3712 3122">
    <p class='ocr_par' dir='ltr' id='par_1_59' title="bbox 2167 3050 3712 3122">
     <span class='ocr_line' id='line_1_59' title="bbox 2167 3050 3712 3122; baseline -0.006 -16"><span class='ocrx_word' id='word_1_471' title='bbox 2167 3050 2253 3106; x_wconf 89' lang='lat' dir='ltr'><strong>vel</strong></span> <span class='ocrx_word' id='word_1_472' title='bbox 2282 3051 2544 3106; x_wconf 90' lang='lat' dir='ltr'><strong>abscondi</strong></span> <span class='ocrx_word' id='word_1_473' title='bbox 2574 3051 2660 3106; x_wconf 92' lang='lat' dir='ltr'><strong>vel</strong></span> <span class='ocrx_word' id='word_1_474' title='bbox 2688 3051 2863 3122; x_wconf 86' lang='lat' dir='ltr'><strong>potuit</strong></span> <span class='ocrx_word' id='word_1_475' title='bbox 2893 3050 3128 3119; x_wconf 80' lang='lat' dir='ltr'><strong>auferri,</strong></span> <span class='ocrx_word' id='word_1_476' title='bbox 3158 3051 3240 3108; x_wconf 86' lang='lat' dir='ltr'><strong>nil</strong></span> <span class='ocrx_word' id='word_1_477' title='bbox 3265 3067 3335 3108; x_wconf 79' lang='lat' dir='ltr'><strong>ex</strong></span> <span class='ocrx_word' id='word_1_478' title='bbox 3361 3050 3478 3122; x_wconf 89' lang='lat' dir='ltr'><strong>eius</strong></span> <span class='ocrx_word' id='word_1_479' title='bbox 3504 3059 3712 3104; x_wconf 75' lang='lat' dir='ltr'><strong>conum-</strong></span> 
     </span>
    </p>
   </div>
   <div class='ocr_carea' id='block_1_60' title="bbox 483 3120 3714 3214">
    <p class='ocr_par' dir='ltr' id='par_1_60' title="bbox 483 3120 3714 3214">
     <span class='ocr_line' id='line_1_60' title="bbox 483 3120 3714 3214; baseline -0.002 -15"><span class='ocrx_word' id='word_1_480' title='bbox 483 3135 662 3199; x_wconf 67' lang='lat' dir='ltr'><strong>culta.</strong></span> <span class='ocrx_word' id='word_1_481' title='bbox 707 3130 940 3188; x_wconf 62' lang='lat' dir='ltr'><strong>inﬁdari</strong></span> <span class='ocrx_word' id='word_1_482' title='bbox 997 3145 1107 3186; x_wconf 80' lang='grc' dir='ltr'><strong>ηοῐι</strong></span> <span class='ocrx_word' id='word_1_483' title='bbox 1162 3127 1360 3194; x_wconf 61' lang='lat' dir='ltr'><strong>debes:</strong></span> <span class='ocrx_word' id='word_1_484' title='bbox 1403 3126 1515 3181; x_wconf 75' lang='grc' dir='ltr'><strong>ίπιο</strong></span> <span class='ocrx_word' id='word_1_485' title='bbox 1563 3122 1813 3180; x_wconf 50' lang='lat' dir='ltr'><strong>conﬁteri</strong></span> <span class='ocrx_word' id='word_1_486' title='bbox 1867 3121 2062 3190; x_wconf 54' lang='lat' dir='ltr'><strong>debes,</strong></span> <span class='ocrx_word' id='word_1_487' title='bbox 2092 3120 2138 3184; x_wconf 71' lang='grc' dir='ltr'><strong>Ο</strong></span> <span class='ocrx_word' id='word_1_488' title='bbox 2167 3157 2296 3214; x_wconf 88' lang='lat' dir='ltr'><strong>pere</strong></span> <span class='ocrx_word' id='word_1_489' title='bbox 2335 3140 2666 3211; x_wconf 84' lang='lat' dir='ltr'><strong>Scripturis,</strong></span> <span class='ocrx_word' id='word_1_490' title='bbox 2691 3120 2752 3196; x_wconf 81' lang='lat' dir='ltr'><strong>in</strong></span> <span class='ocrx_word' id='word_1_491' title='bbox 2781 3142 2928 3197; x_wconf 92' lang='lat' dir='ltr'><strong>nullo</strong></span> <span class='ocrx_word' id='word_1_492' title='bbox 2964 3142 3084 3213; x_wconf 88' lang='lat' dir='ltr'><strong>eius</strong></span> <span class='ocrx_word' id='word_1_493' title='bbox 3117 3141 3287 3200; x_wconf 81' lang='lat' dir='ltr'><strong>ﬁdem</strong></span> <span class='ocrx_word' id='word_1_494' title='bbox 3328 3120 3556 3207; x_wconf 83' lang='lat' dir='ltr'><strong>violare,</strong></span> <span class='ocrx_word' id='word_1_495' title='bbox 3593 3143 3714 3192; x_wconf 75' lang='lat' dir='ltr'><strong>tanta</strong></span> 
     </span>
    </p>
   </div>
   <div class='ocr_carea' id='block_1_61' title="bbox 484 3215 2058 3298">
    <p class='ocr_par' dir='ltr' id='par_1_61' title="bbox 484 3215 2058 3298">
     <span class='ocr_line' id='line_1_61' title="bbox 484 3215 2058 3298; baseline -0.011 -12"><span class='ocrx_word' id='word_1_496' title='bbox 484 3245 554 3286; x_wconf 89' lang='lat' dir='ltr'><strong>ne</strong></span> <span class='ocrx_word' id='word_1_497' title='bbox 580 3236 637 3284; x_wconf 89' lang='lat' dir='ltr'><strong>te</strong></span> <span class='ocrx_word' id='word_1_498' title='bbox 674 3227 790 3298; x_wconf 90' lang='lat' dir='ltr'><strong>ipse</strong></span> <span class='ocrx_word' id='word_1_499' title='bbox 833 3224 1062 3280; x_wconf 88' lang='lat' dir='ltr'><strong>seducas</strong></span> <span class='ocrx_word' id='word_1_500' title='bbox 1089 3228 1146 3278; x_wconf 91' lang='lat' dir='ltr'><strong>ct</strong></span> <span class='ocrx_word' id='word_1_501' title='bbox 1171 3220 1378 3276; x_wconf 84' lang='lat' dir='ltr'><strong>veritas</strong></span> <span class='ocrx_word' id='word_1_502' title='bbox 1406 3219 1461 3274; x_wconf 90' lang='lat' dir='ltr'><strong>in</strong></span> <span class='ocrx_word' id='word_1_503' title='bbox 1493 3226 1545 3273; x_wconf 89' lang='lat' dir='ltr'><strong>te</strong></span> <span class='ocrx_word' id='word_1_504' title='bbox 1583 3231 1704 3273; x_wconf 87' lang='lat' dir='ltr'><strong>esse</strong></span> <span class='ocrx_word' id='word_1_505' title='bbox 1728 3230 1836 3272; x_wconf 92' lang='lat' dir='ltr'><strong>non</strong></span> <span class='ocrx_word' id='word_1_506' title='bbox 1867 3215 2058 3286; x_wconf 90' lang='lat' dir='ltr'><strong>possit.</strong></span> 
     </span>
    </p>
   </div>
   <div class='ocr_carea' id='block_1_62' title="bbox 485 3307 2064 3390">
    <p class='ocr_par' dir='ltr' id='par_1_62' title="bbox 485 3307 2064 3390">
     <span class='ocr_line' id='line_1_62' title="bbox 485 3307 2064 3390; baseline -0.01 -14"><span class='ocrx_word' id='word_1_507' title='bbox 485 3320 545 3376; x_wconf 82' lang='lat' dir='ltr'><strong>Si</strong></span> <span class='ocrx_word' id='word_1_508' title='bbox 576 3333 707 3390; x_wconf 85' lang='lat' dir='ltr'><strong>ergo</strong></span> <span class='ocrx_word' id='word_1_509' title='bbox 730 3316 868 3386; x_wconf 89' lang='lat' dir='ltr'><strong>iusti</strong></span> <span class='ocrx_word' id='word_1_510' title='bbox 899 3315 954 3369; x_wconf 89' lang='lat' dir='ltr'><strong>in</strong></span> <span class='ocrx_word' id='word_1_511' title='bbox 983 3322 1131 3368; x_wconf 87' lang='lat' dir='ltr'><strong>terra</strong></span> <span class='ocrx_word' id='word_1_512' title='bbox 1158 3317 1482 3382; x_wconf 86' lang='lat' dir='ltr'><strong>receperunt</strong></span> <span class='ocrx_word' id='word_1_513' title='bbox 1517 3307 1649 3364; x_wconf 85' lang='lat' dir='ltr'><strong>Abel</strong></span> <span class='ocrx_word' id='word_1_514' title='bbox 1691 3307 1937 3378; x_wconf 81' lang='lat' dir='ltr'><strong>martyrii</strong></span> <span class='ocrx_word' id='word_1_515' title='bbox 1965 3347 1979 3372; x_wconf 95' lang='lat'><strong>,</strong></span> <span class='ocrx_word' id='word_1_516' title='bbox 2007 3313 2064 3362; x_wconf 92' lang='lat' dir='ltr'><strong>et</strong></span> 
     </span>
    </p>
   </div>
   <div class='ocr_carea' id='block_1_63' title="bbox 487 3399 2066 3478">
    <p class='ocr_par' dir='ltr' id='par_1_63' title="bbox 487 3399 2066 3478">
     <span class='ocr_line' id='line_1_63' title="bbox 487 3399 2066 3478; baseline -0.008 -12"><span class='ocrx_word' id='word_1_517' title='bbox 487 3408 589 3467; x_wconf 69' lang='lat' dir='ltr'><strong>Job</strong></span> <span class='ocrx_word' id='word_1_518' title='bbox 618 3407 896 3478; x_wconf 80' lang='lat' dir='ltr'><strong>exemplar</strong></span> <span class='ocrx_word' id='word_1_519' title='bbox 922 3404 1230 3476; x_wconf 65' lang='lat' dir='ltr'><strong>patientiae,</strong></span> <span class='ocrx_word' id='word_1_520' title='bbox 1261 3409 1464 3474; x_wconf 90' lang='lat' dir='ltr'><strong>quanto</strong></span> <span class='ocrx_word' id='word_1_521' title='bbox 1493 3401 1668 3472; x_wconf 89' lang='lat' dir='ltr'><strong>magis</strong></span> <span class='ocrx_word' id='word_1_522' title='bbox 1698 3399 1848 3472; x_wconf 90' lang='lat' dir='ltr'><strong>impii</strong></span> <span class='ocrx_word' id='word_1_523' title='bbox 1875 3399 2066 3454; x_wconf 88' lang='lat' dir='ltr'><strong>Antio-</strong></span> 
     </span>
    </p>
   </div>
   <div class='ocr_carea' id='block_1_64' title="bbox 482 3491 2063 3568">
    <p class='ocr_par' dir='ltr' id='par_1_64' title="bbox 482 3491 2063 3568">
     <span class='ocr_line' id='line_1_64' title="bbox 482 3491 2063 3568; baseline -0.008 -12"><span class='ocrx_word' id='word_1_524' title='bbox 482 3501 620 3556; x_wconf 87' lang='lat' dir='ltr'><strong>chus</strong></span> <span class='ocrx_word' id='word_1_525' title='bbox 647 3505 808 3568; x_wconf 89' lang='lat' dir='ltr'><strong>atque</strong></span> <span class='ocrx_word' id='word_1_526' title='bbox 838 3495 1078 3550; x_wconf 83' lang='lat' dir='ltr'><strong>Herodes</strong></span> <span class='ocrx_word' id='word_1_527' title='bbox 1105 3502 1160 3550; x_wconf 90' lang='lat' dir='ltr'><strong>et</strong></span> <span class='ocrx_word' id='word_1_528' title='bbox 1187 3500 1498 3564; x_wconf 88' lang='lat' dir='ltr'><strong>peccatores</strong></span> <span class='ocrx_word' id='word_1_529' title='bbox 1526 3493 1582 3546; x_wconf 92' lang='lat' dir='ltr'><strong>in</strong></span> <span class='ocrx_word' id='word_1_530' title='bbox 1613 3491 1903 3563; x_wconf 87' lang='lat' dir='ltr'><strong>Evangelio</strong></span> <span class='ocrx_word' id='word_1_531' title='bbox 1922 3532 1938 3558; x_wconf 95' lang='lat'><strong>,</strong></span> <span class='ocrx_word' id='word_1_532' title='bbox 1966 3506 2063 3560; x_wconf 85' lang='lat' dir='ltr'><strong>pa-</strong></span> 
     </span>
    </p>
   </div>
   <div class='ocr_carea' id='block_1_65' title="bbox 487 3583 2064 3664">
    <p class='ocr_par' dir='ltr' id='par_1_65' title="bbox 487 3583 2064 3664">
     <span class='ocr_line' id='line_1_65' title="bbox 487 3583 2064 3664; baseline -0.006 -16"><span class='ocrx_word' id='word_1_533' title='bbox 487 3592 696 3664; x_wconf 83' lang='lat' dir='ltr'><strong>ralytici</strong></span> <span class='ocrx_word' id='word_1_534' title='bbox 716 3631 732 3656; x_wconf 91' lang='lat'><strong>,</strong></span> <span class='ocrx_word' id='word_1_535' title='bbox 761 3589 850 3661; x_wconf 90' lang='lat' dir='ltr'><strong>qui</strong></span> <span class='ocrx_word' id='word_1_536' title='bbox 881 3604 986 3644; x_wconf 90' lang='lat' dir='ltr'><strong>non</strong></span> <span class='ocrx_word' id='word_1_537' title='bbox 1018 3588 1118 3642; x_wconf 85' lang='lat' dir='ltr'><strong>nisi</strong></span> <span class='ocrx_word' id='word_1_538' title='bbox 1149 3586 1384 3642; x_wconf 90' lang='lat' dir='ltr'><strong>dimissis</strong></span> <span class='ocrx_word' id='word_1_539' title='bbox 1413 3585 1588 3656; x_wconf 90' lang='lat' dir='ltr'><strong>primo</strong></span> <span class='ocrx_word' id='word_1_540' title='bbox 1618 3585 1856 3655; x_wconf 87' lang='lat' dir='ltr'><strong>peccatis</strong></span> <span class='ocrx_word' id='word_1_541' title='bbox 1884 3583 2064 3639; x_wconf 90' lang='lat' dir='ltr'><strong>curari</strong></span> 
     </span>
    </p>
   </div>
   <div class='ocr_carea' id='block_1_66' title="bbox 486 3676 2065 3752">
    <p class='ocr_par' dir='ltr' id='par_1_66' title="bbox 486 3676 2065 3752">
     <span class='ocr_line' id='line_1_66' title="bbox 486 3676 2065 3752; baseline -0.005 -14"><span class='ocrx_word' id='word_1_542' title='bbox 486 3683 773 3740; x_wconf 89' lang='lat' dir='ltr'><strong>a-Domino</strong></span> <span class='ocrx_word' id='word_1_543' title='bbox 801 3687 1108 3752; x_wconf 87' lang='lat' dir='ltr'><strong>potuerunt.</strong></span> <span class='ocrx_word' id='word_1_544' title='bbox 1140 3676 1443 3732; x_wconf 84' lang='lat' dir='ltr'><strong>Notandum</strong></span> <span class='ocrx_word' id='word_1_545' title='bbox 1485 3677 1630 3746; x_wconf 91' lang='lat' dir='ltr'><strong>quod</strong></span> <span class='ocrx_word' id='word_1_546' title='bbox 1669 3676 1811 3731; x_wconf 87' lang='lat' dir='ltr'><strong>hanc</strong></span> <span class='ocrx_word' id='word_1_547' title='bbox 1849 3683 2065 3731; x_wconf 86' lang='lat' dir='ltr'><strong>senten-</strong></span> 
     </span>
    </p>
   </div>
   <div class='ocr_carea' id='block_1_67' title="bbox 487 3764 2063 3841">
    <p class='ocr_par' dir='ltr' id='par_1_67' title="bbox 487 3764 2063 3841">
     <span class='ocr_line' id='line_1_67' title="bbox 487 3764 2063 3841; baseline -0.006 -11"><span class='ocrx_word' id='word_1_548' title='bbox 487 3777 616 3830; x_wconf 89' lang='lat' dir='ltr'><strong>tiam</strong></span> <span class='ocrx_word' id='word_1_549' title='bbox 655 3774 849 3828; x_wconf 87' lang='lat' dir='ltr'><strong>Petrus</strong></span> <span class='ocrx_word' id='word_1_550' title='bbox 878 3772 931 3826; x_wconf 90' lang='lat' dir='ltr'><strong>in</strong></span> <span class='ocrx_word' id='word_1_551' title='bbox 959 3769 1229 3841; x_wconf 86' lang='lat' dir='ltr'><strong>Epistola,</strong></span> <span class='ocrx_word' id='word_1_552' title='bbox 1253 3766 1409 3836; x_wconf 82' lang='lat' dir='ltr'><strong>iuxta</strong></span> <span class='ocrx_word' id='word_1_553' title='bbox 1439 3765 1718 3836; x_wconf 90' lang='lat' dir='ltr'><strong>antiquam</strong></span> <span class='ocrx_word' id='word_1_554' title='bbox 1745 3764 2063 3820; x_wconf 85' lang='lat' dir='ltr'><strong>translatio-</strong></span> 
     </span>
    </p>
   </div>
   <div class='ocr_carea' id='block_1_68' title="bbox 489 3857 2056 3940">
    <p class='ocr_par' dir='ltr' id='par_1_68' title="bbox 489 3857 2056 3940">
     <span class='ocr_line' id='line_1_68' title="bbox 489 3857 2056 3940; baseline -0.007 -18"><span class='ocrx_word' id='word_1_555' title='bbox 489 3885 635 3936; x_wconf 88' lang='lat' dir='ltr'><strong>uem,</strong></span> <span class='ocrx_word' id='word_1_556' title='bbox 660 3867 840 3940; x_wconf 88' lang='lat' dir='ltr'><strong>posuit</strong></span> <span class='ocrx_word' id='word_1_557' title='bbox 867 3865 1053 3920; x_wconf 89' lang='lat' dir='ltr'><strong>dicens</strong></span> <span class='ocrx_word' id='word_1_558' title='bbox 1083 3877 1097 3918; x_wconf 89' lang='lat'><strong>:</strong></span> <span class='ocrx_word' id='word_1_559' title='bbox 1122 3861 1192 3916; x_wconf 88' lang='lat' dir='ltr'><strong>Et</strong></span> <span class='ocrx_word' id='word_1_560' title='bbox 1222 3862 1268 3916; x_wconf 91' lang='lat' dir='ltr'><strong>si</strong></span> <span class='ocrx_word' id='word_1_561' title='bbox 1289 3860 1468 3931; x_wconf 86' lang='lat' dir='ltr'><strong>justus</strong></span> <span class='ocrx_word' id='word_1_562' title='bbox 1508 3860 1596 3914; x_wconf 71' lang='lat' dir='ltr'><strong>vix</strong></span> <span class='ocrx_word' id='word_1_563' title='bbox 1630 3857 1940 3925; x_wconf 82' lang='lat' dir='ltr'><strong>saluabitur,</strong></span> <span class='ocrx_word' id='word_1_564' title='bbox 1971 3858 2056 3912; x_wconf 91' lang='lat' dir='ltr'><strong>im-</strong></span> 
     </span>
    </p>
   </div>
   <div class='ocr_carea' id='block_1_69' title="bbox 488 3943 1750 4028">
    <p class='ocr_par' dir='ltr' id='par_1_69' title="bbox 488 3943 1750 4028">
     <span class='ocr_line' id='line_1_69' title="bbox 488 3943 1750 4028; baseline -0.009 -17"><span class='ocrx_word' id='word_1_565' title='bbox 488 3959 604 4028; x_wconf 83' lang='lat' dir='ltr'><strong>pius</strong></span> <span class='ocrx_word' id='word_1_566' title='bbox 635 3966 682 4010; x_wconf 90' lang='lat' dir='ltr'><strong>et</strong></span> <span class='ocrx_word' id='word_1_567' title='bbox 711 3962 950 4024; x_wconf 84' lang='lat' dir='ltr'><strong>peccator</strong></span> <span class='ocrx_word' id='word_1_568' title='bbox 976 3947 1064 4006; x_wconf 88' lang='lat' dir='ltr'><strong>ubi</strong></span> <span class='ocrx_word' id='word_1_569' title='bbox 1090 3951 1340 4021; x_wconf 87' lang='lat' dir='ltr'><strong>parebunt</strong></span> <span class='ocrx_word' id='word_1_570' title='bbox 1366 3949 1391 4002; x_wconf 78' lang='lat'><strong><em>?</em></strong></span> <span class='ocrx_word' id='word_1_571' title='bbox 1418 3945 1470 4020; x_wconf 84' lang='grc' dir='ltr'><strong>(Ι</strong></span> <span class='ocrx_word' id='word_1_572' title='bbox 1499 3943 1618 4002; x_wconf 87' lang='lat' dir='ltr'><strong>Pet.</strong></span> <span class='ocrx_word' id='word_1_573' title='bbox 1649 3945 1750 4018; x_wconf 79' lang='lat' dir='ltr'><strong>tv.)</strong></span> 
     </span>
    </p>
   </div>
   <div class='ocr_carea' id='block_1_70' title="bbox 1077 4037 1456 4096">
    <p class='ocr_par' dir='ltr' id='par_1_70' title="bbox 1077 4037 1456 4096">
     <span class='ocr_line' id='line_1_70' title="bbox 1077 4037 1456 4096; baseline -0.003 -2"><span class='ocrx_word' id='word_1_574' title='bbox 1077 4039 1305 4096; x_wconf 84' lang='lat' dir='ltr'><strong>CAPUT</strong></span> <span class='ocrx_word' id='word_1_575' title='bbox 1341 4037 1456 4094; x_wconf 81' lang='lat' dir='ltr'><strong>XII.</strong></span> 
     </span>
    </p>
   </div>
   <div class='ocr_carea' id='block_1_71' title="bbox 559 4127 2068 4206">
    <p class='ocr_par' dir='ltr' id='par_1_71' title="bbox 559 4127 2068 4206">
     <span class='ocr_line' id='line_1_71' title="bbox 559 4127 2068 4206; baseline -0.007 -13"><span class='ocrx_word' id='word_1_576' title='bbox 559 4139 663 4206; x_wconf 86' lang='lat' dir='ltr'><strong>Qui</strong></span> <span class='ocrx_word' id='word_1_577' title='bbox 711 4137 876 4192; x_wconf 84' lang='lat' dir='ltr'><strong>bonus</strong></span> <span class='ocrx_word' id='word_1_578' title='bbox 925 4144 1032 4201; x_wconf 87' lang='lat' dir='ltr'><strong>est,</strong></span> <span class='ocrx_word' id='word_1_579' title='bbox 1084 4130 1600 4186; x_wconf 82' lang='lat' dir='ltr'><strong>ItnurietaDomino</strong></span> <span class='ocrx_word' id='word_1_580' title='bbox 1653 4129 1880 4202; x_wconf 84' lang='lat' dir='ltr'><strong>gratiam</strong></span> <span class='ocrx_word' id='word_1_581' title='bbox 1909 4145 1928 4184; x_wconf 91' lang='lat'><strong><em>:</em></strong></span> <span class='ocrx_word' id='word_1_582' title='bbox 1973 4127 2068 4202; x_wconf 86' lang='lat' dir='ltr'><strong>qui</strong></span> 
     </span>
    </p>
   </div>
   <div class='ocr_carea' id='block_1_72' title="bbox 487 4218 2057 4296">
    <p class='ocr_par' dir='ltr' id='par_1_72' title="bbox 487 4218 2057 4296">
     <span class='ocr_line' id='line_1_72' title="bbox 487 4218 2057 4296; baseline -0.005 -12"><span class='ocrx_word' id='word_1_583' title='bbox 487 4240 660 4284; x_wconf 85' lang='lat' dir='ltr'><strong>autem</strong></span> <span class='ocrx_word' id='word_1_584' title='bbox 697 4224 913 4296; x_wconf 79' lang='lat' dir='ltr'><strong>conﬁdit</strong></span> <span class='ocrx_word' id='word_1_585' title='bbox 950 4221 1350 4295; x_wconf 84' lang='lat' dir='ltr'><strong>cogitationibus</strong></span> <span class='ocrx_word' id='word_1_586' title='bbox 1388 4220 1500 4277; x_wconf 86' lang='lat' dir='ltr'><strong>suis</strong></span> <span class='ocrx_word' id='word_1_587' title='bbox 1523 4259 1541 4288; x_wconf 88' lang='lat'><strong>,</strong></span> <span class='ocrx_word' id='word_1_588' title='bbox 1574 4221 1736 4292; x_wconf 85' lang='lat' dir='ltr'><strong>impie</strong></span> <span class='ocrx_word' id='word_1_589' title='bbox 1764 4221 1896 4292; x_wconf 85' lang='lat' dir='ltr'><strong>agit.</strong></span> <span class='ocrx_word' id='word_1_590' title='bbox 1946 4218 2057 4277; x_wconf 81' lang='lat' dir='ltr'><strong>Bo-</strong></span> 
     </span>
    </p>
   </div>
   <div class='ocr_carea' id='block_1_73' title="bbox 486 4310 2065 4382">
    <p class='ocr_par' dir='ltr' id='par_1_73' title="bbox 486 4310 2065 4382">
     <span class='ocr_line' id='line_1_73' title="bbox 486 4310 2065 4382; baseline -0.003 -9"><span class='ocrx_word' id='word_1_591' title='bbox 486 4335 604 4374; x_wconf 87' lang='lat' dir='ltr'><strong>rum</strong></span> <span class='ocrx_word' id='word_1_592' title='bbox 633 4314 1022 4372; x_wconf 88' lang='lat' dir='ltr'><strong>versiculorum</strong></span> <span class='ocrx_word' id='word_1_593' title='bbox 1059 4311 1324 4368; x_wconf 77' lang='lat' dir='ltr'><strong>connexio</strong></span> <span class='ocrx_word' id='word_1_594' title='bbox 1355 4310 1480 4368; x_wconf 87' lang='lat' dir='ltr'><strong>talis</strong></span> <span class='ocrx_word' id='word_1_595' title='bbox 1507 4321 1621 4380; x_wconf 90' lang='lat' dir='ltr'><strong>est,</strong></span> <span class='ocrx_word' id='word_1_596' title='bbox 1651 4313 1745 4382; x_wconf 91' lang='lat' dir='ltr'><strong>qui</strong></span> <span class='ocrx_word' id='word_1_597' title='bbox 1775 4312 1952 4368; x_wconf 90' lang='lat' dir='ltr'><strong>bonus</strong></span> <span class='ocrx_word' id='word_1_598' title='bbox 1979 4319 2065 4368; x_wconf 88' lang='lat' dir='ltr'><strong>est</strong></span> 
     </span>
    </p>
   </div>
   <div class='ocr_carea' id='block_1_74' title="bbox 486 4405 2066 4479">
    <p class='ocr_par' dir='ltr' id='par_1_74' title="bbox 486 4405 2066 4479">
     <span class='ocr_line' id='line_1_74' title="bbox 486 4405 2066 4479; baseline -0.003 -15"><span class='ocrx_word' id='word_1_599' title='bbox 486 4426 592 4466; x_wconf 89' lang='lat' dir='ltr'><strong>non</strong></span> <span class='ocrx_word' id='word_1_600' title='bbox 635 4407 858 4464; x_wconf 82' lang='lat' dir='ltr'><strong>conlidit</strong></span> <span class='ocrx_word' id='word_1_601' title='bbox 902 4405 1320 4479; x_wconf 86' lang='lat' dir='ltr'><strong>cogitationibus</strong></span> <span class='ocrx_word' id='word_1_602' title='bbox 1357 4405 1499 4472; x_wconf 90' lang='lat' dir='ltr'><strong>suis,</strong></span> <span class='ocrx_word' id='word_1_603' title='bbox 1553 4405 1648 4462; x_wconf 90' lang='lat' dir='ltr'><strong>sed</strong></span> <span class='ocrx_word' id='word_1_604' title='bbox 1681 4406 1897 4462; x_wconf 86' lang='lat' dir='ltr'><strong>Domini</strong></span> <span class='ocrx_word' id='word_1_605' title='bbox 1939 4422 2066 4478; x_wconf 80' lang='lat' dir='ltr'><strong>gra-</strong></span> 
     </span>
    </p>
   </div>
   <div class='ocr_carea' id='block_1_75' title="bbox 2171 3226 3714 3307">
    <p class='ocr_par' dir='ltr' id='par_1_75' title="bbox 2171 3226 3714 3307">
     <span class='ocr_line' id='line_1_75' title="bbox 2171 3226 3714 3307; baseline -0.005 -17"><span class='ocrx_word' id='word_1_606' title='bbox 2171 3243 2474 3306; x_wconf 89' lang='lat' dir='ltr'><strong>tcmporum</strong></span> <span class='ocrx_word' id='word_1_607' title='bbox 2504 3233 2780 3306; x_wconf 86' lang='lat' dir='ltr'><strong>longitudo</strong></span> <span class='ocrx_word' id='word_1_608' title='bbox 2803 3235 3120 3304; x_wconf 83' lang='lat' dir='ltr'><strong>praevaluit,</strong></span> <span class='ocrx_word' id='word_1_609' title='bbox 3160 3243 3344 3307; x_wconf 88' lang='lat' dir='ltr'><strong>potest</strong></span> <span class='ocrx_word' id='word_1_610' title='bbox 3382 3243 3439 3290; x_wconf 88' lang='lat' dir='ltr'><strong>et</strong></span> <span class='ocrx_word' id='word_1_611' title='bbox 3474 3234 3544 3288; x_wconf 88' lang='lat' dir='ltr'><strong>ita</strong></span> <span class='ocrx_word' id='word_1_612' title='bbox 3579 3226 3714 3285; x_wconf 88' lang='lat' dir='ltr'><strong>intel-</strong></span> 
     </span>
    </p>
   </div>
   <div class='ocr_carea' id='block_1_76' title="bbox 2163 3322 3718 3399">
    <p class='ocr_par' dir='ltr' id='par_1_76' title="bbox 2163 3322 3718 3399">
     <span class='ocr_line' id='line_1_76' title="bbox 2163 3322 3718 3399; baseline -0.005 -15"><span class='ocrx_word' id='word_1_613' title='bbox 2163 3329 2253 3399; x_wconf 88' lang='lat' dir='ltr'><strong>ligi</strong></span> <span class='ocrx_word' id='word_1_614' title='bbox 2272 3371 2286 3394; x_wconf 91' lang='lat'><strong>,</strong></span> <span class='ocrx_word' id='word_1_615' title='bbox 2319 3338 2456 3384; x_wconf 84' lang='lat' dir='ltr'><strong>verte</strong></span> <span class='ocrx_word' id='word_1_616' title='bbox 2482 3329 2670 3399; x_wconf 88' lang='lat' dir='ltr'><strong>impios</strong></span> <span class='ocrx_word' id='word_1_617' title='bbox 2707 3337 2755 3383; x_wconf 89' lang='lat' dir='ltr'><strong>et</strong></span> <span class='ocrx_word' id='word_1_618' title='bbox 2793 3345 2901 3383; x_wconf 87' lang='lat' dir='ltr'><strong>non</strong></span> <span class='ocrx_word' id='word_1_619' title='bbox 2926 3338 3078 3384; x_wconf 87' lang='lat' dir='ltr'><strong>erunt</strong></span> <span class='ocrx_word' id='word_1_620' title='bbox 3097 3369 3114 3396; x_wconf 93' lang='lat'><strong>,</strong></span> <span class='ocrx_word' id='word_1_621' title='bbox 3146 3337 3411 3386; x_wconf 85' lang='lat' dir='ltr'><strong>converte</strong></span> <span class='ocrx_word' id='word_1_622' title='bbox 3436 3341 3526 3384; x_wconf 86' lang='lat' dir='ltr'><strong>eos</strong></span> <span class='ocrx_word' id='word_1_623' title='bbox 3551 3324 3613 3380; x_wconf 82' lang='lat' dir='ltr'><strong>ab</strong></span> <span class='ocrx_word' id='word_1_624' title='bbox 3637 3322 3718 3376; x_wconf 80' lang='lat' dir='ltr'><strong>im-</strong></span> 
     </span>
    </p>
   </div>
   <div class='ocr_carea' id='block_1_77' title="bbox 2162 3420 3716 3500">
    <p class='ocr_par' dir='ltr' id='par_1_77' title="bbox 2162 3420 3716 3500">
     <span class='ocr_line' id='line_1_77' title="bbox 2162 3420 3716 3500; baseline -0.005 -22"><span class='ocrx_word' id='word_1_625' title='bbox 2162 3424 2366 3492; x_wconf 90' lang='lat' dir='ltr'><strong>pietate</strong></span> <span class='ocrx_word' id='word_1_626' title='bbox 2398 3431 2454 3478; x_wconf 87' lang='lat' dir='ltr'><strong>et</strong></span> <span class='ocrx_word' id='word_1_627' title='bbox 2485 3437 2594 3500; x_wconf 81' lang='lat' dir='ltr'><strong>non</strong></span> <span class='ocrx_word' id='word_1_628' title='bbox 2631 3428 2793 3476; x_wconf 87' lang='lat' dir='ltr'><strong>erunt</strong></span> <span class='ocrx_word' id='word_1_629' title='bbox 2823 3420 2940 3489; x_wconf 89' lang='lat' dir='ltr'><strong>jam</strong></span> <span class='ocrx_word' id='word_1_630' title='bbox 2980 3421 3166 3491; x_wconf 88' lang='lat' dir='ltr'><strong>impii,</strong></span> <span class='ocrx_word' id='word_1_631' title='bbox 3200 3420 3298 3478; x_wconf 90' lang='lat' dir='ltr'><strong>sed</strong></span> <span class='ocrx_word' id='word_1_632' title='bbox 3322 3420 3488 3493; x_wconf 87' lang='lat' dir='ltr'><strong>iusti,</strong></span> <span class='ocrx_word' id='word_1_633' title='bbox 3517 3431 3608 3488; x_wconf 86' lang='lat' dir='ltr'><strong>pro</strong></span> <span class='ocrx_word' id='word_1_634' title='bbox 3631 3427 3716 3482; x_wconf 76' lang='lat' dir='ltr'><strong>qua</strong></span> 
     </span>
    </p>
   </div>
   <div class='ocr_carea' id='block_1_78' title="bbox 2164 3505 3718 3584">
    <p class='ocr_par' dir='ltr' id='par_1_78' title="bbox 2164 3505 3718 3584">
     <span class='ocr_line' id='line_1_78' title="bbox 2164 3505 3718 3584; baseline -0.008 -16"><span class='ocrx_word' id='word_1_635' title='bbox 2164 3513 2270 3569; x_wconf 89' lang='lat' dir='ltr'><strong>alia</strong></span> <span class='ocrx_word' id='word_1_636' title='bbox 2301 3513 2586 3570; x_wconf 88' lang='lat' dir='ltr'><strong>translatio</strong></span> <span class='ocrx_word' id='word_1_637' title='bbox 2615 3512 2745 3570; x_wconf 91' lang='lat' dir='ltr'><strong>dicit</strong></span> <span class='ocrx_word' id='word_1_638' title='bbox 2763 3553 2778 3579; x_wconf 95' lang='lat'><strong>,</strong></span> <span class='ocrx_word' id='word_1_639' title='bbox 2809 3529 3115 3584; x_wconf 84' lang='lat' dir='ltr'><strong>quocunque</strong></span> <span class='ocrx_word' id='word_1_640' title='bbox 3144 3529 3200 3569; x_wconf 82' lang='lat' dir='ltr'><strong>se</strong></span> <span class='ocrx_word' id='word_1_641' title='bbox 3224 3511 3474 3568; x_wconf 75' lang='lat' dir='ltr'><strong>convertit</strong></span> <span class='ocrx_word' id='word_1_642' title='bbox 3507 3505 3718 3564; x_wconf 81' lang='lat' dir='ltr'><strong>scelestus</strong></span> 
     </span>
    </p>
   </div>
   <div class='ocr_carea' id='block_1_79' title="bbox 2163 3599 3718 3665">
    <p class='ocr_par' dir='ltr' id='par_1_79' title="bbox 2163 3599 3718 3665">
     <span class='ocr_line' id='line_1_79' title="bbox 2163 3599 3718 3665; baseline -0.005 -7"><span class='ocrx_word' id='word_1_643' title='bbox 2163 3602 2616 3658; x_wconf 79' lang='lat' dir='ltr'><strong>exterminabitur.</strong></span> <span class='ocrx_word' id='word_1_644' title='bbox 2652 3601 2749 3658; x_wconf 86' lang='lat' dir='ltr'><strong>Cui</strong></span> <span class='ocrx_word' id='word_1_645' title='bbox 2777 3610 2966 3657; x_wconf 90' lang='lat' dir='ltr'><strong>contra</strong></span> <span class='ocrx_word' id='word_1_646' title='bbox 3009 3601 3076 3657; x_wconf 90' lang='lat' dir='ltr'><strong>de</strong></span> <span class='ocrx_word' id='word_1_647' title='bbox 3115 3602 3332 3658; x_wconf 86' lang='lat' dir='ltr'><strong>sanctis</strong></span> <span class='ocrx_word' id='word_1_648' title='bbox 3369 3599 3575 3662; x_wconf 89' lang='lat' dir='ltr'><strong>dicitur,</strong></span> <span class='ocrx_word' id='word_1_649' title='bbox 3612 3609 3718 3665; x_wconf 82' lang='lat' dir='ltr'><strong>quo-</strong></span> 
     </span>
    </p>
   </div>
   <div class='ocr_carea' id='block_1_80' title="bbox 2165 3689 3720 3768">
    <p class='ocr_par' dir='ltr' id='par_1_80' title="bbox 2165 3689 3720 3768">
     <span class='ocr_line' id='line_1_80' title="bbox 2165 3689 3720 3768; baseline -0.008 -17"><span class='ocrx_word' id='word_1_650' title='bbox 2165 3696 2307 3751; x_wconf 85' lang='lat' dir='ltr'><strong>niam</strong></span> <span class='ocrx_word' id='word_1_651' title='bbox 2334 3694 2668 3768; x_wconf 84' lang='lat' dir='ltr'><strong>diligentibus</strong></span> <span class='ocrx_word' id='word_1_652' title='bbox 2698 3694 2865 3750; x_wconf 89' lang='lat' dir='ltr'><strong>Deum</strong></span> <span class='ocrx_word' id='word_1_653' title='bbox 2891 3696 3066 3750; x_wconf 84' lang='lat' dir='ltr'><strong>omnia</strong></span> <span class='ocrx_word' id='word_1_654' title='bbox 3097 3705 3453 3767; x_wconf 83' lang='lat' dir='ltr'><strong>cooperantur</strong></span> <span class='ocrx_word' id='word_1_655' title='bbox 3477 3693 3532 3747; x_wconf 87' lang='lat' dir='ltr'><strong>in</strong></span> <span class='ocrx_word' id='word_1_656' title='bbox 3559 3689 3720 3745; x_wconf 81' lang='lat' dir='ltr'><strong>bonum</strong></span> 
     </span>
    </p>
   </div>
   <div class='ocr_carea' id='block_1_81' title="bbox 2164 3786 2552 3862">
    <p class='ocr_par' dir='ltr' id='par_1_81' title="bbox 2164 3786 2552 3862">
     <span class='ocr_line' id='line_1_81' title="bbox 2164 3786 2552 3862; baseline -0.003 -19"><span class='ocrx_word' id='word_1_657' title='bbox 2164 3788 2362 3862; x_wconf 85' lang='lat' dir='ltr'><strong>(Rom.</strong></span> <span class='ocrx_word' id='word_1_658' title='bbox 2391 3803 2490 3843; x_wconf 77' lang='lat' dir='ltr'><strong>vin</strong></span> <span class='ocrx_word' id='word_1_659' title='bbox 2513 3786 2552 3859; x_wconf 94' lang='lat'><strong>).</strong></span> 
     </span>
    </p>
   </div>
   <div class='ocr_carea' id='block_1_82' title="bbox 2241 3871 3720 3944">
    <p class='ocr_par' dir='ltr' id='par_1_82' title="bbox 2241 3871 3720 3944">
     <span class='ocr_line' id='line_1_82' title="bbox 2241 3871 3720 3944; baseline -0.007 -10"><span class='ocrx_word' id='word_1_660' title='bbox 2241 3879 2494 3934; x_wconf 82' lang='lat' dir='ltr'><strong>Doctrina</strong></span> <span class='ocrx_word' id='word_1_661' title='bbox 2523 3895 2621 3934; x_wconf 89' lang='lat' dir='ltr'><strong>sua</strong></span> <span class='ocrx_word' id='word_1_662' title='bbox 2651 3888 2892 3933; x_wconf 89' lang='lat' dir='ltr'><strong>nascetur</strong></span> <span class='ocrx_word' id='word_1_663' title='bbox 2919 3879 3020 3932; x_wconf 84' lang='lat' dir='ltr'><strong>uir.</strong></span> <span class='ocrx_word' id='word_1_664' title='bbox 3049 3879 3214 3935; x_wconf 78' lang='lat' dir='ltr'><strong>Viros</strong></span> <span class='ocrx_word' id='word_1_665' title='bbox 3239 3871 3446 3936; x_wconf 83' lang='lat' dir='ltr'><strong>vocare</strong></span> <span class='ocrx_word' id='word_1_666' title='bbox 3470 3873 3720 3944; x_wconf 84' lang='lat' dir='ltr'><strong>Scriptura</strong></span> 
     </span>
    </p>
   </div>
   <div class='ocr_carea' id='block_1_83' title="bbox 2165 3959 3720 4042">
    <p class='ocr_par' dir='ltr' id='par_1_83' title="bbox 2165 3959 3720 4042">
     <span class='ocr_line' id='line_1_83' title="bbox 2165 3959 3720 4042; baseline -0.01 -14"><span class='ocrx_word' id='word_1_667' title='bbox 2165 3971 2304 4028; x_wconf 79' lang='lat' dir='ltr'><strong>solet</strong></span> <span class='ocrx_word' id='word_1_668' title='bbox 2333 3986 2430 4027; x_wconf 87' lang='lat' dir='ltr'><strong>eos</strong></span> <span class='ocrx_word' id='word_1_669' title='bbox 2461 3971 2556 4042; x_wconf 89' lang='lat' dir='ltr'><strong>qui</strong></span> <span class='ocrx_word' id='word_1_670' title='bbox 2591 3969 2883 4025; x_wconf 86' lang='lat' dir='ltr'><strong>virtutibus</strong></span> <span class='ocrx_word' id='word_1_671' title='bbox 2917 3978 3046 4024; x_wconf 89' lang='lat' dir='ltr'><strong>sunt</strong></span> <span class='ocrx_word' id='word_1_672' title='bbox 3077 3969 3298 4040; x_wconf 79' lang='lat' dir='ltr'><strong>przediti</strong></span> <span class='ocrx_word' id='word_1_673' title='bbox 3333 3967 3548 4024; x_wconf 89' lang='lat' dir='ltr'><strong>divinis.</strong></span> <span class='ocrx_word' id='word_1_674' title='bbox 3595 3959 3720 4018; x_wconf 83' lang='lat' dir='ltr'><strong>Unde</strong></span> 
     </span>
    </p>
   </div>
   <div class='ocr_carea' id='block_1_84' title="bbox 2167 4043 3717 4132">
    <p class='ocr_par' dir='ltr' id='par_1_84' title="bbox 2167 4043 3717 4132">
     <span class='ocr_line' id='line_1_84' title="bbox 2167 4043 3717 4132; baseline -0.007 -16"><span class='ocrx_word' id='word_1_675' title='bbox 2167 4061 2494 4132; x_wconf 74' lang='lat' dir='ltr'><strong>Apostolus:</strong></span> <span class='ocrx_word' id='word_1_676' title='bbox 2537 4059 2794 4132; x_wconf 84' lang='lat' dir='ltr'><strong>Vigilate,</strong></span> <span class='ocrx_word' id='word_1_677' title='bbox 2838 4068 2972 4114; x_wconf 85' lang='lat' dir='ltr'><strong>state</strong></span> <span class='ocrx_word' id='word_1_678' title='bbox 3000 4059 3054 4114; x_wconf 85' lang='lat' dir='ltr'><strong>in</strong></span> <span class='ocrx_word' id='word_1_679' title='bbox 3079 4058 3221 4128; x_wconf 79' lang='lat' dir='ltr'><strong>ﬁde,</strong></span> <span class='ocrx_word' id='word_1_680' title='bbox 3256 4056 3478 4114; x_wconf 78' lang='lat' dir='ltr'><strong>viriliter</strong></span> <span class='ocrx_word' id='word_1_681' title='bbox 3516 4053 3639 4125; x_wconf 85' lang='lat' dir='ltr'><strong>agite</strong></span> <span class='ocrx_word' id='word_1_682' title='bbox 3663 4043 3717 4120; x_wconf 78' lang='lat'><strong>(1</strong></span> 
     </span>
    </p>
   </div>
   <div class='ocr_carea' id='block_1_85' title="bbox 2165 4149 3725 4227">
    <p class='ocr_par' dir='ltr' id='par_1_85' title="bbox 2165 4149 3725 4227">
     <span class='ocr_line' id='line_1_85' title="bbox 2165 4149 3725 4227; baseline -0.01 -18"><span class='ocrx_word' id='word_1_683' title='bbox 2165 4155 2291 4210; x_wconf 88' lang='lat' dir='ltr'><strong>Cor.</strong></span> <span class='ocrx_word' id='word_1_684' title='bbox 2321 4151 2474 4227; x_wconf 77' lang='lat' dir='ltr'><strong>xvi).</strong></span> <span class='ocrx_word' id='word_1_685' title='bbox 2519 4151 2773 4208; x_wconf 87' lang='lat' dir='ltr'><strong>Doctrina</strong></span> <span class='ocrx_word' id='word_1_686' title='bbox 2811 4165 2941 4223; x_wconf 90' lang='lat' dir='ltr'><strong>ergo</strong></span> <span class='ocrx_word' id='word_1_687' title='bbox 2979 4166 3078 4206; x_wconf 90' lang='lat' dir='ltr'><strong>sua</strong></span> <span class='ocrx_word' id='word_1_688' title='bbox 3123 4151 3366 4222; x_wconf 88' lang='lat' dir='ltr'><strong>quisque</strong></span> <span class='ocrx_word' id='word_1_689' title='bbox 3391 4149 3474 4203; x_wconf 90' lang='lat' dir='ltr'><strong>vir</strong></span> <span class='ocrx_word' id='word_1_690' title='bbox 3499 4157 3612 4200; x_wconf 87' lang='lat' dir='ltr'><strong>esse</strong></span> <span class='ocrx_word' id='word_1_691' title='bbox 3646 4152 3725 4194; x_wconf 88' lang='lat' dir='ltr'><strong>no-</strong></span> 
     </span>
    </p>
   </div>
   <div class='ocr_carea' id='block_1_86' title="bbox 2167 4231 3722 4312">
    <p class='ocr_par' dir='ltr' id='par_1_86' title="bbox 2167 4231 3722 4312">
     <span class='ocr_line' id='line_1_86' title="bbox 2167 4231 3722 4312; baseline -0.011 -11"><span class='ocrx_word' id='word_1_692' title='bbox 2167 4253 2370 4301; x_wconf 90' lang='lat' dir='ltr'><strong>scetur.</strong></span> <span class='ocrx_word' id='word_1_693' title='bbox 2416 4243 2552 4312; x_wconf 86' lang='lat' dir='ltr'><strong>Quia</strong></span> <span class='ocrx_word' id='word_1_694' title='bbox 2590 4241 2638 4298; x_wconf 89' lang='lat' dir='ltr'><strong>si</strong></span> <span class='ocrx_word' id='word_1_695' title='bbox 2675 4251 2732 4298; x_wconf 90' lang='lat' dir='ltr'><strong>et</strong></span> <span class='ocrx_word' id='word_1_696' title='bbox 2763 4249 2916 4298; x_wconf 86' lang='lat' dir='ltr'><strong>recta</strong></span> <span class='ocrx_word' id='word_1_697' title='bbox 2943 4241 3104 4299; x_wconf 67' lang='lat' dir='ltr'><strong>dowt</strong></span> <span class='ocrx_word' id='word_1_698' title='bbox 3129 4249 3190 4298; x_wconf 90' lang='lat' dir='ltr'><strong>et</strong></span> <span class='ocrx_word' id='word_1_699' title='bbox 3219 4241 3342 4297; x_wconf 76' lang='lat' dir='ltr'><strong>luec</strong></span> <span class='ocrx_word' id='word_1_700' title='bbox 3367 4236 3614 4310; x_wconf 85' lang='lat' dir='ltr'><strong>operibus</strong></span> <span class='ocrx_word' id='word_1_701' title='bbox 3638 4231 3722 4286; x_wconf 79' lang='lat' dir='ltr'><strong>itu-</strong></span> 
     </span>
    </p>
   </div>
   <div class='ocr_carea' id='block_1_87' title="bbox 2165 4332 3032 4405">
    <p class='ocr_par' dir='ltr' id='par_1_87' title="bbox 2165 4332 3032 4405">
     <span class='ocr_line' id='line_1_87' title="bbox 2165 4332 3032 4405; baseline -0.001 -17"><span class='ocrx_word' id='word_1_702' title='bbox 2165 4333 2312 4405; x_wconf 88' lang='lat' dir='ltr'><strong>plet,</strong></span> <span class='ocrx_word' id='word_1_703' title='bbox 2343 4342 2564 4389; x_wconf 88' lang='lat' dir='ltr'><strong>sanctus</strong></span> <span class='ocrx_word' id='word_1_704' title='bbox 2591 4346 2712 4388; x_wconf 90' lang='lat' dir='ltr'><strong>esse</strong></span> <span class='ocrx_word' id='word_1_705' title='bbox 2741 4332 3032 4405; x_wconf 87' lang='lat' dir='ltr'><strong>colligitur.</strong></span> 
     </span>
    </p>
   </div>
   <div class='ocr_carea' id='block_1_88' title="bbox 2243 4419 3727 4494">
    <p class='ocr_par' dir='ltr' id='par_1_88' title="bbox 2243 4419 3727 4494">
     <span class='ocr_line' id='line_1_88' title="bbox 2243 4419 3727 4494; baseline -0.009 -14"><span class='ocrx_word' id='word_1_706' title='bbox 2243 4422 2356 4490; x_wconf 85' lang='lat' dir='ltr'><strong>Qui</strong></span> <span class='ocrx_word' id='word_1_707' title='bbox 2391 4433 2566 4478; x_wconf 89' lang='lat' dir='ltr'><strong>autem</strong></span> <span class='ocrx_word' id='word_1_708' title='bbox 2607 4439 2774 4478; x_wconf 80' lang='lat' dir='ltr'><strong>vanus</strong></span> <span class='ocrx_word' id='word_1_709' title='bbox 2823 4432 2872 4478; x_wconf 91' lang='lat' dir='ltr'><strong>et</strong></span> <span class='ocrx_word' id='word_1_710' title='bbox 2918 4438 3101 4478; x_wconf 67' lang='lat' dir='ltr'><strong>excors</strong></span> <span class='ocrx_word' id='word_1_711' title='bbox 3157 4432 3236 4478; x_wconf 87' lang='lat' dir='ltr'><strong>est</strong></span> <span class='ocrx_word' id='word_1_712' title='bbox 3289 4419 3486 4494; x_wconf 86' lang='lat' dir='ltr'><strong>patebit</strong></span> <span class='ocrx_word' id='word_1_713' title='bbox 3533 4422 3727 4470; x_wconf 76' lang='lat' dir='ltr'><strong>contem-</strong></span> 
     </span>
    </p>
   </div>
   <div class='ocr_carea' id='block_1_89' title="bbox 489 4485 2064 4588">
    <p class='ocr_par' dir='ltr' id='par_1_89' title="bbox 489 4496 2063 4568">
     <span class='ocr_line' id='line_1_89' title="bbox 489 4496 2063 4568; baseline -0.001 -13"><span class='ocrx_word' id='word_1_714' title='bbox 489 4502 614 4555; x_wconf 87' lang='lat' dir='ltr'><strong>tiam</strong></span> <span class='ocrx_word' id='word_1_715' title='bbox 660 4499 881 4568; x_wconf 73' lang='lat' dir='ltr'><strong>quterit,</strong></span> <span class='ocrx_word' id='word_1_716' title='bbox 929 4513 993 4554; x_wconf 91' lang='lat' dir='ltr'><strong>ac</strong></span> <span class='ocrx_word' id='word_1_717' title='bbox 1037 4511 1136 4568; x_wconf 86' lang='lat' dir='ltr'><strong>per</strong></span> <span class='ocrx_word' id='word_1_718' title='bbox 1182 4496 1328 4552; x_wconf 87' lang='lat' dir='ltr'><strong>illam</strong></span> <span class='ocrx_word' id='word_1_719' title='bbox 1375 4496 1602 4568; x_wconf 89' lang='lat' dir='ltr'><strong>accipit,</strong></span> <span class='ocrx_word' id='word_1_720' title='bbox 1651 4505 1714 4552; x_wconf 91' lang='lat' dir='ltr'><strong>ut</strong></span> <span class='ocrx_word' id='word_1_721' title='bbox 1754 4498 1842 4568; x_wconf 90' lang='lat' dir='ltr'><strong>pie</strong></span> <span class='ocrx_word' id='word_1_722' title='bbox 1880 4497 2063 4554; x_wconf 87' lang='lat' dir='ltr'><strong>vivere</strong></span> 
     </span>
    </p>
   </div>
   <div class='ocr_carea' id='block_1_90' title="bbox 2172 4485 3728 4588">
    <p class='ocr_par' dir='ltr' id='par_1_90' title="bbox 2172 4485 3728 4588">
     <span class='ocr_line' id='line_1_90' title="bbox 2172 4485 3728 4588; baseline -0.009 -16"><span class='ocrx_word' id='word_1_723' title='bbox 2172 4485 2302 4588; x_wconf 82' lang='lat' dir='ltr'><strong>ptui.</strong></span> <span class='ocrx_word' id='word_1_724' title='bbox 2350 4515 2488 4584; x_wconf 84' lang='lat' dir='ltr'><strong>Quia</strong></span> <span class='ocrx_word' id='word_1_725' title='bbox 2530 4515 2738 4572; x_wconf 90' lang='lat' dir='ltr'><strong>scilicet</strong></span> <span class='ocrx_word' id='word_1_726' title='bbox 2777 4516 2893 4587; x_wconf 90' lang='lat' dir='ltr'><strong>ipse</strong></span> <span class='ocrx_word' id='word_1_727' title='bbox 2938 4514 3114 4570; x_wconf 90' lang='lat' dir='ltr'><strong>virilis</strong></span> <span class='ocrx_word' id='word_1_728' title='bbox 3159 4485 3338 4570; x_wconf 77' lang='lat' dir='ltr'><strong>animi</strong></span> <span class='ocrx_word' id='word_1_729' title='bbox 3385 4508 3728 4569; x_wconf 78' lang='lat' dir='ltr'><strong>fortitudinem</strong></span> 
     </span>
    </p>
   </div>
   <div class='ocr_carea' id='block_1_91' title="bbox 483 4589 2062 4662">
    <p class='ocr_par' dir='ltr' id='par_1_91' title="bbox 483 4589 2062 4662">
     <span class='ocr_line' id='line_1_91' title="bbox 483 4589 2062 4662; baseline -0.001 -16"><span class='ocrx_word' id='word_1_730' title='bbox 483 4591 685 4662; x_wconf 73' lang='lat' dir='ltr'><strong>possit,</strong></span> <span class='ocrx_word' id='word_1_731' title='bbox 713 4592 804 4662; x_wconf 92' lang='lat' dir='ltr'><strong>qui</strong></span> <span class='ocrx_word' id='word_1_732' title='bbox 835 4598 1015 4646; x_wconf 84' lang='lat' dir='ltr'><strong>autem</strong></span> <span class='ocrx_word' id='word_1_733' title='bbox 1047 4589 1470 4661; x_wconf 85' lang='lat' dir='ltr'><strong>cogitationibus</strong></span> <span class='ocrx_word' id='word_1_734' title='bbox 1497 4590 1610 4646; x_wconf 92' lang='lat' dir='ltr'><strong>suis</strong></span> <span class='ocrx_word' id='word_1_735' title='bbox 1637 4590 1859 4646; x_wconf 85' lang='lat' dir='ltr'><strong>conﬁdit</strong></span> <span class='ocrx_word' id='word_1_736' title='bbox 1886 4591 2062 4648; x_wconf 89' lang='lat' dir='ltr'><strong>bonus</strong></span> 
     </span>
    </p>
   </div>
   <div class='ocr_carea' id='block_1_92' title="bbox 483 4679 2062 4752">
    <p class='ocr_par' dir='ltr' id='par_1_92' title="bbox 483 4679 2062 4752">
     <span class='ocr_line' id='line_1_92' title="bbox 483 4679 2062 4752; baseline -0.001 -14"><span class='ocrx_word' id='word_1_737' title='bbox 483 4697 604 4738; x_wconf 85' lang='lat' dir='ltr'><strong>esse</strong></span> <span class='ocrx_word' id='word_1_738' title='bbox 637 4681 843 4752; x_wconf 89' lang='lat' dir='ltr'><strong>nequit.</strong></span> <span class='ocrx_word' id='word_1_739' title='bbox 876 4679 1012 4734; x_wconf 88' lang='lat' dir='ltr'><strong>Nam</strong></span> <span class='ocrx_word' id='word_1_740' title='bbox 1042 4679 1133 4749; x_wconf 86' lang='lat' dir='ltr'><strong>qui</strong></span> <span class='ocrx_word' id='word_1_741' title='bbox 1163 4679 1394 4750; x_wconf 89' lang='lat' dir='ltr'><strong>gratiam</strong></span> <span class='ocrx_word' id='word_1_742' title='bbox 1424 4679 1645 4750; x_wconf 86' lang='lat' dir='ltr'><strong>superni</strong></span> <span class='ocrx_word' id='word_1_743' title='bbox 1673 4679 1936 4750; x_wconf 92' lang='lat' dir='ltr'><strong>adiutoris</strong></span> <span class='ocrx_word' id='word_1_744' title='bbox 1963 4696 2062 4752; x_wconf 89' lang='lat' dir='ltr'><strong>pc-</strong></span> 
     </span>
    </p>
   </div>
   <div class='ocr_carea' id='block_1_93' title="bbox 485 4769 1915 4840">
    <p class='ocr_par' dir='ltr' id='par_1_93' title="bbox 485 4769 1915 4840">
     <span class='ocr_line' id='line_1_93' title="bbox 485 4769 1915 4840; baseline -0.003 -12"><span class='ocrx_word' id='word_1_745' title='bbox 485 4783 598 4828; x_wconf 85' lang='lat' dir='ltr'><strong>terc</strong></span> <span class='ocrx_word' id='word_1_746' title='bbox 630 4788 735 4826; x_wconf 91' lang='lat' dir='ltr'><strong>non</strong></span> <span class='ocrx_word' id='word_1_747' title='bbox 764 4776 950 4835; x_wconf 90' lang='lat' dir='ltr'><strong>curat,</strong></span> <span class='ocrx_word' id='word_1_748' title='bbox 983 4771 1176 4825; x_wconf 89' lang='lat' dir='ltr'><strong>merito</strong></span> <span class='ocrx_word' id='word_1_749' title='bbox 1205 4769 1367 4839; x_wconf 90' lang='lat' dir='ltr'><strong>impia</strong></span> <span class='ocrx_word' id='word_1_750' title='bbox 1397 4771 1610 4824; x_wconf 89' lang='lat' dir='ltr'><strong>actione</strong></span> <span class='ocrx_word' id='word_1_751' title='bbox 1638 4769 1915 4840; x_wconf 88' lang='lat' dir='ltr'><strong>perdurat.</strong></span> 
     </span>
    </p>
   </div>
   <div class='ocr_carea' id='block_1_94' title="bbox 557 4858 2062 4932">
    <p class='ocr_par' dir='ltr' id='par_1_94' title="bbox 557 4858 2062 4932">
     <span class='ocr_line' id='line_1_94' title="bbox 557 4858 2062 4932; baseline 0.001 -16"><span class='ocrx_word' id='word_1_752' title='bbox 557 4860 754 4916; x_wconf 78' lang='lat' dir='ltr'><strong>Mulier</strong></span> <span class='ocrx_word' id='word_1_753' title='bbox 793 4858 1049 4930; x_wconf 78' lang='lat' dir='ltr'><strong>diligens,</strong></span> <span class='ocrx_word' id='word_1_754' title='bbox 1084 4873 1280 4912; x_wconf 84' lang='lat' dir='ltr'><strong>corona</strong></span> <span class='ocrx_word' id='word_1_755' title='bbox 1318 4866 1392 4912; x_wconf 88' lang='lat' dir='ltr'><strong>est</strong></span> <span class='ocrx_word' id='word_1_756' title='bbox 1432 4859 1544 4912; x_wconf 78' lang='lat' dir='ltr'><strong>viro</strong></span> <span class='ocrx_word' id='word_1_757' title='bbox 1579 4875 1676 4914; x_wconf 87' lang='lat' dir='ltr'><strong>suo</strong></span> <span class='ocrx_word' id='word_1_758' title='bbox 1703 4874 1722 4912; x_wconf 89' lang='lat'><strong><em>:</em></strong></span> <span class='ocrx_word' id='word_1_759' title='bbox 1760 4870 1808 4916; x_wconf 89' lang='lat' dir='ltr'><strong>et</strong></span> <span class='ocrx_word' id='word_1_760' title='bbox 1841 4862 2062 4932; x_wconf 88' lang='lat' dir='ltr'><strong>putredo</strong></span> 
     </span>
    </p>
   </div>
   <div class='ocr_carea' id='block_1_95' title="bbox 481 4947 2060 5025">
    <p class='ocr_par' dir='ltr' id='par_1_95' title="bbox 481 4947 2060 5025">
     <span class='ocr_line' id='line_1_95' title="bbox 481 4947 2060 5025; baseline 0.001 -17"><span class='ocrx_word' id='word_1_761' title='bbox 481 4955 536 5008; x_wconf 88' lang='lat' dir='ltr'><strong>in</strong></span> <span class='ocrx_word' id='word_1_762' title='bbox 584 4951 786 5008; x_wconf 84' lang='lat' dir='ltr'><strong>ossibus</strong></span> <span class='ocrx_word' id='word_1_763' title='bbox 836 4948 950 5019; x_wconf 77' lang='lat' dir='ltr'><strong>eius</strong></span> <span class='ocrx_word' id='word_1_764' title='bbox 977 4988 993 5015; x_wconf 96' lang='lat'><strong>,</strong></span> <span class='ocrx_word' id='word_1_765' title='bbox 1039 4964 1158 5020; x_wconf 74' lang='lat' dir='ltr'><strong>qua:</strong></span> <span class='ocrx_word' id='word_1_766' title='bbox 1199 4947 1504 5019; x_wconf 57' lang='lat' dir='ltr'><strong>confusione</strong></span> <span class='ocrx_word' id='word_1_767' title='bbox 1551 4967 1632 5006; x_wconf 86' lang='lat' dir='ltr'><strong>res</strong></span> <span class='ocrx_word' id='word_1_768' title='bbox 1674 4952 1863 5024; x_wconf 86' lang='lat' dir='ltr'><strong>dignas</strong></span> <span class='ocrx_word' id='word_1_769' title='bbox 1908 4955 2060 5025; x_wconf 87' lang='lat' dir='ltr'><strong>gerit.</strong></span> 
     </span>
    </p>
   </div>
   <div class='ocr_carea' id='block_1_96' title="bbox 481 5044 2062 5114">
    <p class='ocr_par' dir='ltr' id='par_1_96' title="bbox 481 5044 2062 5114">
     <span class='ocr_line' id='line_1_96' title="bbox 481 5044 2062 5114; baseline 0 -11"><span class='ocrx_word' id='word_1_770' title='bbox 481 5047 866 5107; x_wconf 70' lang='lat' dir='ltr'><strong>Paterlitterte</strong></span> <span class='ocrx_word' id='word_1_771' title='bbox 894 5060 1086 5101; x_wconf 88' lang='lat' dir='ltr'><strong>sensus</strong></span> <span class='ocrx_word' id='word_1_772' title='bbox 1104 5085 1120 5110; x_wconf 92' lang='lat'><strong>,</strong></span> <span class='ocrx_word' id='word_1_773' title='bbox 1149 5044 1278 5114; x_wconf 89' lang='lat' dir='ltr'><strong>quia</strong></span> <span class='ocrx_word' id='word_1_774' title='bbox 1305 5045 1498 5101; x_wconf 88' lang='lat' dir='ltr'><strong>mulier</strong></span> <span class='ocrx_word' id='word_1_775' title='bbox 1523 5046 1664 5102; x_wconf 89' lang='lat' dir='ltr'><strong>bona</strong></span> <span class='ocrx_word' id='word_1_776' title='bbox 1692 5055 1750 5102; x_wconf 90' lang='lat' dir='ltr'><strong>et</strong></span> <span class='ocrx_word' id='word_1_777' title='bbox 1774 5057 1927 5104; x_wconf 89' lang='lat' dir='ltr'><strong>casta</strong></span> <span class='ocrx_word' id='word_1_778' title='bbox 1965 5049 2062 5104; x_wconf 87' lang='lat' dir='ltr'><strong>bo-</strong></span> 
     </span>
    </p>
   </div>
   <div class='ocr_carea' id='block_1_97' title="bbox 481 5136 2061 5210">
    <p class='ocr_par' dir='ltr' id='par_1_97' title="bbox 481 5136 2061 5210">
     <span class='ocr_line' id='line_1_97' title="bbox 481 5136 2061 5210; baseline 0.001 -14"><span class='ocrx_word' id='word_1_779' title='bbox 481 5156 671 5198; x_wconf 89' lang='lat' dir='ltr'><strong>uorem</strong></span> <span class='ocrx_word' id='word_1_780' title='bbox 710 5140 829 5195; x_wconf 89' lang='lat' dir='ltr'><strong>viro</strong></span> <span class='ocrx_word' id='word_1_781' title='bbox 855 5153 955 5195; x_wconf 88' lang='lat' dir='ltr'><strong>suo</strong></span> <span class='ocrx_word' id='word_1_782' title='bbox 983 5137 1208 5209; x_wconf 68' lang='lat' dir='ltr'><strong>praebet.</strong></span> <span class='ocrx_word' id='word_1_783' title='bbox 1237 5136 1294 5192; x_wconf 92' lang='lat' dir='ltr'><strong>In</strong></span> <span class='ocrx_word' id='word_1_784' title='bbox 1321 5138 1604 5205; x_wconf 77' lang='lat' dir='ltr'><strong>erunibus,</strong></span> <span class='ocrx_word' id='word_1_785' title='bbox 1637 5138 1858 5210; x_wconf 90' lang='lat' dir='ltr'><strong>eiusque</strong></span> <span class='ocrx_word' id='word_1_786' title='bbox 1886 5143 2061 5198; x_wconf 89' lang='lat' dir='ltr'><strong>virtu-</strong></span> 
     </span>
    </p>
   </div>
   <div class='ocr_carea' id='block_1_98' title="bbox 481 5228 2066 5303">
    <p class='ocr_par' dir='ltr' id='par_1_98' title="bbox 481 5228 2066 5303">
     <span class='ocr_line' id='line_1_98' title="bbox 481 5228 2066 5303; baseline 0.003 -18"><span class='ocrx_word' id='word_1_787' title='bbox 481 5229 626 5287; x_wconf 76' lang='lat' dir='ltr'><strong>tib‘us</strong></span> <span class='ocrx_word' id='word_1_788' title='bbox 659 5229 774 5300; x_wconf 90' lang='lat' dir='ltr'><strong>ipsa</strong></span> <span class='ocrx_word' id='word_1_789' title='bbox 801 5228 1021 5284; x_wconf 89' lang='lat' dir='ltr'><strong>domum</strong></span> <span class='ocrx_word' id='word_1_790' title='bbox 1047 5228 1188 5283; x_wconf 87' lang='lat' dir='ltr'><strong>bene</strong></span> <span class='ocrx_word' id='word_1_791' title='bbox 1219 5243 1442 5298; x_wconf 87' lang='lat' dir='ltr'><strong>regens,</strong></span> <span class='ocrx_word' id='word_1_792' title='bbox 1472 5230 1625 5301; x_wconf 91' lang='lat' dir='ltr'><strong>quasi</strong></span> <span class='ocrx_word' id='word_1_793' title='bbox 1654 5233 1882 5303; x_wconf 83' lang='lat' dir='ltr'><strong>gratiam</strong></span> <span class='ocrx_word' id='word_1_794' title='bbox 1915 5235 2066 5290; x_wconf 88' lang='lat' dir='ltr'><strong>addit</strong></span> 
     </span>
    </p>
   </div>
   <div class='ocr_carea' id='block_1_99' title="bbox 482 5319 2062 5396">
    <p class='ocr_par' dir='ltr' id='par_1_99' title="bbox 482 5319 2062 5396">
     <span class='ocr_line' id='line_1_99' title="bbox 482 5319 2062 5396; baseline 0.004 -22"><span class='ocrx_word' id='word_1_795' title='bbox 482 5335 696 5375; x_wconf 67' lang='lat' dir='ltr'><strong>coronae</strong></span> <span class='ocrx_word' id='word_1_796' title='bbox 725 5337 738 5373; x_wconf 91' lang='lat'>:</span> <span class='ocrx_word' id='word_1_797' title='bbox 773 5327 831 5374; x_wconf 91' lang='lat' dir='ltr'><strong>at</strong></span> <span class='ocrx_word' id='word_1_798' title='bbox 870 5335 1000 5376; x_wconf 90' lang='lat' dir='ltr'><strong>vero</strong></span> <span class='ocrx_word' id='word_1_799' title='bbox 1039 5319 1314 5389; x_wconf 89' lang='lat' dir='ltr'><strong>adultera,</strong></span> <span class='ocrx_word' id='word_1_800' title='bbox 1355 5328 1409 5376; x_wconf 90' lang='lat' dir='ltr'><strong>et</strong></span> <span class='ocrx_word' id='word_1_801' title='bbox 1439 5321 1484 5377; x_wconf 91' lang='lat' dir='ltr'><strong>si</strong></span> <span class='ocrx_word' id='word_1_802' title='bbox 1533 5321 1664 5380; x_wconf 81' lang='lat' dir='ltr'><strong>foris</strong></span> <span class='ocrx_word' id='word_1_803' title='bbox 1694 5325 1938 5396; x_wconf 89' lang='lat' dir='ltr'><strong>speciosa</strong></span> <span class='ocrx_word' id='word_1_804' title='bbox 1968 5341 2062 5396; x_wconf 85' lang='lat' dir='ltr'><strong>pa-</strong></span> 
     </span>
    </p>
   </div>
   <div class='ocr_carea' id='block_1_100' title="bbox 483 5410 2060 5494">
    <p class='ocr_par' dir='ltr' id='par_1_100' title="bbox 483 5410 2060 5494">
     <span class='ocr_line' id='line_1_100' title="bbox 483 5410 2060 5494; baseline 0.008 -30"><span class='ocrx_word' id='word_1_805' title='bbox 483 5418 596 5477; x_wconf 87' lang='lat' dir='ltr'><strong>ret,</strong></span> <span class='ocrx_word' id='word_1_806' title='bbox 635 5411 783 5467; x_wconf 87' lang='lat' dir='ltr'><strong>intus</strong></span> <span class='ocrx_word' id='word_1_807' title='bbox 817 5410 988 5468; x_wconf 79' lang='lat' dir='ltr'><strong>fetore</strong></span> <span class='ocrx_word' id='word_1_808' title='bbox 1027 5412 1256 5468; x_wconf 68' lang='lat' dir='ltr'><strong>luxuriae</strong></span> <span class='ocrx_word' id='word_1_809' title='bbox 1304 5427 1400 5468; x_wconf 89' lang='lat' dir='ltr'><strong>sua</strong></span> <span class='ocrx_word' id='word_1_810' title='bbox 1436 5417 1678 5494; x_wconf 82' lang='lat' dir='ltr'><strong>membra</strong></span> <span class='ocrx_word' id='word_1_811' title='bbox 1711 5419 2060 5490; x_wconf 90' lang='lat' dir='ltr'><strong>coinquinat,</strong></span> 
     </span>
    </p>
   </div>
   <div class='ocr_carea' id='block_1_101' title="bbox 481 5501 2059 5573">
    <p class='ocr_par' dir='ltr' id='par_1_101' title="bbox 481 5501 2059 5573">
     <span class='ocr_line' id='line_1_101' title="bbox 481 5501 2059 5573; baseline 0.009 -18"><span class='ocrx_word' id='word_1_812' title='bbox 481 5517 672 5557; x_wconf 88' lang='lat' dir='ltr'><strong>verum</strong></span> <span class='ocrx_word' id='word_1_813' title='bbox 721 5501 1038 5573; x_wconf 82' lang='lat' dir='ltr'><strong>spiritaliter</strong></span> <span class='ocrx_word' id='word_1_814' title='bbox 1093 5503 1337 5561; x_wconf 84' lang='lat' dir='ltr'><strong>Ecclesia</strong></span> <span class='ocrx_word' id='word_1_815' title='bbox 1387 5522 1646 5564; x_wconf 86' lang='lat' dir='ltr'><strong>coronam</strong></span> <span class='ocrx_word' id='word_1_816' title='bbox 1697 5511 1897 5568; x_wconf 88' lang='lat' dir='ltr'><strong>Christi</strong></span> <span class='ocrx_word' id='word_1_817' title='bbox 1951 5529 2059 5569; x_wconf 88' lang='lat' dir='ltr'><strong>non</strong></span> 
     </span>
    </p>
   </div>
   <div class='ocr_carea' id='block_1_102' title="bbox 484 5591 2063 5675">
    <p class='ocr_par' dir='ltr' id='par_1_102' title="bbox 484 5591 2063 5675">
     <span class='ocr_line' id='line_1_102' title="bbox 484 5591 2063 5675; baseline 0.011 -31"><span class='ocrx_word' id='word_1_818' title='bbox 484 5591 642 5646; x_wconf 87' lang='lat' dir='ltr'><strong>aliam</strong></span> <span class='ocrx_word' id='word_1_819' title='bbox 673 5609 833 5662; x_wconf 85' lang='lat' dir='ltr'><strong>quam</strong></span> <span class='ocrx_word' id='word_1_820' title='bbox 865 5599 1096 5666; x_wconf 87' lang='lat' dir='ltr'><strong>seipsam</strong></span> <span class='ocrx_word' id='word_1_821' title='bbox 1126 5597 1302 5656; x_wconf 82' lang='lat' dir='ltr'><strong>oll&#39;ert.</strong></span> <span class='ocrx_word' id='word_1_822' title='bbox 1332 5599 1533 5658; x_wconf 90' lang='lat' dir='ltr'><strong>Omnes</strong></span> <span class='ocrx_word' id='word_1_823' title='bbox 1561 5601 1707 5660; x_wconf 87' lang='lat' dir='ltr'><strong>enim</strong></span> <span class='ocrx_word' id='word_1_824' title='bbox 1737 5605 1828 5675; x_wconf 89' lang='lat' dir='ltr'><strong>qui</strong></span> <span class='ocrx_word' id='word_1_825' title='bbox 1860 5606 1912 5660; x_wconf 91' lang='lat' dir='ltr'><strong>in</strong></span> <span class='ocrx_word' id='word_1_826' title='bbox 1955 5611 2063 5662; x_wconf 91' lang='lat' dir='ltr'><strong>cir-</strong></span> 
     </span>
    </p>
   </div>
   <div class='ocr_carea' id='block_1_103' title="bbox 484 5681 2060 5761">
    <p class='ocr_par' dir='ltr' id='par_1_103' title="bbox 484 5681 2060 5761">
     <span class='ocr_line' id='line_1_103' title="bbox 484 5681 2060 5761; baseline 0.015 -26"><span class='ocrx_word' id='word_1_827' title='bbox 484 5681 629 5737; x_wconf 89' lang='lat' dir='ltr'><strong>cuitu</strong></span> <span class='ocrx_word' id='word_1_828' title='bbox 661 5681 778 5752; x_wconf 83' lang='lat' dir='ltr'><strong>cius</strong></span> <span class='ocrx_word' id='word_1_829' title='bbox 806 5695 931 5740; x_wconf 87' lang='lat' dir='ltr'><strong>sunt</strong></span> <span class='ocrx_word' id='word_1_830' title='bbox 957 5687 1185 5744; x_wconf 85' lang='lat' dir='ltr'><strong>otl&#39;erent</strong></span> <span class='ocrx_word' id='word_1_831' title='bbox 1215 5707 1436 5748; x_wconf 88' lang='lat' dir='ltr'><strong>munera</strong></span> <span class='ocrx_word' id='word_1_832' title='bbox 1456 5734 1472 5761; x_wconf 95' lang='lat'><strong>,</strong></span> <span class='ocrx_word' id='word_1_833' title='bbox 1505 5703 1557 5750; x_wconf 89' lang='lat' dir='ltr'><strong>et</strong></span> <span class='ocrx_word' id='word_1_834' title='bbox 1587 5695 1724 5752; x_wconf 81' lang='lat' dir='ltr'><strong>ﬁlius</strong></span> <span class='ocrx_word' id='word_1_835' title='bbox 1752 5695 1943 5754; x_wconf 78' lang='lat' dir='ltr'><strong>Siracli</strong></span> <span class='ocrx_word' id='word_1_836' title='bbox 1993 5701 2060 5757; x_wconf 87' lang='lat' dir='ltr'><strong>de</strong></span> 
     </span>
    </p>
   </div>
   <div class='ocr_carea' id='block_1_104' title="bbox 2165 4607 2740 4678">
    <p class='ocr_par' dir='ltr' id='par_1_104' title="bbox 2165 4607 2740 4678">
     <span class='ocr_line' id='line_1_104' title="bbox 2165 4607 2740 4678; baseline -0.003 -14"><span class='ocrx_word' id='word_1_837' title='bbox 2165 4609 2366 4664; x_wconf 84' lang='lat' dir='ltr'><strong>habere</strong></span> <span class='ocrx_word' id='word_1_838' title='bbox 2394 4607 2740 4678; x_wconf 89' lang='lat' dir='ltr'><strong>contempsit.</strong></span> 
     </span>
    </p>
   </div>
   <div class='ocr_carea' id='block_1_105' title="bbox 2238 4693 3728 4771">
    <p class='ocr_par' dir='ltr' id='par_1_105' title="bbox 2238 4693 3728 4771">
     <span class='ocr_line' id='line_1_105' title="bbox 2238 4693 3728 4771; baseline -0.008 -18"><span class='ocrx_word' id='word_1_839' title='bbox 2238 4697 2428 4754; x_wconf 76' lang='lat' dir='ltr'><strong>Melior</strong></span> <span class='ocrx_word' id='word_1_840' title='bbox 2465 4709 2542 4754; x_wconf 88' lang='lat' dir='ltr'><strong>est</strong></span> <span class='ocrx_word' id='word_1_841' title='bbox 2577 4715 2777 4771; x_wconf 84' lang='lat' dir='ltr'><strong>pauper</strong></span> <span class='ocrx_word' id='word_1_842' title='bbox 2805 4709 2852 4754; x_wconf 89' lang='lat' dir='ltr'><strong>et</strong></span> <span class='ocrx_word' id='word_1_843' title='bbox 2881 4699 3138 4771; x_wconf 64' lang='lat' dir='ltr'><strong>suﬁiciens</strong></span> <span class='ocrx_word' id='word_1_844' title='bbox 3169 4699 3278 4754; x_wconf 86' lang='lat' dir='ltr'><strong>sibi</strong></span> <span class='ocrx_word' id='word_1_845' title='bbox 3305 4713 3469 4769; x_wconf 83' lang='lat' dir='ltr'><strong>quam</strong></span> <span class='ocrx_word' id='word_1_846' title='bbox 3493 4693 3728 4768; x_wconf 77' lang='lat' dir='ltr'><strong>gloriosus</strong></span> 
     </span>
    </p>
   </div>
   <div class='ocr_carea' id='block_1_106' title="bbox 2164 4778 3730 4860">
    <p class='ocr_par' dir='ltr' id='par_1_106' title="bbox 2164 4778 3730 4860">
     <span class='ocr_line' id='line_1_106' title="bbox 2164 4778 3730 4860; baseline -0.005 -16"><span class='ocrx_word' id='word_1_847' title='bbox 2164 4799 2214 4845; x_wconf 87' lang='lat' dir='ltr'><strong>et</strong></span> <span class='ocrx_word' id='word_1_848' title='bbox 2248 4788 2488 4860; x_wconf 83' lang='lat' dir='ltr'><strong>indigens</strong></span> <span class='ocrx_word' id='word_1_849' title='bbox 2528 4805 2683 4860; x_wconf 89' lang='lat' dir='ltr'><strong>pane.</strong></span> <span class='ocrx_word' id='word_1_850' title='bbox 2728 4788 2916 4844; x_wconf 77' lang='lat' dir='ltr'><strong>Melior</strong></span> <span class='ocrx_word' id='word_1_851' title='bbox 2952 4797 3039 4844; x_wconf 89' lang='lat' dir='ltr'><strong>est</strong></span> <span class='ocrx_word' id='word_1_852' title='bbox 3080 4789 3258 4846; x_wconf 88' lang='lat' dir='ltr'><strong>idiota</strong></span> <span class='ocrx_word' id='word_1_853' title='bbox 3287 4797 3346 4844; x_wconf 89' lang='lat' dir='ltr'><strong>et</strong></span> <span class='ocrx_word' id='word_1_854' title='bbox 3373 4785 3598 4858; x_wconf 81' lang='lat' dir='ltr'><strong>simplex</strong></span> <span class='ocrx_word' id='word_1_855' title='bbox 3634 4778 3730 4833; x_wconf 79' lang='lat' dir='ltr'><strong>fra-</strong></span> 
     </span>
    </p>
   </div>
   <div class='ocr_carea' id='block_1_107' title="bbox 2169 4868 3732 4952">
    <p class='ocr_par' dir='ltr' id='par_1_107' title="bbox 2169 4868 3732 4952">
     <span class='ocr_line' id='line_1_107' title="bbox 2169 4868 3732 4952; baseline -0.009 -16"><span class='ocrx_word' id='word_1_856' title='bbox 2169 4889 2273 4947; x_wconf 88' lang='lat' dir='ltr'><strong>ter,</strong></span> <span class='ocrx_word' id='word_1_857' title='bbox 2307 4881 2398 4950; x_wconf 93' lang='lat' dir='ltr'><strong>qui</strong></span> <span class='ocrx_word' id='word_1_858' title='bbox 2431 4880 2574 4936; x_wconf 89' lang='lat' dir='ltr'><strong>bona</strong></span> <span class='ocrx_word' id='word_1_859' title='bbox 2606 4895 2728 4952; x_wconf 70' lang='lat' dir='ltr'><strong>qua:</strong></span> <span class='ocrx_word' id='word_1_860' title='bbox 2758 4879 2910 4935; x_wconf 88' lang='lat' dir='ltr'><strong>novit</strong></span> <span class='ocrx_word' id='word_1_861' title='bbox 2942 4894 3182 4950; x_wconf 89' lang='lat' dir='ltr'><strong>operans</strong></span> <span class='ocrx_word' id='word_1_862' title='bbox 3217 4881 3394 4936; x_wconf 86' lang='lat' dir='ltr'><strong>vitam</strong></span> <span class='ocrx_word' id='word_1_863' title='bbox 3430 4883 3656 4933; x_wconf 88' lang='lat' dir='ltr'><strong>meretur</strong></span> <span class='ocrx_word' id='word_1_864' title='bbox 3684 4868 3732 4924; x_wconf 90' lang='lat' dir='ltr'><strong>in</strong></span> 
     </span>
    </p>
   </div>
   <div class='ocr_carea' id='block_1_108' title="bbox 2167 4971 3730 5045">
    <p class='ocr_par' dir='ltr' id='par_1_108' title="bbox 2167 4971 3730 5045">
     <span class='ocr_line' id='line_1_108' title="bbox 2167 4971 3730 5045; baseline -0.008 -16"><span class='ocrx_word' id='word_1_865' title='bbox 2167 4974 2356 5040; x_wconf 81' lang='lat' dir='ltr'><strong>caelis,</strong></span> <span class='ocrx_word' id='word_1_866' title='bbox 2401 4988 2566 5044; x_wconf 88' lang='lat' dir='ltr'><strong>quam</strong></span> <span class='ocrx_word' id='word_1_867' title='bbox 2609 4973 2700 5045; x_wconf 87' lang='lat' dir='ltr'><strong>qui</strong></span> <span class='ocrx_word' id='word_1_868' title='bbox 2743 4973 2922 5028; x_wconf 89' lang='lat' dir='ltr'><strong>clarus</strong></span> <span class='ocrx_word' id='word_1_869' title='bbox 2964 4973 3313 5039; x_wconf 89' lang='lat' dir='ltr'><strong>eruditione,</strong></span> <span class='ocrx_word' id='word_1_870' title='bbox 3348 4971 3730 5042; x_wconf 84' lang='lat' dir='ltr'><strong>Scripturarum</strong></span> 
     </span>
    </p>
   </div>
   <div class='ocr_carea' id='block_1_109' title="bbox 2166 5054 3734 5137">
    <p class='ocr_par' dir='ltr' id='par_1_109' title="bbox 2166 5054 3734 5137">
     <span class='ocr_line' id='line_1_109' title="bbox 2166 5054 3734 5137; baseline -0.007 -17"><span class='ocrx_word' id='word_1_871' title='bbox 2166 5065 2252 5121; x_wconf 88' lang='lat' dir='ltr'><strong>vel</strong></span> <span class='ocrx_word' id='word_1_872' title='bbox 2286 5066 2451 5122; x_wconf 87' lang='lat' dir='ltr'><strong>etiam</strong></span> <span class='ocrx_word' id='word_1_873' title='bbox 2490 5065 2727 5122; x_wconf 90' lang='lat' dir='ltr'><strong>doctoris</strong></span> <span class='ocrx_word' id='word_1_874' title='bbox 2769 5062 2984 5120; x_wconf 83' lang='lat' dir='ltr'><strong>functus</strong></span> <span class='ocrx_word' id='word_1_875' title='bbox 3010 5063 3189 5120; x_wconf 77' lang='lat' dir='ltr'><strong>cilicio</strong></span> <span class='ocrx_word' id='word_1_876' title='bbox 3220 5065 3435 5137; x_wconf 87' lang='lat' dir='ltr'><strong>indiget</strong></span> <span class='ocrx_word' id='word_1_877' title='bbox 3464 5075 3597 5134; x_wconf 84' lang='lat' dir='ltr'><strong>pane</strong></span> <span class='ocrx_word' id='word_1_878' title='bbox 3621 5054 3734 5113; x_wconf 87' lang='lat' dir='ltr'><strong>dile-</strong></span> 
     </span>
    </p>
   </div>
   <div class='ocr_carea' id='block_1_110' title="bbox 2166 5149 3732 5227">
    <p class='ocr_par' dir='ltr' id='par_1_110' title="bbox 2166 5149 3732 5227">
     <span class='ocr_line' id='line_1_110' title="bbox 2166 5149 3732 5227; baseline -0.008 -13"><span class='ocrx_word' id='word_1_879' title='bbox 2166 5157 2364 5214; x_wconf 88' lang='lat' dir='ltr'><strong>ctionis</strong></span> <span class='ocrx_word' id='word_1_880' title='bbox 2381 5197 2398 5224; x_wconf 98' lang='lat'><strong>,</strong></span> <span class='ocrx_word' id='word_1_881' title='bbox 2441 5156 2509 5212; x_wconf 89' lang='lat' dir='ltr'><strong>de</strong></span> <span class='ocrx_word' id='word_1_882' title='bbox 2548 5155 2704 5227; x_wconf 89' lang='lat' dir='ltr'><strong>cuius</strong></span> <span class='ocrx_word' id='word_1_883' title='bbox 2735 5154 3040 5210; x_wconf 88' lang='lat' dir='ltr'><strong>dilectionis</strong></span> <span class='ocrx_word' id='word_1_884' title='bbox 3069 5169 3134 5210; x_wconf 88' lang='lat' dir='ltr'><strong>ea</strong></span> <span class='ocrx_word' id='word_1_885' title='bbox 3160 5167 3327 5226; x_wconf 87' lang='lat' dir='ltr'><strong>parte</strong></span> <span class='ocrx_word' id='word_1_886' title='bbox 3346 5196 3364 5222; x_wconf 85' lang='lat'><strong>,</strong></span> <span class='ocrx_word' id='word_1_887' title='bbox 3391 5168 3513 5226; x_wconf 75' lang='lat' dir='ltr'><strong>qua:</strong></span> <span class='ocrx_word' id='word_1_888' title='bbox 3539 5149 3602 5206; x_wconf 85' lang='lat' dir='ltr'><strong>ad</strong></span> <span class='ocrx_word' id='word_1_889' title='bbox 3623 5159 3732 5220; x_wconf 82' lang='lat' dir='ltr'><strong>pro—</strong></span> 
     </span>
    </p>
   </div>
   <div class='ocr_carea' id='block_1_111' title="bbox 2167 5249 3365 5324">
    <p class='ocr_par' dir='ltr' id='par_1_111' title="bbox 2167 5249 3365 5324">
     <span class='ocr_line' id='line_1_111' title="bbox 2167 5249 3365 5324; baseline 0.003 -20"><span class='ocrx_word' id='word_1_890' title='bbox 2167 5251 2370 5305; x_wconf 78' lang='lat' dir='ltr'><strong>ximum</strong></span> <span class='ocrx_word' id='word_1_891' title='bbox 2399 5251 2634 5320; x_wconf 90' lang='lat' dir='ltr'><strong>pertinet</strong></span> <span class='ocrx_word' id='word_1_892' title='bbox 2664 5249 3056 5320; x_wconf 87' lang='lat' dir='ltr'><strong>subsequenter</strong></span> <span class='ocrx_word' id='word_1_893' title='bbox 3083 5249 3365 5324; x_wconf 85' lang='lat' dir='ltr'><strong>adiungit.</strong></span> 
     </span>
    </p>
   </div>
   <div class='ocr_carea' id='block_1_112' title="bbox 2241 5325 3730 5412">
    <p class='ocr_par' dir='ltr' id='par_1_112' title="bbox 2241 5325 3730 5412">
     <span class='ocr_line' id='line_1_112' title="bbox 2241 5325 3730 5412; baseline 0.002 -17"><span class='ocrx_word' id='word_1_894' title='bbox 2241 5341 2397 5397; x_wconf 79' lang='lat' dir='ltr'><strong>Nouit</strong></span> <span class='ocrx_word' id='word_1_895' title='bbox 2427 5341 2607 5412; x_wconf 83' lang='lat' dir='ltr'><strong>justus</strong></span> <span class='ocrx_word' id='word_1_896' title='bbox 2649 5341 2852 5396; x_wconf 86' lang='lat' dir='ltr'><strong>animas</strong></span> <span class='ocrx_word' id='word_1_897' title='bbox 2881 5340 3249 5411; x_wconf 72' lang='lat' dir='ltr'><strong>iumentorum</strong></span> <span class='ocrx_word' id='word_1_898' title='bbox 3273 5358 3516 5398; x_wconf 75' lang='lat' dir='ltr'><strong>suorum.</strong></span> <span class='ocrx_word' id='word_1_899' title='bbox 3555 5325 3615 5396; x_wconf 80' lang='lat' dir='ltr'><strong>id</strong></span> <span class='ocrx_word' id='word_1_900' title='bbox 3633 5341 3730 5398; x_wconf 73' lang='lat' dir='ltr'><strong>est.</strong></span> 
     </span>
    </p>
   </div>
   <div class='ocr_carea' id='block_1_113' title="bbox 2165 5432 3731 5508">
    <p class='ocr_par' dir='ltr' id='par_1_113' title="bbox 2165 5432 3731 5508">
     <span class='ocr_line' id='line_1_113' title="bbox 2165 5432 3731 5508; baseline 0 -22"><span class='ocrx_word' id='word_1_901' title='bbox 2165 5432 2390 5488; x_wconf 89' lang='lat' dir='ltr'><strong>miseret</strong></span> <span class='ocrx_word' id='word_1_902' title='bbox 2429 5443 2485 5487; x_wconf 90' lang='lat' dir='ltr'><strong>et</strong></span> <span class='ocrx_word' id='word_1_903' title='bbox 2525 5433 2852 5502; x_wconf 88' lang='lat' dir='ltr'><strong>compatitur</strong></span> <span class='ocrx_word' id='word_1_904' title='bbox 2877 5433 3193 5493; x_wconf 86' lang='lat' dir='ltr'><strong>hebetudini</strong></span> <span class='ocrx_word' id='word_1_905' title='bbox 3224 5451 3295 5492; x_wconf 90' lang='lat' dir='ltr'><strong>ac</strong></span> <span class='ocrx_word' id='word_1_906' title='bbox 3322 5434 3600 5508; x_wconf 81' lang='lat' dir='ltr'><strong>fragilitati</strong></span> <span class='ocrx_word' id='word_1_907' title='bbox 3621 5445 3731 5504; x_wconf 86' lang='lat' dir='ltr'><strong>pro-</strong></span> 
     </span>
    </p>
   </div>
   <div class='ocr_carea' id='block_1_114' title="bbox 2167 5523 3031 5583">
    <p class='ocr_par' dir='ltr' id='par_1_114' title="bbox 2167 5523 3031 5583">
     <span class='ocr_line' id='line_1_114' title="bbox 2167 5523 3031 5583; baseline 0.007 -6"><span class='ocrx_word' id='word_1_908' title='bbox 2167 5523 2435 5580; x_wconf 81' lang='lat' dir='ltr'><strong>ximorum</strong></span> <span class='ocrx_word' id='word_1_909' title='bbox 2467 5525 2569 5581; x_wconf 90' lang='lat' dir='ltr'><strong>sibi</strong></span> <span class='ocrx_word' id='word_1_910' title='bbox 2597 5527 3031 5583; x_wconf 88' lang='lat' dir='ltr'><strong>commissorum.</strong></span> 
     </span>
    </p>
   </div>
   <div class='ocr_carea' id='block_1_115' title="bbox 2243 5613 3734 5690">
    <p class='ocr_par' dir='ltr' id='par_1_115' title="bbox 2243 5613 3734 5690">
     <span class='ocr_line' id='line_1_115' title="bbox 2243 5613 3734 5690; baseline 0.003 -22"><span class='ocrx_word' id='word_1_911' title='bbox 2243 5613 2457 5672; x_wconf 84' lang='lat' dir='ltr'><strong>Viscera</strong></span> <span class='ocrx_word' id='word_1_912' title='bbox 2494 5626 2667 5671; x_wconf 87' lang='lat' dir='ltr'><strong>autem</strong></span> <span class='ocrx_word' id='word_1_913' title='bbox 2697 5617 2979 5690; x_wconf 80' lang='lat' dir='ltr'><strong>impiorum</strong></span> <span class='ocrx_word' id='word_1_914' title='bbox 3009 5619 3274 5676; x_wconf 82' lang='lat' dir='ltr'><strong>crudelia.</strong></span> <span class='ocrx_word' id='word_1_915' title='bbox 3308 5619 3417 5689; x_wconf 85' lang='lat' dir='ltr'><strong>Qui</strong></span> <span class='ocrx_word' id='word_1_916' title='bbox 3445 5637 3552 5679; x_wconf 86' lang='lat' dir='ltr'><strong>non</strong></span> <span class='ocrx_word' id='word_1_917' title='bbox 3577 5616 3734 5676; x_wconf 78' lang='lat' dir='ltr'><strong>solum</strong></span> 
     </span>
    </p>
   </div>
   <div class='ocr_carea' id='block_1_116' title="bbox 2165 5706 3733 5789">
    <p class='ocr_par' dir='ltr' id='par_1_116' title="bbox 2165 5706 3733 5789">
     <span class='ocr_line' id='line_1_116' title="bbox 2165 5706 3733 5789; baseline 0.008 -27"><span class='ocrx_word' id='word_1_918' title='bbox 2165 5723 2274 5764; x_wconf 87' lang='lat' dir='ltr'><strong>non</strong></span> <span class='ocrx_word' id='word_1_919' title='bbox 2294 5709 2696 5778; x_wconf 87' lang='lat' dir='ltr'><strong>compatiuntur</strong></span> <span class='ocrx_word' id='word_1_920' title='bbox 2713 5711 2966 5775; x_wconf 85' lang='lat' dir='ltr'><strong>subditis,</strong></span> <span class='ocrx_word' id='word_1_921' title='bbox 2990 5714 3086 5770; x_wconf 89' lang='lat' dir='ltr'><strong>sed</strong></span> <span class='ocrx_word' id='word_1_922' title='bbox 3109 5714 3282 5772; x_wconf 84' lang='lat' dir='ltr'><strong>etiam</strong></span> <span class='ocrx_word' id='word_1_923' title='bbox 3299 5716 3464 5789; x_wconf 80' lang='lat' dir='ltr'><strong>iuxta</strong></span> <span class='ocrx_word' id='word_1_924' title='bbox 3484 5716 3586 5773; x_wconf 81' lang='lat' dir='ltr'><strong>hoc</strong></span> <span class='ocrx_word' id='word_1_925' title='bbox 3606 5706 3733 5782; x_wconf 73' lang='lat' dir='ltr'><strong>quod</strong></span> 
     </span>
    </p>
   </div>
  </div>
