3962 6198
333 405 432 463 72!

1108 415 1470 477 EXPOSITIO
1505 420 1571 476 IN
1611 414 2000 483 PROYERBM
2043 412 2452 490 SALOMONIS.
2489 468 2560 477 —
2598 437 2725 492 LIB.
2769 437 2830 492 ll.

3488 443 3597 500 729.

331 525 592 580 Dominus
619 527 696 581 ait
729 543 742 581 :
771 523 1081 584 Percutiunt
1105 550 1295 604 pueros
1321 546 1368 591 et
1397 539 1620 596 ancillas
1649 542 1877 599 dicentes
1896 585 1911 612 ,
1941 547 1988 607 Α
2020 553 2127 603 tem
2167 560 2389 622 repente
2429 569 2568 610 nova
2603 554 2859 626 dogmata
2892 554 3058 611 infert
3086 558 3351 613 mendacii
3381 571 3463 615 est
3493 562 3598 618 mi-

335 612 542 667 Moram
571 614 698 684 facit
724 616 965 673 dominus
990 636 1136 675 meus
1161 625 1332 678 venire
1360 626 1379 697 (
1401 625 1593 683 Matth.
1623 646 1751 686 xxrv
1774 631 1816 704 ).

406 703 513 769 Qui
550 716 801 775 operatur
836 716 1030 763 terram
1064 727 1215 767 suam
1236 756 1251 780 ,
1292 719 1617 772 saturabitur
1648 703 1912 790 panibus;

328 795 421 863 qui
451 804 624 847 autem
653 805 882 851 sectatur
906 801 1068 853 otium
1091 842 1105 866 ,
1136 802 1472 861 stultissimus
1499 818 1596 863 est.
1627 809 1726 878 Qui
1757 829 1916 871 exer-

331 891 420 937 cet
455 884 692 939 animam
729 892 882 942 Suam
913 890 1250 960 spiritalibus
1287 897 1483 955 studiis
1506 941 1520 965 ,
1548 909 1604 955 et
1633 918 1777 961 nunc
1805 907 1913 961 vir-

332 982 507 1029 tutum
534 987 591 1031 et
615 986 744 1032 tunc
772 979 998 1050 dapibus
1030 986 1364 1042 saturabitur
1397 992 1743 1059 praemiorum
1772 1014 1786 1052 :
1817 998 1910 1069 qui

329 1076 512 1123 autem
560 1084 662 1139 pro
706 1069 879 1127 salute
930 1074 1124 1131 anima:
1176 1092 1286 1133 suze
1326 1079 1576 1140 laborare
1613 1084 1909 1155 detrectat,

328 1167 460 1215 tunc
487 1160 633 1216 inter
658 1160 851 1219 stultos
878 1167 1240 1236 reputabitur,
1274 1174 1491 1229 tametsi
1535 1191 1678 1233 nunc
1718 1179 1802 1236 vel
1832 1181 1913 1236 di-

324 1251 452 1305 vina
484 1251 568 1306 vel
596 1252 874 1308 mundana
899 1256 1163 1326 sapientia
1195 1260 1468 1330 gloriosus
1496 1266 1734 1324 videtur.

394 1339 731 1396 Desiderium
778 1345 926 1416 impii
978 1349 1358 1407 munimentum
1414 1366 1491 1411 est
1538 1361 1905 1429 pessimorum.

323 1432 608 1489 Desiderat
634 1434 831 1505 impius
862 1440 1232 1508 praecedentes
1272 1446 1442 1502 malos
1485 1449 1723 1518 imitari,
1754 1461 1808 1509 et
1839 1456 1909 1511 de

323 1524 538 1579 illorum
574 1526 683 1581 vita
724 1534 888 1598 atque
932 1530 1143 1588 actibus
1187 1533 1332 1606 loqui
1354 1577 1368 1602 ,
1399 1539 1488 1594 vel
1516 1551 1664 1598 certe
1696 1544 1912 1601 deside-

324 1614 463 1669 rium
516 1616 667 1687 impii
720 1619 1111 1678 munimentum
1169 1634 1254 1681 est
1310 1629 1718 1699 pessimorum,
1778 1636 1903 1705 quia

320 1720 485 1761 omne
516 1706 841 1763 desiderium
871 1708 986 1780 ejus
1014 1726 1080 1767 eo
1109 1714 1312 1783 tendit,
1354 1722 1600 1788 quamvis
1648 1724 1764 1794 ipso
1806 1741 1907 1780 ne-

321 1797 569 1866 sciente,
617 1807 677 1854 ut
718 1814 843 1855 cum
887 1802 1163 1871 prioribus
1204 1805 1418 1874 iniustis
1454 1820 1671 1869 aeternae
1715 1818 1906 1872 mortis

2018 640 2191 695 nister
2236 641 2496 698 haeretici.

2092 734 2265 792 Homo
2301 747 2536 804 uersutus
2564 741 2695 795 celat
2723 742 3014 797 scientiam.
3047 744 3310 800 Versatus
3339 745 3442 800 hoc
3476 746 3594 802 loco

2018 826 2073 882 in
2119 828 2262 884 bono
2306 828 2647 902 intelligitur,
2695 833 2747 887 id
2790 842 2907 900 est,
2959 835 3177 904 sapiens
3217 843 3274 890 et
3322 837 3590 907 prudens,

2016 919 2110 989 qui
2155 936 2562 994 nonnumquam
2610 926 2676 980 de
2728 924 2991 980 industria
3034 942 3186 982 suam
3236 926 3374 983 celat
3420 928 3598 983 scien-

2015 1014 2146 1068 tiam
2174 1055 2189 1080 ,
2245 1014 2442 1086 duplici
2492 1016 2748 1072 nimirum
2802 1018 3056 1085 ratione,
3111 1018 3196 1074 vel
3253 1034 3361 1077 non
3409 1021 3596 1076 valens

2014 1105 2245 1163 infirmis
2292 1108 2628 1165 auditoribus
2675 1111 2821 1182 loqui
2867 1114 3024 1182 quasi
3076 1114 3442 1184 spiritalibus,
3497 1118 3591 1171 sed

2012 1197 2166 1266 quasi
2215 1199 2554 1266 carnalibus,
2603 1202 2687 1257 vel
2730 1203 2919 1259 nolens
2972 1204 3104 1260 dare
3146 1215 3394 1263 sanctum
3436 1208 3590 1264 caui-

2012 1289 2150 1350 bus.
2207 1305 2382 1361 neque
2429 1300 2557 1348 ante
2600 1310 2796 1364 porcos
2843 1296 3170 1368 margaritas
3214 1298 3498 1369 projicere.

2084 1380 2151 1434 Et
2197 1398 2288 1435 cor
2331 1382 2689 1454 insipientium
2732 1396 2977 1454 provocat
3016 1384 3317 1443 stultitiam.
3366 1390 3593 1456 Quando

2010 1470 2093 1524 vel
2142 1471 2292 1543 impii
2343 1472 2463 1542 plus
2523 1483 2841 1544 appetentes
2909 1492 3106 1549 sapere
3165 1496 3328 1549 quam
3377 1493 3591 1552 oportet

2010 1577 2219 1631 sapere,
2261 1580 2326 1617 eo
2351 1580 2520 1634 usque
2560 1566 2869 1623 meditando
2909 1569 3232 1638 prosiliunt,
3270 1580 3332 1626 ut
3365 1588 3465 1643 pro
3506 1590 3594 1630 sa-

1912 1643 1985 1740 ς
2010 1654 2211 1723 pientia
2246 1656 2536 1712 stultitiam
2574 1666 2825 1729 teneant,
2853 1661 2937 1716 vel
2971 1652 3118 1718 cérte
3143 1663 3277 1721 alios
3311 1680 3432 1735 quae
3467 1682 3591 1723 nec-

2009 1743 2134 1798 dum
2181 1760 2376 1816 capere
2424 1757 2628 1818 queunt
2675 1749 2870 1806 docere
2918 1753 3174 1821 nitentes,
3206 1758 3274 1811 ad
3325 1757 3589 1828 majorem

2008 1822 2103 1887 eos
2151 1834 2435 1892 stultitiam
2481 1850 2813 1907 provocant,
2859 1850 2915 1898 et
2966 1844 3121 1914 quasi
3172 1847 3375 1903 sauciis
3418 1849 3591 1904 oculis

2388 1890 2395 1891 κ
2422 1890 2431 1892 ε
2483 1890 2533 1907 r-
2553 1890 2573 1894 ν
2597 1890 2603 1893 ν
2624 1890 2777 1896 ννν-.--ν
2797 1890 2813 1906 1
2863 1890 2914 1898 ν-
2968 1890 3121 1914 ιιι-νιν-
3172 1890 3375 1903 υμυυιιυ
3420 1890 3591 1904 ννιιιιυ

319 1904 547 1945 carcere
587 1890 891 1946 claudatur.
935 1893 1134 1950 Verum
1164 1898 1287 1967 quia
1320 1900 1453 1957 tales
1493 1905 1698 1960 exitum
1741 1923 1900 1978 quem
1933 1896 1977 1956 Β
2007 1921 2189 1978 lumen
2231 1926 2547 1998 ingerentes
2584 1929 2746 1997 solis,
2791 1934 3066 1989 modicum
3110 1934 3247 1991 lucis
3285 1939 3430 2009 quod
3472 1954 3592 1996 ρον.

319 1976 548 2009 ηὶῖιιῖηιο
579 1980 875 2009 Ἇωνιενειιηηι
915 1981 1197 2009 ἔπι...........ι
1266 1989 1334 2009 ..ξι
1371 2005 1389 2009 -
1432 2006 1445 2009 Α
1528 2000 1540 2009 Α
1655 1996 1667 2009 ι
1726 1996 1739 2009 ι
1837 1998 1849 2009 ο

319 1976 548 2031 minime
579 1980 878 2048 praevident
914 1981 1234 2052 incurrunt,
1264 1989 1339 2043 ait
1365 2005 1395 2044 e
1422 2000 1610 2049 contra
1636 1996 1700 2050 de
1725 1976 1900 2053 bonis.

388 2054 571 2123 Radix
617 2079 791 2123 autem
829 2071 1098 2141 justorum
1146 2078 1401 2147 proﬁciet.
1458 2083 1594 2149 Quia
1646 2087 1902 2143 nimirum

317 2155 453 2212 ﬁdes
499 2166 557 2213 et
604 2159 844 2217 charitas
890 2162 1184 2222 electorum
1237 2185 1344 2239 qua
1392 2174 1621 2230 radicati
1671 2187 1798 2233 sunt
1846 2180 1901 2235 in

311 2248 534 2305 Christo
578 2267 917 2323 nequaquam
961 2271 1055 2313 eos
1096 2258 1267 2327 fallit,
1313 2265 1409 2320 sed
1452 2267 1520 2321 ad
1565 2270 1898 2339 perfectiora

311 2357 530 2413 semper
559 2359 873 2402 accrescens
908 2348 1028 2418 plus
1054 2366 1215 2420 quam
1262 2370 1483 2425 sperare
1522 2361 1675 2415 novit
1717 2363 1771 2417 in
1814 2363 1903 2417 fu-

314 2440 436 2486 turo
475 2433 757 2504 percipiet.

386 2519 463 2574 De
510 2521 687 2593 fructu
732 2525 840 2598 oris
888 2531 971 2583 sui
1015 2534 1366 2605 unusquisque
1407 2536 1687 2608 replebitur
1726 2544 1896 2596 bouis.

310 2611 546 2669 Fructus
590 2616 700 2672 oris
744 2628 828 2674 est
872 2636 1054 2679 sermo
1097 2625 1300 2691 bonus,
1335 2642 1461 2684 nam
1503 2631 1596 2700 qui
1639 2633 1783 2687 mala
1824 2634 1900 2688 lo-

310 2704 501 2774 quitur
564 2723 670 2761 non
728 2708 961 2767 fructum
1015 2728 1109 2769 ore
1162 2724 1414 2787 generat,
1469 2720 1563 2775 sed
1620 2723 1895 2778 damnum.

309 2793 504 2850 Omnis
554 2795 721 2867 igitur
765 2800 857 2869 qui
902 2801 1044 2857 bona
1096 2803 1356 2873 loquitur,
1404 2807 1563 2865 bonis
1609 2808 1900 2869 donabitur

313 2884 570 2951 mteruis,
618 2887 665 2942 si
712 2896 892 2945 tamen
940 2892 1026 2947 bis
1070 2909 1191 2964 quze
1232 2896 1469 2967 loquitur
1507 2908 1629 2955 actu
1669 2918 1775 2958 nou
1815 2920 1900 2960 re-

308 2982 551 3044 pugnat,
598 2976 703 3033 hoc
740 2974 824 3035 eet
863 2982 1065 3038 etenim
1112 2983 1336 3060 [quod]
1378 2988 1665 3061 vigilanter
1699 2995 1896 3067 adjun-

316 3063 396 3136 git
440 3079 565 3120 cum
616 3067 748 3123 dicit
775 3086 789 3124 :

381 3152 452 3208 Et
468 3157 631 3225 juxta
657 3174 815 3230 apem
842 3178 1091 3219 manuum
1117 3182 1333 3222 suarum
1358 3168 1675 3230 retribuetur
1697 3177 1765 3233 ei.
1795 3176 1896 3236 Ne.

310 3261 418 3317 que
446 3249 597 3305 enim
629 3248 791 3306 aliter
819 3252 1125 3314 fructuosus
1161 3259 1221 3315 ﬁt
1262 3276 1392 3319 suus
1426 3279 1606 3323 sermo
1641 3260 1891 3340 doctori,
1914 3250 1967 3313 Ὁ

311 3337 415 3393 nisi
463 3339 510 3394 si
558 3340 675 3412 ipse
721 3344 872 3414 prior
915 3345 1082 3405 faciat
1126 3350 1266 3407 bona
1311 3370 1433 3424 qua:
1475 3358 1652 3415 dooet.

379 3425 591 3484 Fatuus
619 3434 797 3488 statim
825 3435 1024 3492 indicat
1049 3439 1184 3495 iram
1215 3460 1398 3513 suam,
1440 3450 1531 3519 qui
1568 3460 1743 3508 autem
1789 3442 1899 3512 dis-

307 3517 522 3573 simulat
566 3521 851 3591 injuriam,
894 3526 1118 3585 callidus
1158 3544 1264 3600 est,
1298 3537 1391 3604 qui
1440 3517 1500 3594 se
1547 3541 1601 3596 in
1642 3548 1894 3615 praesenti

307 3606 580 3665 desiderat
620 3611 807 3671 ulcisci
847 3614 1027 3674 fatuus
1064 3629 1174 3687 est,
1208 3624 1298 3693 qui
1328 3635 1508 3683 autem
1537 3606 1896 3701 pro-Domiuo

308 3696 565 3766 iujuriam
598 3706 901 3761 contemnit
937 3710 1172 3781 sapiens.
1220 3714 1383 3775 Hunc
1424 3725 1750 3781 versiculum
1784 3729 1891 3786 alia

306 3787 590 3844 translatio
619 3792 699 3847 sic
726 3794 888 3852 habet
918 3815 932 3853 :
976 3799 1184 3858 Stultus
1212 3808 1394 3863 eadem
1424 3810 1558 3867 hora
1585 3823 1894 3884 pronuntiat

305 3874 442 3930 iram
482 3894 664 3946 suam,
709 3884 933 3941 occultat
973 3900 1147 3947 autem
1190 3896 1533 3966 ignominiam
1562 3921 1711 3961 suam
1740 3902 1889 3966 astu-

303 3972 407 4019 tus.
467 3966 586 4023 Non
640 3979 821 4028 autem
877 3975 1288 4048 ignominiosam
1341 3987 1636 4048 iracundia:
1686 4000 1892 4066 passio-

301 4070 466 4123 nem,
508 4058 695 4130 itaque
739 4064 1073 4134 sapientibus
1128 4074 1506 4135 occultandam
1536 4098 1657 4137 esse
1686 4058 1889 4144 eccer-

302 4144 414 4210 nit,
448 4156 509 4202 ut
534 4146 655 4218 ejus
679 4151 1020 4213 velocitatem
1050 4161 1274 4231 culpans
1314 4183 1422 4225 non
1462 4160 1748 4233 rv'c'ut‘cat
1780 4188 1887 4235 tar—

301 4233 528 4292 ditatem
548 4278 564 4304 ,
593 4255 758 4311 quam
789 4248 974 4317 utique
1001 4250 1046 4305 si
1093 4268 1186 4320 per
1218 4263 1467 4315 accessit"
1641 4272 1884 4327 humanae

299 4326 638 4387 inﬁrmitatis
667 4334 920 4405 irruerit,
962 4340 1082 4397 ideo
1132 4349 1327 4404 trasuit
1369 4356 1784 4427 occultandam,
1829 4371 1889 4418 ut

299 4415 426 4471 dum
457 4420 523 4475 ad
544 4436 785 4491 praesens
804 4430 1080 4500 sapienter
1100 4439 1390 4508 obtegitur,
1413 4445 1712 4515 sapientius
1729 4415 1887 4518 amo-

301 4518 493 4565 veatur
537 4522 595 4568 et
645 4515 700 4570 in
746 4530 1068 4591 perpetuum
1123 4527 1386 4586 deleatur.
1439 4534 1567 4594 Haec
1609 4515 1757 4598 enim
1797 4555 1884 4603 est

296 4610 507 4659 naturae
552 4606 626 4662 ita
665 4617 728 4665 ut
769 4612 936 4677 dilata
976 4615 1292 4690 languescat
1323 4633 1379 4679 ct
1414 4640 1639 4699 pereat,
1671 4637 1883 4706 prolata

295 4709 426 4750 vero
469 4699 643 4770 magis
680 4703 963 4776 magisque
1005 4710 1321 4784 conﬂagret.

364 4786 464 4841 Est
486 4791 581 4859 qui
601 4795 870 4882 promittat
896 4808 944 4851 et
968 4804 1121 4870 quasi
1143 4803 1321 4874 gladio
1345 4812 1596 4882 pangitur
1618 4820 1882 4875 conscien-

294 4877 401 4932 tite.
451 4878 782 4940 Promittant
828 4902 889 4943 se
928 4893 1169 4949 nonnulli
1210 4877 1732 4976 obed—ire'veritati,
1786 4915 1880 4968 sed

295 4969 386 5024 ubi
425 4975 659 5031 tentatio
702 4986 914 5037 terrens
954 4984 1069 5041 sive
1110 4987 1394 5050 blandiens
1432 4969 1877 5069 impedimentum

292 5063 650 5157 praestiterit,
701 5068 957 5129 deserunt
1004 5077 1221 5147 quidem
1274 5063 1644 5157 emptu-scd
1697 5102 1876 5153 tamen

290 5152 629 5251 conscientia
666 5162 921 5229 promissi
968 5169 1122 5237 quasi
1165 5170 1345 5243 gladio
1362 5152 1660 5251 pun-gitur.

360 5240 571 5315 Lingua
596 5258 771 5305 autem
797 5256 1110 5324 sapientium
1136 5240 1339 5320 sanitas
1364 5240 1460 5323 est.
1492 5240 1630 5338 Quia
1654 5283 1711 5331 et
1733 5276 1874 5335 bona

291 5348 416 5437 qtae
452 5338 781 5437 promittunt
818 5341 957 5414 ipsi,
1000 5350 1335 5419 proﬁciendo
1380 5360 1448 5414 ad
1488 5362 1654 5418 vitam
1676 5381 1871 5437 perve-
1931 5367 1945 5379 ’

291 5425 480 5493 niunt,
514 5434 570 5483 et
608 5429 732 5487 aliis
769 5447 891 5504 quae
928 5451 1228 5510 sequantur
1266 5448 1613 5517 praedicando
1652 5425 1873 5515 demon-

359 5603 584 5663 Labiutn
625 5613 861 5671 veritatis
892 5619 1103 5689 ﬁrmum
1145 5628 1244 5682 erit
1279 5631 1335 5685 in
1386 5645 1693 5706 perpetuum
1719 5683 1733 5708 ,
1783 5646 1875 5714 qui

291 5704 465 5750 auem
505 5702 652 5758 testis
689 5714 766 5759 est
807 5713 1103 5780 repentinus
1141 5702 1416 5778 concinnat
1455 5702 1690 5797 linguam
1729 5702 1873 5787 men-

293 5783 446 5843 dacii.
478 5787 639 5850 Fides
664 5796 1033 5859 ecclesiastica
1078 5820 1291 5879 semper
1325 5783 1600 5886 manebit,
1639 5783 1871 5889 quiau-

2007 2029 2136 2069 nere
2180 2016 2503 2073 videbantur
2544 2019 2812 2076 auferunt.

2077 2103 2270 2159 Manus
2315 2107 2531 2176 fortium
2572 2109 2951 2180 dominabitur,
2991 2132 3109 2186 qua:
3153 2126 3329 2171 autem
3370 2119 3590 2174 remissa

2003 2201 2078 2247 est
2112 2193 2320 2249 tributis
2354 2197 2557 2252 serviet.
2595 2198 2826 2256 Perfecti
2853 2204 3054 2274 quique
3088 2221 3193 2271 non
3232 2207 3404 2262 solum
3434 2209 3593 2265 vitio-

2003 2298 2124 2338 rum
2148 2284 2287 2340 bella
2313 2296 2600 2358 superant,
2629 2292 2724 2347 sed
2764 2301 2821 2348 et
2860 2294 3050 2351 electis
3093 2294 3359 2354 fratribus
3397 2300 3589 2372 majori

2000 2377 2262 2432 virtutum
2305 2381 2477 2451 gratia
2533 2381 2941 2453 principantur;
2988 2387 3081 2456 qui
3128 2396 3310 2443 autem
3339 2390 3587 2447 dissoluti

2001 2465 2184 2520 animo
2231 2468 2469 2536 peccatis
2520 2469 2790 2541 implicari
2845 2488 2952 2528 non
2999 2484 3292 2542 metuunt,
3346 2481 3586 2548 pessimo

2001 2557 2244 2611 exaetori
2285 2558 2497 2614 diabolo
2535 2560 2739 2617 tributa
2771 2564 3028 2620 vitiorum
3066 2569 3309 2637 quotidie
3347 2572 3582 2628 solvunt.

2000 2645 2139 2701 Et-si
2169 2663 2274 2703 non
2318 2648 2615 2706 dominium
2644 2651 2760 2720 ejus
2797 2656 3042 2713 viventes
3096 2660 3409 2729 paenitendo
3459 2679 3587 2719 eva-

2001 2748 2207 2805 serunt,
2232 2747 2355 2809 post
2382 2750 2611 2797 mortem
2641 2744 2823 2799 traditi
2849 2746 3024 2803 eidem
3049 2746 3102 2802 in
3125 2764 3400 2806 carcerem
3429 2753 3497 2808 ab
3522 2769 3588 2807 eo

1999 2842 2285 2898 pmnarum
2327 2830 2616 2886 mittuntur
2641 2842 3005 2903 azternarum,
3036 2835 3194 2906 juxta
3233 2841 3374 2909 quod
3414 2841 3590 2897 Domi-

1998 2933 2102 2972 nus
2145 2916 2198 2972 in
2243 2918 2565 2992 Evangelica
2614 2923 2875 2994 parabola
2926 2935 3173 2983 testatur.
3217 2929 3402 3001 Neque
3441 2934 3585 2988 enim

1998 3010 2067 3066 de
2099 3009 2285 3067 talium
2312 3015 2653 3071 correctione
2682 3018 3078 3089 desperandum
3110 3034 3227 3090 est,
3257 3039 3380 3080 cum
3416 3028 3585 3097 proti-

1997 3117 2102 3157 nus
2131 3101 2480 3176 adjungatur.

2070 3191 2267 3249 Maeror
2299 3196 2353 3250 in
2393 3197 2549 3252 corde
2582 3198 2683 3254 viri
2716 3200 3014 3257 humiliabit
3049 3203 3236 3271 illum,
3263 3217 3311 3260 et
3344 3224 3585 3265 sermone

2002 3282 2135 3338 bono
2183 3283 2560 3356 lwti/icabitur.
2620 3287 2757 3357 Quia
2808 3292 3066 3348 nimirum
3119 3312 3345 3353 necesse
3395 3309 3479 3354 cst
3527 3310 3587 3356 ut

1997 3372 2151 3445 prius
2179 3386 2519 3446 peccatorem
2552 3394 2757 3437 mceror
2789 3385 3125 3453 poenitentiae
3160 3388 3451 3446 salubriter
3484 3393 3585 3447 bu-

1997 3462 2196 3533 miliet,
2254 3476 2309 3523 ct
2357 3469 2429 3523 ita
2459 3473 2800 3540 postmodum
2840 3486 2938 3544 per
2973 3474 3238 3545 judicium
3273 3482 3580 3539 sacerdotis

1992 3556 2177 3611 'sermo
2225 3554 2367 3613 datae
2416 3552 2876 3619 reconciliationis
2926 3565 3184 3625 lmtilicet.

2068 3645 2172 3712 Qui
2209 3647 2421 3721 negligit
2468 3651 2720 3706 damnum
2754 3654 2966 3725 propter
3003 3661 3230 3714 amicum
3258 3662 3440 3731 justus
3481 3673 3580 3721 est.

1994 3734 2052 3790 Si
2096 3737 2199 3794 hoc
2239 3739 2306 3794 de
2340 3742 2577 3811 generali
2616 3745 2860 3813 pecunia:
2900 3746 3193 3819 largitione
3226 3760 3280 3806 et
3314 3769 3451 3824 puro
3488 3755 3586 3812 ho-

1993 3830 2140 3887 mine
2185 3832 2361 3888 amico
2406 3843 2553 3890 recte
2600 3836 2820 3903 dicitur,
2874 3852 3079 3908 quanto
3132 3844 3304 3913 magis
3345 3842 3577 3912 justitia:

1992 3938 2194 3978 corona
2234 3925 2487 3997 dignatus
2529 3937 2644 3995 est,
2688 3931 2780 4000 qui
2821 3939 3044 4000 propter
3086 3948 3211 3987 eum
3249 3935 3343 4004 qui
3394 3936 3576 3992 dixit:

1986 4011 2123 4066 Ilico
2154 4014 2295 4069 vobis
2327 4017 2511 4072 amicis
2539 4019 2699 4085 meis,
2732 4037 2795 4075 ne
2827 4024 3132 4077 terreamini
3161 4024 3225 4078 ab
3256 4026 3338 4081 his
3366 4029 3458 4097 qui
3487 4043 3577 4084 oc-

1991 4105 2175 4162 cidunt
2200 4125 2390 4183 corpus
2420 4109 2645 4181 (Matth.
2678 4128 2711 4166 x
2731 4112 2773 4183 ),
2806 4113 2890 4169 vel
2917 4116 3157 4172 vendens
3184 4133 3304 4187 qua:
3330 4121 3575 4188 possidet

1989 4197 2316 4267 pauperibus
2355 4198 2574 4265 tribuit,
2621 4201 2706 4257 vel
2750 4202 2998 4272 rapinam
3042 4204 3306 4260 bonorum
3349 4222 3573 4263 suorum

1986 4303 2112 4342 eum
2150 4290 2344 4369 gaudio
2389 4292 2646 4361 suscipit,
2697 4293 2781 4349 vel
2820 4303 2970 4351 certe
3006 4296 3180 4368 ipsam
3221 4298 3277 4352 in
3318 4301 3573 4371 passione

1985 4393 2210 4435 carnem
2248 4382 2683 4438 mortilieandam
2721 4385 2835 4441 sive
2880 4387 3230 4444 occidendam
3272 4392 3489 4459 tradit._

2057 4468 2171 4524 Iter
2212 4480 2386 4525 autem
2431 4473 2710 4542 impiorum
2747 4477 2966 4547 decipiet
3017 4494 3125 4532 eos.
3174 4478 3309 4536 Cum
3351 4483 3439 4540 vel
3474 4501 3569 4542 sua

1990 4561 2227 4618 retinere
2280 4563 2365 4617 vel
2419 4563 2592 4619 aliena
2648 4582 2841 4638 rapere
2898 4570 3154 4640 gaudent.
3215 4573 3370 4632 Unde
3422 4587 3570 4636 recte

1989 4650 2108 4721 subj
2117 4652 2238 4724 ungi
2249 4662 2353 4707 tur.

2062 4742 2188 4798 Non
2229 4745 2456 4801 inveniet
2500 4748 2872 4818 fraudulentus
2910 4750 3148 4822 lucrum,
3185 4768 3232 4812 et
3274 4760 3570 4819 substantia

1985 4831 2214 4887 [lautitiis
2247 4834 2345 4888 erit
2376 4837 2497 4890 auri
2523 4839 2768 4908 pretium.
2803 4841 3016 4899 Fraude
3046 4861 3277 4916 namque
3304 4852 3568 4920 acquisita

1986 4922 2213 4990 pecunia
2254 4924 2373 4994 plus
2417 4925 2469 4979 in
2503 4927 2681 4983 anima
2712 4931 2893 4987 damni
2936 4950 3099 5004 quam
3132 4937 3266 4992 lucri
3307 4938 3361 4992 in
3405 4956 3564 5005 arca.

1984 5018 2041 5065 et
2065 5012 2157 5081 qui
2188 5014 2461 5084 propriam
2503 5031 2602 5086 pro
2633 5019 2860 5074 Domino
2897 5025 3255 5079 substantiam
3297 5028 3444 5082 novit
3487 5030 3566 5084 di-

1981 5116 2240 5172 spensare
2283 5116 2665 5183 remunerante
2720 5110 2837 5179 ipso
2889 5126 2990 5181 pro
3040 5115 3273 5169 terrenis
3322 5117 3563 5174 cmlestia

1980 5191 2125 5247 ‘doua
2182 5195 2428 5267 recipiet.
2476 5196 2689 5253 Aliter:
2743 5198 2869 5254 Non
2916 5202 3136 5257 inveniet
3186 5204 3560 5274 fraudulentus

1979 5280 2185 5337 lucrum
2203 5324 2219 5350 ,
2246 5295 2293 5339 et
2322 5286 2617 5342 substantia
2645 5289 2871 5345 hominis
2900 5291 2998 5344 erit
3028 5293 3150 5346 auri
3175 5296 3400 5364 pretium
3420 5339 3436 5364 ,
3469 5300 3565 5369 qui

1978 5371 2318 5431 fraudulenta
2349 5386 2530 5436 mente
2556 5380 2775 5435 simulat
2803 5396 2864 5436 se
2898 5397 3019 5439 esse
3044 5383 3245 5440 bonum
3271 5427 3286 5454 ,
3314 5390 3565 5460 nequiter

1978 5463 2165 5520 vivens
2202 5466 2256 5520 in
2293 5468 2505 5525 occulto
2544 5486 2650 5526 non
2677 5472 2883 5528 invenit
2905 5474 3048 5531 bona
3072 5476 3199 5533 vitae
3227 5484 3509 5551 sequentis
3539 5503 3553 5540 :

1978 5554 2079 5621 Qui
2119 5568 2298 5613 autem
2343 5561 2697 5619 substantiam
2725 5564 2986 5623 virtutum
3026 5571 3358 5643 spiritalium
3395 5593 3556 5634 vera-

1977 5648 2112 5704 citer
2151 5652 2416 5722 acquirit,
2460 5659 2791 5715 mercabitur
2828 5678 2892 5718 ex
2934 5679 2998 5721 ea
3046 5668 3351 5727 claritatem
3400 5677 3555 5747 regni

1974 5739 2227 5831 perennis
2248 5781 2263 5805 ,
2293 5742 2437 5812 quod
2465 5745 2645 5804 verbis
2672 5756 3029 5821 sequentibus.
3049 5762 3288 5831 apertius
3322 5739 3480 5819 dicit:

2046 5826 2112 5882 In
2135 5831 2321 5886 semita
2337 5833 2563 5903 justitire
2591 5839 2717 5911 vita,
2749 5844 2849 5900 iter
2875 5857 3048 5905 autem
3080 5826 3285 5908 devium
3313 5857 3456 5909 ducit
3484 5857 3556 5910 ad
