3962 6198
409 353 513 410 726

1033 348 1095 403 Β.
1128 347 1384 404 BABANI
1426 345 1650 406 MAURI
1689 344 2013 403 ARCHIEP.
2054 344 2363 408 MOGUNT.
2405 353 2688 412 OPERUM
2720 353 2902 412 PARS
2937 356 3024 414 Ill.

3571 361 3676 417 τω

406 472 646 524 mortem.
694 459 900 518 Semita
935 461 1078 516 enim
1099 461 1324 530 justitiae
1351 463 1711 520 substantiam
1750 460 1982 532 acquirit
2010 461 2059 520 A
2088 474 2318 530 cessant,
2361 479 2624 538 reguntur
2661 469 3032 527 moderatione
3078 471 3377 544 sapientiae,
3417 489 3538 547 quae
3581 491 3676 534 eos

404 559 698 623 virtutum,
729 555 925 627 quibus
953 563 1154 610 reterns
1187 555 1310 610 vita;
1349 555 1569 612 claritas
1611 570 1746 610 auro
1787 557 1988 626 pretio-

405 649 518 704 sior
558 649 777 714 emitur,
824 647 926 700 iter
966 655 1144 700 autem
1181 661 1409 716 pravum
1458 660 1566 716 quo
1612 644 1989 700 fraudulentus

2084 557 2295 629 iurgari
2325 575 2430 614 non
2465 559 2611 616 sinit.

2161 646 2468 704 Substantia
2494 653 2754 722 pestinata
2778 655 3065 720 minuetur,
3095 657 3185 727 qui
3211 666 3385 712 autem
3414 656 3676 729 paulatim

407 739 605 794 incedit
645 739 856 810 perdito
903 738 1052 792 lucro
1101 737 1420 806 temporali,
1465 736 1609 808 quod
1654 737 1878 806 appetiit
1921 737 1989 792 ad
2089 736 2283 808 colligit
2308 755 2490 808 manu,
2521 741 2968 812 multiplicabitur.
3021 743 3128 810 Qui
3150 746 3326 800 volunt
3349 748 3532 802 divites
3553 749 3680 820 ﬁeri

404 840 632 885 mortem
663 845 823 901 (piam
855 831 1139 900 providere
1170 828 1340 883 noluit
1373 829 1545 883 tendit
1573 829 1982 898 sempiternam.

989 918 1218 975 CAPUT
1255 919 1394 974 Xlll.

473 1017 645 1073 Filius
685 1019 890 1088 sapiens
936 1019 1178 1073 doctrina
1205 1021 1412 1089 patris;
1449 1021 1538 1091 qui
1576 1028 1754 1073 autem
1797 1015 1986 1072 illusor

399 1120 472 1165 est
497 1151 512 1176 ,
556 1127 660 1164 non
704 1111 852 1164 audit
881 1127 1000 1164 cum
1030 1112 1290 1180 arguitur.
1325 1111 1560 1165 Tantum
1589 1112 1733 1166 inter
1758 1109 1978 1179 sapien-

400 1212 508 1256 tem
537 1201 701 1256 distat
725 1209 782 1256 et
809 1201 1051 1265 stultum,
1069 1209 1128 1256 ut
1157 1201 1246 1256 hic
1263 1201 1552 1271 aliquando
1581 1199 1830 1270 profectu
1859 1215 1985 1256 eru-

400 1293 620 1348 ditionis
647 1293 714 1346 ad
743 1308 866 1347 eum
886 1333 900 1356 ,
934 1293 1024 1362 qui
1057 1307 1117 1348 se
1146 1293 1406 1349 docuerat
1440 1293 1742 1349 docendum
1780 1308 1980 1363 prove-

397 1383 512 1436 niat
530 1423 544 1448 ,
576 1382 664 1438 ille
689 1399 789 1438 nec
815 1399 936 1438 cum
965 1384 1214 1452 arguitur
1243 1383 1456 1438 noverit
1483 1368 1692 1441 audire.

475 1473 597 1528 Vult
632 1484 681 1528 et
719 1493 820 1529 non
863 1473 967 1528 uult
1007 1475 1173 1546 piger,
1215 1477 1395 1529 anima
1434 1485 1610 1530 autem
1650 1477 1978 1545 operantium

397 1562 824 1633 impingttabilur.
867 1563 1034 1618 Recte
1071 1564 1210 1636 pigri
1250 1564 1514 1620 vocabulo
1541 1566 1852 1632 denotatur,
1883 1567 1976 1637 qui

395 1651 510 1706 vult
555 1667 783 1722 regnare
823 1669 948 1708 cum
987 1655 1134 1720 Deo,
1179 1661 1234 1709 et
1276 1671 1385 1710 non
1431 1656 1542 1710 vult
1585 1655 1832 1712 laborare
1875 1673 1977 1727 pro

397 1747 541 1812 Deo,
573 1747 842 1803 delectant
883 1749 1106 1817 prmmia
1145 1764 1267 1804 cum
1313 1749 1653 1820 pollicentur,
1700 1750 1978 1806 deterrent

2088 829 2324 882 incidunt
2351 831 2406 883 in
2445 831 2778 886 tentatianem
2818 832 2870 902 (Ι
2903 831 3036 888 Tim.
3069 833 3167 905 γι),
3211 851 3388 906 neque
3419 839 3564 908 ipsas
3594 839 3680 892 di-

2085 917 2247 972 vitias
2269 933 2405 988 quas
2432 920 2516 974 vel
2546 921 2849 990 acquirunt,
2885 923 2969 977 vel
3007 925 3231 994 cupiunt
3262 937 3524 997 perpetuo
3553 945 3678 993 uos-

2087 1008 2284 1074 sident,
2311 1010 2402 1081 qui
2429 1021 2607 1065 autem
2634 1027 2732 1082 pro
2758 1013 3066 1087 accipienda
3085 1017 3387 1074 substantia
3419 1020 3678 1090 praemio-

2087 1113 2205 1152 rum
2230 1098 2532 1155 etelestium
2563 1102 2724 1171 justis
2759 1103 2961 1158 insistit
3005 1105 3302 1173 laboribus,
3350 1109 3677 1180 multiplicia

2085 1207 2332 1263 superna:
2357 1193 2706 1250 beatitudinis
2731 1211 2952 1251 munera
2990 1197 3271 1270 percipiet,
3308 1200 3376 1256 de
3410 1217 3516 1272 quo
3545 1212 3679 1274 apte

2084 1282 2350 1338 subditur.

2157 1370 2287 1441 Spes
2321 1381 2492 1428 autem
2533 1391 2652 1446 qua:
2691 1375 2934 1445 diﬁ'ertur
2966 1378 3143 1450 afﬂigit
3183 1382 3438 1449 animum,
3467 1382 3678 1455 lignum

2083 1463 2199 1518 vita:
2217 1464 2536 1518 desiderium
2552 1466 2777 1521 veniens.
2827 1467 2963 1534 Quia
2983 1470 3236 1526 nimirum
3259 1474 3497 1544 quandiu
3515 1473 3678 1531 εἰὶσε-

2082 1561 2234 1608 retur
2271 1567 2396 1624 spes
2439 1563 2767 1610 azternorum
2806 1556 2992 1628 amigit
3015 1560 3254 1616 animam
3281 1561 3537 1628 fidelium,
3583 1565 3672 1620 vel

2079 1657 2180 1714 pro
2213 1643 2470 1700 dilatione
2503 1645 2752 1702 videlicet
2777 1647 3040 1703 bonorum
3079 1667 3200 1721 quze
3238 1662 3406 1718 amat,
3442 1653 3528 1710 vel
3564 1671 3671 1727 pro

2081 1732 2322 1788 illatione
2349 1733 2614 1790 malorum
2642 1749 2761 1805 quae
2809 1737 3022 1793 tolerat.
3065 1739 3136 1794 At
3163 1741 3254 1796 ubi
3288 1743 3495 1798 venerit
3521 1745 3675 1814 quod

395 1839 694 1894 certamina
747 1855 868 1895 cum
913 1839 1190 1908 iubemur.
1245 1842 1320 1896 De
1367 1857 1476 1912 quo
1520 1841 1688 1897 ,παροδ
1735 1843 1848 1898 ait;
1883 1839 1978 1896 νίν
2004 1825 2055 1887 Β
2082 1823 2374 1912 desiderat,
2403 1825 2558 1880 facile
2586 1825 2924 1882 obliviscitur
2949 1829 3092 1899 quod
3140 1833 3493 1900 sustinuerat,
3539 1835 3674 1904 quia

395 1931 593 2002 duplici
638 1932 814 1986 animo
857 1933 1162 1986 inconstans
1207 1941 1284 1986 est
1331 1933 1388 1988 in
1436 1933 1676 1988 omnibus
1722 1934 1818 1989 viis
1867 1933 1979 1989 suis

2081 1911 2137 1967 in
2183 1921 2442 1970 mternum
2489 1917 2670 1974 vivere
2721 1917 2908 1989 incipit
2947 1934 3071 1976 cum
3124 1937 3223 1977 suo
3267 1921 3628 1996 Redemptore
3653 1966 3670 1992 ,

396 2021 558 2094 (Jac.
592 2021 688 2090 t);
741 2032 796 2078 et
844 2021 986 2078 ﬁlius
1031 2021 1272 2079 Sirach:
1327 2021 1414 2079 νω
1464 2026 1728 2096 peccatori
1781 2035 1972 2080 terram

2085 2023 2238 2078 quem
2268 2016 2380 2064 tota
2405 2011 2704 2066 intentione
2722 2013 3028 2082 quaerebat,
3055 2013 3168 2086 ipse
3187 2023 3271 2070 est
3294 2015 3440 2070 enim
3461 2016 3672 2089 lignum

393 2110 707 2182 ingredienti
734 2111 939 2166 duabus
965 2113 1064 2167 viis
1096 2111 1308 2185 (Eccli.
1342 2113 1446 2186 ιι).
1481 2114 1582 2182 Qui
1617 2125 1797 2172 autem
1820 2115 1976 2186 jussa

391 2211 650 2274 cperatur
691 2204 1002 2272 Dominica,
1050 2206 1172 2263 ideo
1215 2206 1423 2263 faciunt
1465 2209 1592 2280 quia
1641 2210 1824 2264 anima
1854 2209 1976 2265 illo-

391 2313 512 2353 rum
540 2297 779 2370 perfecta
819 2314 1174 2371 supernorum
1214 2301 1500 2358 dulcedine
1541 2302 1786 2358 reﬁcitur
1815 2301 1974 2372 juxta

392 2405 519 2445 eum
569 2391 662 2460 qui
710 2391 996 2447 Dominum
1051 2392 1306 2449 obsecrat
1357 2395 1580 2460 dicens,
1636 2397 1769 2449 sicut
1821 2395 1976 2467 adipe

392 2482 722 2552 pinguedim's
768 2482 1028 2552 repleatur
1069 2485 1250 2538 anima
1289 2501 1404 2539 mea
1435 2483 1618 2556 (Psal.
1653 2485 1836 2556 LXII),
1887 2485 1971 2539 vel

389 2581 540 2624 certe
584 2571 782 2624 anima‘
814 2574 1155 2642 operantium
1206 2574 1648 2646 impinguabitur,
1701 2575 1828 2644 quia
1877 2576 1970 2645 qui

389 2661 491 2731 piis
516 2678 616 2732 pro
644 2661 871 2718 Domino
899 2663 1176 2721 laboribus
1212 2666 1469 2722 insudant
1494 2707 1508 2732 ,
1543 2667 1754 2722 caelesti
1783 2675 1838 2722 et
1871 2668 1974 2722 im-

389 2755 747 2810 marcescibili
778 2764 902 2826 post
933 2757 1143 2814 labores
1173 2759 1425 2814 mercede
1453 2761 1819 2816 donabuntur.

461 2845 555 2900 Est
585 2848 737 2917 quasi
765 2848 904 2903 dives
929 2865 1047 2903 cum
1079 2849 1210 2904 nihil
1235 2851 1456 2917 habeat,
1484 2861 1531 2906 et
1559 2861 1634 2906 est
1660 2853 1814 2923 quasi
1837 2870 1971 2924 pau-

385 2953 495 3006 per,
526 2953 645 2990 cum
673 2937 728 2991 in
758 2937 936 2994 multis
975 2939 1172 2994 divitiis
1210 2941 1296 2994 sit.
1341 2940 1500 2998 Dives
1542 2941 1646 2998 sibi
1687 2943 1971 3000 videbatur

387 3028 476 3084 ille
521 3029 614 3100 qui
644 3029 968 3086 induebatur
1015 3047 1256 3102 purpura
1308 3041 1363 3088 et
1409 3032 1608 3104 bysso,
1643 3033 1968 3104 epulabatur

385 3118 625 3196 quotidie
673 3119 982 3190 splendide,
1035 3121 1130 3176 sed
1179 3121 1305 3193 quia
1351 3122 1520 3178 Deum
1577 3139 1682 3180 non
1734 3125 1961 3192 habuit,

2075 2097 2202 2154 vitae
2226 2098 2674 2168 amplectentibus
2693 2117 2773 2158 se.

2148 2186 2254 2254 Qui
2282 2189 2508 2244 detrahit
2537 2191 2700 2246 alicui
2733 2193 2828 2260 rei,
2866 2193 2976 2263 ipse
3013 2211 3068 2248 se
3105 2195 3156 2250 in
3183 2195 3423 2266 futurum
3446 2197 3670 2268 obligat.

2075 2275 2177 2344 Qui
2213 2278 2370 2334 bonae
2412 2279 2492 2336 rei
2537 2282 2772 2337 detrahit
2804 2299 2863 2338 se
2899 2283 2955 2338 in
2985 2283 3226 2339 futurum
3270 2287 3490 2358 obligat,
3536 2291 3672 2359 quia

2075 2368 2216 2440 quod
2244 2385 2353 2423 non
2381 2370 2565 2426 debuit
2590 2372 2838 2428 faciendo
2863 2388 3079 2444 pmnam
3109 2376 3233 2442 sibi,
3263 2393 3368 2448 qua
3389 2379 3669 2434 constrin-

2073 2473 2230 2533 gatur
2251 2472 2540 2533 praeparat,
2573 2465 2666 2520 sed
2695 2473 2754 2518 et
2775 2465 2822 2520 is
2847 2466 2938 2535 qui
2970 2465 3122 2520 malae
3147 2469 3224 2521 rei
3259 2468 3511 2532 detrahit,
3545 2469 3668 2540 ipse

2073 2569 2132 2609 se
2173 2555 2228 2608 in
2267 2554 2506 2610 futurum
2545 2556 2768 2628 obligat,
2810 2572 2919 2612 non
2954 2565 3014 2611 ut
3054 2573 3153 2628 pro
3197 2559 3290 2614 tali
3329 2561 3669 2618 detractione

2071 2661 2262 2716 poenas
2290 2647 2423 2712 luat,
2459 2647 2554 2702 sed
2589 2656 2648 2702 ut
2695 2656 2817 2718 post
2860 2649 3246 2706 detractionem
3291 2667 3410 2708 sese
3451 2655 3670 2710 cautius

2071 2751 2214 2814 agat,
2247 2743 2371 2813 quia
2417 2743 2674 2799 nimirum
2704 2759 2824 2814 quae
2865 2745 2921 2800 in
2957 2744 3078 2800 aliis
3112 2745 3258 2817 juste
3289 2748 3662 2818 reprehendit.

2072 2831 2188 2904 ipse
2229 2834 2447 2904 impune
2485 2850 2592 2890 non
2633 2834 2870 2889 admittit
2903 2835 3173 2892 clamante
3218 2836 3520 2910 Apostolo;
3557 2836 3665 2904 Qui

2069 2925 2328 2996 praedicas
2357 2943 2458 2980 non
2489 2925 2792 2994 furandum,
2828 2926 3067 2996 (ureris;
3101 2927 3191 2998 qui
3227 2927 3359 2982 dicis
3393 2945 3499 2983 non
3535 2945 3669 2983 mm-

2070 3016 2356 3083 chandum,
2400 3017 2707 3082 maecharis;
2746 3018 2837 3088 qui
2875 3015 3194 3072 abominaris
3233 3018 3402 3084 idola,
3444 3019 3669 3077 sacrile-

2070 3107 2215 3178 gium
2243 3106 2378 3176 [acts
2410 3104 2588 3179 (Rom.
2621 3107 2704 3181 ιι).

382 3189 649 3280 comperit
688 3189 744 3272 in
785 3209 890 3266 fine
930 3211 1006 3266 nil
1045 3189 1214 3270 fuisse
1251 3215 1394 3282 quod
1436 3215 1653 3280 habuit,
1694 3215 1838 3271 unde
1879 3189 1966 3270 die

2146 3193 2250 3260 Qui
2273 3206 2448 3250 autent
2470 3196 2614 3250 timet
2633 3206 2969 3268 prtcceptum,
2990 3197 3047 3252 in
3065 3215 3192 3269 pace
3213 3199 3520 3255 versabitur.
3552 3201 3664 3256 Me-

387 3309 531 3354 cttun
569 3307 654 3354 est
694 3299 761 3354 de
805 3300 1004 3357 talibus
1033 3320 1045 3355 :
1078 3301 1415 3358 Dormierunt
1439 3321 1676 3358 somnum
1703 3321 1888 3371 suum,
1917 3313 1968 3358 et

386 3389 516 3444 nihil
541 3391 841 3445 invenerunt
866 3391 964 3446 viri
986 3408 1162 3447 omnes
1187 3393 1490 3448 divitiarum
1511 3395 1566 3448 in
1590 3394 1830 3450 manibus
1856 3395 1968 3451 suis

387 3480 573 3554 (Psal.
619 3481 810 3552 Lxxv).
859 3481 1069 3553 Pauper
1094 3497 1126 3538 e
1154 3491 1343 3538 contra
1382 3483 1668 3539 videbatur
1702 3483 1964 3554 Lazarus,

387 3574 481 3646 qui
522 3574 739 3646 jacebat
763 3574 830 3629 ad
873 3573 1098 3643 ianuam
1133 3576 1250 3647 ejus
1294 3575 1566 3634 ulceribus
1598 3577 1828 3648 plenus,
1867 3580 1966 3636 sed

387 3668 443 3722 in
479 3666 663 3722 multis
703 3675 824 3723 erat
857 3667 1091 3733 divitiis,
1120 3667 1211 3738 qui
1246 3667 1502 3724 virtutem
1539 3667 1729 3725 habuit
1753 3670 1970 3726 humili-

392 3762 516 3816 tatis
539 3803 552 3827 ,
581 3763 674 3832 qui
707 3761 1040 3817 conditorem
1079 3763 1322 3818 omnium
1362 3763 1674 3819 divitiarum
1713 3763 1968 3823 videlicet

389 3857 556 3912 Deum
599 3857 761 3913 corde
801 3856 1079 3928 gestabat,
1107 3857 1233 3926 quid
1259 3863 1438 3912 autem
1468 3871 1610 3913 verae
1639 3857 1842 3914 divitiae
1871 3874 1968 3914 va-

386 3945 564 4014 leant,
613 3946 742 4018 quid
790 3963 917 4001 vera
964 3955 1250 4018 paupertas
1297 3954 1422 4018 agat
1465 3948 1744 4004 subdeudo
1785 3950 1965 4006 mani-

385 4037 570 4094 festat.

402 4148 414 4160 -
459 4127 761 4198 Redemptio
789 4129 978 4182 anima:
1002 4129 1097 4182 viri
1125 4129 1322 4182 divitia:
1343 4137 1485 4195 sunt,
1517 4129 1606 4200 qui
1643 4139 1816 4185 autem
1835 4147 1971 4201 pau-

383 4235 474 4290 per
501 4229 575 4274 est
601 4218 1003 4288 increpationem
1034 4235 1136 4274 non
1161 4221 1398 4274 sustinet.
1443 4220 1542 4288 Qui
1574 4235 1703 4292 ergo
1733 4223 1969 4277 animam

386 4323 539 4361 suam
585 4307 700 4362 vult
743 4307 930 4361 redimi
980 4323 1010 4360 a
1053 4309 1233 4361 futura
1271 4308 1376 4374 ira,
1420 4319 1708 4381 congregat
1755 4310 1970 4366 divitias

385 4413 608 4466 operum
641 4397 928 4462 bonorum,
955 4397 1048 4470 qui
1081 4397 1225 4454 enim
1262 4407 1384 4470 eget
1410 4398 1717 4468 hujusmodi
1746 4402 1967 4468 divitiis,

386 4488 806 4558 lncrepationem
853 4489 1084 4544 districti
1118 4488 1316 4560 judicis
1355 4491 1624 4546 sustinere
1660 4507 1764 4546 non
1805 4493 1966 4547 valet.

2071 3285 2178 3343 lius
2207 3295 2290 3343 est
2319 3302 2447 3361 ergo
2473 3286 2540 3342 de
2569 3301 2667 3342 sua
2693 3303 2962 3358 quemque
2983 3287 3277 3360 fragilitate
3297 3301 3558 3355 metuere,
3593 3308 3662 3348 ne

2068 3376 2213 3434 forte
2236 3375 2418 3432 divina
2442 3376 2828 3448 prtevaricetur
2855 3377 3100 3449 imperia,
3127 3393 3291 3452 quam
3316 3379 3550 3436 aliorum
3580 3397 3666 3437 ero

2070 3481 2191 3530 rata
2221 3471 2388 3528 stulto
2433 3485 2529 3526 ore
2575 3470 2837 3538 lacerare,
2869 3471 3081 3528 dicente
3121 3487 3311 3529 rursus
3357 3472 3617 3542 Apostolo
3641 3492 3658 3526 :

2069 3561 2189 3618 Etsi
2223 3571 2617 3634 prteoccupatus
2645 3561 2803 3632 fuerit
2832 3563 2985 3617 homo
3019 3563 3076 3617 in
3107 3562 3285 3633 aliquo
3315 3564 3531 3629 delicto,
3575 3581 3660 3619 eos

2069 3656 2160 3728 qui
2183 3653 2444 3727 spiritales
2468 3655 2591 3709 estis
2619 3654 2860 3708 instruite
2884 3654 3186 3724 hujusmodi
3211 3657 3267 3709 iu
3291 3655 3484 3724 spiritu
3512 3672 3633 3708 man

2068 3747 2362 3803 suetudinis
2389 3787 2407 3814 ,
2466 3745 2803 3802 considerans
2855 3746 3078 3817 teipsum
3126 3763 3190 3802 ne
3240 3755 3289 3802 et
3336 3757 3396 3802 tu
3447 3747 3658 3802 tentari;

2071 3831 2224 3912 (cat:
2250 3839 2349 3912 vn).

2139 3936 2359 3991 Astutus
2384 3934 2562 3990 omnia
2587 3934 2694 4004 agit
2723 3948 2843 3988 cum
2868 3931 3110 3998 consilio,
3141 3933 3232 4005 qui
3263 3940 3436 3988 autem
3477 3933 3658 4003 fatuus

2071 4041 2166 4100 est,
2197 4031 2393 4102 aperiet
2425 4027 2722 4084 stultitiam.
2772 4027 2871 4084 Ubi
2897 4027 3078 4084 omnia
3104 4042 3228 4084 cum
3254 4026 3480 4084 consilio
3502 4027 3658 4082 docet

2071 4121 2298 4195 agenda,
2325 4119 2564 4177 divinum
2597 4119 2778 4190 potius
2805 4119 2949 4189 quod
2975 4119 3146 4174 sacris
3173 4117 3404 4188 eloquiis
3427 4117 3654 4172 inditum

2070 4225 2173 4281 est,
2210 4229 2372 4285 quam
2409 4213 2706 4268 humanum
2748 4210 3047 4281 intelligere
3087 4211 3391 4267 consilium.
3451 4208 3658 4264 Fatuus

2071 4317 2156 4364 est
2182 4306 2327 4361 enim
2355 4304 2448 4376 qui
2470 4311 2624 4358 extra
2653 4303 2758 4359 hoc
2781 4302 3064 4359 consilium
3100 4303 3250 4367 vivit,
3291 4302 3539 4372 quamvis
3559 4317 3658 4358 na-

2073 4396 2320 4453 turaliter
2340 4403 2551 4450 astutus
2573 4408 2696 4451 esse
2713 4393 2959 4452 videatur
2977 4402 3036 4450 et
3059 4394 3314 4466 prudens,
3337 4393 3405 4450 de
3433 4408 3542 4464 quo
3565 4407 3652 4448 re-

2074 4498 2158 4547 cte
2186 4489 2454 4546 subditur.

388 4538 586 4649 Dean
611 4578 894 4634 Psalmista
915 4538 1149 4648 βοειυὶθὶ
1185 4581 1406 4636 dicens:
1441 4581 1676 4645 Domine,
1697 4600 1760 4637 ne
1788 4583 1841 4637 in
1875 4583 1968 4653 fu-
1992 4538 2049 4602 Ι)
2147 4581 2381 4639 Nuntius
2414 4581 2562 4652 impii
2598 4579 2738 4635 cadit
2768 4580 2824 4634 in
2863 4579 3082 4636 malum.
3119 4579 3306 4636 Arium
3350 4588 3530 4636 autem
3574 4579 3654 4634 ait

389 4687 506 4728 rore
531 4680 622 4726 tuo
655 4686 849 4740 arguas
883 4686 981 4735 me,
1024 4685 1186 4740 neque
1223 4670 1276 4724 in
1319 4669 1401 4723 ira
1453 4681 1545 4725 tua
1591 4671 1845 4742 corripias
1891 4690 1972 4728 me

387 4761 560 4835 (Psal.
588 4762 738 4834 xxx).
786 4761 1038 4832 Alioquin
1066 4777 1329 4832 pauperes
1357 4763 1548 4833 spiritu
1571 4781 1678 4820 non
1703 4766 1774 4821 ibi
1798 4766 1972 4822 incre-

386 4865 584 4932 pantur
621 4871 652 4920 a
693 4853 936 4934 Domino,
966 4853 1060 4908 sed
1088 4852 1516 4912 benedictionem
1540 4862 1756 4912 ueterum
1794 4857 1954 4913 haare'

386 4949 570 5014 ditatis
589 4945 911 5020 percipiunt.

455 5041 576 5096 Lua:
605 5039 876 5112 justorum
917 5035 1168 5114 ludiﬁcat,
1209 5035 1426 5092 lucerna
1470 5046 1646 5092 autem
1691 5039 1970 5109 impiorum

385 5135 764 5206 exstinguetur.
811 5131 929 5193 Lux
953 5128 1225 5204 iustorum
1263 5144 1384 5202 quae
1422 5141 1682 5203 perpetuo
1709 5131 1968 5202 laetiﬁcat,

385 5241 512 5308 spes
537 5233 618 5280 est
645 5223 968 5283 futurorum.
1013 5220 1260 5278 Lucerna
1290 5221 1578 5294 impiorum
1602 5238 1724 5294 quae
1749 5235 1972 5296 repente

387 5317 750 5389 exstinguitur
770 5314 1000 5370 felicitas
1025 5312 1206 5368 szeculi
1229 5312 1479 5372 labentis.

459 5405 607 5461 Inter
631 5405 874 5476 superbos
897 5421 1097 5476 semper
1111 5404 1296 5478 jurgia
1317 5413 1460 5471 sunt,
1489 5421 1578 5476 qui
1608 5415 1782 5460 autem
1804 5417 1966 5478 agunt

388 5509 574 5554 cuncta
610 5497 848 5564 consilio,
891 5507 1142 5568 reguntur
1169 5496 1446 5568 sapientia.
1497 5495 1794 5571 Jurgantur
1829 5499 1968 5555 inter

390 5603 450 5643 se
479 5603 693 5657 semper
721 5587 979 5654 haeretici,
1001 5587 1289 5658 jurgantur
1317 5597 1372 5642 et
1395 5591 1576 5645 caeteri
1607 5590 1842 5661 reprobi,
1876 5590 1968 5659 qui

391 5679 640 5735 videlicet
674 5693 782 5734 non
821 5687 1021 5734 norunt
1041 5679 1300 5734 unitatem
1327 5679 1450 5735 lidei
1472 5687 1528 5735 et
1548 5681 1810 5746 veritatis,
1839 5681 1970 5737 lide-

394 5772 472 5835 lcs
495 5777 672 5828 autem
692 5771 786 5831 uui
803 5771 1026 5830 «insilio
1048 5771 1349 5830 divinorum
1375 5773 1711 5853 eloquiorum
1733 5774 1836 5838 frui
1863 5794 1968 5834 non

2073 4681 2128 4729 et
2157 4672 2448 4728 Sabellium
2475 4681 2806 4742 caaterosque
2838 4671 3076 4742 angelos,
3106 4671 3161 4727 id
3187 4679 3290 4736 est,
3320 4669 3534 4726 nuntios
3556 4669 3653 4726 Sa-

2072 4775 2211 4820 tanae
2232 4807 2246 4831 ,
2288 4765 2380 4836 qui
2417 4764 2672 4834 quoniam
2706 4764 2990 4821 consilium
3021 4764 3306 4834 neglexere
3343 4763 3645 4819 divinarum

2073 4856 2288 4927 Scriptu
2297 4872 2477 4916 rarum
2503 4856 2820 4912 deciderunt
2839 4855 2894 4910 in
2915 4854 3115 4911 malum
3135 4854 3513 4926 gehennalium
3542 4862 3648 4910 tor-

2073 4954 2397 5005 mentorum.
2627 5000 2634 5006 ,

2145 5036 2372 5110 Legatus
2411 5047 2586 5093 autem
2621 5035 2796 5106 ﬁdelis
2830 5037 3052 5094 sanitas.
3101 5035 3160 5092 ω
3207 5044 3309 5102 est,
3355 5034 3649 5093 catholicus

2074 5129 2304 5202 quisque
2330 5129 2657 5200 praedicator
2683 5126 2970 5184 sanitatem
2993 5124 3120 5194 sibi,
3147 5124 3368 5196 suisque
3387 5124 3647 5184 auditori-

2072 5224 2175 5281 bus
2193 5219 2426 5292 acquirit
2447 5228 2730 5283 aeternam.

2145 5313 2479 5370 Desiderium
2510 5315 2556 5368 si
2587 5311 2931 5384 compleatur,
2965 5312 3186 5368 delectat
3215 5313 3452 5367 animum
3473 5326 3493 5366 :
3513 5311 3650 5366 dete-

2073 5418 2284 5466 stantur
2301 5408 2451 5464 stulti
2471 5424 2557 5462 eos
2577 5407 2666 5479 qui
2687 5407 2894 5477 fugiunt
2921 5405 3083 5462 mala.
3115 5403 3288 5462 Omne
3307 5404 3645 5465 desiderium.

2076 5502 2190 5557 sive
2215 5502 2414 5556 bonum
2443 5499 2556 5554 sive
2583 5497 2782 5552 malum
2805 5500 2898 5562 sit,
2925 5497 3014 5552 ubi
3041 5497 3108 5551 ad
3129 5496 3378 5553 eﬂ'ectum
3399 5512 3648 5567 pervene-

2073 5591 2149 5649 rit
2165 5591 2398 5648 delectat
2416 5590 2674 5654 animam,
2700 5588 2795 5643 sed
2816 5587 2966 5644 stulti
2991 5587 3083 5658 qui
3111 5586 3415 5644 carnalibus
3441 5586 3646 5646 deside-

2077 5685 2176 5741 riis
2217 5684 2472 5756 gaudent,
2521 5682 2859 5738 detestantur
2899 5696 2994 5747 eos
3034 5683 3126 5751 qui
3161 5697 3262 5753 pro
3310 5695 3499 5738 amore
3537 5693 3646 5737 cm—

2076 5777 2312 5842 lestium,
2349 5775 2531 5832 inﬂata
2575 5773 2969 5840 oblectamenta
3009 5782 3378 5834 contemnunt.
