3962 6198
388 349 493 407 725

1167 345 1532 405 EXPOSITIO
1569 345 1635 401 [Ν
1672 344 2062 403 PROVERBIA
2100 343 2510 404 SALOMONIS.
2550 377 2620 386 —-
2655 344 2783 400 LIB.
2826 344 2891 401 ῐῐ.

3543 345 3651 402 Ἱὲϐ

456 468 561 537 Qui
593 484 713 522 cum
749 444 1066 537 sapientibus
1097 462 1339 535 graditur
1371 463 1578 533 sapiens
1608 463 1728 527 erit,
1765 461 1964 515 amicus
1993 462 2044 521 A
2068 461 2393 518 versiculum
2442 463 2648 534 antiqui
2683 464 3015 537 interpretes
3064 467 3450 521 transtulerunt
3481 485 3494 521 ε
3536 463 3651 524 Viri

382 566 666 622 stultorum
702 562 921 634 eﬁicitur
952 558 1159 616 similis.
1216 558 1349 614 Cum
1390 556 1720 627 sapientibus
1760 556 1841 610 ire
1882 560 1967 609 est

381 655 713 728 sapientiqu
756 662 910 708 actus
948 649 1188 715 imitari,
1231 647 1528 719 quamlibet
1569 661 1698 718 ergo
1738 644 1965 715 simplex

380 749 614 819 quisque
638 746 711 801 sit
732 752 787 800 et
813 741 1066 807 rusticus,
1092 742 1182 812 qui
1203 756 1398 797 arcana
1421 738 1698 809 sapientia:
1722 752 1967 807 compre—

378 839 620 895 hendere
658 843 910 906 nequeat,
950 834 994 888 si
1031 842 1208 888 tamen
1254 832 1557 902 sapientum
1603 828 1847 901 exempla
1892 827 1970 882 vi-

376 933 557 984 vendo
583 934 844 991 sectatur,
861 924 984 993 jure
1012 925 1152 978 inter
1190 923 1463 992 sapientes
1501 919 1964 983 annumerabitur,

379 1022 473 1092 qui
520 1036 653 1075 vero
693 1018 886 1073 stultos
914 1032 1016 1071 non
1044 1029 1263 1087 propter
1293 1024 1536 1069 naturam
1568 1013 1693 1084 quia
1722 1011 1968 1067 homines

380 1122 527 1177 sunt,
558 1111 651 1167 sed
675 1120 898 1182 propter
921 1108 1228 1173 stultitiam,
1257 1109 1382 1179 quia
1409 1108 1557 1161 mimi
1603 1114 1728 1161 sunt
1770 1104 1854 1160 vel
1879 1105 1965 1159 bi-

380 1202 740 1268 striones,vel
778 1200 943 1271 aliqui
984 1200 1137 1266 tales,
1167 1215 1273 1255 non
1305 1207 1363 1253 ut
1394 1197 1706 1252 instruendo
1734 1197 1970 1267 corrigat

382 1300 549 1356 amat,
590 1290 684 1345 sed
717 1298 775 1344 ut
806 1288 1034 1343 favendo
1074 1289 1371 1343 deteriores
1406 1285 1619 1352 clliciat,
1651 1286 1772 1341 talis
1810 1285 1967 1340 nimi-

380 1396 501 1436 rum
525 1381 626 1435 ctsi
655 1395 751 1451 per
779 1379 1050 1450 ingenium
1074 1379 1155 1433 vel
1177 1379 1475 1434 doctrinam
1500 1378 1716 1448 sapiens
1736 1392 1856 1432 esse
1884 1378 1965 1432 vi-

379 1472 561 1535 detur,
602 1470 888 1524 stultorum
935 1478 1061 1525 nota
1104 1470 1296 1542 dignus
1337 1468 1497 1524 simul
1539 1477 1593 1525 et
1620 1467 1967 1523 damnatione

380 1563 675 1617 tenebitur.

452 1654 632 1708 Bonus
656 1652 895 1724 relinquit
923 1652 1151 1707 Ita'redes
1173 1652 1311 1722 filios
1338 1663 1385 1707 et
1412 1661 1639 1723 nepotes,
1672 1663 1718 1707 et
1743 1653 1966 1707 custodi-

379 1755 469 1798 tur
486 1744 635 1814 justo
671 1744 965 1797 substantia
1002 1744 1305 1813 peccatoris.
1351 1745 1504 1813 Stepe
1528 1744 1772 1799 videmus
1797 1744 1966 1798 bonos

378 1836 497 1889 sine
530 1835 653 1889 ﬁliis
680 1835 852 1900 obire,
870 1834 979 1889 imo
1026 1833 1229 1903 majora
1267 1851 1296 1889 a
1349 1834 1574 1890 Domino
1606 1836 1825 1906 prtetnia
1849 1834 1965 1905 pol-
1994 1827 2040 1886 Β

379 1927 554 1994 liceri,
587 1927 673 1981 bis
706 1927 798 1997 qui
849 1926 1079 1981 ﬁliorum
1113 1928 1471 1997 procreationi
1510 1928 1832 2000 virginitatis
1872 1942 1965 1983 ca-

378 2017 692 2072 stimoniam
719 2025 1125 2088 prreposuerunt
1153 2058 1166 2082 ,
1198 2019 1290 2074 sed
1318 2026 1372 2074 et
1410 2019 1767 2075 substantiam
1794 2021 1966 2092 justo~

378 2127 500 2164 rum
534 2126 563 2163 a
590 2111 966 2181 peccatoribus
999 2110 1126 2164 tolli.
1176 2110 1308 2165 Nam
1346 2120 1400 2166 ct
1432 2112 1720 2183 Apostolus
1759 2113 1963 2184 gloriﬁ-

376 2210 468 2255 cat
496 2216 594 2256 eos
624 2202 714 2271 qui
746 2202 987 2271 rapinam
1029 2202 1290 2257 bonorum
1333 2219 1552 2258 suorum
1598 2219 1720 2258 cum
1769 2204 1965 2275 gaudio

377 2300 755 2363 susceperunt,
797 2293 940 2347 unde
993 2294 1311 2363 spiritaliter
1360 2294 1789 2366 intelligendum,
1838 2296 1963 2364 quia

376 2384 554 2439 bonus
599 2393 653 2438 et
689 2383 868 2451 justus
918 2386 1173 2440 Dominus
1222 2394 1343 2451 est,
1385 2386 1476 2454 qui
1521 2402 1617 2456 per
1658 2387 1960 2456 passionem

377 2489 534 2527 suam
562 2473 861 2528 ascendens
894 2474 947 2527 in
977 2474 1173 2529 caelum
1202 2476 1421 2546 reliquit
1448 2478 1690 2533 breredcs
1719 2494 1830 2534 sua:
1863 2480 1961 2535 do-

377 2564 568 2618 ctrinae
606 2561 876 2633 apostolos
905 2573 961 2620 et
1001 2580 1341 2621 successores
1379 2583 1587 2632 eorum,
1619 2570 1686 2625 ad
1713 2568 1865 2639 cujus
1897 2571 1960 2625 li-

378 2656 501 2711 dem
539 2671 797 2711 conversa
829 2664 913 2712 est
940 2657 1224 2715 multitudo
1249 2659 1509 2729 gentium,
1541 2676 1661 2729 qua:
1689 2671 1807 2717 erat
1837 2665 1963 2719 sub—

376 2749 577 2804 stantia
610 2749 830 2814 diaboli,
862 2749 1081 2804 intravit
1120 2767 1350 2822 namque
1381 2752 1434 2805 in
1467 2754 1685 2807 domum
1720 2753 1959 2823 ejusdem

377 2841 518 2894 male
542 2838 703 2895 fortis
733 2842 1057 2907 adversarii,
1089 2850 1142 2897 et
1165 2858 1287 2898 eum
1322 2845 1512 2915 majori
1550 2847 1749 2902 virtute
1778 2857 1962 2904 conte-

379 2946 526 2994 rens,
575 2932 797 3001 diripuit
840 2947 987 2986 arma
1035 2932 1151 3001 ejus
1200 2934 1253 2988 in
1309 2935 1503 3004 quibus
1540 2937 1865 3006 conﬁdebat,
1907 2948 1962 2995 et

376 3022 548 3091 spolia
579 3022 871 3089 distribuit,
914 3031 973 3078 ut
1015 3023 1128 3093 ipse
1163 3026 1218 3080 in
1264 3025 1552 3098 Evangelio
1594 3036 1839 3097 testatur,
1875 3031 1960 3087 vel

377 3123 526 3168 certe
550 3114 817 3170 custodita
847 3124 928 3170 est
948 3113 1096 3184 justo
1120 3117 1380 3187 sapientia
1404 3122 1720 3189 peccatoris,
1743 3124 1957 3193 quando

378 3205 615 3260 ablatum
643 3215 726 3261 est
753 3220 784 3260 a
808 3205 1004 3262 Iudaeis
1030 3223 1252 3280 regnum
1281 3187 1479 3276 Dei,vet
1503 3212 1687 3267 datum
1707 3187 1790 3270 est
1812 3215 1956 3286 genti
1986 3187 2030 3250 Ο

379 3293 599 3349 facienti
631 3296 838 3353 fructus
868 3296 1004 3366 ejus.

451 3387 508 3442 Η
512 3387 610 3444 ulti
634 3388 733 3443 cibi
762 3391 814 3443 in
834 3390 1100 3446 novalibus
1119 3389 1342 3448 Patrum
1365 3406 1411 3449 et
1435 3395 1555 3450 aliis
1576 3408 1959 3470 congregantur

378 3479 572 3549 absque
592 3480 817 3550 judicio.
861 3482 1080 3554 Absque
1108 3485 1311 3556 judicio
1345 3497 1491 3543 recto
1526 3488 1673 3556 facit,
1705 3492 1796 3561 qui
1821 3493 1957 3548 divi-

379 3571 470 3626 tiis
490 3573 877 3643 congregandis
915 3575 1132 3631 sedulus
1159 3577 1378 3644 insistit,
1418 3588 1473 3634 et
1504 3581 1601 3636 bas
1638 3593 1956 3655 aggregatas

378 3676 485 3714 non
535 3663 653 3731 ipse
699 3678 798 3733 pro
841 3663 1205 3735 redemptione
1243 3668 1437 3724 animus
1484 3686 1595 3727 suae
1632 3675 1956 3743 pauperibus

377 3753 675 3822 dispensat,
714 3755 807 3810 sed
849 3754 969 3812 aliis
1011 3765 1133 3826 post
1176 3773 1235 3812 se
1282 3759 1637 3829 dispensanda
1688 3777 1949 3829 reservat,

370 3845 525 3915 juxta
553 3846 695 3916 quod
717 3847 769 3901 in
803 3849 1081 3917 superiore
1108 3867 1265 3906 versu
1290 3852 1443 3923 juxta
1467 3853 1699 3911 litteram
1727 3857 1950 3913 dicitur:

378 3934 443 3990 Et
501 3938 795 3991 custoditur
826 3939 974 4008 justo
1025 3940 1316 3995 substantia
1370 3946 1673 4014 peccatoris.
1726 3947 1957 4004 Maxime

373 4044 496 4085 cum
537 4030 642 4085 sibi
682 4031 854 4085 victus
882 4033 1136 4097 abundet,
1170 4048 1232 4087 ex
1256 4034 1379 4105 jure
1409 4044 1645 4106 paternae
1673 4040 1956 4095 haeredita-

2056 553 2193 625 justi
2217 554 2411 609 divitiis
2437 555 2589 610 annis
2612 535 2790 609 militis
2817 555 3077 624 fruentur,
3114 555 3278 626 iniqui
3304 566 3480 612 autem
3502 562 3648 626 peri—

2065 643 2190 697 bunt
2224 644 2458 699 breviter.

2134 735 2320 790 Justus
2350 736 2593 802 comedit,
2620 746 2665 790 et
2700 736 2853 807 replet
2881 739 3112 792 animum
3138 754 3323 802 suam;
3354 749 3524 793 venter
3549 756 3638 793 au-

2067 839 2165 883 tem
2193 828 2470 901 impiorum
2498 830 2876 884 insaturabilis.
2927 827 3112 886 Justus
3134 830 3363 901 percipit
3386 830 3538 887 cibos
3566 846 3652 885 sa-

2066 923 2303 994 pientiae,
2332 923 2423 992 qui
2457 922 2510 977 in
2538 922 2818 977 novalibus
2840 922 3083 989 Patrum,
3117 923 3220 979 hoc
3251 929 3354 989 est,
3388 922 3443 978 in
3473 922 3653 993 operi-

2066 1016 2168 1071 bus
2223 1031 2287 1070 ac
2335 1014 2517 1070 verbis
2570 1015 2983 1084 prtccedcntium
3029 1011 3297 1081 justorum
3351 1013 3652 1083 probantur

2067 1107 2259 1172 exorti,
2278 1113 2332 1162 et
2356 1106 2456 1160 bos
2490 1105 2557 1159 ad
2574 1102 2868 1174 proiectura
2896 1104 3089 1158 animae
3118 1119 3228 1158 suae
3255 1103 3394 1159 bene
3422 1103 3650 1159 vivendo

2070 1195 2271 1265 trajicit
2302 1214 2313 1249 :
2351 1193 2541 1250 Venter
2578 1205 2751 1249 autent
2788 1196 3100 1265 impiorunt,
3140 1195 3192 1249 id
3230 1202 3343 1262 est,
3380 1196 3652 1267 capacitas

2069 1302 2258 1341 sensus
2282 1286 2658 1341 luereticorum
2691 1284 3071 1351 insaturabilis,
3101 1285 3228 1356 quia
3259 1286 3399 1341 sicut
3421 1286 3651 1358 Aposto-

2068 1379 2152 1435 lus
2205 1379 2327 1433 ait:
2366 1376 2578 1449 Semper
2630 1378 2922 1443 discentes,
2974 1394 3239 1450 nunquam
3292 1377 3362 1433 ad
3420 1378 3651 1433 ueritatis

2066 1461 2337 1527 scientiam
2373 1470 2673 1542 perveniunt
2699 1468 2785 1543 (II
2812 1469 2944 1525 Tim.
2972 1470 3076 1542 nt).
3124 1469 3302 1539 Quare
3343 1478 3525 1527 autem
3566 1487 3651 1527 sa-

2069 1564 2237 1618 turari
2271 1563 2495 1619 scientia
2526 1578 2631 1618 non
2663 1573 2957 1627 merentur,
2998 1561 3103 1618 nisi
3141 1562 3268 1634 quia
3308 1578 3648 1635 nequaquam

2067 1653 2253 1708 refecti
2283 1654 2438 1718 cibis,
2464 1659 2704 1723 paterna:
2738 1653 3111 1722 institutionis,
3145 1653 3266 1709 aliis
3291 1653 3389 1709 hos
3421 1670 3646 1726 congre-

2067 1755 2197 1818 gant
2220 1748 2422 1816 absque
2443 1744 2666 1814 judicio.

2651 1835 2877 1893 CAPUT
2920 1836 3060 1893 XIV.

2137 1927 2358 1999 Sapiens
2379 1926 2566 1982 mulier
2593 1927 2819 1996 ludiﬁcat
2848 1927 3058 1981 domum
3080 1944 3263 1994 suam;
3289 1928 3534 2000 insipiens
3560 1945 3651 1985 ea:-

2064 2030 2318 2076 structam
2368 2038 2570 2092 quoque
2615 2020 2841 2076 destruet
2886 2019 3146 2076 manibus.
3204 2022 3270 2076 Et
3315 2036 3648 2091 unaquazque

2067 2112 2245 2167 anima
2287 2110 2460 2165 ﬁdelis
2496 2123 2548 2166 et
2581 2110 2820 2167 Ecclesia
2867 2125 2963 2180 per
2987 2110 3176 2166 orbem
3203 2110 3463 2165 catholica
3494 2126 3646 2166 man-

2065 2204 2269 2260 sionem
2302 2203 2404 2258 sibi
2435 2204 2485 2257 in
2515 2202 2687 2273 patria
2716 2202 2920 2257 cmlesti
2952 2201 3108 2257 bonis
3134 2202 3342 2257 actibus
3368 2200 3600 2257 :cdiﬁcat
3628 2218 3644 2255 :

2065 2302 2121 2348 at
2164 2309 2290 2349 vero
2323 2293 2532 2363 reprobi
2559 2307 2624 2347 ea
2653 2308 2770 2362 qum
2799 2294 2935 2348 bene
2976 2303 3103 2347 sunt
3139 2308 3169 2347 a
3210 2291 3363 2348 bonis
3394 2292 3643 2348 ordinata

2064 2387 2204 2442 male
2227 2387 2475 2450 vivendo,
2509 2396 2563 2441 et
2600 2386 2887 2455 aliquando
2912 2393 3097 2456 aperte
3124 2383 3467 2454 repugnando
3489 2383 3647 2441 dissi-

2061 2486 2215 2551 pant,
2245 2493 2415 2548 quare
2450 2485 2630 2532 autem
2669 2476 2819 2532 stulti
2846 2476 3166 2547 sapientium
3198 2483 3353 2531 actus
3379 2474 3640 2541 lacerent,

2063 2569 2414 2638 sequentibus
2450 2567 2630 2623 verbis
2658 2566 2960 2621 ostenditur
2991 2580 3114 2621 cum
3142 2564 3359 2620 dicitur.

2134 2659 2422 2715 Ambulans
2459 2668 2598 2714 recto
2632 2658 2814 2713 itinere
2834 2667 2882 2711 et
2907 2657 3093 2711 timens
3137 2654 3304 2710 Deum
3338 2654 3647 2725 despicitur,

2062 2751 2126 2806 ab
2157 2769 2214 2805 co
2243 2753 2332 2823 qui
2356 2750 2545 2821 infami
2579 2749 2821 2821 graditur
2858 2748 2958 2803 via.
3002 2747 3344 2803 Abominatio
3380 2755 3466 2803 est
3498 2746 3641 2802 enim

2061 2843 2336 2914 peccaturi
2391 2842 2580 2912 religio
2605 2882 2620 2908 ,
2671 2841 3003 2910 stultumque
3053 2839 3266 2894 videtur
3311 2837 3641 2903 incredulis,

2061 2951 2182 2991 cum
2239 2934 2427 2991 ﬁdeles
2492 2942 2712 3006 propter
2766 2935 2861 2990 Dei
2918 2934 3206 3000 timorem,
3265 2948 3376 2989 non
3434 2940 3641 2987 tantum

2060 3025 2319 3096 abjiciunt
2360 3027 2630 3094 timorem,
2680 3027 2774 3082 sed
2816 3035 2871 3081 et
2910 3032 3175 3081 tormenta
3215 3023 3415 3090 rident,
3452 3040 3639 3079 eorum

2062 3118 2153 3187 qui
2183 3116 2434 3174 occidunt
2465 3131 2683 3187 corpus,
2716 3117 2781 3173 de
2817 3116 3012 3187 quibus
3047 3116 3225 3172 adhuc
3263 3123 3386 3186 apte
3426 3114 3640 3186 subjun-

2061 3212 2222 3281 gitur.

2128 3301 2196 3356 In
2223 3318 2311 3356 ore
2336 3300 2483 3356 stulti
2502 3302 2648 3372 virga
2675 3301 2949 3373 superbire,
2980 3301 3119 3373 lqbia
3148 3299 3441 3372 sapientum
3465 3309 3640 3357 custo-

2058 3393 2205 3447 diunt
2227 3408 2335 3446 eos.
2383 3390 2517 3459 Quia
2550 3392 2699 3447 stulti
2731 3406 2828 3463 per
2853 3391 3219 3463 vaniloquium
3245 3392 3477 3449 humiles
3504 3409 3639 3463 quos

2058 3483 2362 3555 despiciunt
2406 3482 2668 3555 allligunt,
2706 3484 2802 3540 sed
2839 3484 3001 3539 iidem
3040 3484 3273 3540 humiles
3307 3484 3497 3555 spiritu
3542 3500 3641 3555 per

2059 3576 2361 3633 doctrinam
2405 3592 2465 3632 se
2509 3576 2787 3646 sapientiae
2824 3592 2893 3632 ne
2926 3576 3264 3647 decipiantur
3299 3577 3565 3634 muniunt.

2131 3662 2230 3720 Ubi
2258 3683 2363 3721 non
2396 3675 2517 3720 sunt
2547 3665 2715 3732 boves,
2751 3681 2979 3735 prwsepe
3020 3682 3241 3721 vacuum
3272 3676 3383 3732 est;
3413 3667 3500 3720 ubi
3534 3682 3641 3721 au-

2057 3764 2160 3810 tem
2185 3755 2426 3826 plurima:
2449 3765 2663 3827 segetes,
2690 3756 2763 3810 ibi
2789 3756 3067 3827 manifesta
3094 3767 3169 3811 est
3192 3757 3449 3827 fortitudo
3472 3756 3636 3813 bouis.

2058 3849 2276 3905 Haerent
2316 3851 2432 3903 haec
2470 3847 2871 3918 superioribus,
2910 3847 3075 3902 boves
3116 3861 3350 3917 namque
3387 3848 3637 3904 docwres

2057 3940 2370 4004 catholicos,
2409 3951 2651 4008 praesepe
2687 3947 2887 3992 emtum
2918 3937 3245 4003 auditorum,
3274 3945 3487 4011 segetes
3506 3939 3639 3997 dicit

2058 4028 2265 4085 fruetus
2315 4043 2540 4099 operum
2565 4029 2852 4083 bonorum.
2895 4027 3169 4084 Incassum
3198 4043 3328 4101 ergo
3359 4029 3513 4086 timet
3538 4047 3631 4087 su-

374 4121 462 4186 tis,
498 4136 678 4192 ncque
701 4120 805 4175 ulla
832 4124 1087 4192 pecunias
1111 4124 1394 4195 colligendi
1428 4131 1725 4185 necessitas
1749 4131 1952 4186 incums

2068 4123 2292 4192 perbus,
2344 4128 2402 4176 et
2448 4121 2660 4177 indocta
2712 4120 3019 4191 eloquentia
3071 4122 3320 4177 verberat
3369 4137 3532 4179 aures
3568 4140 3634 4182 ac

373 4210 484 4275 bat,
514 4212 620 4267 hoc
638 4220 722 4266 cst
750 4213 893 4283 quod
924 4214 1017 4279 ait,
1042 4213 1095 4268 Μ
1104 4214 1198 4267 ulti
1225 4216 1325 4270 cibi
1343 4217 1396 4271 in
1418 4218 1686 4273 novalibus
1707 4216 1951 4278 Patrum.

368 4301 534 4357 Juxta
565 4316 782 4356 sensum
814 4318 941 4357 vero
974 4304 1267 4374 spiritalem
1296 4307 1446 4363 multi
1473 4317 1599 4364 sunt
1627 4311 1731 4366 cibi
1762 4311 1952 4369 alimo-

370 4393 476 4446 nia:
504 4390 742 4447 caelestis
771 4392 825 4446 in
863 4393 1020 4448 dictis
1055 4403 1110 4449 et
1146 4398 1408 4467 exemplis
1444 4402 1825 4457 venerabilium
1861 4420 1955 4475 pa-

371 4493 534 4546 trum,
567 4491 623 4537 et
652 4483 852 4554 absque
886 4485 1095 4539 ratione
1117 4484 1264 4550 facit,
1292 4488 1381 4555 qui
1423 4488 1507 4543 his
1545 4489 1797 4561 legendis,
1840 4510 1954 4550 mc-

368 4574 627 4636 ditandis,
660 4577 988 4646 exponendis
1013 4576 1241 4646 instans,
1258 4594 1364 4634 non
1393 4596 1502 4636 sum
1522 4583 1680 4638 saluti
1707 4599 1802 4654 per
1830 4586 1952 4652 hoc,

368 4668 466 4723 sed
492 4665 720 4723 aliorum
749 4668 927 4737 potius
962 4670 1148 4735 servit,
1178 4670 1303 4724 dum
1332 4671 1443 4741 ipse
1471 4673 1538 4727 ab
1569 4673 1652 4727 bis
1687 4690 1805 4744 qum
1832 4675 1960 4746 legit

368 4758 457 4814 vel
482 4757 695 4813 actibus
718 4759 961 4827 reprobis
980 4799 994 4824 ,
1019 4759 1101 4814 vel
1127 4761 1289 4814 etiam
1320 4761 1595 4832 impietate
1621 4778 1812 4819 sensus
1842 4766 1952 4821 ba:-

369 4848 528 4905 retici
558 4849 844 4920 discrepat.
903 4848 1048 4905 Talis
1078 4865 1311 4922 namque
1338 4853 1391 4907 in
1422 4854 1723 4921 novalibus,
1761 4855 1815 4909 id
1850 4866 1952 4924 est,

368 4940 646 5011 operibus,
659 4940 773 4995 sive
790 4941 1131 4997 sermonibus
1152 4940 1370 4996 Patrum
1392 4944 1592 5013 Optima
1617 4945 1953 5001 institutione

370 5030 622 5096 excultis,
665 5046 774 5086 non
801 5030 927 5097 sibi,
955 5033 1047 5086 sed
1086 5031 1205 5086 aliis
1243 5034 1540 5088 subsidium
1572 5035 1823 5106 acquirit,
1849 5035 1954 5091 illis

369 5120 645 5185 videlicet,
670 5120 762 5189 qui
792 5127 1052 5175 tractatus
1079 5121 1194 5191 ejus
1217 5120 1454 5192 legentes
1480 5137 1700 5190 arcana,
1731 5139 1828 5196 per
1859 5140 1954 5181 eos

370 5212 635 5283 spiritalis
664 5224 855 5266 sensus
882 5211 1075 5281 quibus
1104 5212 1331 5268 interius
1368 5212 1775 5283 conspiciuntur
1808 5215 1955 5271 inve-

370 5303 550 5359 niunt.
610 5298 838 5371 Utrique
882 5307 1063 5355 autem
1107 5300 1289 5357 sensui
1338 5302 1590 5375 convenit
1635 5312 1759 5375 apte
1809 5306 1951 5377 quod

370 5393 635 5464 sequitur.

445 5484 550 5550 Qui
570 5484 737 5553 parcit
764 5484 945 5555 virgata,
973 5483 1081 5537 odit
1108 5483 1277 5552 [ilium
1306 5500 1480 5551 suum,
1511 5484 1601 5555 qui
1626 5491 1799 5537 autem
1829 5481 1952 5536 dili-

371 5577 443 5646 git
464 5575 617 5631 illum
641 5575 898 5629 instanter
917 5575 1105 5628 erudit.
1145 5573 1279 5629 Nam
1310 5582 1365 5630 et
1389 5584 1541 5645 pater
1560 5574 1732 5629 bonus
1761 5574 1947 5641 lilium,

371 5673 427 5719 et
475 5665 797 5734 discipulum
839 5665 1095 5736 magister
1146 5665 1444 5721 catholicus
1483 5682 1553 5722 ne
1588 5665 1655 5719 ad
1690 5665 1944 5735 iniquita—

378 5765 482 5812 tetu
517 5755 764 5812 deﬂectat
791 5757 1049 5814 sollicitus
1079 5757 1274 5812 erudit.
1328 5756 1722 5813 Przccedeutcm
1764 5767 1943 5813 autem

2057 4212 2220 4271 corda
2246 4210 2629 4281 subjectorum,
2657 4211 2782 4281 quia
2817 4210 2905 4265 ubi
2942 4226 3047 4266 non
3089 4220 3216 4266 sunt
3252 4211 3399 4268 docti
3435 4215 3633 4283 praedi-

2058 4311 2294 4368 catores,
2333 4302 2532 4357 frustra
2580 4301 2649 4356 ad
2685 4301 3008 4357 audiendum
3060 4301 3283 4360 conﬂuit
3328 4306 3482 4363 turba
3522 4307 3635 4379 ple-

2060 4400 2206 4454 bium
2244 4417 2257 4452 :
2306 4398 2399 4453 ubi
2450 4406 2630 4452 autem
2684 4395 2929 4465 plurimae
2981 4398 3325 4467 operationes
3374 4410 3637 4471 apparent

2060 4491 2339 4555 virtutum,
2363 4487 2436 4542 ibi
2464 4486 2801 4557 apertissime
2831 4485 3018 4554 claret,
3052 4487 3179 4557 quia
3206 4505 3313 4545 non
3348 4491 3635 4547 hmeticus

2059 4584 2111 4636 in
2154 4596 2350 4635 vanum
2392 4578 2637 4651 garrivit,
2684 4578 2778 4634 sed
2820 4593 2918 4649 pro
2956 4580 3106 4636 verbi
3146 4580 3299 4653 fruge
3321 4582 3629 4639 laboravit:

2052 4673 2181 4739 llle,
2221 4671 2313 4741 qui
2354 4679 2410 4727 et
2452 4671 2626 4742 ipsum
2660 4671 2883 4725 verbum
2921 4679 3076 4727 casto
3112 4687 3209 4728 ore
3244 4674 3546 4740 nominare,
3576 4682 3634 4728 et

2056 4763 2197 4817 viam
2238 4762 2484 4818 veritatis
2529 4770 2678 4816 recto
2723 4761 3067 4818 discretionis
3110 4765 3248 4834 pede
3274 4773 3459 4820 nosset
3485 4764 3634 4820 imae.

2055 4855 2201 4909 dere.
2238 4852 2349 4910 Nec
2376 4852 2679 4908 mirandum
2711 4868 2809 4908 cur
2836 4852 2889 4906 in
2915 4854 3137 4923 pratsepi
3165 4854 3440 4909 auditores
3464 4853 3633 4923 signi-

2054 4947 2205 5002 ﬁcari
2229 4947 2527 5002 dixerimus
2557 4961 2682 5001 cum
2706 4946 2806 5002 bos
2829 4945 3007 5000 alatur
3040 4946 3110 5000 de
3152 4946 3395 5015 prtesepi,
3439 4945 3630 5001 doctor

2054 5045 2231 5092 autem
2272 5038 2435 5092 verbo
2464 5035 2744 5092 audientes
2781 5035 2951 5091 soleat
2993 5036 3220 5090 nutrire.
3267 5034 3372 5088 Sed
3418 5034 3630 5090 intuen-

2053 5128 2178 5182 dum
2208 5128 2331 5197 quia
2361 5127 2509 5182 etde
2537 5126 2722 5182 labore
2759 5127 2909 5181 bovis
2953 5139 3194 5195 praesepe
3237 5124 3524 5193 impletur,
3573 5133 3629 5181 ct

2056 5215 2168 5286 ipse
2198 5218 2293 5273 bos
2325 5233 2423 5271 suo
2450 5215 2628 5271 fructu
2662 5217 2729 5272 de
2752 5215 2980 5286 praesepi
3008 5214 3277 5279 reﬁcitur;
3310 5214 3436 5283 quia
3460 5213 3626 5269 nimi-

2057 5324 2175 5361 rum
2204 5307 2525 5374 praedicator
2542 5306 2717 5362 ﬁdelis
2740 5316 2795 5362 et
2821 5305 3102 5360 audientes
3134 5306 3300 5361 verbo
3336 5305 3529 5372 reiicit,
3567 5316 3625 5363 et

2054 5397 2242 5450 eadem
2276 5395 2568 5451 refectione
2595 5397 2734 5466 apud
2761 5396 3043 5450 Dominum
3064 5396 3178 5466 ipse
3203 5395 3435 5465 prolicit.
3467 5397 3623 5466 Quod

2058 5488 2110 5540 in
2162 5501 2326 5555 opere
2378 5484 2639 5557 ﬁguratur
2686 5504 2700 5539 :
2743 5486 2889 5541 Elias
2929 5486 3020 5556 qui
3067 5487 3209 5555 apud
3268 5486 3620 5557 Sareptauam

2056 5578 2270 5631 viduam
2294 5591 2454 5645 quam
2482 5578 2675 5646 pascit,
2712 5578 2826 5648 ipse
2858 5580 2985 5635 dum
3010 5579 3271 5649 pascitur.

2124 5665 2323 5733 Quaerit
2355 5666 2555 5721 derisor
2590 5670 2897 5739 sapientiam
2928 5680 2977 5725 et
3012 5687 3115 5726 non
3149 5672 3622 5739 irwcnit,doctrinu

2049 5759 2378 5830 prudentium
2414 5760 2600 5830 facilis.
2644 5762 2874 5832 Caipltas
2918 5763 3007 5833 qui
3041 5764 3268 5821 Domino
3304 5767 3431 5821 dixit
3465 5784 3480 5818 :
3512 5764 3613 5816 Ad.
