3962 6198
358 399 457 452 7‘27
991 387 1050 441 Β.
1089 382 1344 439 ΙὶᾹΒΑΝΙ
1379 380 1598 437 MAURI
1635 377 1951 438 ARCHIEP.

2059 371 2299 431 )GUNT.
2318 369 2601 428 OPERUM
2623 365 2817 424 PARS
2847 365 2934 420 ill.
3505 365 3624 421 733

351 512 477 580 jura
504 516 552 560 te
579 519 671 574 per
695 501 860 556 Deum
889 496 1076 562 vivum,
1100 504 1155 548 ut
1189 495 1335 548 dicas
1365 490 1510 546 nobis
1541 491 1588 544 si
1619 499 1673 543 tu
1704 505 1757 543 es
1787 486 1940 542 Chri—
1966 489 2018 547 Α
2043 481 2182 540 saltu
2205 479 2346 580 velle
2369 478 2616 577 transire,
2645 475 2904 576 sapientis
2923 483 3116 536 autem
3163 475 3230 530 ad
3273 474 3490 546 planum
3531 474 3629 532 vei

357 565 470 658 itus
493 565 706 670 (Matth.
723 591 896 664 x-xvi),
913 589 1038 661 quia
1061 586 1200 643 male
1213 585 1491 656 quaerebat
1512 581 1774 646 invenire,
1790 577 1934 649 quod

2059 579 2252 625 tontem
2278 567 2565 632 divertere,
2597 565 2671 620 ita
2699 565 2790 634 qui
2820 571 3038 633 peccata
3066 573 3326 632 quantum
3361 565 3499 620 valet
3528 565 3632 620 de—

358 689 582 762 rogabat
621 701 726 741 non
769 682 984 746 meruit,
1031 686 1088 732 at
1130 675 1376 745 discipuli
1416 674 1508 743 qui
1551 687 1610 728 se
1659 670 1935 727 humiliter

357 785 561 841 auditui
590 779 834 838 veritatis
863 775 1235 836 subdiderant,
1275 777 1496 838 accepta
1536 766 1769 836 Spiritus
1813 778 1936 833 gra-

360 878 430 932 tia
462 918 476 942 ,
528 889 635 930 non
681 867 1011 926 solummodo
1053 863 1328 920 Christum
1373 859 1468 914 Dei
1504 857 1700 912 Filium
1739 871 1938 928 cogno-

358 981 528 1031 scere,
561 963 656 1018 sed
682 969 736 1015 et
761 958 939 1013 abdita
969 954 1374 1022 Scripturarum
1398 948 1696 1019 intelligere
1725 956 1938 1001 merue-

363 1066 505 1112 runt.
553 1053 658 1108 Sed
695 1059 748 1106 et
785 1057 910 1103 tunc
936 1044 1175 1102 doctrina
1211 1041 1554 1112 prudentium
1591 1034 1766 1092 facilis
1794 1043 1932 1101 erat,

362 1150 576 1222 quando
627 1144 906 1202 Cornelius
955 1155 1075 1196 eum
1125 1137 1284 1193 domo
1331 1149 1426 1190 sua
1475 1142 1531 1187 et
1577 1129 1754 1186 cancri
1802 1127 1936 1182 tales

362 1220 582 1297 verbum
611 1235 884 1292 humiliter
905 1230 1214 1302 audientes,
1252 1240 1378 1280 mox
1403 1220 1717 1285 credebant,
1758 1227 1813 1274 et
1847 1233 1941 1272 ae-

363 1342 520 1402 cepto
566 1328 770 1400 Spiritu
816 1331 1004 1380 sancto
1043 1319 1236 1390 linguis
1279 1315 1638 1386 loquebantur
1663 1311 1934 1367 omnibus.

365 1401 514 1477 Nunc
559 1433 770 1490 quoque
825 1412 1126 1469 doctrinam
1181 1407 1304 1462 ﬁdei
1369 1404 1646 1461 catholica:
1704 1401 1941 1472 prudens

363 1517 590 1585 quisque
639 1511 765 1566 dum
820 1505 1212 1566 catechizatur,
1259 1498 1417 1554 facile
1468 1494 1714 1567 percipit,
1775 1508 1938 1562 quam

367 1605 626 1668 lmretici,
668 1601 794 1672 quia
825 1611 1079 1670 perverse
1113 1599 1384 1664 quaerunt,
1413 1603 1686 1659 nunquam
1716 1597 1983 1670 prorsus"

365 1696 661 1753 inveniunt.

443 1787 588 1841 Vade
623 1793 803 1839 contra
832 1782 999 1836 virum
1024 1775 1239 1832 stultum
1263 1783 1314 1829 et
1344 1773 1499 1829 nescit
1533 1769 1672 1824 labia
1714 1767 1941 1840 pruden-

2037 662 2216 726 clinat,
2249 661 2446 715 timens
2475 675 2543 714 ne
2569 657 2872 713 involvatur
2897 657 3074 722 malis,
3103 657 3318 726 sapiens
3340 667 3442 712 est.
3475 659 3632 713 Stul-

2037 763 2123 810 tus
2148 761 2327 808 autem
2358 751 2444 806 illc
2475 750 2565 821 qui
2597 748 2947 818 contemptim
2979 757 3188 818 peccat,
3215 746 3497 803 blandiens
3518 749 3631 803 sibi

2036 844 2163 914 quia
2193 851 2287 897 aut
2310 838 2596 913 posteriori
2631 849 2868 908 tempore
2904 836 3279 908 pmnitcntiam
3321 846 3450 909 agat
3476 853 3634 894 com-

2038 936 2348 997 missorum,
2396 941 2491 987 aut
2531 932 2577 986 si
2624 939 2845 1000 repente
2869 929 3150 995 moriatur,
3191 927 3407 984 fortiter
3434 944 3634 999 pinnas

2038 1024 2196 1080 inferi
2239 1023 2478 1079 sufferat.

2109 1115 2398 1187 Impatiens
2451 1114 2751 1184 operabitur
2793 1111 3094 1177 stultitiam,
3161 1122 3209 1166 et
3253 1113 3334 1166 vir
3386 1123 3631 1168 versutus

2039 1207 2251 1262 odiosus
2281 1215 2375 1260 est.
2417 1202 2874 1273 Reprehensibilis
2908 1201 3124 1271 quidem
3154 1209 3236 1255 est
3266 1201 3428 1256 homo
3456 1202 3632 1272 impa-

2040 1300 2204 1365 tiens,
2229 1298 2324 1354 sed
2351 1297 2518 1352 multo
2556 1294 2707 1368 pejor
2743 1305 2799 1350 et
2839 1295 3078 1349 odiosior
3105 1293 3216 1348 Deo
3241 1301 3326 1347 est
3356 1302 3629 1357 versutus,

2040 1395 2254 1449 tametsi
2285 1392 2426 1462 apud
2463 1391 2710 1445 homines
2749 1388 2940 1443 melior
2975 1389 3272 1442 restimetur
3305 1405 3318 1440 :
3351 1386 3441 1442 ille
3480 1388 3629 1442 enim

2039 1486 2217 1556 palam
2243 1482 2492 1538 omnibus
2514 1497 2666 1536 suam
2692 1480 2928 1535 ostendit
2959 1478 3264 1544 stultitiam,
3299 1478 3404 1533 iste
3443 1487 3630 1532 autem

2041 1593 2163 1632 cum
2193 1577 2264 1632 sit
2288 1575 2449 1631 corde
2478 1587 2766 1644 perversus
2802 1585 2944 1641 saepe
2979 1570 3381 1640 simplicitatem
3410 1570 3632 1625 simulat

2041 1676 2095 1723 et
2113 1668 2400 1740 justitiam,
2431 1677 2592 1736 atque
2622 1664 2761 1734 apud
2784 1665 3076 1723 humanum
3093 1661 3356 1731 judicium
3379 1672 3626 1717 sanctum

2043 1774 2103 1814 se
2130 1759 2235 1814 dici
2259 1757 2512 1820 delectat,
2537 1771 2660 1811 cum
2687 1755 2758 1810 sit
2785 1754 2965 1810 divino
2994 1755 3243 1809 examine
3272 1755 3416 1809 inter
3437 1769 3628 1824 repro-

365 1881 451 1934 tite
479 1877 755 1948 sapientia.
804 1873 930 1928 Ideo
965 1869 1175 1926 derisor
1202 1864 1522 1936 sapientiam
1556 1876 1716 1932 quam
1750 1857 1942 1929 quzerit
1969 1853 2015 1912 Β
2042 1851 2142 1907 bos
2167 1849 2485 1904 aestimatus.

367 1987 473 2026 non
497 1967 716 2030 invenit,
749 1965 873 2035 quia
915 1962 1016 2017 etsi
1048 1967 1232 2031 aperte
1261 1965 1449 2011 contra
1480 1953 1623 2008 illius
1655 1949 1941 2006 stultitiam

367 2060 688 2132 disputando
712 2057 947 2122 incedas,
979 2054 1152 2110 nescit
1183 2049 1482 2119 intelligere
1529 2061 1648 2116 qua:
1691 2044 1849 2132 dicis,
1885 2049 1944 2096 ut

367 2131 528 2206 Arius
560 2144 649 2215 qui
688 2144 911 2198 verbum
977 2133 1548 2195 consubstantialitatis
1590 2133 1643 2186 in
1685 2131 1846 2186 Patre
1889 2137 1945 2184 et

366 2239 504 2295 Filio
531 2277 547 2304 ,
587 2248 850 2306 nusquam
900 2230 1302 2300 Scripturarum
1346 2223 1574 2280 inveniri
1614 2237 1772 2293 posse
1813 2235 1943 2275 con-

370 2329 638 2392 tendebat,
678 2340 800 2380 cum
847 2322 897 2377 ei
940 2317 1224 2375 manifeste
1265 2315 1527 2385 scriptum
1569 2311 1894 2381 objiccrctur
1927 2327 1940 2362 :

369 2421 482 2490 Ego
513 2429 560 2472 et
591 2416 753 2469 Pater
785 2427 946 2467 unum
976 2425 1156 2464 sumus
1190 2407 1370 2478 (Joan.
1408 2404 1464 2476 κ)
1489 2421 1503 2471 ;
1540 2412 1595 2458 et
1623 2421 1636 2456 :
1664 2401 1806 2456 Deus
1835 2408 1945 2454 erat

378 2489 600 2562 Verbum
645 2503 825 2575 (Joan.
869 2501 910 2573 ι)
939 2540 952 2564 ,
995 2506 1049 2554 et
1087 2506 1281 2552 caetera
1322 2495 1470 2549 talia.
1527 2493 1652 2547 ldeo
1697 2489 1946 2545 doctrina

371 2594 712 2668 prudentium
743 2589 914 2644 facilis
949 2595 1048 2650 est,
1079 2587 1204 2655 quia
1233 2584 1371 2638 labia
1409 2582 1709 2653 prudentia:
1737 2580 1948 2650 sapien-

373 2689 470 2752 tia,
501 2686 554 2739 id
580 2691 680 2747 est,
709 2681 833 2750 quia
863 2679 1003 2734 labia
1029 2690 1358 2747 qumcunque
1383 2674 1678 2744 prudentiae
1703 2671 1950 2726 modera-

374 2776 518 2830 mine
564 2779 860 2842 reguntur,
912 2769 978 2823 de
1032 2767 1294 2837 sapientia
1343 2763 1514 2819 solum
1562 2761 1709 2832 loqui
1752 2768 1803 2815 et
1855 2776 1951 2814 au-

375 2867 491 2921 dire
518 2863 672 2920 dulce
701 2860 920 2926 habent,
947 2857 1169 2930 ejusque
1206 2855 1543 2913 meditationi
1571 2867 1792 2924 operam
1821 2851 1952 2906 dare

375 2965 643 3029 satagunt.

445 3049 549 3104 Cor
569 3047 704 3118 quod
726 3045 863 3100 novit
887 3040 1292 3096 amaritudinem
1316 3038 1507 3092 anima:
1525 3051 1653 3099 suat,
1680 3033 1735 3088 in
1757 3031 1952 3103 gaudio

378 3139 486 3208 ejus
511 3155 612 3192 non
636 3135 934 3190 miscebitur
958 3141 1257 3186 extraneas.
1295 3125 1722 3182 Amaritudinem
1752 3121 1952 3176 habent

2113 1943 2368 1998 lucebunt
2406 1939 2534 1995 mali
2564 1949 2686 1995 ante
2713 1939 2870 1994 bonos
2903 1948 2950 1993 et
2987 1939 3135 2009 impii
3175 1949 3296 1993 ante
3333 1950 3511 2010 portas
3534 1939 3630 2008 ja-

2042 2043 2263 2089 storum.
2317 2031 2376 2085 In
2428 2030 2721 2084 novissimo
2743 2027 2949 2098 judicio
2977 2031 3250 2084 coronatis
3277 2028 3446 2098 justis
3487 2030 3633 2084 dam-

2045 2123 2316 2178 nabantur
2362 2119 2600 2190 reprobi,
2647 2119 2738 2190 qui
2779 2133 2874 2173 eos
2915 2118 2966 2171 in
3007 2118 3259 2186 praesenti
3288 2119 3630 2187 premebant,

2046 2214 2186 2284 quod
2211 2211 2357 2268 enim
2385 2211 2460 2264 ait
2484 2218 2627 2274 ante,
2655 2210 2705 2264 id
2734 2216 2816 2263 est
2861 2216 2984 2263 ante
3012 2208 3180 2264 bonos
3203 2217 3258 2263 et
3291 2218 3419 2264 ante
3447 2221 3631 2278 portas

2039 2305 2307 2374 justorum
2327 2344 2342 2368 ,
2372 2319 2480 2356 non
2509 2302 2577 2356 ad
2606 2301 2936 2356 vicinitatem
2971 2300 3095 2366 loci,
3133 2301 3226 2356 scd
3264 2301 3331 2356 ad
3366 2303 3626 2358 visionem

2046 2395 2281 2466 pertinet
2321 2396 2604 2457 bonorum,
2631 2393 2755 2461 quia
2796 2391 3060 2446 malorum
3105 2401 3371 2446 tormenta
3418 2409 3628 2462 semper

2048 2487 2332 2556 aspiciunt,
2365 2494 2424 2540 ut
2457 2483 2690 2552 majores
2715 2482 2949 2551 ercptori
2986 2498 3084 2537 suo
3124 2483 3325 2553 gratias
3365 2483 3484 2538 sine
3526 2485 3629 2538 ﬁne

2049 2579 2305 2635 referant.
2352 2578 2504 2634 Unde
2541 2579 2606 2632 de
2639 2576 2741 2631 illis
2787 2575 2989 2631 Isaias:
3023 2575 3091 2628 Et
3125 2576 3450 2646 egredientur
3484 2585 3532 2629 et
3566 2576 3629 2628 ri-

2049 2670 2262 2734 debunt,
2287 2668 2480 2738 inquit,
2509 2667 2762 2722 cadavera
2784 2668 3014 2720 virorum
3039 2666 3129 2736 qui
3148 2666 3482 2736 pra'varicati
3511 2675 3627 2719 sunt

2050 2759 2105 2812 in
2136 2774 2238 2812 me.
2305 2755 2500 2812 Vermis
2529 2772 2706 2811 eorum
2742 2771 2845 2809 non
2877 2756 3149 2820 morietur,
3186 2765 3234 2809 et
3277 2757 3412 2826 ignis
3452 2773 3629 2810 eorum

2050 2866 2155 2904 non
2174 2850 2551 2920 exstinguetur,
2575 2857 2621 2903 et
2648 2858 2797 2902 erunt
2832 2864 2994 2918 usque
3017 2848 3085 2901 ad
3106 2848 3396 2902 satietatem
3419 2849 3631 2902 visionis

2051 2942 2193 2996 οηιηί
2219 2941 2366 2995 carni
2393 2940 2526 3011 (Isa.
2559 2939 2726 3010 LXVI).
2771 2939 2923 3007 Quod
2946 2948 3125 2994 autem
3159 2940 3250 3003 ait,
3283 2941 3628 3010 egredientur,

2051 3046 2157 3085 non
2192 3031 2388 3101 pedum
2427 3044 2762 3100 processum,
2805 3029 2899 3084 sed
2943 3028 3219 3084 oculorum
3262 3029 3526 3100 signiﬁcat
3555 3030 3630 3083 in-

2053 3124 2269 3189 tuitum,
2318 3137 2476 3194 quem
2509 3123 2652 3177 intus
2689 3123 2741 3177 in
2775 3137 2938 3192 regno
2963 3121 3123 3192 positi
3151 3123 3215 3178 ad
3248 3123 3477 3179 videnda
3512 3140 3631 3196 pra-

379 3205 572 3285 anima:
594 3237 648 3282 et
689 3225 867 3292 electi,
897 3223 1135 3295 quandiu
1160 3236 1190 3275 a
1213 3219 1422 3291 gaudiis
1453 3215 1771 3273 differuntur
1797 3221 1953 3268 aeter-
1979 3205 2027 3266 C
2055 3230 2243 3270 vorum
2276 3215 2536 3286 supplicia
2564 3213 2708 3269 foras
2739 3229 2860 3268 cum
2888 3215 3075 3269 volunt
3097 3217 3370 3270 emittunt.

380 3319 482 3379 nis,
520 3326 576 3371 ct
602 3315 815 3388 reprobi
845 3330 966 3370 cum
996 3310 1279 3366 desideriis
1317 3306 1625 3375 aflliguntur
1661 3301 1952 3373 perversis,

380 3407 476 3463 sed
523 3407 708 3473 electi,
765 3406 892 3474 quia
944 3404 998 3458 in
1049 3402 1167 3456 luce
1217 3397 1494 3454 ambulant
1541 3393 1950 3448 amaritudinem

378 3514 532 3555 suam
552 3540 566 3565 ,
591 3506 793 3568 quanto
821 3505 890 3552 snt
920 3494 1114 3566 gaudio
1140 3489 1396 3547 mutanda
1421 3486 1736 3559 praevident.
1785 3483 1955 3539 Porro

381 3594 595 3665 reprobi
624 3592 841 3662 propria
873 3597 1060 3660 sponte
1087 3585 1293 3650 cmeati,
1329 3582 1456 3654 quid
1496 3579 1548 3635 in
1575 3577 1826 3648 prtesenti
1854 3591 1954 3645 pa-

383 3685 587 3739 tiantur
630 3698 737 3737 non
779 3681 978 3744 vident,
1017 3677 1146 3748 quid
1181 3676 1235 3730 in
1265 3673 1446 3728 futuro
1480 3670 1588 3725 sint
1608 3666 1818 3740 passuri
1847 3681 1955 3720 non

2128 3308 2333 3364 Corona
2363 3308 2692 3379 sapientium,
2737 3309 2932 3363 divitia:
2963 3325 3177 3374 eorum;
3207 3309 3426 3379 fatuitas
3453 3311 3636 3366 stulto-

2056 3421 2213 3469 rum,
2270 3404 2641 3475 imprudentia.
2695 3403 2979 3473 Sapientes
3035 3420 3140 3458 non
3196 3406 3392 3460 terreni
3437 3405 3633 3475 aliquid

2056 3497 2402 3552 emolumenti
2431 3511 2530 3564 pro
2562 3495 2759 3551 divitiis
2787 3497 3005 3560 habent,
3040 3497 3132 3550 sed
3164 3511 3416 3551 coronam
3445 3496 3636 3550 solum-

2058 3589 2239 3654 modo,
2268 3603 2430 3660 quam
2466 3603 2564 3656 pro
2597 3587 2886 3641 virtutibus
2918 3587 2974 3640 in
3003 3585 3185 3641 futuro
3219 3587 3554 3656 percipiant:
3582 3595 3636 3641 at

2060 3679 2346 3735 stultorum
2375 3679 2596 3735 fatuitas
2634 3680 2867 3734 maxima
2905 3680 3018 3734 hzec
3050 3687 3151 3744 est,
3187 3679 3314 3749 quia
3354 3679 3636 3750 improvidi

381 3775 691 3847 prtevident,
725 3771 950 3839 ideoque
977 3785 1006 3824 a
1039 3766 1230 3822 futuris
1252 3766 1516 3819 bonorum
1545 3759 1750 3830 gaudiis
1782 3770 1951 3811 rema-

2059 3778 2382 3826 mternorum
2426 3771 2492 3826 de
2535 3770 2888 3841 praesentibus
2926 3777 3133 3824 tantum
3174 3770 3472 3826 commodis
3512 3784 3638 3840 gan-

385 3864 588 3919 nebunt
623 3859 892 3923 extranei,
941 3857 1033 3926 qui
1072 3851 1447 3910 amaritudinis
1488 3861 1674 3904 eorum
1725 3860 1951 3915 praesen-

2061 3865 2209 3930 dent,
2277 3863 2634 3936 imprudentia
2688 3863 2830 3918 enim
2885 3861 3041 3932 quasi
3091 3861 3504 3932 improvidentia
3554 3861 3636 3916 di-

386 3954 460 4009 tis
486 3967 594 4008 non
627 3955 892 4006 noverunt
919 3961 1038 4003 esse
1071 3943 1381 4015 participes,
1413 3939 1556 3995 unde
1589 3945 1644 3992 et
1681 3943 1804 4006 apte
1829 3934 1960 3990 sub-
2061 3957 2224 4012 ciu".

386 4043 549 4098 ditur.
2134 4046 2342 4101 Liberat
2381 4047 2585 4100 animus
2627 4046 2771 4100 testis
2819 4045 2991 4114 ﬁdelis
3029 4055 3076 4100 et
3118 4045 3316 4116 profert
3369 4046 3640 4100 mendacia

457 4135 655 4189 Domus
701 4132 979 4204 impiorum
1011 4127 1286 4193 delebitur,
1327 4123 1662 4180 tabernacula
1695 4123 1951 4192 justorum

2063 4135 2364 4207 versipellis.
2411 4135 2629 4191 Liberat
2678 4136 2886 4191 animas
2923 4135 3195 4203 Christus,
3234 4137 3326 4207 qui
3366 4146 3450 4192 est
3489 4137 3640 4193 testis

391 4227 775 4301 germinabunt.
798 4223 968 4277 Domo
997 4219 1192 4290 quippe
1217 4219 1270 4272 in
1305 4216 1606 4280 mansione,
1638 4214 1958 4268 tabernacu-
2065 4222 2254 4287 ﬁdelis,
2289 4229 2348 4278 ut
2374 4222 2427 4277 in
2456 4221 2775 4294 Apocalypsi
2809 4222 3056 4295 legimus,
3095 4232 3149 4279 ει
3181 4225 3322 4279 sicut
3355 4225 3642 4296 Αροειοιυε

389 4324 456 4378 iis
490 4321 569 4376 uti
601 4318 738 4375 solet
772 4317 826 4372 in
864 4316 1074 4370 itinere.
1121 4311 1320 4368 Domus
1377 4308 1538 4379 igitur
1564 4307 1848 4378 impiorum
1871 4304 1951 4360 de-

2067 4313 2182 4368 ait:
2217 4313 2590 4369 Testimonium
2631 4315 2854 4368 reddidit
2894 4315 2988 4369 sub
3026 4313 3213 4370 Pontio
3247 4314 3422 4370 Pilato
3451 4318 3638 4371 bonam

393 4414 624 4480 icbitur,
672 4409 796 4481 quia
839 4407 1220 4463 habitationem
1262 4403 1386 4459 vita:
1427 4401 1728 4472 praesentis,
1759 4400 1812 4454 in
1860 4414 1968 4470 qua
2067 4404 2440 4474 confessionem
2474 4403 2522 4476 (I
2553 4403 2687 4459 Tim.
2716 4405 2815 4476 vi).
2869 4405 2936 4460 Et
2967 4405 3174 4476 profert
3210 4409 3488 4463 mendacia
3529 4409 3639 4464 dia-

391 4519 603 4574 semper
639 4515 857 4556 manere
884 4496 1281 4561 desiderabant,
1317 4495 1541 4566 perdent
1575 4493 1628 4547 in
1661 4500 1837 4546 morte
1879 4507 1965 4546 re-
1992 4558 2040 4574 “
2067 4494 2244 4560 bolus,
2294 4495 2386 4566 qui
2436 4504 2582 4551 recte
2632 4495 2929 4566 appellatur
2969 4497 3288 4566 versipellis,
3333 4499 3458 4568 quia
3500 4499 3638 4554 mala

391 4558 638 4664 probi,“
660 4589 764 4645 hoc
799 4589 942 4659 quod
969 4601 1074 4642 non
1102 4558 1484 4656 prtevidtibant,
1505 4583 1751 4639 exsilium
1783 4597 1972 4652 perpe-
1992 4558 2044 4617 D
2066 4599 2186 4654 qua:
2215 4558 2458 4641 facienda
2486 4558 2742 4657 suggerii,
2765 4586 2903 4642 bona
2927 4599 3046 4642 esse
3071 4558 3408 4657 pionuntia-t,
3431 4597 3486 4644 et
3511 4605 3638 4660 gau-

397 4695 502 4739 tuae
537 4679 895 4737 damnationis
925 4677 1208 4742 subibunt,
1241 4673 1576 4730 tabernacula
1602 4683 1774 4726 autem
1794 4673 1968 4741 justo-
2069 4675 2154 4730 dia
2201 4676 2469 4746 promittit
2511 4684 2711 4731 aeterna
2754 4675 2820 4732 iis
2863 4691 2998 4746 quos
3031 4677 3098 4732 ad
3151 4676 3346 4732 inferni
3378 4685 3639 4733 tormenta

395 4789 514 4827 mm
537 4768 915 4843 geminabzmt,
953 4767 1077 4836 quia
1120 4781 1356 4837 praesens
1401 4779 1587 4819 eorum
1632 4763 1969 4818 conversatio
2068 4776 2355 4838 purpurat.
2402 4767 2533 4823 item
2579 4767 2773 4822 liberat
2819 4768 3028 4824 animas
3089 4768 3387 4825 catholicus
3433 4769 3636 4833 doctor,

398 4867 450 4923 in
507 4879 614 4936 qua
663 4860 849 4941 incolae.
891 4867 1017 4916 sunt
1067 4859 1202 4928 apud
1253 4857 1535 4914 Dominum
1579 4865 1634 4911 et
1673 4855 1965 4926 peregrini,
2071 4859 2163 4928 qui
2193 4859 2501 4914 testimonia
2531 4859 2936 4930 Scripturarum
2971 4859 3216 4924 ﬁdeliter,
3257 4859 3312 4914 id
3355 4869 3457 4926 est,
3499 4869 3643 4916 recte

395 4953 765 5012 crescentibus
801 4951 918 5007 sine
945 4949 1246 5004 cessatione
1272 4946 1480 5002 meritis
1516 4946 1582 5000 ad
1613 4944 1848 5000 fructum
1883 4960 1972 5001 us-

397 5061 505 5118 que
529 5043 904 5104 suavissimum
929 5040 1119 5112 patriae
1144 5039 1381 5095 cmlcstis
1402 5037 1746 5110 pertingitur.

466 5137 724 5194 [nocens
743 5134 902 5188 credit
928 5131 1069 5186 omni
1092 5130 1267 5195 verbo,
1291 5139 1494 5184 astutus
1520 5129 1808 5184 considerat
1831 5144 1971 5198 gres-

398 5245 488 5284 sus
526 5244 668 5289 suos.
715 5224 865 5281 Hanc
907 5223 1270 5279 innocentiam
1304 5223 1498 5288 vetuit,
1523 5230 1577 5278 et
1613 5223 1754 5276 hanc
1784 5221 1970 5276 haberi

402 5321 581 5376 docuit
612 5319 864 5375 astutiam
892 5315 1126 5372 Joannes
1153 5331 1275 5371 cum
1310 5314 1422 5370 ait:
1451 5314 1786 5378 Charissimi,
1816 5313 1973 5368 nolite

402 5412 543 5466 omni
567 5411 776 5482 spiritui
801 5409 1026 5476 credere,
1049 5407 1140 5463 sed
1161 5406 1373 5478 probate
1408 5407 1622 5477 spiritus
1673 5407 1718 5460 si
1757 5423 1821 5460 ex
1857 5406 1968 5460 Do-

403 5504 544 5556 mino
576 5511 698 5558 sunt
727 5500 780 5573 (ι
807 5501 964 5556 Ιοαη.
997 5500 1093 5571 ιν).

475 5591 695 5663 Sapiens
734 5593 876 5646 timet
908 5602 955 5647 et
983 5591 1210 5661 declinat
1246 5590 1480 5657 malum;
1514 5590 1704 5644 stultus
1744 5590 1971 5644 transilit

403 5693 457 5742 et
481 5682 712 5750 conﬁdit.
756 5681 910 5738 Sicut
939 5683 1084 5738 stulti
1119 5692 1203 5737 est
1238 5682 1303 5737 de
1346 5698 1442 5737 sua
1483 5681 1760 5736 alacritate
1807 5682 1974 5735 conli-

409 5778 558 5845 dere,
581 5784 637 5832 ct
663 5783 955 5833 torrentem
983 5775 1225 5844 rapidum
1253 5775 1337 5830 vel
1396 5777 1699 5845 voraginem
1729 5777 1972 5831 latiorem

2071 4951 2346 5021 praedicat,
2387 4959 2442 5006 et
2475 4950 2682 5021 profert
2721 4952 2998 5007 mendacia
3036 4951 3341 5018 htercticus,
3383 4952 3466 5007 vel
3506 4953 3643 5008 sicut

2073 5040 2177 5096 alia
2203 5041 2366 5096 editio
2394 5039 2676 5097 manifeste
2706 5040 2994 5106 transtulit,
3021 5041 3255 5097 incendit
3285 5049 3463 5098 autem
3491 5057 3641 5097 men-

2075 5130 2230 5184 dacio
2259 5129 2494 5197 dolosus,
2524 5131 2858 5200 subauditur,
2899 5132 3111 5188 animas
3141 5146 3348 5200 eorum,
3376 5148 3512 5204 quos
3547 5149 3645 5190 suo

2075 5235 2262 5276 errore
2291 5221 2506 5293 decipit.

2148 5312 2214 5367 In
2258 5314 2443 5367 timore
2484 5313 2694 5368 Domini
2727 5315 2922 5383 ﬁducia
2953 5314 3272 5384 fortitudinis
3300 5321 3348 5368 et
3379 5313 3507 5383 ﬁliis
3535 5315 3643 5384 ejus

2077 5404 2172 5457 erit
2206 5421 2340 5474 spes.
2395 5404 2579 5459 Timor
2623 5405 2833 5460 Domini
2866 5406 3113 5461 ﬁduciam
3150 5405 3478 5461 fortitudinis
3514 5420 3645 5476 pne-

2078 5505 2207 5561 stat,
2252 5496 2377 5566 quia
2424 5497 2679 5552 nimirum
2751 5514 2901 5554 mens
2948 5507 3133 5554 nostra
3185 5506 3335 5554 tanto
3382 5497 3648 5554 valentius

2078 5597 2314 5645 terrores
2348 5605 2527 5646 rerum
2567 5591 2938 5661 temporalium
2963 5591 3199 5662 dispicit,
3225 5600 3430 5660 quanto
3459 5607 3519 5646 se
3554 5607 3648 5645 an-

2079 5679 2212 5734 ctori
2241 5696 2425 5734 carum
2469 5681 2712 5736 vcracius
2751 5697 2848 5752 per
2887 5681 3226 5737 formidinem
3270 5681 3528 5744 subdidit,
3559 5680 3648 5734 ﬁlii

2082 5782 2261 5828 autem
2297 5771 2506 5830 timoris
2532 5772 2748 5829 Domini
2773 5773 3046 5841 dicuntur,
3094 5772 3185 5844 qui
3229 5771 3414 5828 divino
3462 5773 3650 5828 timore
