3962 6198
285 340 396 394 7‘29

1073 334 1430 391 EXPOSITIO
1467 335 1533 389 IN
1569 333 1964 390 PROVERBIA
2005 336 2410 396 SALOMONIS.
2441 367 2510 378 —
2534 336 2661 393 LIB.
2700 336 2764 393 Il.

3437 343 3540 398 750

288 454 571 516 reguntur,
617 445 760 500 sicut
799 444 893 501 ﬁlii
936 445 1154 501 virtutis
1197 455 1251 501 et
1299 447 1392 501 ﬁlii
1430 447 1865 510 resurrectionis,
1895 448 1945 506 Α
2037 451 2244 522 Lingua
2285 449 2558 520 placabilis
2603 451 2801 520 lignum
2844 450 2981 518 vitaz,
3023 467 3138 522 qua:
3163 462 3334 506 autem
3361 455 3540 508 immo-

289 537 386 605 qui
419 535 709 591 virtutibus
733 537 966 601 student,
988 536 1072 590 vel
1092 537 1183 606 qui
1215 539 1283 591 ad
1307 539 1498 607 gaudia
1522 539 1872 593 resurrectio—

291 630 381 684 nis
415 629 708 698 pertinent.
757 628 963 695 Quibus
993 631 1097 684 erit
1133 645 1259 699 spes
1291 629 1446 698 juxta
1481 631 1606 684 illud
1645 630 1873 686 Psalmi-

291 729 391 775 sta:
418 738 431 773 :
466 719 571 785 Qui
601 719 777 773 timent
800 719 1102 783 Dominum,
1128 730 1328 790 sperent
1362 723 1418 774 in
1443 720 1666 774 Domino
1695 718 1868 791 (Psal.

293 811 482 883 cunt);
513 811 581 866 de
609 827 714 880 qua
744 826 836 880 spe
863 820 1255 880 consequenter
1277 810 1517 882 adjungit
1542 828 1554 864 :

303 959 305 962 ,
369 903 550 956 Timor
569 900 778 955 Domini
805 901 924 970 fons
943 902 1084 968 vitte,
1113 911 1169 955 ut
1193 899 1410 955 declinet
1439 918 1470 954 a
1490 900 1644 953 ruina
1666 897 1872 954 mortis.

295 993 422 1048 llzcc
467 999 553 1047 est
577 1007 708 1060 ergo
748 1005 871 1060 spes
906 1005 1094 1046 eorum
1120 991 1211 1061 qui
1241 991 1433 1046 timent
1456 989 1776 1054 Dominum,
1813 997 1877 1044 ut

295 1081 634 1138 declinantes
658 1095 688 1133 a
717 1080 874 1134 ruina
903 1081 1093 1134 mortis
1111 1121 1125 1145 ,
1155 1079 1440 1150 pervenire
1463 1085 1776 1134 mereantur
1805 1075 1874 1131 ad

293 1189 417 1228 eum
437 1173 531 1242 qui
546 1171 704 1226 dicit:
724 1170 838 1241 Ego
864 1188 981 1226 sum
1004 1171 1312 1236 via,veritas
1337 1179 1386 1224 et
1410 1170 1514 1224 vita
1529 1167 1711 1240 (Joan.
1733 1164 1869 1238 xw).

293 1266 512 1320 Dictum
533 1273 618 1320 est
654 1273 835 1319 autem
856 1277 1039 1334 supra,
1071 1262 1181 1317 Lex
1220 1261 1469 1332 sapientis
1501 1259 1618 1328 fons
1639 1257 1775 1321 vitaz,
1817 1265 1874 1310 ut

290 1354 516 1408 declinet
541 1371 573 1407 a
603 1353 762 1407 ruina
799 1353 1019 1418 mortis;
1057 1360 1112 1407 et
1143 1366 1288 1405 nunc
1311 1349 1528 1414 dicitur,
1564 1347 1744 1400 Timor
1765 1345 1876 1398 Do-

289 1446 421 1501 mini
449 1445 569 1514 fons
594 1447 729 1508 vittr,
755 1453 808 1498 ut
837 1443 1104 1498 declineta
1133 1442 1286 1496 ruina
1312 1440 1514 1494 mortis.
1545 1429 1624 1492 Ei
1649 1451 1757 1508 quo
1780 1450 1876 1506 pa-

292 1542 371 1589 tet
396 1534 525 1604 quia
556 1533 702 1587 nulla
730 1533 881 1603 prior
906 1539 990 1587 est
1016 1531 1102 1585 lex
1126 1530 1385 1600 sapientis
1410 1544 1514 1598 qua
1543 1535 1772 1582 mortem
1801 1524 1876 1580 vi-

291 1635 431 1689 tare,
468 1633 523 1680 et
565 1625 728 1680 vitam
769 1624 1050 1694 acquirere
1076 1623 1270 1679 debeat
1289 1631 1570 1685 aeternam,
1595 1635 1756 1690 quam
1779 1620 1874 1674 ha-

287 1717 422 1770 bere
472 1716 720 1769 timorem
771 1713 1022 1778 Domini;
1069 1712 1210 1768 unde
1251 1719 1307 1766 et
1345 1710 1472 1765 alibi
1500 1711 1703 1765 dictum
1728 1705 1868 1792 ξύ

287 1802 512 1858 Initium
537 1805 805 1873 sapientia:
825 1804 980 1857 timor
1004 1802 1216 1856 Domini
1239 1801 1426 1874 (Eccli.
1457 1800 1518 1874 1).

361 1893 432 1948 In
460 1893 797 1949 multitudine
822 1892 1001 1963 populi
1022 1893 1248 1963 dignitas
1284 1893 1438 1962 regis,
1462 1901 1508 1946 et
1535 1892 1591 1945 in
1611 1891 1874 1961 paucitate

286 1985 453 2055 plebis
475 1985 762 2054 ignominia
785 1985 1055 2055 principis.
1092 1983 1193 2039 Ubi
1220 1983 1503 2037 multitudo
1526 1981 1875 2037 servientium

286 2077 427 2141 Deo,
478 2077 551 2131 ibi
589 2076 898 2144 specialiter
933 2075 1133 2130 Christi
1157 2075 1357 2146 gloria;
1394 2083 1449 2130 et
1486 2076 1576 2130 ubi
1609 2073 1708 2129 soli
1729 2082 1876 2129 cate-

286 2168 566 2234 chumeni,
609 2167 694 2222 vel
723 2175 1090 2238 competentes
1109 2207 1124 2234 ,
1152 2167 1237 2222 vel
1267 2182 1459 2222 recens
1488 2167 1601 2220 nati
1639 2165 1877 2228 infantes

287 2260 392 2314 sub
440 2273 608 2329 regno
655 2257 832 2312 adhuc
875 2265 1126 2312 tenentur
1164 2256 1381 2319 diaboli,
1423 2263 1480 2310 et
1503 2256 1604 2326 ipsi
1634 2263 1878 2324 tempore

287 2364 534 2420 congruo
566 2349 880 2403 festinantes
908 2348 961 2402 in
996 2347 1213 2403 Christo
1234 2347 1463 2411 renasci,
1488 2346 1562 2402 ibi
1593 2343 1876 2400 manifesta

290 2439 589 2511 ignominia
614 2439 872 2510 principis
893 2438 1102 2504 mundi,
1127 2437 1208 2492 vel
1235 2445 1383 2492 certe
1404 2437 1460 2491 in
1489 2434 1878 2492 conventiculis

291 2529 697 2595 haereticorum,
745 2544 863 2598 quae
917 2543 1130 2597 semper
1163 2534 1288 2583 sunt
1329 2526 1584 2598 pauciora
1633 2524 1878 2581 ecclesiis

292 2619 708 2686 catholicorum,
754 2619 1045 2690 ignominia
1096 2627 1246 2688 patet
1284 2632 1475 2673 eorum
1517 2616 1609 2687 qui
1651 2616 1767 2672 hmo
1809 2616 1878 2670 ab

294 2711 662 2770 ecclesiastica
692 2713 900 2767 unitate
929 2719 1230 2783 segregant.

376 2800 496 2858 Vita
509 2804 744 2857 carnium
757 2804 956 2857 sanitas
974 2801 1169 2866 cordis,
1194 2799 1412 2872 putredo
1434 2799 1630 2854 ossium
1655 2797 1876 2853 invidia.

297 2893 401 2948 Per
440 2907 660 2948 carnem
687 2892 902 2948 inﬁrma
930 2892 1174 2961 quaedam
1202 2905 1266 2945 ac
1297 2899 1500 2957 tenera,
1528 2905 1593 2944 ac
1621 2905 1720 2961 per
1752 2904 1877 2946 ossa

295 2982 458 3037 fortia
488 2991 608 3037 acta
649 2983 948 3054 signantur.
987 2981 1130 3037 Bene
1177 2995 1309 3051 ergo
1342 2981 1476 3036 dicit
1521 2998 1536 3034 :
1597 2977 1717 3034 Vita
1762 2994 1882 3033 car-

298 3075 444 3127 nium
487 3072 685 3127 sanitas
722 3073 914 3138 cordis,
954 3072 1079 3142 quia
1117 3071 1164 3126 si
1193 3071 1393 3127 mentis
1435 3069 1744 3126 innocentia
1786 3085 1881 3125 cu-

1967 547 2148 600 derata
2177 552 2252 598 est
2296 553 2520 596 conteret
2547 543 2806 612 spiritum.
2838 543 3042 614 Lingua
3077 544 3326 599 catholici
3357 546 3539 600 docto-

1967 635 2042 690 ris
2081 634 2146 688 ad
2175 633 2412 688 fructum
2443 633 2568 688 vita:
2601 632 2749 688 ducit
2788 634 3196 702 sempiternum,
3241 635 3330 704 qui
3363 645 3540 688 autem

1967 723 2186 778 modum
2217 722 2596 779 ecclesiastica:
2635 737 2839 776 normae
2879 723 3106 792 ignorat,
3140 732 3196 776 et
3233 738 3388 776 suum
3431 725 3540 793 spi-

1967 813 2129 867 ritum
2161 821 2214 868 et
2243 827 2429 868 eorum
2464 813 2554 882 qui
2583 828 2642 867 se
2681 813 2905 867 audiunt
2944 814 3084 869 male
3123 813 3392 884 loqtlcndo
3418 828 3544 868 con-

1969 911 2128 957 teret.

2036 992 2236 1047 Domus
2275 993 2411 1062 justi
2455 993 2684 1064 plurima
2737 993 3022 1063 fortitudo,
3070 1002 3120 1048 et
3188 994 3242 1048 in
3290 993 3544 1062 fructibus

1965 1083 2112 1153 impii
2133 1083 2477 1138 conturbatio.
2522 1084 2722 1138 Domus
2765 1083 2998 1148 Christi,
3045 1083 3097 1137 id
3146 1092 3228 1138 est
3273 1082 3539 1148 Ecclesia,

1965 1173 2253 1244 plurimam
2284 1175 2448 1230 habet
2472 1174 2869 1242 fortitudinem,
2896 1176 2971 1230 ita
3016 1183 3076 1229 ut
3099 1174 3303 1245 pluvia,
3340 1173 3539 1239 ventis,

1965 1260 2276 1319 ﬂuminibus
2295 1263 2650 1320 tentationum
2675 1263 3035 1334 frequentium
3059 1278 3401 1332 nequaquam
3423 1277 3547 1332 pos-

1975 1350 2045 1404 sit
2081 1351 2255 1415 dirui;
2295 1359 2350 1404 et
2386 1365 2439 1404 in
2479 1349 2730 1419 operibus
2763 1349 2962 1406 diaboli
2993 1351 3339 1406 conturbatio
3378 1349 3554 1406 fervet

1975 1439 2222 1507 assidua,
2257 1455 2365 1510 qua
2392 1440 2635 1495 eamdem
2661 1439 2865 1497 Christi
2899 1441 3118 1497 domum
3145 1440 3232 1496 vel
3265 1455 3362 1512 per
3390 1441 3550 1496 falsos

1975 1545 2195 1595 sensus,
2229 1529 2315 1586 vel
2342 1545 2442 1600 per
2473 1538 2688 1600 apertos
2726 1530 3066 1588 adversarios
3094 1532 3327 1602 dejicere
3359 1539 3550 1587 tentet.

2044 1619 2212 1675 Labia
2261 1620 2572 1691 sapientium
2629 1619 3039 1675 disseminabunt
3086 1621 3359 1676 scientiam
3391 1661 3407 1688 ,
3466 1637 3556 1676 cor

1977 1710 2254 1766 stultorum
2280 1710 2535 1764 dissimile
2555 1709 2670 1766 erit.
2695 1711 2862 1767 Labia
2888 1711 3280 1767 catholicorum
3304 1712 3547 1768 dissemi-

1715 1783 1804 1834 νδ
1904 1789 1954 1850 Β
1981 1801 2184 1857 nabunt
2211 1801 2556 1873 praedicando
2588 1802 2870 1858 scientiam
2896 1811 3057 1858 rectae
3088 1801 3244 1870 ﬁdei,
3267 1818 3364 1859 cor
3388 1805 3555 1859 hiare-

1979 1896 2209 1949 ticorum
2255 1892 2518 1948 dissimile
2547 1893 2682 1957 erit,
2733 1894 2858 1964 quia
2901 1893 3178 1962 perﬁdiam
3209 1910 3308 1965 pro
3333 1895 3552 1951 scientia

1977 1984 2211 2057 concipit
2243 1993 2303 2040 ut
2335 1984 2546 2040 doceat.
2583 1983 2769 2040 Potest
2806 1991 2863 2039 et
2899 1985 2974 2038 ita
3010 1984 3274 2055 intelligi,
3304 1987 3430 2056 quia
3460 2002 3555 2041 cur

1977 2075 2262 2130 stultorum
2295 2083 2350 2130 et
2375 2074 2696 2144 sihimetipsi
2733 2075 2993 2130 dissimile
3015 2075 3142 2139 erit,
3168 2075 3296 2129 dum
3323 2077 3563 2131 mutabi-‘

1976 2167 2126 2222 litate
2168 2181 2226 2222 se
2260 2166 2594 2222 diversarum
2639 2165 3022 2237 cogitationum
3061 2166 3273 2220 varium
3308 2167 3548 2230 exhibet,

1977 2265 2033 2312 et
2063 2270 2337 2325 nunquam
2364 2254 2505 2311 idem
2539 2254 2680 2324 quod
2703 2253 2882 2308 fuerat
2915 2262 3117 2309 manet.
3145 2253 3244 2310 Cui
3269 2263 3460 2311 contra
3488 2255 3553 2308 de

1976 2350 2132 2404 Anna
2169 2364 2291 2405 cum
2320 2349 2547 2404 Domino
2577 2348 2784 2403 intenta
2809 2353 2987 2402 mente
3025 2345 3290 2418 supplicat
3311 2346 3510 2402 dicitur
3538 2364 3550 2400 :

1989 2441 2272 2514 Vultusque
2315 2441 2430 2512 ejus
2471 2457 2576 2496 non
2613 2449 2734 2495 sunt
2764 2438 2989 2510 amplius
3026 2441 3081 2494 in
3125 2439 3329 2495 diversa
3367 2439 3558 2493 mutati

1980 2533 2034 2606 (I
2057 2533 2182 2604 Reg.
2219 2533 2282 2604 ι).

2054 2623 2292 2678 Victima:
2312 2623 2589 2693 impiorum
2604 2619 2975 2676 abominabiles
2988 2619 3234 2686 Domino,
3250 2627 3372 2675 vota
3388 2619 3562 2688 justo-

1980 2733 2097 2770 rum
2122 2714 2423 2786 placabilia.
2456 2713 2762 2780 Orationes,
2785 2728 2946 2785 opera
2969 2721 3024 2768 et
3049 2712 3314 2768 sacrilieia
3343 2713 3560 2768 haereti-

1980 2818 2167 2862 corum
2194 2802 2539 2859 abominatur
2564 2801 2844 2867 Dominus,
2885 2809 2940 2857 et
2971 2808 3096 2856 vota
3124 2814 3310 2856 eorum
3339 2809 3559 2866 accepta

1980 2896 2160 2962 habet,
2181 2893 2275 2966 qui
2290 2892 2448 2948 ﬁdem
2468 2891 2791 2952 catholicam
2807 2890 2972 2967 justis
2997 2890 3251 2966 operibus
3263 2888 3558 2949 aliirmant.

2052 2988 2304 3044 Doctrina
2323 2987 2467 3043 mala
2499 2988 2846 3043 deserentium
2867 2989 3002 3044 viam
3027 3001 3046 3040 :
3065 2987 3155 3059 qui
3181 2986 3565 3056 increpationes

1981 3079 2112 3145 odit,
2138 3078 2408 3133 morietur.
2442 3076 2579 3132 Mala
2607 3087 2695 3133 est
2717 3077 2962 3133 doctrina
2991 3086 3046 3135 et
3074 3092 3262 3133 eorum
3290 3076 3384 3146 qui
3417 3076 3560 3130 viam

298 3164 560 3227 stoditur,
600 3163 813 3217 etiamsi
841 3177 946 3232 qua
975 3163 1110 3217 foris
1140 3160 1354 3217 inﬁrma
1379 3167 1525 3228 sunt,
1555 3159 1878 3231 quandoque

1986 3169 2240 3226 deserunt
2274 3167 2541 3235 veritatis,
2570 3167 2637 3224 de
2658 3167 2854 3238 quibus
2889 3168 3148 3224 Dominus
3171 3167 3278 3222 ait:
3305 3167 3410 3234 Qui
3437 3181 3562 3236 ergo

297 3257 643 3310 roborantur.
684 3253 753 3308 Et
788 3261 936 3309 recte
967 3253 1216 3308 subditur
1244 3269 1258 3306 :
1291 3251 1522 3308 Putredo
1558 3253 1754 3307 ossium
1791 3253 1877 3307 in—

297 3347 456 3410 vidia,
484 3345 609 3417 quia
631 3360 730 3415 per
749 3344 934 3400 livoris
954 3345 1147 3399 vitium
1170 3352 1295 3399 ante
1321 3345 1416 3400 Dei
1443 3344 1630 3402 oculos
1650 3350 1881 3414 pereunt

296 3418 459 3490 etiam
507 3450 628 3505 quae
677 3435 930 3490 humanis
973 3435 1146 3492 oculis
1200 3433 1358 3490 fortia
1403 3435 1655 3490 videntur
1694 3451 1710 3492 :
1754 3449 1879 3490 ossa

298 3525 494 3596 quippe
531 3540 632 3595 per
666 3524 926 3580 invidiam
963 3533 1302 3596 putrescere,
1330 3532 1412 3580 est
1445 3524 1690 3594 quaedam
1708 3524 1882 3580 etiam

298 3616 519 3670 robusta
554 3614 822 3686 deperire.

367 3709 623 3778 Acceptus
661 3716 738 3762 est
765 3707 872 3790 regi
891 3707 1130 3761 minister
1156 3705 1468 3777 intelligens.
1499 3704 1595 3762 Ille
1630 3706 1883 3763 videlicet

297 3799 380 3852 cui
429 3797 628 3853 dicitur
667 3816 682 3851 :
722 3796 860 3864 Quia
901 3813 1055 3868 super
1088 3813 1258 3868 pauca
1303 3796 1454 3866 fuisti
1503 3795 1695 3866 ﬁdelis,
1728 3812 1885 3868 super

298 3887 463 3942 multa
509 3896 558 3942 te
587 3887 904 3944 constituam
942 3904 962 3944 .'
998 3889 1142 3944 intra
1169 3887 1227 3943 in
1266 3889 1522 3960 gaudium
1551 3888 1766 3944 Domini
1805 3889 1885 3944 tui

299 3977 516 4052 (Matth.
543 3976 696 4051 xxv).

368 4067 711 4122 Iracundiam
743 4068 858 4139 ejus
896 4068 1098 4124 inutilis
1141 4068 1434 4124 sustinebit.
1463 4067 1559 4126 Ille
1593 4069 1780 4141 utique
1818 4069 1885 4126 de

297 4174 405 4229 quo
438 4159 583 4213 idem
620 4159 716 4223 ait,
759 4159 825 4213 Et
855 4158 1094 4215 inutilem
1128 4177 1335 4216 servum
1360 4160 1533 4232 ejicite
1566 4161 1622 4216 in
1647 4160 1883 4216 tenebras

298 4250 583 4304 exteriores
617 4247 831 4322 (Ibid.).
1757 4247 1763 4252 ’

898 4337 1125 4396 CAPUT
1160 4339 1282 4398 XV.

374 4427 658 4498 Responsio
686 4427 857 4483 mollis
877 4428 1076 4501 frangit
1099 4431 1256 4496 iram,
1280 4447 1448 4486 sermo
1473 4431 1639 4486 durus
1663 4433 1882 4488 suscitat

1977 3258 2184 3313 solverit
2204 3273 2369 3312 unum
2391 3259 2456 3311 de
2475 3257 2738 3311 mandatis
2758 3257 2874 3312 istis
2894 3257 3207 3325 minimis,et
3228 3256 3464 3312 docuerit
3486 3255 3562 3310 sic

1979 3350 2237 3416 homines,
2262 3349 2509 3404 minimus
2531 3349 2799 3404 vocabitur
2816 3349 2872 3404 in
2892 3365 3051 3420 regno
3073 3348 3322 3404 calorum
3344 3346 3562 3421 (Matth.

1979 3442 2060 3514 v),
2099 3443 2194 3498 sed
2226 3441 2364 3496 tales
2409 3441 2614 3506 adhuc,
2651 3442 2697 3495 si
2719 3439 2965 3511 correpti
2998 3438 3390 3511 pmnituerint,
3417 3446 3565 3507 patet

1981 3534 2186 3589 reditus
2225 3533 2293 3588 ad
2333 3533 2546 3588 veniam
2579 3549 2594 3599 ;
2638 3532 2720 3588 sin
2774 3540 2956 3586 autem
2997 3545 3098 3587 nec
3141 3529 3568 3586 correctionibus

1982 3621 2363 3679 ecclesiasticis
2393 3621 2701 3684 annuerint,
2727 3621 2843 3692 jam
2869 3628 3052 3677 certus
3071 3620 3152 3676 eis
3175 3627 3346 3676 restat
3374 3618 3565 3673 interi-

1983 3722 2093 3777 tus,
2133 3727 2325 3768 omnes
2363 3711 2481 3768 dies
2503 3712 2761 3782 pauperis
2789 3711 2953 3778 mali,
2985 3725 3179 3766 secura
3219 3724 3373 3766 mens
3411 3707 3566 3779 quasi

1977 3801 2106 3874 juge
2141 3800 2491 3857 sacriﬁcium.
2522 3799 2696 3856 Omne
2731 3807 2944 3871 tempus
2983 3799 3166 3870 populi
3198 3797 3292 3853 Dei
3329 3797 3568 3868 quandiu

1984 3895 2039 3950 in
2086 3892 2343 3965 praesenti
2389 3906 2596 3962 pauper
2638 3900 2726 3947 est
2769 3889 3151 3946 afﬂictionibus
3202 3889 3461 3951 abundat,
3513 3897 3569 3943 et

1985 3983 2264 4048 arumnis,
2287 3982 2415 4053 quia
2441 3981 2672 4037 necdum
2704 3980 2772 4036 ad
2796 3978 3014 4036 divitias
3037 3992 3287 4048 superate
3311 3975 3571 4032 bonitatis

1984 4083 2039 4130 et
2080 4080 2353 4144 perpetuae
2391 4069 2691 4126 mansionis
2723 4068 2998 4138 pervenit,
3030 4067 3172 4122 unde
3211 4074 3394 4122 monet
3419 4065 3569 4134 Apo-

1985 4163 2157 4220 stolus
2203 4163 2390 4219 dicens
2441 4177 2456 4216 :
2505 4159 2833 4214 Redimentes
2888 4167 3110 4226 tempus,
3163 4158 3414 4229 quoniam
3457 4157 3572 4211 dies

1983 4253 2112 4308 mali
2132 4261 2253 4308 sunt
2280 4250 2497 4322 (Ephes.
2524 4248 2604 4322 v),
2637 4257 2694 4304 at
2729 4262 2861 4304 vero
2889 4245 3142 4317 reprobi,
3179 4246 3271 4316 qui
3297 4254 3441 4302 metu
3471 4261 3571 4300 ca-

1984 4353 2168 4400 rentes
2202 4343 2418 4408 divino,
2449 4341 2628 4397 securi
2661 4339 2862 4395 mundo
2885 4346 3133 4406 utuntur,
3163 4339 3317 4408 quasi
3344 4337 3573 4409 jugibus

1986 4433 2136 4489 stulti
2160 4432 2476 4488 reﬁciuntur
2509 4430 2703 4501 epulis.
2741 4429 2896 4486 Unde
2921 4437 3070 4485 recte
3099 4428 3460 4501 subiungitur.

299 4517 553 4588 furorem.
579 4517 678 4584 Qui
701 4518 864 4572 verba
888 4499 1217 4590 increpantis
1236 4520 1511 4576 humiliter
1538 4521 1745 4592 recipit,
1766 4522 1881 4593 jam
1909 4499 1961 4558 ί)
2057 4525 2248 4581 Melius
2287 4533 2362 4580 est
2394 4499 2584 4596 parum
2609 4539 2729 4578 cum
2759 4523 2943 4578 timore
2973 4521 3222 4589 Domini,
3259 4499 3414 4595 quam
3454 4522 3575 4580 tlte-

298 4610 625 4680 propinquat
650 4610 821 4666 venia:
851 4619 1033 4667 reatus
1067 4627 1226 4682 quem
1254 4613 1455 4684 gessit;
1494 4624 1551 4668 at
1579 4616 1668 4685 qui
1695 4631 1885 4686 super-

300 4703 403 4760 bus
447 4706 694 4774 arguenti
723 4706 968 4771 resultat,
1013 4704 1269 4776 majorem
1314 4715 1502 4764 contra
1531 4724 1589 4765 se
1630 4708 1768 4764 iram
1805 4709 1886 4765 di-

301 4797 476 4850 stricti
497 4795 695 4866 judicis
721 4805 1001 4866 provocat.

371 4885 582 4957 Lingua
617 4887 927 4956 sapientium
961 4896 1110 4943 ornat
1160 4886 1432 4942 scientiam
1458 4927 1472 4952 ,
1525 4903 1583 4942 os
1615 4887 1886 4958 fatuorum

301 4976 482 5031 ebullit
501 4975 795 5030 stultitiam.
825 4977 1030 5050 Lingua
1065 4977 1450 5034 catholicorum
1477 4977 1702 5033 Patrum
1718 4987 1880 5034 ornat

301 5065 590 5121 scientiam
617 5065 917 5121 divinorum
961 5067 1314 5138 eloquiorum,
1349 5067 1511 5123 latius
1562 5069 1882 5140 exponendo

303 5171 425 5227 qua:
455 5155 737 5226 Scriptura
765 5157 1024 5213 canonica
1065 5168 1191 5213 ante
1215 5159 1446 5214 obscure
1480 5159 1679 5230 posuit,
1708 5160 1880 5216 haere-

303 5248 540 5304 ticorum
583 5247 773 5302 ebullit
820 5249 1100 5304 stultitiam
1129 5291 1145 5316 ,
1184 5249 1324 5305 dicta
1367 5263 1537 5305 sacra:
1583 5248 1880 5321 Scriptum

302 5355 558 5413 perverse
587 5339 931 5412 intelligendo
956 5355 1188 5411 suosque
1223 5355 1414 5397 sensus
1432 5339 1548 5410 ejus
1572 5341 1880 5398 auctoritati

303 5435 688 5505 prmponendo,
735 5441 912 5504 potest
956 5444 1011 5489 et
1059 5435 1124 5490 de
1167 5448 1495 5506 paganorum
1551 5434 1885 5505 philosophis

306 5528 528 5598 intelligi
573 5528 714 5598 quod
762 5529 870 5593 ait,
923 5544 979 5582 os
1029 5527 1297 5597 fatuorum
1347 5527 1524 5582 ebullit
1568 5527 1882 5596 stultitiam,

305 5621 494 5689 quales
530 5619 684 5675 fuere
707 5620 1039 5692 Porphyrius
1062 5628 1118 5674 et
1142 5619 1414 5685 Julianus,
1445 5620 1536 5690 qui
1559 5629 1748 5676 contra
1775 5620 1882 5678 Ec-

306 5713 484 5768 clesizn
510 5713 758 5768 doctores
779 5710 1018 5768 stultitia:
1046 5724 1157 5768 suae
1179 5709 1376 5767 ﬂuenta
1403 5709 1718 5767 fundebant.

1986 4619 2133 4675 sauri
2177 4617 2353 4690 magni
2398 4626 2446 4671 et
2496 4614 2844 4672 insatiabiles.
2877 4614 3046 4682 Quale
3073 4623 3160 4672 est
3198 4615 3254 4671 in
3299 4615 3508 4686 psalmo
3551 4630 3574 4668 :

1989 4707 2180 4764 Melius
2208 4716 2280 4764 est
2310 4707 2573 4762 modicum
2591 4707 2776 4777 justo,
2817 4722 2973 4774 super
2995 4706 3207 4762 divitias
3239 4716 3572 4778 peccatorum

1986 4801 2179 4856 multas
2211 4797 2384 4871 (Psal.
2427 4800 2681 4872 xxxviii).
2724 4799 2913 4855 Melius
2951 4807 3038 4856 est
3081 4815 3209 4871 ergo
3254 4807 3316 4856 nt
3355 4808 3578 4856 servato

1989 4893 2185 4948 timore
2237 4891 2332 4947 Dei
2383 4905 2543 4963 egeas
2593 4891 2820 4962 opibus,
2868 4888 2956 4946 vel
2991 4891 3157 4946 etiam
3203 4890 3350 4946 victu
3395 4891 3573 4958 quoti-

1987 4986 2170 5052 diano,
2196 4999 2359 5056 quam
2382 4992 2442 5040 ut
2463 4983 2734 5041 desiderio
2759 4983 2917 5054 plura
2947 4982 3265 5053 acquirendi
3291 4981 3389 5038 Dei
3411 4981 3571 5036 timo-

1986 5093 2102 5134 rem
2129 5080 2368 5133 deseras.

2061 5166 2251 5237 lilelius
2294 5175 2369 5221 est
2415 5167 2589 5220 vocari
2631 5166 2701 5220 ad
2737 5165 2882 5220 olera
2919 5181 3040 5219 cum
3077 5164 3370 5229 cbaritate,
3405 5178 3570 5233 quam

1987 5257 2056 5310 ad
2076 5255 2295 5310 vitulum
2320 5257 2618 5325 saginatum
2650 5272 2770 5309 cum
2794 5255 2936 5310 odio.
2970 5251 3158 5310 Omnis
3183 5253 3274 5322 qui
3302 5251 3569 5309 bonorum

1988 5360 2212 5416 operum
2248 5345 2492 5414 exempla
2526 5345 2794 5414 proximis
2836 5359 2957 5414 quae
2993 5343 3272 5399 imitentur
3305 5344 3565 5407 ostendit.

1987 5435 2141 5506 quasi
2181 5435 2250 5490 ad
2288 5433 2474 5504 epulas
2510 5435 2706 5505 quibus
2739 5433 3058 5489 reﬁciantur
3093 5433 3354 5488 convivas
3383 5441 3565 5487 vocat.

1987 5524 2177 5581 Melius
2227 5534 2310 5579 est
2349 5532 2530 5579 autem
2561 5537 2758 5578 vocare
2802 5523 2873 5578 ad
2914 5521 3065 5579 olera
3109 5537 3235 5577 cum
3277 5522 3568 5588 charitate,

1986 5631 2150 5688 quam
2180 5614 2246 5670 ad
2287 5614 2516 5671 vitulum
2546 5614 2850 5686 saginatum
2879 5628 3004 5670 cum
3033 5615 3179 5672 odio.
3225 5613 3363 5683 Quia
3404 5613 3569 5669 nimi-

1988 5723 2109 5764 rum
2157 5705 2328 5764 multo
2366 5715 2451 5764 est
2497 5707 2682 5763 utilius
2717 5706 2978 5779 simplicis
3011 5707 3137 5765 vita:
3173 5706 3560 5767 innocentiam.

3585 2581 3617 2608 ο
