  <div class='ocr_page' id='page_1' title='image "/cluster/home/n/w/nwhite01/storage/ocr_20150623/111/hvd.32044054759766/371.png"; bbox 0 0 3962 6198; ppageno 0'>
   <div class='ocr_carea' id='block_1_1' title="bbox 390 395 530 452">
    <p class='ocr_par' dir='ltr' id='par_1_1' title="bbox 390 395 530 452">
     <span class='ocr_line' id='line_1_1' title="bbox 390 395 530 452; baseline 0.007 -2"><span class='ocrx_word' id='word_1_1' title='bbox 390 395 486 452; x_wconf 75' lang='grc'><strong><em>’151</em></strong></span> <span class='ocrx_word' id='word_1_2' title='bbox 523 424 530 431; x_wconf 93' lang='grc'><strong>·</strong></span> 
     </span>
    </p>
   </div>
   <div class='ocr_carea' id='block_1_2' title="bbox 996 379 2984 452">
    <p class='ocr_par' dir='ltr' id='par_1_2' title="bbox 996 379 2984 452">
     <span class='ocr_line' id='line_1_2' title="bbox 996 379 2984 452; baseline -0.007 0"><span class='ocrx_word' id='word_1_3' title='bbox 996 397 1056 452; x_wconf 86' lang='grc' dir='ltr'><strong><em>Β.</em></strong></span> <span class='ocrx_word' id='word_1_4' title='bbox 1097 393 1352 450; x_wconf 75' lang='lat' dir='ltr'><strong>RABANI</strong></span> <span class='ocrx_word' id='word_1_5' title='bbox 1391 391 1611 448; x_wconf 78' lang='lat' dir='ltr'><strong><em>MAUBI</em></strong></span> <span class='ocrx_word' id='word_1_6' title='bbox 1651 387 1967 445; x_wconf 82' lang='lat' dir='ltr'><strong><em>ARClllEP.</em></strong></span> <span class='ocrx_word' id='word_1_7' title='bbox 2006 381 2316 441; x_wconf 78' lang='lat' dir='ltr'><strong><em>MOGUNT.</em></strong></span> <span class='ocrx_word' id='word_1_8' title='bbox 2353 379 2639 441; x_wconf 75' lang='lat' dir='ltr'><strong><em>OPERUM</em></strong></span> <span class='ocrx_word' id='word_1_9' title='bbox 2675 381 2858 439; x_wconf 79' lang='lat' dir='ltr'><strong><em>PARS</em></strong></span> <span class='ocrx_word' id='word_1_10' title='bbox 2893 382 2984 439; x_wconf 87' lang='lat' dir='ltr'><strong><em>Ill.</em></strong></span> 
     </span>
    </p>
   </div>
   <div class='ocr_carea' id='block_1_3' title="bbox 3543 381 3672 438">
    <p class='ocr_par' dir='ltr' id='par_1_3' title="bbox 3543 381 3672 438">
     <span class='ocr_line' id='line_1_3' title="bbox 3543 381 3672 438; baseline 0.031 -4"><span class='ocrx_word' id='word_1_11' title='bbox 3543 381 3672 438; x_wconf 64' lang='lat'><strong><em>753</em></strong></span> 
     </span>
    </p>
   </div>
   <div class='ocr_carea' id='block_1_4' title="bbox 393 494 3672 577">
    <p class='ocr_par' dir='ltr' id='par_1_4' title="bbox 393 494 3672 577">
     <span class='ocr_line' id='line_1_4' title="bbox 393 494 3672 577; baseline -0.006 -10"><span class='ocrx_word' id='word_1_12' title='bbox 393 525 517 567; x_wconf 88' lang='lat' dir='ltr'><strong><em>cum</em></strong></span> <span class='ocrx_word' id='word_1_13' title='bbox 559 511 826 567; x_wconf 87' lang='lat' dir='ltr'><strong><em>charitate</em></strong></span> <span class='ocrx_word' id='word_1_14' title='bbox 877 525 1113 574; x_wconf 87' lang='lat' dir='ltr'><strong><em>servare,</em></strong></span> <span class='ocrx_word' id='word_1_15' title='bbox 1166 521 1330 577; x_wconf 89' lang='lat' dir='ltr'><strong><em>quam</em></strong></span> <span class='ocrx_word' id='word_1_16' title='bbox 1374 506 1670 576; x_wconf 81' lang='lat' dir='ltr'><strong><em>majoribus</em></strong></span> <span class='ocrx_word' id='word_1_17' title='bbox 1707 504 1969 558; x_wconf 87' lang='lat' dir='ltr'><strong><em>virtutum</em></strong></span> <span class='ocrx_word' id='word_1_18' title='bbox 2000 505 2050 564; x_wconf 81' lang='grc' dir='ltr'><strong>Α</strong></span> <span class='ocrx_word' id='word_1_19' title='bbox 2075 501 2206 556; x_wconf 90' lang='lat' dir='ltr'><strong><em>mini</em></strong></span> <span class='ocrx_word' id='word_1_20' title='bbox 2255 501 2308 556; x_wconf 91' lang='lat' dir='ltr'><strong><em>in</em></strong></span> <span class='ocrx_word' id='word_1_21' title='bbox 2356 508 2503 555; x_wconf 90' lang='lat' dir='ltr'><strong><em>terra</em></strong></span> <span class='ocrx_word' id='word_1_22' title='bbox 2545 499 2838 553; x_wconf 85' lang='lat' dir='ltr'><strong><em>viventium</em></strong></span> <span class='ocrx_word' id='word_1_23' title='bbox 2865 536 2881 562; x_wconf 94' lang='lat'><strong><em>,</em></strong></span> <span class='ocrx_word' id='word_1_24' title='bbox 2933 510 3055 566; x_wconf 72' lang='lat' dir='ltr'><strong><em>qua:</em></strong></span> <span class='ocrx_word' id='word_1_25' title='bbox 3104 494 3412 565; x_wconf 83' lang='lat' dir='ltr'><strong>quicunque</strong></span> <span class='ocrx_word' id='word_1_26' title='bbox 3456 495 3672 550; x_wconf 84' lang='lat' dir='ltr'><strong><em>mentis</em></strong></span> 
     </span>
    </p>
   </div>
   <div class='ocr_carea' id='block_1_5' title="bbox 394 595 1970 670">
    <p class='ocr_par' dir='ltr' id='par_1_5' title="bbox 394 595 1970 670">
     <span class='ocr_line' id='line_1_5' title="bbox 394 595 1970 670; baseline -0.006 -14"><span class='ocrx_word' id='word_1_27' title='bbox 394 601 670 658; x_wconf 81' lang='lat' dir='ltr'><strong><em>miraculis</em></strong></span> <span class='ocrx_word' id='word_1_28' title='bbox 724 600 870 657; x_wconf 79' lang='lat' dir='ltr'><strong><em>foras</em></strong></span> <span class='ocrx_word' id='word_1_29' title='bbox 903 599 1178 670; x_wconf 66' lang='lat' dir='ltr'><strong><em>effulgere,</em></strong></span> <span class='ocrx_word' id='word_1_30' title='bbox 1229 607 1286 652; x_wconf 89' lang='lat' dir='ltr'><strong><em>et</em></strong></span> <span class='ocrx_word' id='word_1_31' title='bbox 1339 597 1598 652; x_wconf 88' lang='lat' dir='ltr'><strong><em>interiora</em></strong></span> <span class='ocrx_word' id='word_1_32' title='bbox 1655 595 1853 650; x_wconf 89' lang='lat' dir='ltr'><strong><em>mentis</em></strong></span> <span class='ocrx_word' id='word_1_33' title='bbox 1900 595 1970 648; x_wconf 88' lang='lat' dir='ltr'><strong><em>ab</em></strong></span> 
     </span>
    </p>
   </div>
   <div class='ocr_carea' id='block_1_6' title="bbox 391 686 1972 760">
    <p class='ocr_par' dir='ltr' id='par_1_6' title="bbox 391 686 1972 760">
     <span class='ocr_line' id='line_1_6' title="bbox 391 686 1972 760; baseline -0.004 -14"><span class='ocrx_word' id='word_1_34' title='bbox 391 693 638 747; x_wconf 80' lang='lat' dir='ltr'><strong><em>odiorum</em></strong></span> <span class='ocrx_word' id='word_1_35' title='bbox 683 691 842 748; x_wconf 82' lang='lat' dir='ltr'><strong>sorde</strong></span> <span class='ocrx_word' id='word_1_36' title='bbox 870 706 976 745; x_wconf 90' lang='lat' dir='ltr'><strong><em>non</em></strong></span> <span class='ocrx_word' id='word_1_37' title='bbox 1012 705 1331 760; x_wconf 77' lang='lat' dir='ltr'><strong><em>expurgare.</em></strong></span> <span class='ocrx_word' id='word_1_38' title='bbox 1363 687 1516 742; x_wconf 84' lang='lat' dir='ltr'><strong><em>Unde</em></strong></span> <span class='ocrx_word' id='word_1_39' title='bbox 1541 687 1736 756; x_wconf 87' lang='lat' dir='ltr'><strong><em>quibus</em></strong></span> <span class='ocrx_word' id='word_1_40' title='bbox 1775 687 1825 740; x_wconf 92' lang='lat' dir='ltr'><strong><em>in</em></strong></span> <span class='ocrx_word' id='word_1_41' title='bbox 1867 686 1972 739; x_wconf 81' lang='lat' dir='ltr'><strong><em>fine</em></strong></span> 
     </span>
    </p>
   </div>
   <div class='ocr_carea' id='block_1_7' title="bbox 394 779 1970 844">
    <p class='ocr_par' dir='ltr' id='par_1_7' title="bbox 394 779 1970 844">
     <span class='ocr_line' id='line_1_7' title="bbox 394 779 1970 844; baseline -0.005 -7"><span class='ocrx_word' id='word_1_42' title='bbox 394 783 736 839; x_wconf 84' lang='lat' dir='ltr'><strong><em>dicentibus:</em></strong></span> <span class='ocrx_word' id='word_1_43' title='bbox 761 782 984 836; x_wconf 77' lang='lat' dir='ltr'><strong><em>Domine</em></strong></span> <span class='ocrx_word' id='word_1_44' title='bbox 1005 822 1019 844; x_wconf 90' lang='lat'><strong><em>,</em></strong></span> <span class='ocrx_word' id='word_1_45' title='bbox 1071 780 1310 844; x_wconf 79' lang='lat' dir='ltr'><strong><em>Domine,</em></strong></span> <span class='ocrx_word' id='word_1_46' title='bbox 1349 796 1518 834; x_wconf 82' lang='lat' dir='ltr'><strong><em>nonne</em></strong></span> <span class='ocrx_word' id='word_1_47' title='bbox 1548 779 1603 832; x_wconf 91' lang='lat' dir='ltr'><strong><em>in</em></strong></span> <span class='ocrx_word' id='word_1_48' title='bbox 1633 779 1840 832; x_wconf 81' lang='lat' dir='ltr'><strong><em>nomine</em></strong></span> <span class='ocrx_word' id='word_1_49' title='bbox 1882 787 1970 829; x_wconf 84' lang='lat' dir='ltr'><strong><em>tuo</em></strong></span> 
     </span>
    </p>
   </div>
   <div class='ocr_carea' id='block_1_8' title="bbox 393 867 1971 942">
    <p class='ocr_par' dir='ltr' id='par_1_8' title="bbox 393 867 1971 942">
     <span class='ocr_line' id='line_1_8' title="bbox 393 867 1971 942; baseline -0.005 -16"><span class='ocrx_word' id='word_1_50' title='bbox 393 871 809 942; x_wconf 75' lang='lat' dir='ltr'><strong><em>prophetarimus</em></strong></span> <span class='ocrx_word' id='word_1_51' title='bbox 834 881 881 924; x_wconf 90' lang='lat' dir='ltr'><strong><em>et</em></strong></span> <span class='ocrx_word' id='word_1_52' title='bbox 905 873 962 924; x_wconf 87' lang='lat' dir='ltr'><strong><em>in</em></strong></span> <span class='ocrx_word' id='word_1_53' title='bbox 988 880 1077 923; x_wconf 86' lang='lat' dir='ltr'><strong><em>tuo</em></strong></span> <span class='ocrx_word' id='word_1_54' title='bbox 1101 871 1308 924; x_wconf 82' lang='lat' dir='ltr'><strong><em>nomine</em></strong></span> <span class='ocrx_word' id='word_1_55' title='bbox 1331 868 1595 922; x_wconf 75' lang='lat' dir='ltr'><strong><em>dwmonia</em></strong></span> <span class='ocrx_word' id='word_1_56' title='bbox 1619 867 1867 937; x_wconf 84' lang='lat' dir='ltr'><strong><em>ejecimus</em></strong></span> <span class='ocrx_word' id='word_1_57' title='bbox 1888 907 1901 930; x_wconf 95' lang='lat'><strong><em>,</em></strong></span> <span class='ocrx_word' id='word_1_58' title='bbox 1927 877 1971 919; x_wconf 88' lang='lat' dir='ltr'><strong><em>et</em></strong></span> 
     </span>
    </p>
   </div>
   <div class='ocr_carea' id='block_1_9' title="bbox 394 954 1970 1029">
    <p class='ocr_par' dir='ltr' id='par_1_9' title="bbox 394 954 1970 1029">
     <span class='ocr_line' id='line_1_9' title="bbox 394 954 1970 1029; baseline -0.003 -16"><span class='ocrx_word' id='word_1_59' title='bbox 394 961 451 1015; x_wconf 88' lang='lat' dir='ltr'><strong><em>in</em></strong></span> <span class='ocrx_word' id='word_1_60' title='bbox 475 971 564 1014; x_wconf 84' lang='lat' dir='ltr'><strong><em>tuo</em></strong></span> <span class='ocrx_word' id='word_1_61' title='bbox 602 961 807 1014; x_wconf 82' lang='lat' dir='ltr'><strong><em>nomine</em></strong></span> <span class='ocrx_word' id='word_1_62' title='bbox 844 961 1056 1014; x_wconf 74' lang='lat' dir='ltr'><strong><em>virtutes</em></strong></span> <span class='ocrx_word' id='word_1_63' title='bbox 1084 958 1278 1013; x_wconf 87' lang='lat' dir='ltr'><strong><em>multas</em></strong></span> <span class='ocrx_word' id='word_1_64' title='bbox 1303 959 1563 1028; x_wconf 76' lang='lat' dir='ltr'><strong><em>fecimus?</em></strong></span> <span class='ocrx_word' id='word_1_65' title='bbox 1591 956 1808 1029; x_wconf 72' lang='lat' dir='ltr'><strong><em>(Jfattlt.</em></strong></span> <span class='ocrx_word' id='word_1_66' title='bbox 1843 954 1970 1024; x_wconf 81' lang='lat' dir='ltr'><strong><em>vn.)</em></strong></span> 
     </span>
    </p>
   </div>
   <div class='ocr_carea' id='block_1_10' title="bbox 395 1047 1974 1122">
    <p class='ocr_par' dir='ltr' id='par_1_10' title="bbox 395 1047 1974 1122">
     <span class='ocr_line' id='line_1_10' title="bbox 395 1047 1974 1122; baseline -0.005 -15"><span class='ocrx_word' id='word_1_67' title='bbox 395 1051 548 1107; x_wconf 88' lang='lat' dir='ltr'><strong><em>Dicet</em></strong></span> <span class='ocrx_word' id='word_1_68' title='bbox 575 1052 688 1122; x_wconf 88' lang='lat' dir='ltr'><strong><em>ipse</em></strong></span> <span class='ocrx_word' id='word_1_69' title='bbox 711 1051 968 1106; x_wconf 88' lang='lat' dir='ltr'><strong><em>Dominus</em></strong></span> <span class='ocrx_word' id='word_1_70' title='bbox 1001 1069 1014 1104; x_wconf 89' lang='lat'><strong>:</strong></span> <span class='ocrx_word' id='word_1_71' title='bbox 1047 1049 1184 1114; x_wconf 84' lang='lat' dir='ltr'><strong><em>Quia</em></strong></span> <span class='ocrx_word' id='word_1_72' title='bbox 1213 1066 1481 1120; x_wconf 83' lang='lat' dir='ltr'><strong><em>nunquam</em></strong></span> <span class='ocrx_word' id='word_1_73' title='bbox 1507 1048 1626 1102; x_wconf 82' lang='lat' dir='ltr'><strong><em>novi</em></strong></span> <span class='ocrx_word' id='word_1_74' title='bbox 1654 1063 1767 1112; x_wconf 82' lang='lat' dir='ltr'><strong><em>vos,</em></strong></span> <span class='ocrx_word' id='word_1_75' title='bbox 1805 1047 1974 1100; x_wconf 83' lang='lat' dir='ltr'><strong><em>disce—</em></strong></span> 
     </span>
    </p>
   </div>
   <div class='ocr_carea' id='block_1_11' title="bbox 391 1138 1902 1212">
    <p class='ocr_par' dir='ltr' id='par_1_11' title="bbox 391 1138 1902 1212">
     <span class='ocr_line' id='line_1_11' title="bbox 391 1138 1902 1212; baseline -0.004 -14"><span class='ocrx_word' id='word_1_76' title='bbox 391 1145 500 1198; x_wconf 86' lang='lat' dir='ltr'><strong><em>dite</em></strong></span> <span class='ocrx_word' id='word_1_77' title='bbox 523 1159 556 1197; x_wconf 84' lang='lat' dir='ltr'><strong><em>a</em></strong></span> <span class='ocrx_word' id='word_1_78' title='bbox 576 1159 678 1208; x_wconf 88' lang='lat' dir='ltr'><strong><em>me,</em></strong></span> <span class='ocrx_word' id='word_1_79' title='bbox 705 1159 880 1196; x_wconf 85' lang='lat' dir='ltr'><strong><em>omnes</em></strong></span> <span class='ocrx_word' id='word_1_80' title='bbox 903 1141 994 1212; x_wconf 88' lang='lat' dir='ltr'><strong><em>qui</em></strong></span> <span class='ocrx_word' id='word_1_81' title='bbox 1022 1141 1308 1211; x_wconf 82' lang='lat' dir='ltr'><strong><em>operamini</em></strong></span> <span class='ocrx_word' id='word_1_82' title='bbox 1337 1141 1663 1212; x_wconf 74' lang='lat' dir='ltr'><strong><em>iniquitatem</em></strong></span> <span class='ocrx_word' id='word_1_83' title='bbox 1690 1138 1902 1211; x_wconf 84' lang='lat' dir='ltr'><strong><em>(Ibid.).</em></strong></span> 
     </span>
    </p>
   </div>
   <div class='ocr_carea' id='block_1_12' title="bbox 462 1230 1974 1306">
    <p class='ocr_par' dir='ltr' id='par_1_12' title="bbox 462 1230 1974 1306">
     <span class='ocr_line' id='line_1_12' title="bbox 462 1230 1974 1306; baseline -0.004 -17"><span class='ocrx_word' id='word_1_84' title='bbox 462 1234 578 1290; x_wconf 81' lang='lat' dir='ltr'><strong><em>lter</em></strong></span> <span class='ocrx_word' id='word_1_85' title='bbox 616 1235 887 1306; x_wconf 87' lang='lat' dir='ltr'><strong><em>pigrorum</em></strong></span> <span class='ocrx_word' id='word_1_86' title='bbox 926 1235 1079 1304; x_wconf 86' lang='lat' dir='ltr'><strong><em>quasi</em></strong></span> <span class='ocrx_word' id='word_1_87' title='bbox 1114 1235 1252 1305; x_wconf 87' lang='lat' dir='ltr'><strong><em>sepis</em></strong></span> <span class='ocrx_word' id='word_1_88' title='bbox 1279 1233 1570 1304; x_wconf 85' lang='lat' dir='ltr'><strong><em>spinarum.</em></strong></span> <span class='ocrx_word' id='word_1_89' title='bbox 1615 1232 1806 1302; x_wconf 82' lang='lat' dir='ltr'><strong><em>Pigros</em></strong></span> <span class='ocrx_word' id='word_1_90' title='bbox 1845 1230 1974 1285; x_wconf 89' lang='lat' dir='ltr'><strong><em>dicit</em></strong></span> 
     </span>
    </p>
   </div>
   <div class='ocr_carea' id='block_1_13' title="bbox 393 1322 1972 1396">
    <p class='ocr_par' dir='ltr' id='par_1_13' title="bbox 393 1322 1972 1396">
     <span class='ocr_line' id='line_1_13' title="bbox 393 1322 1972 1396; baseline -0.003 -15"><span class='ocrx_word' id='word_1_91' title='bbox 393 1341 490 1381; x_wconf 88' lang='lat' dir='ltr'><strong><em>eos</em></strong></span> <span class='ocrx_word' id='word_1_92' title='bbox 541 1340 680 1394; x_wconf 88' lang='lat' dir='ltr'><strong><em>quos</em></strong></span> <span class='ocrx_word' id='word_1_93' title='bbox 711 1326 859 1396; x_wconf 90' lang='lat' dir='ltr'><strong><em>piget</em></strong></span> <span class='ocrx_word' id='word_1_94' title='bbox 881 1325 1095 1396; x_wconf 88' lang='lat' dir='ltr'><strong><em>operari</em></strong></span> <span class='ocrx_word' id='word_1_95' title='bbox 1115 1323 1405 1392; x_wconf 72' lang='lat' dir='ltr'><strong><em>justitiam,</em></strong></span> <span class='ocrx_word' id='word_1_96' title='bbox 1429 1324 1520 1394; x_wconf 86' lang='lat' dir='ltr'><strong>qui</strong></span> <span class='ocrx_word' id='word_1_97' title='bbox 1547 1339 1670 1378; x_wconf 91' lang='lat' dir='ltr'><strong><em>cum</em></strong></span> <span class='ocrx_word' id='word_1_98' title='bbox 1699 1323 1844 1377; x_wconf 89' lang='lat' dir='ltr'><strong><em>viam</em></strong></span> <span class='ocrx_word' id='word_1_99' title='bbox 1875 1322 1972 1377; x_wconf 89' lang='lat' dir='ltr'><strong><em>Dei</em></strong></span> 
     </span>
    </p>
   </div>
   <div class='ocr_carea' id='block_1_14' title="bbox 395 1412 1972 1485">
    <p class='ocr_par' dir='ltr' id='par_1_14' title="bbox 395 1412 1972 1485">
     <span class='ocr_line' id='line_1_14' title="bbox 395 1412 1972 1485; baseline -0.002 -17"><span class='ocrx_word' id='word_1_100' title='bbox 395 1423 693 1485; x_wconf 87' lang='lat' dir='ltr'><strong><em>appetunt,</em></strong></span> <span class='ocrx_word' id='word_1_101' title='bbox 751 1429 846 1470; x_wconf 89' lang='lat' dir='ltr'><strong><em>eos</em></strong></span> <span class='ocrx_word' id='word_1_102' title='bbox 889 1412 1036 1471; x_wconf 87' lang='lat' dir='ltr'><strong><em>velut</em></strong></span> <span class='ocrx_word' id='word_1_103' title='bbox 1084 1415 1252 1484; x_wconf 64' lang='lat' dir='ltr'><strong><em>spinae</em></strong></span> <span class='ocrx_word' id='word_1_104' title='bbox 1299 1413 1677 1470; x_wconf 80' lang='lat' dir='ltr'><strong><em>obsistentium</em></strong></span> <span class='ocrx_word' id='word_1_105' title='bbox 1738 1412 1972 1483; x_wconf 83' lang='lat' dir='ltr'><strong><em>sepium,</em></strong></span> 
     </span>
    </p>
   </div>
   <div class='ocr_carea' id='block_1_15' title="bbox 395 1503 1974 1576">
    <p class='ocr_par' dir='ltr' id='par_1_15' title="bbox 395 1503 1974 1576">
     <span class='ocr_line' id='line_1_15' title="bbox 395 1503 1974 1576; baseline -0.003 -16"><span class='ocrx_word' id='word_1_106' title='bbox 395 1505 476 1560; x_wconf 90' lang='lat' dir='ltr'><strong><em>sic</em></strong></span> <span class='ocrx_word' id='word_1_107' title='bbox 516 1503 861 1559; x_wconf 81' lang='lat' dir='ltr'><strong><em>formidinum</em></strong></span> <span class='ocrx_word' id='word_1_108' title='bbox 905 1520 1126 1562; x_wconf 88' lang='lat' dir='ltr'><strong><em>suarum</em></strong></span> <span class='ocrx_word' id='word_1_109' title='bbox 1169 1504 1429 1576; x_wconf 64' lang='lat' dir='ltr'><strong><em>oppositas</em></strong></span> <span class='ocrx_word' id='word_1_110' title='bbox 1469 1503 1808 1574; x_wconf 86' lang='lat' dir='ltr'><strong><em>suspiciones</em></strong></span> <span class='ocrx_word' id='word_1_111' title='bbox 1836 1517 1974 1573; x_wconf 89' lang='lat' dir='ltr'><strong><em>pun-</em></strong></span> 
     </span>
    </p>
   </div>
   <div class='ocr_carea' id='block_1_16' title="bbox 396 1595 1974 1670">
    <p class='ocr_par' dir='ltr' id='par_1_16' title="bbox 396 1595 1974 1670">
     <span class='ocr_line' id='line_1_16' title="bbox 396 1595 1974 1670; baseline -0.002 -18"><span class='ocrx_word' id='word_1_112' title='bbox 396 1605 563 1668; x_wconf 88' lang='lat' dir='ltr'><strong><em>gunt,</em></strong></span> <span class='ocrx_word' id='word_1_113' title='bbox 608 1597 752 1668; x_wconf 89' lang='lat' dir='ltr'><strong><em>quod</em></strong></span> <span class='ocrx_word' id='word_1_114' title='bbox 786 1597 1148 1670; x_wconf 27' lang='lat' dir='ltr'><strong><em>quialelectos</em></strong></span> <span class='ocrx_word' id='word_1_115' title='bbox 1181 1597 1481 1669; x_wconf 69' lang='lat' dir='ltr'><strong><em>praepedire</em></strong></span> <span class='ocrx_word' id='word_1_116' title='bbox 1521 1611 1631 1652; x_wconf 90' lang='lat' dir='ltr'><strong><em>non</em></strong></span> <span class='ocrx_word' id='word_1_117' title='bbox 1670 1595 1832 1662; x_wconf 84' lang='lat' dir='ltr'><strong><em>solet,</em></strong></span> <span class='ocrx_word' id='word_1_118' title='bbox 1873 1596 1974 1650; x_wconf 87' lang='lat' dir='ltr'><strong><em>ad-</em></strong></span> 
     </span>
    </p>
   </div>
   <div class='ocr_carea' id='block_1_17' title="bbox 390 1687 593 1760">
    <p class='ocr_par' dir='ltr' id='par_1_17' title="bbox 390 1687 593 1760">
     <span class='ocr_line' id='line_1_17' title="bbox 390 1687 593 1760; baseline -0.005 -15"><span class='ocrx_word' id='word_1_119' title='bbox 390 1687 593 1760; x_wconf 74' lang='lat' dir='ltr'><strong><em>iunxit.</em></strong></span> 
     </span>
    </p>
   </div>
   <div class='ocr_carea' id='block_1_18' title="bbox 477 1780 1970 1855">
    <p class='ocr_par' dir='ltr' id='par_1_18' title="bbox 477 1780 1970 1855">
     <span class='ocr_line' id='line_1_18' title="bbox 477 1780 1970 1855; baseline 0.001 -20"><span class='ocrx_word' id='word_1_120' title='bbox 477 1780 574 1837; x_wconf 85' lang='lat' dir='ltr'><strong><em>Via</em></strong></span> <span class='ocrx_word' id='word_1_121' title='bbox 607 1783 876 1853; x_wconf 84' lang='lat' dir='ltr'><strong><em>justorum</em></strong></span> <span class='ocrx_word' id='word_1_122' title='bbox 915 1783 1108 1855; x_wconf 86' lang='lat' dir='ltr'><strong><em>absque</em></strong></span> <span class='ocrx_word' id='word_1_123' title='bbox 1133 1782 1473 1854; x_wconf 71' lang='lat' dir='ltr'><strong><em>offendicula.</em></strong></span> <span class='ocrx_word' id='word_1_124' title='bbox 1517 1781 1656 1838; x_wconf 85' lang='lat' dir='ltr'><strong><em>Justi</em></strong></span> <span class='ocrx_word' id='word_1_125' title='bbox 1694 1783 1892 1853; x_wconf 89' lang='lat' dir='ltr'><strong><em>quippe</em></strong></span> <span class='ocrx_word' id='word_1_126' title='bbox 1917 1782 1970 1836; x_wconf 89' lang='lat' dir='ltr'><strong><em>in</em></strong></span> 
     </span>
    </p>
   </div>
   <div class='ocr_carea' id='block_1_19' title="bbox 2072 586 3668 660">
    <p class='ocr_par' dir='ltr' id='par_1_19' title="bbox 2072 586 3668 660">
     <span class='ocr_line' id='line_1_19' title="bbox 2072 586 3668 660; baseline -0.004 -15"><span class='ocrx_word' id='word_1_127' title='bbox 2072 590 2229 645; x_wconf 89' lang='lat' dir='ltr'><strong><em>oculo</em></strong></span> <span class='ocrx_word' id='word_1_128' title='bbox 2278 588 2700 660; x_wconf 88' lang='lat' dir='ltr'><strong><em>contemplatur,</em></strong></span> <span class='ocrx_word' id='word_1_129' title='bbox 2755 587 2954 642; x_wconf 87' lang='lat' dir='ltr'><strong><em>merito</em></strong></span> <span class='ocrx_word' id='word_1_130' title='bbox 3012 587 3066 641; x_wconf 89' lang='lat' dir='ltr'><strong><em>in</em></strong></span> <span class='ocrx_word' id='word_1_131' title='bbox 3113 587 3276 642; x_wconf 86' lang='lat' dir='ltr'><strong><em>corde</em></strong></span> <span class='ocrx_word' id='word_1_132' title='bbox 3325 586 3668 651; x_wconf 77' lang='lat' dir='ltr'><strong><em>oblectatur,</em></strong></span> 
     </span>
    </p>
   </div>
   <div class='ocr_carea' id='block_1_20' title="bbox 2075 675 3676 746">
    <p class='ocr_par' dir='ltr' id='par_1_20' title="bbox 2075 675 3676 746">
     <span class='ocr_line' id='line_1_20' title="bbox 2075 675 3676 746; baseline -0.002 -12"><span class='ocrx_word' id='word_1_133' title='bbox 2075 682 2284 737; x_wconf 79' lang='lat' dir='ltr'><strong><em>tametsi</em></strong></span> <span class='ocrx_word' id='word_1_134' title='bbox 2311 681 2650 736; x_wconf 82' lang='lat' dir='ltr'><strong><em>extrinsecus</em></strong></span> <span class='ocrx_word' id='word_1_135' title='bbox 2671 678 2843 733; x_wconf 80' lang='lat' dir='ltr'><strong><em>tristis</em></strong></span> <span class='ocrx_word' id='word_1_136' title='bbox 2863 677 3114 732; x_wconf 89' lang='lat' dir='ltr'><strong><em>incedere</em></strong></span> <span class='ocrx_word' id='word_1_137' title='bbox 3141 677 3361 732; x_wconf 90' lang='lat' dir='ltr'><strong><em>inimico</em></strong></span> <span class='ocrx_word' id='word_1_138' title='bbox 3383 675 3676 746; x_wconf 84' lang='lat' dir='ltr'><strong><em>aﬂ&#39;ligente</em></strong></span> 
     </span>
    </p>
   </div>
   <div class='ocr_carea' id='block_1_21' title="bbox 2071 765 3678 839">
    <p class='ocr_par' dir='ltr' id='par_1_21' title="bbox 2071 765 3678 839">
     <span class='ocr_line' id='line_1_21' title="bbox 2071 765 3678 839; baseline 0.001 -21"><span class='ocrx_word' id='word_1_139' title='bbox 2071 770 2300 824; x_wconf 85' lang='lat' dir='ltr'><strong><em>videtur.</em></strong></span> <span class='ocrx_word' id='word_1_140' title='bbox 2343 769 2511 824; x_wconf 87' lang='lat' dir='ltr'><strong><em>Fama</em></strong></span> <span class='ocrx_word' id='word_1_141' title='bbox 2555 767 2754 839; x_wconf 87' lang='lat' dir='ltr'><strong><em>quippe</em></strong></span> <span class='ocrx_word' id='word_1_142' title='bbox 2799 765 2888 820; x_wconf 90' lang='lat' dir='ltr'><strong><em>illa</em></strong></span> <span class='ocrx_word' id='word_1_143' title='bbox 2928 765 3262 830; x_wconf 87' lang='lat' dir='ltr'><strong><em>felicissima,</em></strong></span> <span class='ocrx_word' id='word_1_144' title='bbox 3298 781 3404 835; x_wconf 87' lang='lat' dir='ltr'><strong><em>qua</em></strong></span> <span class='ocrx_word' id='word_1_145' title='bbox 3435 773 3678 820; x_wconf 88' lang='lat' dir='ltr'><strong><em>nostros</em></strong></span> 
     </span>
    </p>
   </div>
   <div class='ocr_carea' id='block_1_22' title="bbox 2075 855 3682 926">
    <p class='ocr_par' dir='ltr' id='par_1_22' title="bbox 2075 855 3682 926">
     <span class='ocr_line' id='line_1_22' title="bbox 2075 855 3682 926; baseline -0.002 -15"><span class='ocrx_word' id='word_1_146' title='bbox 2075 873 2180 912; x_wconf 93' lang='lat' dir='ltr'><strong><em>non</em></strong></span> <span class='ocrx_word' id='word_1_147' title='bbox 2203 858 2377 914; x_wconf 91' lang='lat' dir='ltr'><strong><em>solum</em></strong></span> <span class='ocrx_word' id='word_1_148' title='bbox 2405 867 2590 924; x_wconf 85' lang='lat' dir='ltr'><strong><em>actus,</em></strong></span> <span class='ocrx_word' id='word_1_149' title='bbox 2614 865 2668 912; x_wconf 90' lang='lat' dir='ltr'><strong><em>et</em></strong></span> <span class='ocrx_word' id='word_1_150' title='bbox 2707 869 3009 918; x_wconf 85' lang='lat' dir='ltr'><strong><em>sermones,</em></strong></span> <span class='ocrx_word' id='word_1_151' title='bbox 3046 855 3139 910; x_wconf 86' lang='lat' dir='ltr'><strong><em>sed</em></strong></span> <span class='ocrx_word' id='word_1_152' title='bbox 3165 863 3220 908; x_wconf 90' lang='lat' dir='ltr'><strong><em>et</em></strong></span> <span class='ocrx_word' id='word_1_153' title='bbox 3240 855 3512 926; x_wconf 84' lang='lat' dir='ltr'><strong><em>cogitatus</em></strong></span> <span class='ocrx_word' id='word_1_154' title='bbox 3548 855 3682 909; x_wconf 79' lang='lat' dir='ltr'><strong><em>Au-</em></strong></span> 
     </span>
    </p>
   </div>
   <div class='ocr_carea' id='block_1_23' title="bbox 2075 945 3677 1018">
    <p class='ocr_par' dir='ltr' id='par_1_23' title="bbox 2075 945 3677 1018">
     <span class='ocr_line' id='line_1_23' title="bbox 2075 945 3677 1018; baseline 0.001 -18"><span class='ocrx_word' id='word_1_155' title='bbox 2075 947 2208 1018; x_wconf 87' lang='lat' dir='ltr'><strong><em>gelis</em></strong></span> <span class='ocrx_word' id='word_1_156' title='bbox 2251 947 2722 1012; x_wconf 84' lang='lat' dir='ltr'><strong><em>descendentibus,</em></strong></span> <span class='ocrx_word' id='word_1_157' title='bbox 2777 947 2830 1000; x_wconf 92' lang='lat' dir='ltr'><strong><em>in</em></strong></span> <span class='ocrx_word' id='word_1_158' title='bbox 2883 945 3022 1000; x_wconf 66' lang='lat' dir='ltr'><strong><em>coelo</em></strong></span> <span class='ocrx_word' id='word_1_159' title='bbox 3066 953 3252 1016; x_wconf 80' lang='lat' dir='ltr'><strong><em>patere</em></strong></span> <span class='ocrx_word' id='word_1_160' title='bbox 3279 947 3677 1017; x_wconf 75' lang='lat' dir='ltr'><strong><em>cognovimus,</em></strong></span> 
     </span>
    </p>
   </div>
   <div class='ocr_carea' id='block_1_24' title="bbox 2073 1035 3680 1108">
    <p class='ocr_par' dir='ltr' id='par_1_24' title="bbox 2073 1035 3680 1108">
     <span class='ocr_line' id='line_1_24' title="bbox 2073 1035 3680 1108; baseline 0.002 -17"><span class='ocrx_word' id='word_1_161' title='bbox 2073 1039 2450 1108; x_wconf 79' lang='lat' dir='ltr'><strong><em>pinguedinem</em></strong></span> <span class='ocrx_word' id='word_1_162' title='bbox 2484 1037 2790 1093; x_wconf 86' lang='lat' dir='ltr'><strong><em>dilectionis</em></strong></span> <span class='ocrx_word' id='word_1_163' title='bbox 2819 1043 2875 1091; x_wconf 89' lang='lat' dir='ltr'><strong><em>et</em></strong></span> <span class='ocrx_word' id='word_1_164' title='bbox 2920 1035 3043 1090; x_wconf 87' lang='lat' dir='ltr'><strong><em>ﬁdei</em></strong></span> <span class='ocrx_word' id='word_1_165' title='bbox 3090 1037 3294 1092; x_wconf 84' lang='lat' dir='ltr'><strong><em>nostris</em></strong></span> <span class='ocrx_word' id='word_1_166' title='bbox 3337 1037 3680 1104; x_wconf 80' lang='lat' dir='ltr'><strong><em>virtutibus,</em></strong></span> 
     </span>
    </p>
   </div>
   <div class='ocr_carea' id='block_1_25' title="bbox 2073 1125 3684 1194">
    <p class='ocr_par' dir='ltr' id='par_1_25' title="bbox 2073 1125 3684 1194">
     <span class='ocr_line' id='line_1_25' title="bbox 2073 1125 3684 1194; baseline 0.001 -11"><span class='ocrx_word' id='word_1_167' title='bbox 2073 1145 2144 1184; x_wconf 91' lang='lat' dir='ltr'><strong><em>ne</em></strong></span> <span class='ocrx_word' id='word_1_168' title='bbox 2165 1129 2465 1185; x_wconf 88' lang='lat' dir='ltr'><strong><em>deﬁciendo</em></strong></span> <span class='ocrx_word' id='word_1_169' title='bbox 2491 1136 2764 1190; x_wconf 84' lang='lat' dir='ltr'><strong><em>arescant,</em></strong></span> <span class='ocrx_word' id='word_1_170' title='bbox 2787 1127 3025 1183; x_wconf 83' lang='lat' dir='ltr'><strong><em>exhibet.</em></strong></span> <span class='ocrx_word' id='word_1_171' title='bbox 3051 1125 3264 1194; x_wconf 82' lang='lat' dir='ltr'><strong><em>Quanto</em></strong></span> <span class='ocrx_word' id='word_1_172' title='bbox 3287 1127 3428 1183; x_wconf 88' lang='lat' dir='ltr'><strong><em>enim</em></strong></span> <span class='ocrx_word' id='word_1_173' title='bbox 3454 1129 3684 1185; x_wconf 85' lang='lat' dir='ltr'><strong><em>certius</em></strong></span> 
     </span>
    </p>
   </div>
   <div class='ocr_carea' id='block_1_26' title="bbox 2075 1219 3689 1291">
    <p class='ocr_par' dir='ltr' id='par_1_26' title="bbox 2075 1219 3689 1291">
     <span class='ocr_line' id='line_1_26' title="bbox 2075 1219 3689 1291; baseline 0.002 -17"><span class='ocrx_word' id='word_1_174' title='bbox 2075 1227 2322 1276; x_wconf 90' lang='lat' dir='ltr'><strong><em>tenemus</em></strong></span> <span class='ocrx_word' id='word_1_175' title='bbox 2344 1221 2556 1278; x_wconf 88' lang='lat' dir='ltr'><strong><em>occulta</em></strong></span> <span class='ocrx_word' id='word_1_176' title='bbox 2582 1219 2758 1276; x_wconf 86' lang='lat' dir='ltr'><strong><em>nostri</em></strong></span> <span class='ocrx_word' id='word_1_177' title='bbox 2785 1219 2966 1275; x_wconf 84' lang='lat' dir='ltr'><strong><em>cordis</em></strong></span> <span class='ocrx_word' id='word_1_178' title='bbox 2993 1219 3156 1274; x_wconf 89' lang='lat' dir='ltr'><strong><em>simul</em></strong></span> <span class='ocrx_word' id='word_1_179' title='bbox 3177 1227 3232 1276; x_wconf 91' lang='lat' dir='ltr'><strong><em>et</em></strong></span> <span class='ocrx_word' id='word_1_180' title='bbox 3263 1229 3449 1290; x_wconf 90' lang='lat' dir='ltr'><strong><em>aperta</em></strong></span> <span class='ocrx_word' id='word_1_181' title='bbox 3480 1221 3689 1291; x_wconf 82' lang='lat' dir='ltr'><strong><em>operis</em></strong></span> 
     </span>
    </p>
   </div>
   <div class='ocr_carea' id='block_1_27' title="bbox 2075 1307 3687 1380">
    <p class='ocr_par' dir='ltr' id='par_1_27' title="bbox 2075 1307 3687 1380">
     <span class='ocr_line' id='line_1_27' title="bbox 2075 1307 3687 1380; baseline 0.002 -18"><span class='ocrx_word' id='word_1_182' title='bbox 2075 1307 2275 1364; x_wconf 82' lang='lat' dir='ltr'><strong><em>divinis</em></strong></span> <span class='ocrx_word' id='word_1_183' title='bbox 2311 1317 2500 1380; x_wconf 87' lang='lat' dir='ltr'><strong><em>patere</em></strong></span> <span class='ocrx_word' id='word_1_184' title='bbox 2529 1307 2946 1380; x_wconf 86' lang='lat' dir='ltr'><strong><em>conspectibus,</em></strong></span> <span class='ocrx_word' id='word_1_185' title='bbox 2985 1316 3140 1364; x_wconf 88' lang='lat' dir='ltr'><strong><em>tanto</em></strong></span> <span class='ocrx_word' id='word_1_186' title='bbox 3175 1310 3346 1379; x_wconf 83' lang='lat' dir='ltr'><strong><em>magis</em></strong></span> <span class='ocrx_word' id='word_1_187' title='bbox 3386 1307 3687 1365; x_wconf 59' lang='lat' dir='ltr'><strong><em>fortitudi-</em></strong></span> 
     </span>
    </p>
   </div>
   <div class='ocr_carea' id='block_1_28' title="bbox 2076 1395 3688 1469">
    <p class='ocr_par' dir='ltr' id='par_1_28' title="bbox 2076 1395 3688 1469">
     <span class='ocr_line' id='line_1_28' title="bbox 2076 1395 3688 1469; baseline 0.006 -21"><span class='ocrx_word' id='word_1_188' title='bbox 2076 1410 2201 1452; x_wconf 86' lang='lat' dir='ltr'><strong><em>nem</em></strong></span> <span class='ocrx_word' id='word_1_189' title='bbox 2232 1405 2432 1452; x_wconf 70' lang='lat' dir='ltr'><strong><em>uostra:</em></strong></span> <span class='ocrx_word' id='word_1_190' title='bbox 2468 1395 2624 1451; x_wconf 69' lang='lat' dir='ltr'><strong><em>bona:</em></strong></span> <span class='ocrx_word' id='word_1_191' title='bbox 2651 1396 2882 1452; x_wconf 83' lang='lat' dir='ltr'><strong><em>actionis</em></strong></span> <span class='ocrx_word' id='word_1_192' title='bbox 2915 1395 3034 1452; x_wconf 88' lang='lat' dir='ltr'><strong><em>oleo</em></strong></span> <span class='ocrx_word' id='word_1_193' title='bbox 3072 1397 3363 1454; x_wconf 89' lang='lat' dir='ltr'><strong><em>charitatis</em></strong></span> <span class='ocrx_word' id='word_1_194' title='bbox 3399 1397 3541 1469; x_wconf 84' lang='lat' dir='ltr'><strong><em>eius,</em></strong></span> <span class='ocrx_word' id='word_1_195' title='bbox 3605 1416 3688 1457; x_wconf 88' lang='lat' dir='ltr'><strong><em>ne</em></strong></span> 
     </span>
    </p>
   </div>
   <div class='ocr_carea' id='block_1_29' title="bbox 2076 1489 3068 1562">
    <p class='ocr_par' dir='ltr' id='par_1_29' title="bbox 2076 1489 3068 1562">
     <span class='ocr_line' id='line_1_29' title="bbox 2076 1489 3068 1562; baseline 0.003 -19"><span class='ocrx_word' id='word_1_196' title='bbox 2076 1491 2356 1557; x_wconf 87' lang='lat' dir='ltr'><strong><em>lassescat,</em></strong></span> <span class='ocrx_word' id='word_1_197' title='bbox 2387 1491 2722 1562; x_wconf 88' lang='lat' dir='ltr'><strong><em>impinguare</em></strong></span> <span class='ocrx_word' id='word_1_198' title='bbox 2749 1489 3068 1562; x_wconf 77' lang='lat' dir='ltr'><strong><em>satagimus.</em></strong></span> 
     </span>
    </p>
   </div>
   <div class='ocr_carea' id='block_1_30' title="bbox 2146 1581 3691 1653">
    <p class='ocr_par' dir='ltr' id='par_1_30' title="bbox 2146 1581 3691 1653">
     <span class='ocr_line' id='line_1_30' title="bbox 2146 1581 3691 1653; baseline 0.004 -18"><span class='ocrx_word' id='word_1_199' title='bbox 2146 1583 2306 1635; x_wconf 79' lang='lat' dir='ltr'><strong><em>Auris</em></strong></span> <span class='ocrx_word' id='word_1_200' title='bbox 2326 1599 2441 1653; x_wconf 69' lang='lat' dir='ltr'><strong><em>quae</em></strong></span> <span class='ocrx_word' id='word_1_201' title='bbox 2459 1582 2605 1636; x_wconf 83' lang='lat' dir='ltr'><strong><em>audit</em></strong></span> <span class='ocrx_word' id='word_1_202' title='bbox 2626 1582 3004 1652; x_wconf 85' lang='lat' dir='ltr'><strong><em>increpationes</em></strong></span> <span class='ocrx_word' id='word_1_203' title='bbox 3025 1581 3168 1650; x_wconf 76' lang='lat' dir='ltr'><strong><em>uiue,</em></strong></span> <span class='ocrx_word' id='word_1_204' title='bbox 3190 1583 3244 1637; x_wconf 89' lang='lat' dir='ltr'><strong><em>in</em></strong></span> <span class='ocrx_word' id='word_1_205' title='bbox 3265 1584 3432 1639; x_wconf 89' lang='lat' dir='ltr'><strong><em>medio</em></strong></span> <span class='ocrx_word' id='word_1_206' title='bbox 3455 1585 3691 1651; x_wconf 85' lang='lat' dir='ltr'><strong><em>sapien-</em></strong></span> 
     </span>
    </p>
   </div>
   <div class='ocr_carea' id='block_1_31' title="bbox 2076 1674 3689 1747">
    <p class='ocr_par' dir='ltr' id='par_1_31' title="bbox 2076 1674 3689 1747">
     <span class='ocr_line' id='line_1_31' title="bbox 2076 1674 3689 1747; baseline 0.006 -19"><span class='ocrx_word' id='word_1_207' title='bbox 2076 1674 2208 1728; x_wconf 86' lang='lat' dir='ltr'><strong><em>tium</em></strong></span> <span class='ocrx_word' id='word_1_208' title='bbox 2234 1683 2606 1728; x_wconf 87' lang='lat' dir='ltr'><strong><em>commoratur.</em></strong></span> <span class='ocrx_word' id='word_1_209' title='bbox 2633 1674 2938 1746; x_wconf 90' lang='lat' dir='ltr'><strong><em>Discipulus</em></strong></span> <span class='ocrx_word' id='word_1_210' title='bbox 2966 1675 3058 1745; x_wconf 92' lang='lat' dir='ltr'><strong><em>qui</em></strong></span> <span class='ocrx_word' id='word_1_211' title='bbox 3082 1675 3550 1747; x_wconf 88' lang='lat' dir='ltr'><strong><em>increpationibus</em></strong></span> <span class='ocrx_word' id='word_1_212' title='bbox 3575 1681 3689 1736; x_wconf 81' lang='lat' dir='ltr'><strong><em>do-</em></strong></span> 
     </span>
    </p>
   </div>
   <div class='ocr_carea' id='block_1_32' title="bbox 2076 1762 3692 1839">
    <p class='ocr_par' dir='ltr' id='par_1_32' title="bbox 2076 1762 3692 1839">
     <span class='ocr_line' id='line_1_32' title="bbox 2076 1762 3692 1839; baseline 0.005 -21"><span class='ocrx_word' id='word_1_213' title='bbox 2076 1762 2314 1818; x_wconf 89' lang='lat' dir='ltr'><strong><em>centium</em></strong></span> <span class='ocrx_word' id='word_1_214' title='bbox 2352 1763 2667 1819; x_wconf 88' lang='lat' dir='ltr'><strong><em>ohedienter</em></strong></span> <span class='ocrx_word' id='word_1_215' title='bbox 2711 1765 2938 1830; x_wconf 85' lang='lat' dir='ltr'><strong><em>annuit,</em></strong></span> <span class='ocrx_word' id='word_1_216' title='bbox 2970 1764 3288 1836; x_wconf 86' lang='lat' dir='ltr'><strong><em>plerumque</em></strong></span> <span class='ocrx_word' id='word_1_217' title='bbox 3330 1769 3692 1839; x_wconf 86' lang='lat' dir='ltr'><strong><em>proﬁciendo</em></strong></span> 
     </span>
    </p>
   </div>
   <div class='ocr_carea' id='block_1_33' title="bbox 394 1853 1972 1944">
    <p class='ocr_par' dir='ltr' id='par_1_33' title="bbox 394 1853 1971 1944">
     <span class='ocr_line' id='line_1_33' title="bbox 394 1853 1971 1944; baseline 0.001 -16"><span class='ocrx_word' id='word_1_218' title='bbox 394 1873 810 1929; x_wconf 81' lang='lat' dir='ltr'><strong><em>conversatione</em></strong></span> <span class='ocrx_word' id='word_1_219' title='bbox 853 1889 951 1929; x_wconf 90' lang='lat' dir='ltr'><strong><em>sua</em></strong></span> <span class='ocrx_word' id='word_1_220' title='bbox 984 1853 1245 1944; x_wconf 84' lang='lat' dir='ltr'><strong><em>quidlibet</em></strong></span> <span class='ocrx_word' id='word_1_221' title='bbox 1281 1875 1362 1930; x_wconf 90' lang='lat' dir='ltr'><strong><em>eis</em></strong></span> <span class='ocrx_word' id='word_1_222' title='bbox 1403 1875 1746 1930; x_wconf 87' lang='lat' dir='ltr'><strong><em>adversitatis</em></strong></span> <span class='ocrx_word' id='word_1_223' title='bbox 1783 1875 1971 1930; x_wconf 86' lang='lat' dir='ltr'><strong><em>obvia-</em></strong></span> 
     </span>
    </p>
   </div>
   <div class='ocr_carea' id='block_1_34' title="bbox 2085 1853 3693 1944">
    <p class='ocr_par' dir='ltr' id='par_1_34' title="bbox 2085 1853 3693 1929">
     <span class='ocr_line' id='line_1_34' title="bbox 2085 1853 3693 1929; baseline 0.005 -23"><span class='ocrx_word' id='word_1_224' title='bbox 2085 1853 2143 1906; x_wconf 86' lang='lat' dir='ltr'><strong><em>ad</em></strong></span> <span class='ocrx_word' id='word_1_225' title='bbox 2173 1853 2489 1908; x_wconf 85' lang='lat' dir='ltr'><strong><em>cathedram</em></strong></span> <span class='ocrx_word' id='word_1_226' title='bbox 2517 1869 2688 1924; x_wconf 89' lang='lat' dir='ltr'><strong><em>usque</em></strong></span> <span class='ocrx_word' id='word_1_227' title='bbox 2715 1855 2952 1910; x_wconf 90' lang='lat' dir='ltr'><strong><em>doctoris</em></strong></span> <span class='ocrx_word' id='word_1_228' title='bbox 2973 1855 3235 1911; x_wconf 90' lang='lat' dir='ltr'><strong><em>ascendit.</em></strong></span> <span class='ocrx_word' id='word_1_229' title='bbox 3262 1857 3507 1929; x_wconf 86' lang='lat' dir='ltr'><strong><em>Denique</em></strong></span> <span class='ocrx_word' id='word_1_230' title='bbox 3525 1859 3693 1914; x_wconf 83' lang='lat' dir='ltr'><strong><em>Pau-</em></strong></span> 
     </span>
    </p>
   </div>
   <div class='ocr_carea' id='block_1_35' title="bbox 395 1962 1977 2036">
    <p class='ocr_par' dir='ltr' id='par_1_35' title="bbox 395 1962 1977 2036">
     <span class='ocr_line' id='line_1_35' title="bbox 395 1962 1977 2036; baseline 0.003 -20"><span class='ocrx_word' id='word_1_231' title='bbox 395 1962 555 2028; x_wconf 84' lang='lat' dir='ltr'><strong><em>verit,</em></strong></span> <span class='ocrx_word' id='word_1_232' title='bbox 598 1977 705 2019; x_wconf 89' lang='lat' dir='ltr'><strong><em>non</em></strong></span> <span class='ocrx_word' id='word_1_233' title='bbox 747 1964 1071 2036; x_wconf 81' lang='lat' dir='ltr'><strong><em>impingunt,</em></strong></span> <span class='ocrx_word' id='word_1_234' title='bbox 1117 1964 1241 2034; x_wconf 91' lang='lat' dir='ltr'><strong><em>quia</em></strong></span> <span class='ocrx_word' id='word_1_235' title='bbox 1279 1967 1594 2035; x_wconf 87' lang='lat' dir='ltr'><strong><em>temporalis</em></strong></span> <span class='ocrx_word' id='word_1_236' title='bbox 1632 1965 1977 2021; x_wconf 84' lang='lat' dir='ltr'><strong><em>adversitatis</em></strong></span> 
     </span>
    </p>
   </div>
   <div class='ocr_carea' id='block_1_36' title="bbox 393 2051 1978 2126">
    <p class='ocr_par' dir='ltr' id='par_1_36' title="bbox 393 2051 1978 2126">
     <span class='ocr_line' id='line_1_36' title="bbox 393 2051 1978 2126; baseline 0.003 -20"><span class='ocrx_word' id='word_1_237' title='bbox 393 2051 672 2108; x_wconf 83' lang='lat' dir='ltr'><strong><em>obstacula</em></strong></span> <span class='ocrx_word' id='word_1_238' title='bbox 706 2061 922 2108; x_wconf 69' lang='lat' dir='ltr'><strong><em>aeterna:</em></strong></span> <span class='ocrx_word' id='word_1_239' title='bbox 985 2054 1102 2126; x_wconf 87' lang='lat' dir='ltr'><strong><em>spei</em></strong></span> <span class='ocrx_word' id='word_1_240' title='bbox 1144 2061 1202 2110; x_wconf 88' lang='lat' dir='ltr'><strong><em>et</em></strong></span> <span class='ocrx_word' id='word_1_241' title='bbox 1239 2053 1470 2110; x_wconf 72' lang='lat' dir='ltr'><strong><em>internae</em></strong></span> <span class='ocrx_word' id='word_1_242' title='bbox 1505 2054 1978 2125; x_wconf 84' lang='lat' dir='ltr'><strong><em>contemplationis</em></strong></span> 
     </span>
    </p>
   </div>
   <div class='ocr_carea' id='block_1_37' title="bbox 393 2143 966 2200">
    <p class='ocr_par' dir='ltr' id='par_1_37' title="bbox 393 2143 966 2200">
     <span class='ocr_line' id='line_1_37' title="bbox 393 2143 966 2200; baseline 0 -2"><span class='ocrx_word' id='word_1_243' title='bbox 393 2143 532 2198; x_wconf 86' lang='lat' dir='ltr'><strong><em>saltu</em></strong></span> <span class='ocrx_word' id='word_1_244' title='bbox 559 2144 966 2200; x_wconf 84' lang='lat' dir='ltr'><strong><em>transcendunt.</em></strong></span> 
     </span>
    </p>
   </div>
   <div class='ocr_carea' id='block_1_38' title="bbox 466 2232 1976 2310">
    <p class='ocr_par' dir='ltr' id='par_1_38' title="bbox 466 2232 1976 2310">
     <span class='ocr_line' id='line_1_38' title="bbox 466 2232 1976 2310; baseline 0.001 -21"><span class='ocrx_word' id='word_1_245' title='bbox 466 2232 704 2290; x_wconf 66' lang='lat' dir='ltr'><strong><em>Laetatur</em></strong></span> <span class='ocrx_word' id='word_1_246' title='bbox 722 2235 876 2290; x_wconf 83' lang='lat' dir='ltr'><strong><em>homo</em></strong></span> <span class='ocrx_word' id='word_1_247' title='bbox 897 2237 952 2291; x_wconf 87' lang='lat' dir='ltr'><strong><em>in</em></strong></span> <span class='ocrx_word' id='word_1_248' title='bbox 975 2237 1230 2291; x_wconf 74' lang='lat' dir='ltr'><strong><em>sententia</em></strong></span> <span class='ocrx_word' id='word_1_249' title='bbox 1259 2237 1366 2292; x_wconf 88' lang='lat' dir='ltr'><strong><em>oris</em></strong></span> <span class='ocrx_word' id='word_1_250' title='bbox 1393 2237 1496 2303; x_wconf 85' lang='lat' dir='ltr'><strong><em>sui,</em></strong></span> <span class='ocrx_word' id='word_1_251' title='bbox 1519 2245 1567 2292; x_wconf 88' lang='lat' dir='ltr'><strong><em>et</em></strong></span> <span class='ocrx_word' id='word_1_252' title='bbox 1589 2253 1760 2292; x_wconf 85' lang='lat' dir='ltr'><strong><em>sermo</em></strong></span> <span class='ocrx_word' id='word_1_253' title='bbox 1791 2255 1976 2310; x_wconf 86' lang='lat' dir='ltr'><strong><em>oppor-</em></strong></span> 
     </span>
    </p>
   </div>
   <div class='ocr_carea' id='block_1_39' title="bbox 395 2326 1978 2398">
    <p class='ocr_par' dir='ltr' id='par_1_39' title="bbox 395 2326 1978 2398">
     <span class='ocr_line' id='line_1_39' title="bbox 395 2326 1978 2398; baseline 0.003 -19"><span class='ocrx_word' id='word_1_254' title='bbox 395 2333 556 2380; x_wconf 82' lang='lat' dir='ltr'><strong><em>tunus</em></strong></span> <span class='ocrx_word' id='word_1_255' title='bbox 575 2335 650 2380; x_wconf 87' lang='lat' dir='ltr'><strong><em>est</em></strong></span> <span class='ocrx_word' id='word_1_256' title='bbox 675 2327 924 2396; x_wconf 77' lang='lat' dir='ltr'><strong><em>Optimus.</em></strong></span> <span class='ocrx_word' id='word_1_257' title='bbox 955 2326 1259 2388; x_wconf 82' lang='lat' dir='ltr'><strong><em>Humanum</em></strong></span> <span class='ocrx_word' id='word_1_258' title='bbox 1285 2328 1504 2398; x_wconf 88' lang='lat' dir='ltr'><strong><em>quidem</em></strong></span> <span class='ocrx_word' id='word_1_259' title='bbox 1526 2339 1610 2384; x_wconf 88' lang='lat' dir='ltr'><strong><em>est</em></strong></span> <span class='ocrx_word' id='word_1_260' title='bbox 1639 2329 1704 2384; x_wconf 90' lang='lat' dir='ltr'><strong><em>de</em></strong></span> <span class='ocrx_word' id='word_1_261' title='bbox 1729 2344 1823 2384; x_wconf 88' lang='lat' dir='ltr'><strong><em>sua</em></strong></span> <span class='ocrx_word' id='word_1_262' title='bbox 1852 2345 1978 2383; x_wconf 85' lang='lat' dir='ltr'><strong><em>seu-</em></strong></span> 
     </span>
    </p>
   </div>
   <div class='ocr_carea' id='block_1_40' title="bbox 397 2415 1975 2488">
    <p class='ocr_par' dir='ltr' id='par_1_40' title="bbox 397 2415 1975 2488">
     <span class='ocr_line' id='line_1_40' title="bbox 397 2415 1975 2488; baseline 0.002 -19"><span class='ocrx_word' id='word_1_263' title='bbox 397 2415 566 2470; x_wconf 89' lang='lat' dir='ltr'><strong><em>tentia</em></strong></span> <span class='ocrx_word' id='word_1_264' title='bbox 585 2415 742 2484; x_wconf 89' lang='lat' dir='ltr'><strong><em>quasi</em></strong></span> <span class='ocrx_word' id='word_1_265' title='bbox 771 2417 1066 2485; x_wconf 64' lang='lat' dir='ltr'><strong><em>prudenmr</em></strong></span> <span class='ocrx_word' id='word_1_266' title='bbox 1107 2417 1315 2487; x_wconf 88' lang='lat' dir='ltr'><strong><em>prolata</em></strong></span> <span class='ocrx_word' id='word_1_267' title='bbox 1361 2432 1630 2488; x_wconf 88' lang='lat' dir='ltr'><strong><em>quemque</em></strong></span> <span class='ocrx_word' id='word_1_268' title='bbox 1655 2417 1854 2482; x_wconf 66' lang='lat' dir='ltr'><strong><em>laetari,</em></strong></span> <span class='ocrx_word' id='word_1_269' title='bbox 1882 2418 1975 2472; x_wconf 85' lang='lat' dir='ltr'><strong><em>sed</em></strong></span> 
     </span>
    </p>
   </div>
   <div class='ocr_carea' id='block_1_41' title="bbox 394 2505 1976 2578">
    <p class='ocr_par' dir='ltr' id='par_1_41' title="bbox 394 2505 1976 2578">
     <span class='ocr_line' id='line_1_41' title="bbox 394 2505 1976 2578; baseline 0.002 -20"><span class='ocrx_word' id='word_1_270' title='bbox 394 2518 554 2561; x_wconf 89' lang='lat' dir='ltr'><strong><em>verus</em></strong></span> <span class='ocrx_word' id='word_1_271' title='bbox 587 2506 826 2576; x_wconf 84' lang='lat' dir='ltr'><strong><em>sapiens,</em></strong></span> <span class='ocrx_word' id='word_1_272' title='bbox 849 2521 958 2562; x_wconf 88' lang='lat' dir='ltr'><strong><em>non</em></strong></span> <span class='ocrx_word' id='word_1_273' title='bbox 987 2505 1161 2562; x_wconf 91' lang='lat' dir='ltr'><strong><em>solum</em></strong></span> <span class='ocrx_word' id='word_1_274' title='bbox 1193 2523 1283 2562; x_wconf 88' lang='lat' dir='ltr'><strong><em>res</em></strong></span> <span class='ocrx_word' id='word_1_275' title='bbox 1309 2522 1444 2578; x_wconf 90' lang='lat' dir='ltr'><strong><em>quas</em></strong></span> <span class='ocrx_word' id='word_1_276' title='bbox 1482 2507 1755 2577; x_wconf 89' lang='lat' dir='ltr'><strong><em>loquatur,</em></strong></span> <span class='ocrx_word' id='word_1_277' title='bbox 1788 2523 1976 2562; x_wconf 90' lang='lat' dir='ltr'><strong><em>verum</em></strong></span> 
     </span>
    </p>
   </div>
   <div class='ocr_carea' id='block_1_42' title="bbox 293 2595 1978 2678">
    <p class='ocr_par' dir='ltr' id='par_1_42' title="bbox 293 2595 1978 2678">
     <span class='ocr_line' id='line_1_42' title="bbox 293 2595 1978 2678; baseline 0.002 -29"><span class='ocrx_word' id='word_1_278' title='bbox 293 2659 312 2678; x_wconf 46' lang='grc' dir='ltr'><strong><em>ο</em></strong></span> <span class='ocrx_word' id='word_1_279' title='bbox 395 2595 561 2650; x_wconf 90' lang='lat' dir='ltr'><strong><em>etiam</em></strong></span> <span class='ocrx_word' id='word_1_280' title='bbox 584 2597 1040 2667; x_wconf 90' lang='lat' dir='ltr'><strong><em>opportunitatem</em></strong></span> <span class='ocrx_word' id='word_1_281' title='bbox 1073 2597 1199 2663; x_wconf 91' lang='lat' dir='ltr'><strong><em>loci,</em></strong></span> <span class='ocrx_word' id='word_1_282' title='bbox 1227 2597 1312 2653; x_wconf 87' lang='lat' dir='ltr'><strong><em>vel</em></strong></span> <span class='ocrx_word' id='word_1_283' title='bbox 1338 2599 1596 2668; x_wconf 86' lang='lat' dir='ltr'><strong><em>temporis</em></strong></span> <span class='ocrx_word' id='word_1_284' title='bbox 1621 2597 1704 2654; x_wconf 89' lang='lat' dir='ltr'><strong><em>vel</em></strong></span> <span class='ocrx_word' id='word_1_285' title='bbox 1735 2613 1978 2668; x_wconf 69' lang='lat' dir='ltr'><strong><em>personae</em></strong></span> 
     </span>
    </p>
   </div>
   <div class='ocr_carea' id='block_1_43' title="bbox 395 2686 1364 2760">
    <p class='ocr_par' dir='ltr' id='par_1_43' title="bbox 395 2686 1364 2760">
     <span class='ocr_line' id='line_1_43' title="bbox 395 2686 1364 2760; baseline 0.002 -18"><span class='ocrx_word' id='word_1_286' title='bbox 395 2687 484 2742; x_wconf 89' lang='lat' dir='ltr'><strong><em>cui</em></strong></span> <span class='ocrx_word' id='word_1_287' title='bbox 509 2686 782 2758; x_wconf 85' lang='lat' dir='ltr'><strong><em>loquatur,</em></strong></span> <span class='ocrx_word' id='word_1_288' title='bbox 815 2687 1103 2760; x_wconf 84' lang='lat' dir='ltr'><strong><em>diligenter</em></strong></span> <span class='ocrx_word' id='word_1_289' title='bbox 1123 2689 1364 2758; x_wconf 87' lang='lat' dir='ltr'><strong><em>inquirit.</em></strong></span> 
     </span>
    </p>
   </div>
   <div class='ocr_carea' id='block_1_44' title="bbox 464 2775 1975 2850">
    <p class='ocr_par' dir='ltr' id='par_1_44' title="bbox 464 2775 1975 2850">
     <span class='ocr_line' id='line_1_44' title="bbox 464 2775 1975 2850; baseline 0.001 -18"><span class='ocrx_word' id='word_1_290' title='bbox 464 2775 664 2832; x_wconf 83' lang='lat' dir='ltr'><strong><em>Semita</em></strong></span> <span class='ocrx_word' id='word_1_291' title='bbox 684 2778 802 2833; x_wconf 72' lang='lat' dir='ltr'><strong><em>vitta</em></strong></span> <span class='ocrx_word' id='word_1_292' title='bbox 830 2794 988 2850; x_wconf 85' lang='lat' dir='ltr'><strong><em>super</em></strong></span> <span class='ocrx_word' id='word_1_293' title='bbox 1009 2779 1272 2834; x_wconf 86' lang='lat' dir='ltr'><strong><em>eruditum</em></strong></span> <span class='ocrx_word' id='word_1_294' title='bbox 1290 2819 1306 2845; x_wconf 94' lang='lat'><strong><em>,</em></strong></span> <span class='ocrx_word' id='word_1_295' title='bbox 1340 2787 1398 2833; x_wconf 88' lang='lat' dir='ltr'><strong><em>ut</em></strong></span> <span class='ocrx_word' id='word_1_296' title='bbox 1430 2777 1652 2834; x_wconf 87' lang='lat' dir='ltr'><strong><em>declinet</em></strong></span> <span class='ocrx_word' id='word_1_297' title='bbox 1676 2779 1740 2835; x_wconf 88' lang='lat' dir='ltr'><strong><em>de</em></strong></span> <span class='ocrx_word' id='word_1_298' title='bbox 1767 2779 1975 2849; x_wconf 78' lang='lat' dir='ltr'><strong><em>inferno</em></strong></span> 
     </span>
    </p>
   </div>
   <div class='ocr_carea' id='block_1_45' title="bbox 393 2869 1981 2943">
    <p class='ocr_par' dir='ltr' id='par_1_45' title="bbox 393 2869 1981 2943">
     <span class='ocr_line' id='line_1_45' title="bbox 393 2869 1981 2943; baseline 0.003 -20"><span class='ocrx_word' id='word_1_299' title='bbox 393 2869 695 2926; x_wconf 78' lang='lat' dir='ltr'><strong><em>novissimo.</em></strong></span> <span class='ocrx_word' id='word_1_300' title='bbox 731 2870 1014 2943; x_wconf 66' lang='lat' dir='ltr'><strong><em>Eruditum</em></strong></span> <span class='ocrx_word' id='word_1_301' title='bbox 1041 2871 1174 2926; x_wconf 91' lang='lat' dir='ltr'><strong><em>dicit</em></strong></span> <span class='ocrx_word' id='word_1_302' title='bbox 1196 2886 1303 2926; x_wconf 93' lang='lat' dir='ltr'><strong><em>non</em></strong></span> <span class='ocrx_word' id='word_1_303' title='bbox 1330 2871 1504 2927; x_wconf 91' lang='lat' dir='ltr'><strong><em>solum</em></strong></span> <span class='ocrx_word' id='word_1_304' title='bbox 1525 2871 1774 2938; x_wconf 89' lang='lat' dir='ltr'><strong><em>scientia,</em></strong></span> <span class='ocrx_word' id='word_1_305' title='bbox 1799 2871 1895 2928; x_wconf 92' lang='lat' dir='ltr'><strong><em>sed</em></strong></span> <span class='ocrx_word' id='word_1_306' title='bbox 1923 2880 1981 2928; x_wconf 91' lang='lat' dir='ltr'><strong><em>et</em></strong></span> 
     </span>
    </p>
   </div>
   <div class='ocr_carea' id='block_1_46' title="bbox 393 2959 1977 3032">
    <p class='ocr_par' dir='ltr' id='par_1_46' title="bbox 393 2959 1977 3032">
     <span class='ocr_line' id='line_1_46' title="bbox 393 2959 1977 3032; baseline 0.002 -18"><span class='ocrx_word' id='word_1_307' title='bbox 393 2959 711 3030; x_wconf 79' lang='lat' dir='ltr'><strong><em>Operatione</em></strong></span> <span class='ocrx_word' id='word_1_308' title='bbox 735 2959 1039 3031; x_wconf 88' lang='lat' dir='ltr'><strong><em>perfectum</em></strong></span> <span class='ocrx_word' id='word_1_309' title='bbox 1056 3000 1072 3026; x_wconf 90' lang='lat'><strong><em>,</em></strong></span> <span class='ocrx_word' id='word_1_310' title='bbox 1105 2961 1232 3017; x_wconf 90' lang='lat' dir='ltr'><strong><em>huic</em></strong></span> <span class='ocrx_word' id='word_1_311' title='bbox 1254 2961 1454 3017; x_wconf 90' lang='lat' dir='ltr'><strong><em>etenim</em></strong></span> <span class='ocrx_word' id='word_1_312' title='bbox 1476 2960 1602 3032; x_wconf 86' lang='lat' dir='ltr'><strong><em>jure</em></strong></span> <span class='ocrx_word' id='word_1_313' title='bbox 1635 2962 1830 3018; x_wconf 89' lang='lat' dir='ltr'><strong><em>semita</em></strong></span> <span class='ocrx_word' id='word_1_314' title='bbox 1853 2962 1977 3017; x_wconf 64' lang='lat' dir='ltr'><strong><em>vitae</em></strong></span> 
     </span>
    </p>
   </div>
   <div class='ocr_carea' id='block_1_47' title="bbox 393 3046 1977 3121">
    <p class='ocr_par' dir='ltr' id='par_1_47' title="bbox 393 3046 1977 3121">
     <span class='ocr_line' id='line_1_47' title="bbox 393 3046 1977 3121; baseline 0.004 -19"><span class='ocrx_word' id='word_1_315' title='bbox 393 3046 628 3118; x_wconf 87' lang='lat' dir='ltr'><strong><em>desuper</em></strong></span> <span class='ocrx_word' id='word_1_316' title='bbox 648 3056 836 3118; x_wconf 85' lang='lat' dir='ltr'><strong><em>aperta</em></strong></span> <span class='ocrx_word' id='word_1_317' title='bbox 863 3057 946 3104; x_wconf 88' lang='lat' dir='ltr'><strong><em>est</em></strong></span> <span class='ocrx_word' id='word_1_318' title='bbox 963 3088 980 3114; x_wconf 94' lang='lat'><strong><em>,</em></strong></span> <span class='ocrx_word' id='word_1_319' title='bbox 1016 3049 1146 3106; x_wconf 87' lang='lat' dir='ltr'><strong><em>huic</em></strong></span> <span class='ocrx_word' id='word_1_320' title='bbox 1172 3047 1481 3118; x_wconf 74' lang='lat' dir='ltr'><strong><em>cmlijauua</em></strong></span> <span class='ocrx_word' id='word_1_321' title='bbox 1509 3057 1658 3121; x_wconf 88' lang='lat' dir='ltr'><strong><em>patet</em></strong></span> <span class='ocrx_word' id='word_1_322' title='bbox 1684 3065 1700 3106; x_wconf 89' lang='lat'><strong>:</strong></span> <span class='ocrx_word' id='word_1_323' title='bbox 1731 3049 1977 3108; x_wconf 87' lang='lat' dir='ltr'><strong><em>infernus</em></strong></span> 
     </span>
    </p>
   </div>
   <div class='ocr_carea' id='block_1_48' title="bbox 393 3142 1974 3217">
    <p class='ocr_par' dir='ltr' id='par_1_48' title="bbox 393 3142 1974 3217">
     <span class='ocr_line' id='line_1_48' title="bbox 393 3142 1974 3217; baseline 0.005 -21"><span class='ocrx_word' id='word_1_324' title='bbox 393 3149 574 3196; x_wconf 87' lang='lat' dir='ltr'><strong><em>autem</em></strong></span> <span class='ocrx_word' id='word_1_325' title='bbox 601 3142 928 3197; x_wconf 86' lang='lat' dir='ltr'><strong><em>novissimus</em></strong></span> <span class='ocrx_word' id='word_1_326' title='bbox 957 3145 1025 3198; x_wconf 87' lang='lat' dir='ltr'><strong><em>de</em></strong></span> <span class='ocrx_word' id='word_1_327' title='bbox 1052 3157 1160 3213; x_wconf 89' lang='lat' dir='ltr'><strong><em>quo</em></strong></span> <span class='ocrx_word' id='word_1_328' title='bbox 1193 3144 1454 3200; x_wconf 86' lang='lat' dir='ltr'><strong><em>liberatur</em></strong></span> <span class='ocrx_word' id='word_1_329' title='bbox 1482 3145 1672 3202; x_wconf 89' lang='lat' dir='ltr'><strong><em>ultima</em></strong></span> <span class='ocrx_word' id='word_1_330' title='bbox 1703 3155 1787 3203; x_wconf 89' lang='lat' dir='ltr'><strong><em>est</em></strong></span> <span class='ocrx_word' id='word_1_331' title='bbox 1813 3162 1974 3217; x_wconf 68' lang='lat' dir='ltr'><strong><em>pinna</em></strong></span> 
     </span>
    </p>
   </div>
   <div class='ocr_carea' id='block_1_49' title="bbox 2025 1943 3694 2016">
    <p class='ocr_par' dir='ltr' id='par_1_49' title="bbox 2025 1943 3694 2016">
     <span class='ocr_line' id='line_1_49' title="bbox 2025 1943 3694 2016; baseline 0.005 -18"><span class='ocrx_word' id='word_1_332' title='bbox 2025 1953 2030 1960; x_wconf 80' lang='lat'><em>‘</em></span> <span class='ocrx_word' id='word_1_333' title='bbox 2080 1943 2182 2009; x_wconf 88' lang='lat' dir='ltr'><strong><em>l’us,</em></strong></span> <span class='ocrx_word' id='word_1_334' title='bbox 2233 1945 2323 2016; x_wconf 91' lang='lat' dir='ltr'><strong><em>qui</em></strong></span> <span class='ocrx_word' id='word_1_335' title='bbox 2365 1945 2720 2016; x_wconf 90' lang='lat' dir='ltr'><strong><em>increpationi</em></strong></span> <span class='ocrx_word' id='word_1_336' title='bbox 2761 1947 2846 2002; x_wconf 92' lang='lat' dir='ltr'><strong><em>sui</em></strong></span> <span class='ocrx_word' id='word_1_337' title='bbox 2874 1945 3173 2001; x_wconf 89' lang='lat' dir='ltr'><strong><em>conditoris</em></strong></span> <span class='ocrx_word' id='word_1_338' title='bbox 3219 1962 3341 2004; x_wconf 76' lang='lat' dir='ltr'><strong><em>sese</em></strong></span> <span class='ocrx_word' id='word_1_339' title='bbox 3386 1949 3694 2006; x_wconf 87' lang='lat' dir='ltr'><strong><em>humiliter</em></strong></span> 
     </span>
    </p>
   </div>
   <div class='ocr_carea' id='block_1_50' title="bbox 2077 2036 3692 2112">
    <p class='ocr_par' dir='ltr' id='par_1_50' title="bbox 2077 2036 3692 2112">
     <span class='ocr_line' id='line_1_50' title="bbox 2077 2036 3692 2112; baseline 0.004 -22"><span class='ocrx_word' id='word_1_340' title='bbox 2077 2036 2392 2100; x_wconf 85' lang='lat' dir='ltr'><strong><em>substravit,</em></strong></span> <span class='ocrx_word' id='word_1_341' title='bbox 2439 2037 2508 2090; x_wconf 91' lang='lat' dir='ltr'><strong><em>ad</em></strong></span> <span class='ocrx_word' id='word_1_342' title='bbox 2540 2039 2722 2093; x_wconf 89' lang='lat' dir='ltr'><strong><em>sedem</em></strong></span> <span class='ocrx_word' id='word_1_343' title='bbox 2759 2036 3104 2108; x_wconf 90' lang='lat' dir='ltr'><strong><em>postmodum</em></strong></span> <span class='ocrx_word' id='word_1_344' title='bbox 3143 2038 3452 2109; x_wconf 72' lang='lat' dir='ltr'><strong><em>apostolica:</em></strong></span> <span class='ocrx_word' id='word_1_345' title='bbox 3493 2041 3692 2112; x_wconf 82' lang='lat' dir='ltr'><strong><em>digni-</em></strong></span> 
     </span>
    </p>
   </div>
   <div class='ocr_carea' id='block_1_51' title="bbox 2078 2127 2836 2198">
    <p class='ocr_par' dir='ltr' id='par_1_51' title="bbox 2078 2127 2836 2198">
     <span class='ocr_line' id='line_1_51' title="bbox 2078 2127 2836 2198; baseline 0 -16"><span class='ocrx_word' id='word_1_346' title='bbox 2078 2128 2207 2183; x_wconf 86' lang='lat' dir='ltr'><strong><em>tatis</em></strong></span> <span class='ocrx_word' id='word_1_347' title='bbox 2237 2127 2544 2182; x_wconf 87' lang='lat' dir='ltr'><strong><em>sublimiter</em></strong></span> <span class='ocrx_word' id='word_1_348' title='bbox 2567 2128 2836 2198; x_wconf 87' lang='lat' dir='ltr'><strong><em>pervenit.</em></strong></span> 
     </span>
    </p>
   </div>
   <div class='ocr_carea' id='block_1_52' title="bbox 2663 2218 3070 2277">
    <p class='ocr_par' dir='ltr' id='par_1_52' title="bbox 2663 2218 3070 2277">
     <span class='ocr_line' id='line_1_52' title="bbox 2663 2218 3070 2277; baseline -0.007 0"><span class='ocrx_word' id='word_1_349' title='bbox 2663 2219 2893 2277; x_wconf 85' lang='lat' dir='ltr'><strong><em>CAPUT</em></strong></span> <span class='ocrx_word' id='word_1_350' title='bbox 2930 2218 3070 2276; x_wconf 81' lang='lat' dir='ltr'><strong><em>XVI.</em></strong></span> 
     </span>
    </p>
   </div>
   <div class='ocr_carea' id='block_1_53' title="bbox 2151 2310 3696 2384">
    <p class='ocr_par' dir='ltr' id='par_1_53' title="bbox 2151 2310 3696 2384">
     <span class='ocr_line' id='line_1_53' title="bbox 2151 2310 3696 2384; baseline 0.003 -19"><span class='ocrx_word' id='word_1_351' title='bbox 2151 2310 2396 2367; x_wconf 78' lang='lat' dir='ltr'><strong><em>Hominis</em></strong></span> <span class='ocrx_word' id='word_1_352' title='bbox 2434 2321 2508 2367; x_wconf 86' lang='lat' dir='ltr'><strong><em>est</em></strong></span> <span class='ocrx_word' id='word_1_353' title='bbox 2547 2312 2779 2366; x_wconf 80' lang='lat' dir='ltr'><strong><em>animum</em></strong></span> <span class='ocrx_word' id='word_1_354' title='bbox 2819 2327 3140 2382; x_wconf 72' lang='lat' dir='ltr'><strong><em>praeparare,</em></strong></span> <span class='ocrx_word' id='word_1_355' title='bbox 3171 2322 3221 2368; x_wconf 91' lang='lat' dir='ltr'><strong><em>et</em></strong></span> <span class='ocrx_word' id='word_1_356' title='bbox 3245 2311 3341 2368; x_wconf 88' lang='lat' dir='ltr'><strong><em>Dei</em></strong></span> <span class='ocrx_word' id='word_1_357' title='bbox 3376 2313 3696 2384; x_wconf 85' lang='lat' dir='ltr'><strong><em>gubernare</em></strong></span> 
     </span>
    </p>
   </div>
   <div class='ocr_carea' id='block_1_54' title="bbox 2078 2402 3693 2476">
    <p class='ocr_par' dir='ltr' id='par_1_54' title="bbox 2078 2402 3693 2476">
     <span class='ocr_line' id='line_1_54' title="bbox 2078 2402 3693 2476; baseline 0.002 -19"><span class='ocrx_word' id='word_1_358' title='bbox 2078 2402 2334 2473; x_wconf 86' lang='lat' dir='ltr'><strong><em>linguam.</em></strong></span> <span class='ocrx_word' id='word_1_359' title='bbox 2366 2403 2585 2459; x_wconf 88' lang='lat' dir='ltr'><strong><em>Certum</em></strong></span> <span class='ocrx_word' id='word_1_360' title='bbox 2607 2410 2693 2458; x_wconf 91' lang='lat' dir='ltr'><strong><em>est</em></strong></span> <span class='ocrx_word' id='word_1_361' title='bbox 2715 2403 2842 2474; x_wconf 89' lang='lat' dir='ltr'><strong><em>quia</em></strong></span> <span class='ocrx_word' id='word_1_362' title='bbox 2871 2417 3050 2472; x_wconf 89' lang='lat' dir='ltr'><strong><em>neque</em></strong></span> <span class='ocrx_word' id='word_1_363' title='bbox 3083 2403 3326 2459; x_wconf 89' lang='lat' dir='ltr'><strong><em>animum</em></strong></span> <span class='ocrx_word' id='word_1_364' title='bbox 3357 2419 3693 2476; x_wconf 59' lang='lat' dir='ltr'><strong><em>praeparare</em></strong></span> 
     </span>
    </p>
   </div>
   <div class='ocr_carea' id='block_1_55' title="bbox 2079 2493 3690 2565">
    <p class='ocr_par' dir='ltr' id='par_1_55' title="bbox 2079 2493 3690 2565">
     <span class='ocr_line' id='line_1_55' title="bbox 2079 2493 3690 2565; baseline 0.001 -17"><span class='ocrx_word' id='word_1_365' title='bbox 2079 2508 2254 2564; x_wconf 87' lang='lat' dir='ltr'><strong><em>neque</em></strong></span> <span class='ocrx_word' id='word_1_366' title='bbox 2278 2494 2582 2564; x_wconf 73' lang='lat' dir='ltr'><strong><em>gubernem</em></strong></span> <span class='ocrx_word' id='word_1_367' title='bbox 2609 2493 2872 2564; x_wconf 89' lang='lat' dir='ltr'><strong><em>linguam,</em></strong></span> <span class='ocrx_word' id='word_1_368' title='bbox 2908 2507 3084 2563; x_wconf 90' lang='lat' dir='ltr'><strong><em>neque</em></strong></span> <span class='ocrx_word' id='word_1_369' title='bbox 3109 2493 3310 2565; x_wconf 90' lang='lat' dir='ltr'><strong><em>aliquid</em></strong></span> <span class='ocrx_word' id='word_1_370' title='bbox 3338 2493 3521 2550; x_wconf 86' lang='lat' dir='ltr'><strong><em>facere</em></strong></span> <span class='ocrx_word' id='word_1_371' title='bbox 3541 2496 3690 2550; x_wconf 88' lang='lat' dir='ltr'><strong><em>boni</em></strong></span> 
     </span>
    </p>
   </div>
   <div class='ocr_carea' id='block_1_56' title="bbox 2078 2583 3696 2656">
    <p class='ocr_par' dir='ltr' id='par_1_56' title="bbox 2078 2583 3696 2656">
     <span class='ocr_line' id='line_1_56' title="bbox 2078 2583 3696 2656; baseline -0.001 -17"><span class='ocrx_word' id='word_1_372' title='bbox 2078 2583 2281 2654; x_wconf 88' lang='lat' dir='ltr'><strong><em>absque</em></strong></span> <span class='ocrx_word' id='word_1_373' title='bbox 2315 2585 2490 2656; x_wconf 88' lang='lat' dir='ltr'><strong><em>gratia</em></strong></span> <span class='ocrx_word' id='word_1_374' title='bbox 2515 2583 2792 2649; x_wconf 87' lang='lat' dir='ltr'><strong><em>valemus;</em></strong></span> <span class='ocrx_word' id='word_1_375' title='bbox 2825 2599 2954 2654; x_wconf 81' lang='lat' dir='ltr'><strong><em>quia</em></strong></span> <span class='ocrx_word' id='word_1_376' title='bbox 2998 2584 3112 2638; x_wconf 87' lang='lat' dir='ltr'><strong><em>sine</em></strong></span> <span class='ocrx_word' id='word_1_377' title='bbox 3155 2600 3268 2650; x_wconf 85' lang='lat' dir='ltr'><strong><em>me,</em></strong></span> <span class='ocrx_word' id='word_1_378' title='bbox 3307 2584 3511 2654; x_wconf 88' lang='lat' dir='ltr'><strong><em>inquit,</em></strong></span> <span class='ocrx_word' id='word_1_379' title='bbox 3541 2585 3696 2638; x_wconf 82' lang='lat' dir='ltr'><strong><em>nihil</em></strong></span> 
     </span>
    </p>
   </div>
   <div class='ocr_carea' id='block_1_57' title="bbox 2077 2673 3700 2748">
    <p class='ocr_par' dir='ltr' id='par_1_57' title="bbox 2077 2673 3700 2748">
     <span class='ocr_line' id='line_1_57' title="bbox 2077 2673 3700 2748; baseline 0.004 -20"><span class='ocrx_word' id='word_1_380' title='bbox 2077 2676 2290 2746; x_wconf 83' lang='lat' dir='ltr'><strong><em>potestis</em></strong></span> <span class='ocrx_word' id='word_1_381' title='bbox 2313 2674 2487 2744; x_wconf 80' lang='lat' dir='ltr'><strong><em>facere</em></strong></span> <span class='ocrx_word' id='word_1_382' title='bbox 2509 2673 2692 2748; x_wconf 80' lang='lat' dir='ltr'><strong><em>(Joan.</em></strong></span> <span class='ocrx_word' id='word_1_383' title='bbox 2727 2675 2840 2748; x_wconf 84' lang='lat' dir='ltr'><strong><em>xv),</em></strong></span> <span class='ocrx_word' id='word_1_384' title='bbox 2869 2676 3142 2748; x_wconf 90' lang='lat' dir='ltr'><strong><em>quomodo</em></strong></span> <span class='ocrx_word' id='word_1_385' title='bbox 3169 2691 3300 2748; x_wconf 85' lang='lat' dir='ltr'><strong><em>ergo</em></strong></span> <span class='ocrx_word' id='word_1_386' title='bbox 3327 2676 3569 2734; x_wconf 84' lang='lat' dir='ltr'><strong><em>hominis</em></strong></span> <span class='ocrx_word' id='word_1_387' title='bbox 3593 2689 3700 2734; x_wconf 83' lang='lat' dir='ltr'><strong><em>est</em></strong></span> 
     </span>
    </p>
   </div>
   <div class='ocr_carea' id='block_1_58' title="bbox 2078 2766 3698 2839">
    <p class='ocr_par' dir='ltr' id='par_1_58' title="bbox 2078 2766 3698 2839">
     <span class='ocr_line' id='line_1_58' title="bbox 2078 2766 3698 2839; baseline 0.003 -19"><span class='ocrx_word' id='word_1_388' title='bbox 2078 2766 2314 2822; x_wconf 88' lang='lat' dir='ltr'><strong><em>animam</em></strong></span> <span class='ocrx_word' id='word_1_389' title='bbox 2346 2782 2671 2838; x_wconf 64' lang='lat' dir='ltr'><strong><em>praeparare,</em></strong></span> <span class='ocrx_word' id='word_1_390' title='bbox 2689 2775 2746 2822; x_wconf 90' lang='lat' dir='ltr'><strong><em>et</em></strong></span> <span class='ocrx_word' id='word_1_391' title='bbox 2772 2767 2866 2822; x_wconf 89' lang='lat' dir='ltr'><strong><em>Dei</em></strong></span> <span class='ocrx_word' id='word_1_392' title='bbox 2901 2767 3204 2838; x_wconf 77' lang='lat' dir='ltr'><strong><em>gubernare</em></strong></span> <span class='ocrx_word' id='word_1_393' title='bbox 3239 2767 3519 2839; x_wconf 82' lang='lat' dir='ltr'><strong><em>linguam?</em></strong></span> <span class='ocrx_word' id='word_1_394' title='bbox 3557 2768 3698 2825; x_wconf 78' lang='lat' dir='ltr'><strong><em>Nisi</em></strong></span> 
     </span>
    </p>
   </div>
   <div class='ocr_carea' id='block_1_59' title="bbox 2077 2856 3694 2928">
    <p class='ocr_par' dir='ltr' id='par_1_59' title="bbox 2077 2856 3694 2928">
     <span class='ocr_line' id='line_1_59' title="bbox 2077 2856 3694 2928; baseline 0.003 -18"><span class='ocrx_word' id='word_1_395' title='bbox 2077 2856 2203 2926; x_wconf 86' lang='lat' dir='ltr'><strong><em>quia</em></strong></span> <span class='ocrx_word' id='word_1_396' title='bbox 2225 2857 2329 2913; x_wconf 85' lang='lat' dir='ltr'><strong><em>hoc</em></strong></span> <span class='ocrx_word' id='word_1_397' title='bbox 2352 2857 2572 2928; x_wconf 89' lang='lat' dir='ltr'><strong><em>proprie</em></strong></span> <span class='ocrx_word' id='word_1_398' title='bbox 2590 2857 2649 2911; x_wconf 89' lang='lat' dir='ltr'><strong><em>in</em></strong></span> <span class='ocrx_word' id='word_1_399' title='bbox 2681 2864 2920 2926; x_wconf 90' lang='lat' dir='ltr'><strong><em>tempore</em></strong></span> <span class='ocrx_word' id='word_1_400' title='bbox 2939 2856 3336 2927; x_wconf 88' lang='lat' dir='ltr'><strong><em>persecutionis</em></strong></span> <span class='ocrx_word' id='word_1_401' title='bbox 3363 2858 3656 2928; x_wconf 83' lang='lat' dir='ltr'><strong><em>signiﬁcat</em></strong></span> <span class='ocrx_word' id='word_1_402' title='bbox 3671 2901 3694 2927; x_wconf 89' lang='lat'><strong><em>,</em></strong></span> 
     </span>
    </p>
   </div>
   <div class='ocr_carea' id='block_1_60' title="bbox 2078 2949 3698 3024">
    <p class='ocr_par' dir='ltr' id='par_1_60' title="bbox 2078 2949 3698 3024">
     <span class='ocr_line' id='line_1_60' title="bbox 2078 2949 3698 3024; baseline 0 -16"><span class='ocrx_word' id='word_1_403' title='bbox 2078 2953 2144 3008; x_wconf 87' lang='lat' dir='ltr'><strong><em>de</em></strong></span> <span class='ocrx_word' id='word_1_404' title='bbox 2175 2967 2284 3024; x_wconf 87' lang='lat' dir='ltr'><strong><em>quo</em></strong></span> <span class='ocrx_word' id='word_1_405' title='bbox 2313 2952 2574 3008; x_wconf 88' lang='lat' dir='ltr'><strong><em>Dominus</em></strong></span> <span class='ocrx_word' id='word_1_406' title='bbox 2604 2952 2684 3007; x_wconf 88' lang='lat' dir='ltr'><strong><em>ait</em></strong></span> <span class='ocrx_word' id='word_1_407' title='bbox 2713 2967 2728 3006; x_wconf 91' lang='lat'><strong>:</strong></span> <span class='ocrx_word' id='word_1_408' title='bbox 2756 2949 2890 3006; x_wconf 86' lang='lat' dir='ltr'><strong><em>Cum</em></strong></span> <span class='ocrx_word' id='word_1_409' title='bbox 2918 2961 3093 3006; x_wconf 86' lang='lat' dir='ltr'><strong><em>autem</em></strong></span> <span class='ocrx_word' id='word_1_410' title='bbox 3126 2951 3333 3006; x_wconf 85' lang='lat' dir='ltr'><strong><em>tradent</em></strong></span> <span class='ocrx_word' id='word_1_411' title='bbox 3357 2968 3465 3018; x_wconf 73' lang='lat' dir='ltr'><strong><em>eos,</em></strong></span> <span class='ocrx_word' id='word_1_412' title='bbox 3512 2953 3698 3008; x_wconf 69' lang='lat' dir='ltr'><strong><em>nolite</em></strong></span> 
     </span>
    </p>
   </div>
   <div class='ocr_carea' id='block_1_61' title="bbox 2076 3041 3698 3114">
    <p class='ocr_par' dir='ltr' id='par_1_61' title="bbox 2076 3041 3698 3114">
     <span class='ocr_line' id='line_1_61' title="bbox 2076 3041 3698 3114; baseline 0.001 -18"><span class='ocrx_word' id='word_1_413' title='bbox 2076 3043 2306 3112; x_wconf 88' lang='lat' dir='ltr'><strong><em>cogitare</em></strong></span> <span class='ocrx_word' id='word_1_414' title='bbox 2347 3042 2608 3114; x_wconf 88' lang='lat' dir='ltr'><strong><em>quomodo</em></strong></span> <span class='ocrx_word' id='word_1_415' title='bbox 2650 3051 2742 3096; x_wconf 90' lang='lat' dir='ltr'><strong><em>aut</em></strong></span> <span class='ocrx_word' id='word_1_416' title='bbox 2777 3041 2904 3114; x_wconf 87' lang='lat' dir='ltr'><strong><em>quid</em></strong></span> <span class='ocrx_word' id='word_1_417' title='bbox 2935 3041 3259 3113; x_wconf 81' lang='lat' dir='ltr'><strong><em>loquamini;</em></strong></span> <span class='ocrx_word' id='word_1_418' title='bbox 3290 3042 3506 3096; x_wconf 86' lang='lat' dir='ltr'><strong><em>dabitur</em></strong></span> <span class='ocrx_word' id='word_1_419' title='bbox 3532 3044 3698 3100; x_wconf 83' lang='lat' dir='ltr'><strong><em>enim</em></strong></span> 
     </span>
    </p>
   </div>
   <div class='ocr_carea' id='block_1_62' title="bbox 2077 3137 3405 3214">
    <p class='ocr_par' dir='ltr' id='par_1_62' title="bbox 2077 3137 3405 3214">
     <span class='ocr_line' id='line_1_62' title="bbox 2077 3137 3405 3214; baseline 0.002 -20"><span class='ocrx_word' id='word_1_420' title='bbox 2077 3137 2218 3194; x_wconf 77' lang='lat' dir='ltr'><strong><em>vobis</em></strong></span> <span class='ocrx_word' id='word_1_421' title='bbox 2239 3140 2295 3193; x_wconf 90' lang='lat' dir='ltr'><strong><em>in</em></strong></span> <span class='ocrx_word' id='word_1_422' title='bbox 2322 3138 2418 3194; x_wconf 85' lang='lat' dir='ltr'><strong><em>illa</em></strong></span> <span class='ocrx_word' id='word_1_423' title='bbox 2447 3139 2578 3194; x_wconf 82' lang='lat' dir='ltr'><strong><em>hora</em></strong></span> <span class='ocrx_word' id='word_1_424' title='bbox 2597 3138 2726 3212; x_wconf 88' lang='lat' dir='ltr'><strong><em>quid</em></strong></span> <span class='ocrx_word' id='word_1_425' title='bbox 2751 3138 3042 3210; x_wconf 89' lang='lat' dir='ltr'><strong><em>loquamini</em></strong></span> <span class='ocrx_word' id='word_1_426' title='bbox 3076 3139 3296 3210; x_wconf 72' lang='lat' dir='ltr'><strong><em>(Matth.</em></strong></span> <span class='ocrx_word' id='word_1_427' title='bbox 3327 3141 3405 3214; x_wconf 68' lang='grc' dir='ltr'><strong><em>Χ).</em></strong></span> 
     </span>
    </p>
   </div>
   <div class='ocr_carea' id='block_1_63' title="bbox 393 3215 3694 3308">
    <p class='ocr_par' dir='ltr' id='par_1_63' title="bbox 393 3215 3694 3308">
     <span class='ocr_line' id='line_1_63' title="bbox 393 3215 3694 3308; baseline 0.003 -23"><span class='ocrx_word' id='word_1_428' title='bbox 393 3231 774 3298; x_wconf 82' lang='lat' dir='ltr'><strong><em>damnationis,</em></strong></span> <span class='ocrx_word' id='word_1_429' title='bbox 809 3248 932 3288; x_wconf 89' lang='lat' dir='ltr'><strong><em>nam</em></strong></span> <span class='ocrx_word' id='word_1_430' title='bbox 957 3234 1166 3303; x_wconf 90' lang='lat' dir='ltr'><strong><em>primus</em></strong></span> <span class='ocrx_word' id='word_1_431' title='bbox 1193 3244 1276 3290; x_wconf 90' lang='lat' dir='ltr'><strong><em>est</em></strong></span> <span class='ocrx_word' id='word_1_432' title='bbox 1302 3235 1568 3304; x_wconf 88' lang='lat' dir='ltr'><strong><em>infernus,</em></strong></span> <span class='ocrx_word' id='word_1_433' title='bbox 1603 3215 1972 3294; x_wconf 63' lang='lat' dir='ltr'><strong><em>caecitasani-</em></strong></span> <span class='ocrx_word' id='word_1_434' title='bbox 2001 3215 2048 3278; x_wconf 65' lang='grc' dir='ltr'><strong><em>ί)</em></strong></span> <span class='ocrx_word' id='word_1_435' title='bbox 2155 3229 2346 3287; x_wconf 77' lang='lat' dir='ltr'><strong><em>Omnes</em></strong></span> <span class='ocrx_word' id='word_1_436' title='bbox 2384 3233 2480 3287; x_wconf 70' lang='lat' dir='ltr'><strong><em>ria:</em></strong></span> <span class='ocrx_word' id='word_1_437' title='bbox 2497 3233 2767 3286; x_wconf 81' lang='lat' dir='ltr'><strong><em>hominum</em></strong></span> <span class='ocrx_word' id='word_1_438' title='bbox 2807 3243 2987 3304; x_wconf 83' lang='lat' dir='ltr'><strong><em>patent</em></strong></span> <span class='ocrx_word' id='word_1_439' title='bbox 3017 3233 3180 3288; x_wconf 85' lang='lat' dir='ltr'><strong><em>oculis</em></strong></span> <span class='ocrx_word' id='word_1_440' title='bbox 3219 3235 3358 3305; x_wconf 83' lang='lat' dir='ltr'><strong><em>ejus,</em></strong></span> <span class='ocrx_word' id='word_1_441' title='bbox 3388 3238 3694 3308; x_wconf 73' lang='lat' dir='ltr'><strong><em>spirituum</em></strong></span> 
     </span>
    </p>
   </div>
   <div class='ocr_carea' id='block_1_64' title="bbox 393 3323 1977 3394">
    <p class='ocr_par' dir='ltr' id='par_1_64' title="bbox 393 3323 1977 3394">
     <span class='ocr_line' id='line_1_64' title="bbox 393 3323 1977 3394; baseline 0.005 -18"><span class='ocrx_word' id='word_1_442' title='bbox 393 3336 498 3377; x_wconf 69' lang='lat' dir='ltr'><strong><em>mae</em></strong></span> <span class='ocrx_word' id='word_1_443' title='bbox 539 3323 817 3393; x_wconf 86' lang='lat' dir='ltr'><strong><em>peccantis</em></strong></span> <span class='ocrx_word' id='word_1_444' title='bbox 865 3327 922 3378; x_wconf 83' lang='lat' dir='ltr'><strong><em>et</em></strong></span> <span class='ocrx_word' id='word_1_445' title='bbox 969 3339 1110 3379; x_wconf 73' lang='lat' dir='ltr'><strong><em>verte</em></strong></span> <span class='ocrx_word' id='word_1_446' title='bbox 1160 3324 1298 3380; x_wconf 90' lang='lat' dir='ltr'><strong><em>lucis</em></strong></span> <span class='ocrx_word' id='word_1_447' title='bbox 1343 3325 1569 3381; x_wconf 90' lang='lat' dir='ltr'><strong><em>scientia</em></strong></span> <span class='ocrx_word' id='word_1_448' title='bbox 1611 3327 1870 3394; x_wconf 90' lang='lat' dir='ltr'><strong><em>carentis,</em></strong></span> <span class='ocrx_word' id='word_1_449' title='bbox 1909 3329 1977 3384; x_wconf 90' lang='lat' dir='ltr'><strong><em>de</em></strong></span> 
     </span>
    </p>
   </div>
   <div class='ocr_carea' id='block_1_65' title="bbox 395 3411 1976 3486">
    <p class='ocr_par' dir='ltr' id='par_1_65' title="bbox 395 3411 1976 3486">
     <span class='ocr_line' id='line_1_65' title="bbox 395 3411 1976 3486; baseline 0.003 -20"><span class='ocrx_word' id='word_1_450' title='bbox 395 3425 507 3481; x_wconf 86' lang='lat' dir='ltr'><strong><em>quo</em></strong></span> <span class='ocrx_word' id='word_1_451' title='bbox 543 3411 743 3467; x_wconf 88' lang='lat' dir='ltr'><strong><em>dicitur</em></strong></span> <span class='ocrx_word' id='word_1_452' title='bbox 783 3412 839 3466; x_wconf 89' lang='lat' dir='ltr'><strong><em>in</em></strong></span> <span class='ocrx_word' id='word_1_453' title='bbox 867 3411 1088 3482; x_wconf 83' lang='lat' dir='ltr'><strong><em>psalmis</em></strong></span> <span class='ocrx_word' id='word_1_454' title='bbox 1120 3431 1133 3467; x_wconf 93' lang='lat'><strong>:</strong></span> <span class='ocrx_word' id='word_1_455' title='bbox 1177 3412 1248 3468; x_wconf 87' lang='lat' dir='ltr'><strong><em>Et</em></strong></span> <span class='ocrx_word' id='word_1_456' title='bbox 1274 3413 1591 3469; x_wconf 82' lang='lat' dir='ltr'><strong><em>descendant</em></strong></span> <span class='ocrx_word' id='word_1_457' title='bbox 1619 3415 1678 3470; x_wconf 89' lang='lat' dir='ltr'><strong><em>in</em></strong></span> <span class='ocrx_word' id='word_1_458' title='bbox 1711 3415 1976 3486; x_wconf 80' lang='lat' dir='ltr'><strong><em>infernum</em></strong></span> 
     </span>
    </p>
   </div>
   <div class='ocr_carea' id='block_1_66' title="bbox 392 3499 1977 3574">
    <p class='ocr_par' dir='ltr' id='par_1_66' title="bbox 392 3499 1977 3574">
     <span class='ocr_line' id='line_1_66' title="bbox 392 3499 1977 3574; baseline 0.003 -18"><span class='ocrx_word' id='word_1_459' title='bbox 392 3500 619 3556; x_wconf 60' lang='lat' dir='ltr'><strong><em>tricentos</em></strong></span> <span class='ocrx_word' id='word_1_460' title='bbox 659 3499 832 3574; x_wconf 83' lang='lat' dir='ltr'><strong><em>(Psal.</em></strong></span> <span class='ocrx_word' id='word_1_461' title='bbox 875 3501 1055 3574; x_wconf 67' lang='lat' dir='ltr'><strong><em>cum),</em></strong></span> <span class='ocrx_word' id='word_1_462' title='bbox 1095 3502 1152 3559; x_wconf 90' lang='lat' dir='ltr'><strong><em>id</em></strong></span> <span class='ocrx_word' id='word_1_463' title='bbox 1197 3511 1302 3570; x_wconf 88' lang='lat' dir='ltr'><strong><em>est,</em></strong></span> <span class='ocrx_word' id='word_1_464' title='bbox 1352 3503 1590 3560; x_wconf 84' lang='lat' dir='ltr'><strong><em>scientes</em></strong></span> <span class='ocrx_word' id='word_1_465' title='bbox 1638 3503 1892 3560; x_wconf 88' lang='lat' dir='ltr'><strong><em>labantur</em></strong></span> <span class='ocrx_word' id='word_1_466' title='bbox 1919 3505 1977 3561; x_wconf 89' lang='lat' dir='ltr'><strong><em>in</em></strong></span> 
     </span>
    </p>
   </div>
   <div class='ocr_carea' id='block_1_67' title="bbox 395 3601 702 3666">
    <p class='ocr_par' dir='ltr' id='par_1_67' title="bbox 395 3601 702 3666">
     <span class='ocr_line' id='line_1_67' title="bbox 395 3601 702 3666; baseline -0.003 -17"><span class='ocrx_word' id='word_1_467' title='bbox 395 3601 702 3666; x_wconf 84' lang='lat' dir='ltr'><strong><em>peccatum.</em></strong></span> 
     </span>
    </p>
   </div>
   <div class='ocr_carea' id='block_1_68' title="bbox 467 3683 1976 3757">
    <p class='ocr_par' dir='ltr' id='par_1_68' title="bbox 467 3683 1976 3757">
     <span class='ocr_line' id='line_1_68' title="bbox 467 3683 1976 3757; baseline 0.002 -18"><span class='ocrx_word' id='word_1_468' title='bbox 467 3683 696 3739; x_wconf 87' lang='lat' dir='ltr'><strong><em>Domum</em></strong></span> <span class='ocrx_word' id='word_1_469' title='bbox 726 3683 1067 3755; x_wconf 86' lang='lat' dir='ltr'><strong><em>superborum</em></strong></span> <span class='ocrx_word' id='word_1_470' title='bbox 1093 3684 1374 3740; x_wconf 87' lang='lat' dir='ltr'><strong><em>demolitur</em></strong></span> <span class='ocrx_word' id='word_1_471' title='bbox 1407 3684 1694 3754; x_wconf 81' lang='lat' dir='ltr'><strong><em>Dominus,</em></strong></span> <span class='ocrx_word' id='word_1_472' title='bbox 1726 3695 1776 3741; x_wconf 89' lang='lat' dir='ltr'><strong><em>et</em></strong></span> <span class='ocrx_word' id='word_1_473' title='bbox 1795 3687 1976 3757; x_wconf 78' lang='lat' dir='ltr'><strong><em>ﬁrmos</em></strong></span> 
     </span>
    </p>
   </div>
   <div class='ocr_carea' id='block_1_69' title="bbox 397 3774 1978 3846">
    <p class='ocr_par' dir='ltr' id='par_1_69' title="bbox 397 3774 1978 3846">
     <span class='ocr_line' id='line_1_69' title="bbox 397 3774 1978 3846; baseline 0.004 -17"><span class='ocrx_word' id='word_1_474' title='bbox 397 3774 526 3846; x_wconf 80' lang='lat' dir='ltr'><strong><em>facit</em></strong></span> <span class='ocrx_word' id='word_1_475' title='bbox 556 3775 804 3829; x_wconf 85' lang='lat' dir='ltr'><strong><em>terminos</em></strong></span> <span class='ocrx_word' id='word_1_476' title='bbox 830 3775 1020 3830; x_wconf 66' lang='lat' dir='ltr'><strong><em>vidum.</em></strong></span> <span class='ocrx_word' id='word_1_477' title='bbox 1051 3774 1436 3841; x_wconf 85' lang='lat' dir='ltr'><strong><em>Conventicula</em></strong></span> <span class='ocrx_word' id='word_1_478' title='bbox 1465 3778 1847 3834; x_wconf 65' lang='lat' dir='ltr'><strong><em>haereticorum</em></strong></span> <span class='ocrx_word' id='word_1_479' title='bbox 1873 3794 1978 3836; x_wconf 66' lang='lat' dir='ltr'><strong><em>ete-</em></strong></span> 
     </span>
    </p>
   </div>
   <div class='ocr_carea' id='block_1_70' title="bbox 397 3863 1974 3936">
    <p class='ocr_par' dir='ltr' id='par_1_70' title="bbox 397 3863 1974 3936">
     <span class='ocr_line' id='line_1_70' title="bbox 397 3863 1974 3936; baseline 0.005 -18"><span class='ocrx_word' id='word_1_480' title='bbox 397 3872 655 3935; x_wconf 86' lang='lat' dir='ltr'><strong><em>terosque</em></strong></span> <span class='ocrx_word' id='word_1_481' title='bbox 686 3863 941 3921; x_wconf 69' lang='lat' dir='ltr'><strong><em>Ecclesia:</em></strong></span> <span class='ocrx_word' id='word_1_482' title='bbox 968 3873 1344 3934; x_wconf 88' lang='lat' dir='ltr'><strong><em>persecutores</em></strong></span> <span class='ocrx_word' id='word_1_483' title='bbox 1375 3865 1662 3922; x_wconf 84' lang='lat' dir='ltr'><strong><em>demolitur</em></strong></span> <span class='ocrx_word' id='word_1_484' title='bbox 1695 3868 1974 3936; x_wconf 89' lang='lat' dir='ltr'><strong><em>Dominus,</em></strong></span> 
     </span>
    </p>
   </div>
   <div class='ocr_carea' id='block_1_71' title="bbox 397 3953 1978 4030">
    <p class='ocr_par' dir='ltr' id='par_1_71' title="bbox 397 3953 1978 4030">
     <span class='ocr_line' id='line_1_71' title="bbox 397 3953 1978 4030; baseline 0.005 -19"><span class='ocrx_word' id='word_1_485' title='bbox 397 3963 454 4011; x_wconf 90' lang='lat' dir='ltr'><strong><em>ct</em></strong></span> <span class='ocrx_word' id='word_1_486' title='bbox 477 3954 666 4012; x_wconf 89' lang='lat' dir='ltr'><strong><em>ﬁrmos</em></strong></span> <span class='ocrx_word' id='word_1_487' title='bbox 699 3955 832 4012; x_wconf 84' lang='lat' dir='ltr'><strong><em>facit</em></strong></span> <span class='ocrx_word' id='word_1_488' title='bbox 863 3955 918 4012; x_wconf 89' lang='lat' dir='ltr'><strong><em>in</em></strong></span> <span class='ocrx_word' id='word_1_489' title='bbox 949 3957 1138 4013; x_wconf 90' lang='lat' dir='ltr'><strong><em>orbem</em></strong></span> <span class='ocrx_word' id='word_1_490' title='bbox 1173 3958 1488 4014; x_wconf 89' lang='lat' dir='ltr'><strong><em>universum</em></strong></span> <span class='ocrx_word' id='word_1_491' title='bbox 1522 3961 1767 4030; x_wconf 86' lang='lat' dir='ltr'><strong><em>ejusdem</em></strong></span> <span class='ocrx_word' id='word_1_492' title='bbox 1792 3953 1978 4019; x_wconf 83' lang='lat' dir='ltr'><strong><em>Eccle-</em></strong></span> 
     </span>
    </p>
   </div>
   <div class='ocr_carea' id='block_1_72' title="bbox 398 4046 1978 4120">
    <p class='ocr_par' dir='ltr' id='par_1_72' title="bbox 398 4046 1978 4120">
     <span class='ocr_line' id='line_1_72' title="bbox 398 4046 1978 4120; baseline 0.006 -19"><span class='ocrx_word' id='word_1_493' title='bbox 398 4047 512 4112; x_wconf 65' lang='lat' dir='ltr'><strong><em>siae,</em></strong></span> <span class='ocrx_word' id='word_1_494' title='bbox 555 4061 765 4117; x_wconf 67' lang='lat' dir='ltr'><strong><em>Sponsa:</em></strong></span> <span class='ocrx_word' id='word_1_495' title='bbox 799 4046 1052 4104; x_wconf 82' lang='lat' dir='ltr'><strong><em>videlicet</em></strong></span> <span class='ocrx_word' id='word_1_496' title='bbox 1075 4063 1206 4114; x_wconf 69' lang='lat' dir='ltr'><strong><em>sum,</em></strong></span> <span class='ocrx_word' id='word_1_497' title='bbox 1251 4064 1354 4120; x_wconf 85' lang='lat' dir='ltr'><strong><em>pro</em></strong></span> <span class='ocrx_word' id='word_1_498' title='bbox 1392 4047 1544 4118; x_wconf 88' lang='lat' dir='ltr'><strong><em>cujus</em></strong></span> <span class='ocrx_word' id='word_1_499' title='bbox 1575 4051 1684 4107; x_wconf 90' lang='lat' dir='ltr'><strong><em>vita</em></strong></span> <span class='ocrx_word' id='word_1_500' title='bbox 1715 4051 1854 4108; x_wconf 90' lang='lat' dir='ltr'><strong><em>mori</em></strong></span> <span class='ocrx_word' id='word_1_501' title='bbox 1901 4054 1978 4110; x_wconf 91' lang='lat' dir='ltr'><strong><em>di-</em></strong></span> 
     </span>
    </p>
   </div>
   <div class='ocr_carea' id='block_1_73' title="bbox 396 4147 716 4210">
    <p class='ocr_par' dir='ltr' id='par_1_73' title="bbox 396 4147 716 4210">
     <span class='ocr_line' id='line_1_73' title="bbox 396 4147 716 4210; baseline 0.013 -19"><span class='ocrx_word' id='word_1_502' title='bbox 396 4147 593 4210; x_wconf 83' lang='lat' dir='ltr'><strong><em>gnatus</em></strong></span> <span class='ocrx_word' id='word_1_503' title='bbox 614 4147 716 4194; x_wconf 88' lang='lat' dir='ltr'><strong><em>est.</em></strong></span> 
     </span>
    </p>
   </div>
   <div class='ocr_carea' id='block_1_74' title="bbox 468 4229 1975 4308">
    <p class='ocr_par' dir='ltr' id='par_1_74' title="bbox 468 4229 1975 4308">
     <span class='ocr_line' id='line_1_74' title="bbox 468 4229 1975 4308; baseline 0.004 -22"><span class='ocrx_word' id='word_1_504' title='bbox 468 4230 798 4286; x_wconf 82' lang='lat' dir='ltr'><strong><em>Abominatio</em></strong></span> <span class='ocrx_word' id='word_1_505' title='bbox 841 4229 1051 4287; x_wconf 88' lang='lat' dir='ltr'><strong><em>Domini</em></strong></span> <span class='ocrx_word' id='word_1_506' title='bbox 1090 4233 1429 4304; x_wconf 84' lang='lat' dir='ltr'><strong><em>cogitationes</em></strong></span> <span class='ocrx_word' id='word_1_507' title='bbox 1473 4234 1660 4300; x_wconf 69' lang='lat' dir='ltr'><strong><em>malae,</em></strong></span> <span class='ocrx_word' id='word_1_508' title='bbox 1709 4245 1759 4290; x_wconf 89' lang='lat' dir='ltr'><strong><em>et</em></strong></span> <span class='ocrx_word' id='word_1_509' title='bbox 1811 4254 1975 4308; x_wconf 86' lang='lat' dir='ltr'><strong><em>purus</em></strong></span> 
     </span>
    </p>
   </div>
   <div class='ocr_carea' id='block_1_75' title="bbox 395 4323 1978 4395">
    <p class='ocr_par' dir='ltr' id='par_1_75' title="bbox 395 4323 1978 4395">
     <span class='ocr_line' id='line_1_75' title="bbox 395 4323 1978 4395; baseline 0.003 -15"><span class='ocrx_word' id='word_1_510' title='bbox 395 4339 568 4380; x_wconf 84' lang='lat' dir='ltr'><strong><em>sermo</em></strong></span> <span class='ocrx_word' id='word_1_511' title='bbox 609 4323 992 4395; x_wconf 81' lang='lat' dir='ltr'><strong><em>pulcherrimus</em></strong></span> <span class='ocrx_word' id='word_1_512' title='bbox 1030 4325 1332 4394; x_wconf 83' lang='lat' dir='ltr'><strong><em>ﬁrmabitur</em></strong></span> <span class='ocrx_word' id='word_1_513' title='bbox 1373 4327 1438 4380; x_wconf 88' lang='lat' dir='ltr'><strong><em>ab</em></strong></span> <span class='ocrx_word' id='word_1_514' title='bbox 1489 4343 1569 4382; x_wconf 91' lang='lat' dir='ltr'><strong><em>eo.</em></strong></span> <span class='ocrx_word' id='word_1_515' title='bbox 1620 4328 1978 4385; x_wconf 88' lang='lat' dir='ltr'><strong><em>Abominatur</em></strong></span> 
     </span>
    </p>
   </div>
   <div class='ocr_carea' id='block_1_76' title="bbox 399 4417 1974 4496">
    <p class='ocr_par' dir='ltr' id='par_1_76' title="bbox 399 4417 1974 4496">
     <span class='ocr_line' id='line_1_76' title="bbox 399 4417 1974 4496; baseline 0.004 -22"><span class='ocrx_word' id='word_1_516' title='bbox 399 4417 659 4474; x_wconf 86' lang='lat' dir='ltr'><strong><em>Dominus</em></strong></span> <span class='ocrx_word' id='word_1_517' title='bbox 679 4419 1032 4490; x_wconf 84' lang='lat' dir='ltr'><strong><em>cogitationes</em></strong></span> <span class='ocrx_word' id='word_1_518' title='bbox 1062 4419 1441 4476; x_wconf 81' lang='lat' dir='ltr'><strong><em>haereticorum</em></strong></span> <span class='ocrx_word' id='word_1_519' title='bbox 1460 4462 1475 4487; x_wconf 94' lang='lat'><strong><em>,</em></strong></span> <span class='ocrx_word' id='word_1_520' title='bbox 1507 4422 1614 4478; x_wconf 89' lang='lat' dir='ltr'><strong><em>imo</em></strong></span> <span class='ocrx_word' id='word_1_521' title='bbox 1644 4439 1831 4480; x_wconf 90' lang='lat' dir='ltr'><strong><em>omnes</em></strong></span> <span class='ocrx_word' id='word_1_522' title='bbox 1856 4425 1974 4496; x_wconf 90' lang='lat' dir='ltr'><strong><em>pie-</em></strong></span> 
     </span>
    </p>
   </div>
   <div class='ocr_carea' id='block_1_77' title="bbox 400 4511 1973 4581">
    <p class='ocr_par' dir='ltr' id='par_1_77' title="bbox 400 4511 1973 4581">
     <span class='ocr_line' id='line_1_77' title="bbox 400 4511 1973 4581; baseline 0.004 -15"><span class='ocrx_word' id='word_1_523' title='bbox 400 4511 498 4566; x_wconf 87' lang='lat' dir='ltr'><strong><em>tati</em></strong></span> <span class='ocrx_word' id='word_1_524' title='bbox 530 4512 833 4568; x_wconf 88' lang='lat' dir='ltr'><strong><em>coutrarias</em></strong></span> <span class='ocrx_word' id='word_1_525' title='bbox 855 4551 869 4577; x_wconf 96' lang='lat'><strong><em>,</em></strong></span> <span class='ocrx_word' id='word_1_526' title='bbox 898 4521 954 4566; x_wconf 90' lang='lat' dir='ltr'><strong><em>et</em></strong></span> <span class='ocrx_word' id='word_1_527' title='bbox 985 4525 1156 4581; x_wconf 91' lang='lat' dir='ltr'><strong><em>purus</em></strong></span> <span class='ocrx_word' id='word_1_528' title='bbox 1189 4527 1371 4568; x_wconf 89' lang='lat' dir='ltr'><strong><em>sermo</em></strong></span> <span class='ocrx_word' id='word_1_529' title='bbox 1397 4522 1562 4570; x_wconf 70' lang='lat' dir='ltr'><strong><em>recta:</em></strong></span> <span class='ocrx_word' id='word_1_530' title='bbox 1589 4514 1710 4570; x_wconf 90' lang='lat' dir='ltr'><strong><em>ﬁdei</em></strong></span> <span class='ocrx_word' id='word_1_531' title='bbox 1733 4515 1973 4572; x_wconf 86' lang='lat' dir='ltr'><strong><em>ﬁrmabi-</em></strong></span> 
     </span>
    </p>
   </div>
   <div class='ocr_carea' id='block_1_78' title="bbox 405 4600 1974 4672">
    <p class='ocr_par' dir='ltr' id='par_1_78' title="bbox 405 4600 1974 4672">
     <span class='ocr_line' id='line_1_78' title="bbox 405 4600 1974 4672; baseline 0.003 -14"><span class='ocrx_word' id='word_1_532' title='bbox 405 4611 494 4658; x_wconf 88' lang='lat' dir='ltr'><strong><em>tur</em></strong></span> <span class='ocrx_word' id='word_1_533' title='bbox 531 4601 601 4657; x_wconf 88' lang='lat' dir='ltr'><strong><em>ab</em></strong></span> <span class='ocrx_word' id='word_1_534' title='bbox 637 4617 722 4669; x_wconf 91' lang='lat' dir='ltr'><strong><em>eo,</em></strong></span> <span class='ocrx_word' id='word_1_535' title='bbox 758 4602 974 4672; x_wconf 90' lang='lat' dir='ltr'><strong><em>quando</em></strong></span> <span class='ocrx_word' id='word_1_536' title='bbox 1005 4601 1059 4656; x_wconf 92' lang='lat' dir='ltr'><strong><em>in</em></strong></span> <span class='ocrx_word' id='word_1_537' title='bbox 1079 4600 1284 4670; x_wconf 84' lang='lat' dir='ltr'><strong><em>judicio</em></strong></span> <span class='ocrx_word' id='word_1_538' title='bbox 1308 4617 1414 4657; x_wconf 90' lang='lat' dir='ltr'><strong><em>non</em></strong></span> <span class='ocrx_word' id='word_1_539' title='bbox 1453 4603 1625 4660; x_wconf 91' lang='lat' dir='ltr'><strong><em>solum</em></strong></span> <span class='ocrx_word' id='word_1_540' title='bbox 1657 4605 1844 4672; x_wconf 90' lang='lat' dir='ltr'><strong><em>factis,</em></strong></span> <span class='ocrx_word' id='word_1_541' title='bbox 1879 4609 1974 4663; x_wconf 90' lang='lat' dir='ltr'><strong><em>sed</em></strong></span> 
     </span>
    </p>
   </div>
   <div class='ocr_carea' id='block_1_79' title="bbox 399 4692 1974 4763">
    <p class='ocr_par' dir='ltr' id='par_1_79' title="bbox 399 4692 1974 4763">
     <span class='ocr_line' id='line_1_79' title="bbox 399 4692 1974 4763; baseline 0.004 -14"><span class='ocrx_word' id='word_1_542' title='bbox 399 4703 456 4750; x_wconf 91' lang='lat' dir='ltr'><strong><em>et</em></strong></span> <span class='ocrx_word' id='word_1_543' title='bbox 487 4693 668 4749; x_wconf 82' lang='lat' dir='ltr'><strong><em>verbis</em></strong></span> <span class='ocrx_word' id='word_1_544' title='bbox 688 4694 940 4748; x_wconf 90' lang='lat' dir='ltr'><strong><em>omnibus</em></strong></span> <span class='ocrx_word' id='word_1_545' title='bbox 960 4692 1118 4762; x_wconf 89' lang='lat' dir='ltr'><strong><em>digna</em></strong></span> <span class='ocrx_word' id='word_1_546' title='bbox 1145 4694 1366 4763; x_wconf 61' lang='lat' dir='ltr'><strong><em>praemia</em></strong></span> <span class='ocrx_word' id='word_1_547' title='bbox 1390 4693 1595 4751; x_wconf 89' lang='lat' dir='ltr'><strong><em>reddet.</em></strong></span> <span class='ocrx_word' id='word_1_548' title='bbox 1619 4695 1974 4756; x_wconf 86' lang='lat' dir='ltr'><strong><em>Abominatus</em></strong></span> 
     </span>
    </p>
   </div>
   <div class='ocr_carea' id='block_1_80' title="bbox 395 4782 1974 4854">
    <p class='ocr_par' dir='ltr' id='par_1_80' title="bbox 395 4782 1974 4854">
     <span class='ocr_line' id='line_1_80' title="bbox 395 4782 1974 4854; baseline 0.001 -12"><span class='ocrx_word' id='word_1_549' title='bbox 395 4792 482 4842; x_wconf 89' lang='lat' dir='ltr'><strong><em>est</em></strong></span> <span class='ocrx_word' id='word_1_550' title='bbox 527 4782 883 4854; x_wconf 80' lang='lat' dir='ltr'><strong><em>cogitationes</em></strong></span> <span class='ocrx_word' id='word_1_551' title='bbox 924 4782 1096 4838; x_wconf 89' lang='lat' dir='ltr'><strong><em>malas</em></strong></span> <span class='ocrx_word' id='word_1_552' title='bbox 1133 4797 1317 4838; x_wconf 90' lang='lat' dir='ltr'><strong><em>eorum</em></strong></span> <span class='ocrx_word' id='word_1_553' title='bbox 1382 4783 1474 4853; x_wconf 90' lang='lat' dir='ltr'><strong><em>qui</em></strong></span> <span class='ocrx_word' id='word_1_554' title='bbox 1509 4785 1803 4842; x_wconf 85' lang='lat' dir='ltr'><strong><em>dicebant:</em></strong></span> <span class='ocrx_word' id='word_1_555' title='bbox 1845 4787 1974 4854; x_wconf 86' lang='lat' dir='ltr'><strong><em>Quis</em></strong></span> 
     </span>
    </p>
   </div>
   <div class='ocr_carea' id='block_1_81' title="bbox 396 4873 1974 4950">
    <p class='ocr_par' dir='ltr' id='par_1_81' title="bbox 396 4873 1974 4950">
     <span class='ocr_line' id='line_1_81' title="bbox 396 4873 1974 4950; baseline 0.002 -16"><span class='ocrx_word' id='word_1_556' title='bbox 396 4887 474 4934; x_wconf 84' lang='lat' dir='ltr'><strong><em>est</em></strong></span> <span class='ocrx_word' id='word_1_557' title='bbox 493 4875 576 4931; x_wconf 79' lang='lat' dir='ltr'><strong><em>hic</em></strong></span> <span class='ocrx_word' id='word_1_558' title='bbox 594 4874 688 4948; x_wconf 85' lang='lat' dir='ltr'><strong><em>qui</em></strong></span> <span class='ocrx_word' id='word_1_559' title='bbox 704 4875 861 4929; x_wconf 84' lang='lat' dir='ltr'><strong><em>etiam</em></strong></span> <span class='ocrx_word' id='word_1_560' title='bbox 886 4883 1098 4943; x_wconf 87' lang='lat' dir='ltr'><strong><em>peccata</em></strong></span> <span class='ocrx_word' id='word_1_561' title='bbox 1127 4873 1379 4928; x_wconf 77' lang='lat' dir='ltr'><strong><em>dimittit!</em></strong></span> <span class='ocrx_word' id='word_1_562' title='bbox 1397 4873 1546 4946; x_wconf 88' lang='lat' dir='ltr'><strong><em>(Luc.</em></strong></span> <span class='ocrx_word' id='word_1_563' title='bbox 1575 4877 1674 4948; x_wconf 86' lang='lat' dir='ltr'><strong><em>vn)</em></strong></span> <span class='ocrx_word' id='word_1_564' title='bbox 1703 4887 1756 4935; x_wconf 89' lang='lat' dir='ltr'><strong><em>et</em></strong></span> <span class='ocrx_word' id='word_1_565' title='bbox 1781 4895 1974 4950; x_wconf 90' lang='lat' dir='ltr'><strong><em>purum</em></strong></span> 
     </span>
    </p>
   </div>
   <div class='ocr_carea' id='block_1_82' title="bbox 395 4960 1975 5032">
    <p class='ocr_par' dir='ltr' id='par_1_82' title="bbox 395 4960 1975 5032">
     <span class='ocr_line' id='line_1_82' title="bbox 395 4960 1975 5032; baseline 0.001 -9"><span class='ocrx_word' id='word_1_566' title='bbox 395 4977 703 5024; x_wconf 82' lang='lat' dir='ltr'><strong><em>sermonem</em></strong></span> <span class='ocrx_word' id='word_1_567' title='bbox 742 4963 858 5030; x_wconf 86' lang='lat' dir='ltr'><strong><em>ejus</em></strong></span> <span class='ocrx_word' id='word_1_568' title='bbox 883 4961 974 5032; x_wconf 90' lang='lat' dir='ltr'><strong><em>qui</em></strong></span> <span class='ocrx_word' id='word_1_569' title='bbox 1003 4960 1141 5016; x_wconf 83' lang='lat' dir='ltr'><strong><em>dixit</em></strong></span> <span class='ocrx_word' id='word_1_570' title='bbox 1170 4980 1182 5014; x_wconf 91' lang='lat'><strong>:</strong></span> <span class='ocrx_word' id='word_1_571' title='bbox 1211 4961 1289 5015; x_wconf 89' lang='lat' dir='ltr'><strong><em>Tu</em></strong></span> <span class='ocrx_word' id='word_1_572' title='bbox 1314 4979 1370 5017; x_wconf 90' lang='lat' dir='ltr'><strong><em>es</em></strong></span> <span class='ocrx_word' id='word_1_573' title='bbox 1405 4961 1644 5021; x_wconf 84' lang='lat' dir='ltr'><strong><em>Christus</em></strong></span> <span class='ocrx_word' id='word_1_574' title='bbox 1677 4965 1724 5020; x_wconf 87' lang='lat' dir='ltr'><em>F</em></span> <span class='ocrx_word' id='word_1_575' title='bbox 1727 4967 1849 5024; x_wconf 85' lang='lat' dir='ltr'><strong><em>ilius</em></strong></span> <span class='ocrx_word' id='word_1_576' title='bbox 1878 4969 1975 5026; x_wconf 85' lang='lat' dir='ltr'><strong><em>Dei</em></strong></span> 
     </span>
    </p>
   </div>
   <div class='ocr_carea' id='block_1_83' title="bbox 397 5049 1972 5126">
    <p class='ocr_par' dir='ltr' id='par_1_83' title="bbox 397 5049 1972 5126">
     <span class='ocr_line' id='line_1_83' title="bbox 397 5049 1972 5126; baseline 0.002 -14"><span class='ocrx_word' id='word_1_577' title='bbox 397 5057 496 5112; x_wconf 72' lang='lat' dir='ltr'><strong><em>eiei</em></strong></span> <span class='ocrx_word' id='word_1_578' title='bbox 539 5051 757 5126; x_wconf 75' lang='lat' dir='ltr'><strong><em>(Matth.</em></strong></span> <span class='ocrx_word' id='word_1_579' title='bbox 803 5049 940 5123; x_wconf 75' lang='lat' dir='ltr'><strong><em>xvi),</em></strong></span> <span class='ocrx_word' id='word_1_580' title='bbox 971 5049 1397 5121; x_wconf 86' lang='lat' dir='ltr'><strong><em>pulcherrimum</em></strong></span> <span class='ocrx_word' id='word_1_581' title='bbox 1433 5066 1552 5110; x_wconf 88' lang='lat' dir='ltr'><strong><em>esse</em></strong></span> <span class='ocrx_word' id='word_1_582' title='bbox 1581 5053 1819 5112; x_wconf 86' lang='lat' dir='ltr'><strong><em>ﬁrmavit</em></strong></span> <span class='ocrx_word' id='word_1_583' title='bbox 1847 5074 1972 5115; x_wconf 89' lang='lat' dir='ltr'><strong><em>cum</em></strong></span> 
     </span>
    </p>
   </div>
   <div class='ocr_carea' id='block_1_84' title="bbox 398 5138 1974 5220">
    <p class='ocr_par' dir='ltr' id='par_1_84' title="bbox 398 5138 1974 5220">
     <span class='ocr_line' id='line_1_84' title="bbox 398 5138 1974 5220; baseline -0.004 -14"><span class='ocrx_word' id='word_1_584' title='bbox 398 5145 678 5220; x_wconf 88' lang='lat' dir='ltr'><strong><em>respondit</em></strong></span> <span class='ocrx_word' id='word_1_585' title='bbox 715 5158 731 5200; x_wconf 88' lang='lat'><strong>:</strong></span> <span class='ocrx_word' id='word_1_586' title='bbox 761 5141 956 5198; x_wconf 86' lang='lat' dir='ltr'><strong><em>Beatus</em></strong></span> <span class='ocrx_word' id='word_1_587' title='bbox 981 5157 1054 5206; x_wconf 87' lang='lat' dir='ltr'><strong><em>es,</em></strong></span> <span class='ocrx_word' id='word_1_588' title='bbox 1094 5138 1277 5197; x_wconf 87' lang='lat' dir='ltr'><strong><em>Simon</em></strong></span> <span class='ocrx_word' id='word_1_589' title='bbox 1309 5141 1562 5214; x_wconf 83' lang='lat' dir='ltr'><strong><em>Barjona,</em></strong></span> <span class='ocrx_word' id='word_1_590' title='bbox 1582 5148 1709 5218; x_wconf 88' lang='lat' dir='ltr'><strong><em>quia</em></strong></span> <span class='ocrx_word' id='word_1_591' title='bbox 1753 5161 1876 5204; x_wconf 86' lang='lat' dir='ltr'><strong><em>caro</em></strong></span> <span class='ocrx_word' id='word_1_592' title='bbox 1923 5161 1974 5206; x_wconf 75' lang='grc' dir='ltr'><strong><em>σε</em></strong></span> 
     </span>
    </p>
   </div>
   <div class='ocr_carea' id='block_1_85' title="bbox 397 5231 1970 5311">
    <p class='ocr_par' dir='ltr' id='par_1_85' title="bbox 397 5231 1970 5311">
     <span class='ocr_line' id='line_1_85' title="bbox 397 5231 1970 5311; baseline 0.003 -17"><span class='ocrx_word' id='word_1_593' title='bbox 397 5254 614 5309; x_wconf 70' lang='lat' dir='ltr'><strong><em>sanguis</em></strong></span> <span class='ocrx_word' id='word_1_594' title='bbox 632 5251 738 5293; x_wconf 89' lang='lat' dir='ltr'><strong><em>non</em></strong></span> <span class='ocrx_word' id='word_1_595' title='bbox 765 5233 1006 5290; x_wconf 67' lang='lat' dir='ltr'><strong><em>reuelauit</em></strong></span> <span class='ocrx_word' id='word_1_596' title='bbox 1029 5231 1140 5296; x_wconf 86' lang='lat' dir='ltr'><strong><em>tibi,</em></strong></span> <span class='ocrx_word' id='word_1_597' title='bbox 1171 5232 1262 5288; x_wconf 86' lang='lat' dir='ltr'><strong><em>sed</em></strong></span> <span class='ocrx_word' id='word_1_598' title='bbox 1288 5231 1454 5289; x_wconf 88' lang='lat' dir='ltr'><strong><em>Pater</em></strong></span> <span class='ocrx_word' id='word_1_599' title='bbox 1475 5253 1620 5292; x_wconf 84' lang='lat' dir='ltr'><strong><em>meus</em></strong></span> <span class='ocrx_word' id='word_1_600' title='bbox 1641 5238 1729 5311; x_wconf 89' lang='lat' dir='ltr'><strong><em>qui</em></strong></span> <span class='ocrx_word' id='word_1_601' title='bbox 1751 5241 1805 5294; x_wconf 87' lang='lat' dir='ltr'><strong><em>in</em></strong></span> <span class='ocrx_word' id='word_1_602' title='bbox 1831 5241 1970 5298; x_wconf 74' lang='lat' dir='ltr'><strong><em>cazlis</em></strong></span> 
     </span>
    </p>
   </div>
   <div class='ocr_carea' id='block_1_86' title="bbox 397 5329 710 5404">
    <p class='ocr_par' dir='ltr' id='par_1_86' title="bbox 397 5329 710 5404">
     <span class='ocr_line' id='line_1_86' title="bbox 397 5329 710 5404; baseline -0.003 -17"><span class='ocrx_word' id='word_1_603' title='bbox 397 5341 474 5387; x_wconf 89' lang='lat' dir='ltr'><strong><em>est</em></strong></span> <span class='ocrx_word' id='word_1_604' title='bbox 499 5329 710 5404; x_wconf 72' lang='lat' dir='ltr'><strong><em>(ma).</em></strong></span> 
     </span>
    </p>
   </div>
   <div class='ocr_carea' id='block_1_87' title="bbox 470 5421 1968 5496">
    <p class='ocr_par' dir='ltr' id='par_1_87' title="bbox 470 5421 1968 5496">
     <span class='ocr_line' id='line_1_87' title="bbox 470 5421 1968 5496; baseline 0.001 -18"><span class='ocrx_word' id='word_1_605' title='bbox 470 5423 589 5480; x_wconf 71' lang='lat' dir='ltr'><strong><em>Luto</em></strong></span> <span class='ocrx_word' id='word_1_606' title='bbox 613 5422 884 5480; x_wconf 88' lang='lat' dir='ltr'><strong><em>oculorum</em></strong></span> <span class='ocrx_word' id='word_1_607' title='bbox 909 5423 1141 5492; x_wconf 60' lang='lat' dir='ltr'><strong><em>la’tiﬁcat</em></strong></span> <span class='ocrx_word' id='word_1_608' title='bbox 1167 5422 1420 5488; x_wconf 89' lang='lat' dir='ltr'><strong><em>animam,</em></strong></span> <span class='ocrx_word' id='word_1_609' title='bbox 1453 5423 1596 5493; x_wconf 78' lang='lat' dir='ltr'><strong><em>fama</em></strong></span> <span class='ocrx_word' id='word_1_610' title='bbox 1620 5421 1754 5479; x_wconf 88' lang='lat' dir='ltr'><strong><em>bona</em></strong></span> <span class='ocrx_word' id='word_1_611' title='bbox 1774 5423 1968 5496; x_wconf 87' lang='lat' dir='ltr'><strong><em>impin-</em></strong></span> 
     </span>
    </p>
   </div>
   <div class='ocr_carea' id='block_1_88' title="bbox 400 5511 1976 5584">
    <p class='ocr_par' dir='ltr' id='par_1_88' title="bbox 400 5511 1976 5584">
     <span class='ocr_line' id='line_1_88' title="bbox 400 5511 1976 5584; baseline 0.004 -18"><span class='ocrx_word' id='word_1_612' title='bbox 400 5522 525 5584; x_wconf 78' lang='lat' dir='ltr'><strong><em>gnat</em></strong></span> <span class='ocrx_word' id='word_1_613' title='bbox 551 5530 689 5570; x_wconf 84' lang='lat' dir='ltr'><strong><em>ossa.</em></strong></span> <span class='ocrx_word' id='word_1_614' title='bbox 727 5511 858 5568; x_wconf 81' lang='lat' dir='ltr'><strong><em>Jure</em></strong></span> <span class='ocrx_word' id='word_1_615' title='bbox 882 5522 1115 5569; x_wconf 91' lang='lat' dir='ltr'><strong><em>mentem</em></strong></span> <span class='ocrx_word' id='word_1_616' title='bbox 1148 5513 1382 5570; x_wconf 89' lang='lat' dir='ltr'><strong><em>delectat</em></strong></span> <span class='ocrx_word' id='word_1_617' title='bbox 1417 5515 1730 5582; x_wconf 89' lang='lat' dir='ltr'><strong><em>humanam,</em></strong></span> <span class='ocrx_word' id='word_1_618' title='bbox 1758 5531 1882 5570; x_wconf 90' lang='lat' dir='ltr'><strong><em>cum</em></strong></span> <span class='ocrx_word' id='word_1_619' title='bbox 1916 5530 1976 5572; x_wconf 91' lang='lat' dir='ltr'><strong><em>se</em></strong></span> 
     </span>
    </p>
   </div>
   <div class='ocr_carea' id='block_1_89' title="bbox 401 5602 1973 5677">
    <p class='ocr_par' dir='ltr' id='par_1_89' title="bbox 401 5602 1973 5677">
     <span class='ocr_line' id='line_1_89' title="bbox 401 5602 1973 5677; baseline 0.002 -19"><span class='ocrx_word' id='word_1_620' title='bbox 401 5603 574 5658; x_wconf 85' lang='lat' dir='ltr'><strong><em>lucem</em></strong></span> <span class='ocrx_word' id='word_1_621' title='bbox 598 5602 898 5658; x_wconf 78' lang='lat' dir='ltr'><strong><em>ctelestium</em></strong></span> <span class='ocrx_word' id='word_1_622' title='bbox 932 5617 1254 5658; x_wconf 89' lang='lat' dir='ltr'><strong><em>arcanorum</em></strong></span> <span class='ocrx_word' id='word_1_623' title='bbox 1292 5604 1522 5661; x_wconf 91' lang='lat' dir='ltr'><strong><em>Domino</em></strong></span> <span class='ocrx_word' id='word_1_624' title='bbox 1553 5605 1824 5661; x_wconf 87' lang='lat' dir='ltr'><strong><em>revelante</em></strong></span> <span class='ocrx_word' id='word_1_625' title='bbox 1847 5621 1973 5677; x_wconf 87' lang='lat' dir='ltr'><strong><em>per-</em></strong></span> 
     </span>
    </p>
   </div>
   <div class='ocr_carea' id='block_1_90' title="bbox 399 5689 1972 5762">
    <p class='ocr_par' dir='ltr' id='par_1_90' title="bbox 399 5689 1972 5762">
     <span class='ocr_line' id='line_1_90' title="bbox 399 5689 1972 5762; baseline 0.005 -18"><span class='ocrx_word' id='word_1_626' title='bbox 399 5689 608 5762; x_wconf 87' lang='lat' dir='ltr'><strong><em>cepisse</em></strong></span> <span class='ocrx_word' id='word_1_627' title='bbox 633 5692 934 5762; x_wconf 72' lang='lat' dir='ltr'><strong><em>cognoscit,</em></strong></span> <span class='ocrx_word' id='word_1_628' title='bbox 973 5693 1120 5762; x_wconf 91' lang='lat' dir='ltr'><strong><em>quod</em></strong></span> <span class='ocrx_word' id='word_1_629' title='bbox 1148 5693 1252 5750; x_wconf 89' lang='lat' dir='ltr'><strong><em>alia</em></strong></span> <span class='ocrx_word' id='word_1_630' title='bbox 1291 5695 1456 5750; x_wconf 91' lang='lat' dir='ltr'><strong><em>editio</em></strong></span> <span class='ocrx_word' id='word_1_631' title='bbox 1495 5692 1836 5751; x_wconf 80' lang='lat' dir='ltr'><strong><em>manifestius</em></strong></span> <span class='ocrx_word' id='word_1_632' title='bbox 1890 5695 1972 5752; x_wconf 88' lang='lat' dir='ltr'><strong><em>di-</em></strong></span> 
     </span>
    </p>
   </div>
   <div class='ocr_carea' id='block_1_91' title="bbox 401 5781 1966 5858">
    <p class='ocr_par' dir='ltr' id='par_1_91' title="bbox 401 5781 1966 5858">
     <span class='ocr_line' id='line_1_91' title="bbox 401 5781 1966 5858; baseline 0.002 -15"><span class='ocrx_word' id='word_1_633' title='bbox 401 5785 495 5852; x_wconf 86' lang='lat' dir='ltr'><strong><em>cit,</em></strong></span> <span class='ocrx_word' id='word_1_634' title='bbox 531 5785 707 5842; x_wconf 79' lang='lat' dir='ltr'><strong><em>videns</em></strong></span> <span class='ocrx_word' id='word_1_635' title='bbox 737 5785 869 5842; x_wconf 84' lang='lat' dir='ltr'><strong><em>bona</em></strong></span> <span class='ocrx_word' id='word_1_636' title='bbox 898 5781 1080 5838; x_wconf 82' lang='lat' dir='ltr'><strong><em>oculus</em></strong></span> <span class='ocrx_word' id='word_1_637' title='bbox 1099 5783 1318 5842; x_wconf 82' lang='lat' dir='ltr'><strong><em>oblectat</em></strong></span> <span class='ocrx_word' id='word_1_638' title='bbox 1339 5801 1452 5855; x_wconf 86' lang='lat' dir='ltr'><strong><em>cor,</em></strong></span> <span class='ocrx_word' id='word_1_639' title='bbox 1478 5785 1618 5842; x_wconf 89' lang='lat' dir='ltr'><strong><em>bona</em></strong></span> <span class='ocrx_word' id='word_1_640' title='bbox 1647 5785 1834 5858; x_wconf 88' lang='lat' dir='ltr'><strong><em>utique</em></strong></span> <span class='ocrx_word' id='word_1_641' title='bbox 1858 5787 1966 5846; x_wconf 83' lang='lat' dir='ltr'><strong><em>Do-</em></strong></span> 
     </span>
    </p>
   </div>
   <div class='ocr_carea' id='block_1_92' title="bbox 2079 3320 3698 3401">
    <p class='ocr_par' dir='ltr' id='par_1_92' title="bbox 2079 3320 3698 3401">
     <span class='ocr_line' id='line_1_92' title="bbox 2079 3320 3698 3401; baseline 0.009 -27"><span class='ocrx_word' id='word_1_642' title='bbox 2079 3320 2398 3401; x_wconf 78' lang='lat' dir='ltr'><strong><em>ponderator</em></strong></span> <span class='ocrx_word' id='word_1_643' title='bbox 2443 3332 2519 3378; x_wconf 80' lang='lat' dir='ltr'><strong><em>est</em></strong></span> <span class='ocrx_word' id='word_1_644' title='bbox 2566 3323 2841 3378; x_wconf 87' lang='lat' dir='ltr'><strong><em>Dominus.</em></strong></span> <span class='ocrx_word' id='word_1_645' title='bbox 2885 3322 2963 3378; x_wconf 88' lang='lat' dir='ltr'><strong><em>lta</em></strong></span> <span class='ocrx_word' id='word_1_646' title='bbox 3011 3324 3147 3388; x_wconf 90' lang='lat' dir='ltr'><strong><em>vias,</em></strong></span> <span class='ocrx_word' id='word_1_647' title='bbox 3201 3325 3254 3381; x_wconf 92' lang='lat' dir='ltr'><strong><em>id</em></strong></span> <span class='ocrx_word' id='word_1_648' title='bbox 3297 3337 3382 3382; x_wconf 90' lang='lat' dir='ltr'><strong><em>est</em></strong></span> <span class='ocrx_word' id='word_1_649' title='bbox 3427 3329 3698 3388; x_wconf 81' lang='lat' dir='ltr'><strong><em>actiones</em></strong></span> 
     </span>
    </p>
   </div>
   <div class='ocr_carea' id='block_1_93' title="bbox 2081 3412 3698 3480">
    <p class='ocr_par' dir='ltr' id='par_1_93' title="bbox 2081 3412 3698 3480">
     <span class='ocr_line' id='line_1_93' title="bbox 2081 3412 3698 3480; baseline 0.009 -14"><span class='ocrx_word' id='word_1_650' title='bbox 2081 3412 2346 3479; x_wconf 90' lang='lat' dir='ltr'><strong><em>omnium,</em></strong></span> <span class='ocrx_word' id='word_1_651' title='bbox 2377 3421 2433 3470; x_wconf 92' lang='lat' dir='ltr'><strong><em>et</em></strong></span> <span class='ocrx_word' id='word_1_652' title='bbox 2467 3413 2736 3469; x_wconf 86' lang='lat' dir='ltr'><strong><em>bonorum</em></strong></span> <span class='ocrx_word' id='word_1_653' title='bbox 2760 3413 3012 3470; x_wconf 86' lang='lat' dir='ltr'><strong><em>videlicet</em></strong></span> <span class='ocrx_word' id='word_1_654' title='bbox 3034 3424 3090 3470; x_wconf 91' lang='lat' dir='ltr'><strong><em>et</em></strong></span> <span class='ocrx_word' id='word_1_655' title='bbox 3110 3415 3376 3473; x_wconf 89' lang='lat' dir='ltr'><strong><em>malorum</em></strong></span> <span class='ocrx_word' id='word_1_656' title='bbox 3409 3419 3698 3480; x_wconf 84' lang='lat' dir='ltr'><strong><em>Dominus</em></strong></span> 
     </span>
    </p>
   </div>
   <div class='ocr_carea' id='block_1_94' title="bbox 2080 3500 3698 3577">
    <p class='ocr_par' dir='ltr' id='par_1_94' title="bbox 2080 3500 3698 3577">
     <span class='ocr_line' id='line_1_94' title="bbox 2080 3500 3698 3577; baseline 0.007 -22"><span class='ocrx_word' id='word_1_657' title='bbox 2080 3500 2249 3567; x_wconf 84' lang='lat' dir='ltr'><strong><em>videt,</em></strong></span> <span class='ocrx_word' id='word_1_658' title='bbox 2275 3510 2335 3557; x_wconf 89' lang='lat' dir='ltr'><strong><em>ut</em></strong></span> <span class='ocrx_word' id='word_1_659' title='bbox 2371 3503 2536 3558; x_wconf 90' lang='lat' dir='ltr'><strong><em>etiam</em></strong></span> <span class='ocrx_word' id='word_1_660' title='bbox 2572 3504 2798 3575; x_wconf 87' lang='lat' dir='ltr'><strong><em>spiritus</em></strong></span> <span class='ocrx_word' id='word_1_661' title='bbox 2823 3503 3183 3576; x_wconf 87' lang='lat' dir='ltr'><strong><em>singulorum,</em></strong></span> <span class='ocrx_word' id='word_1_662' title='bbox 3209 3507 3338 3577; x_wconf 91' lang='lat' dir='ltr'><strong><em>quid</em></strong></span> <span class='ocrx_word' id='word_1_663' title='bbox 3370 3508 3427 3563; x_wconf 90' lang='lat' dir='ltr'><strong><em>in</em></strong></span> <span class='ocrx_word' id='word_1_664' title='bbox 3454 3510 3698 3568; x_wconf 86' lang='lat' dir='ltr'><strong><em>occulto</em></strong></span> 
     </span>
    </p>
   </div>
   <div class='ocr_carea' id='block_1_95' title="bbox 2082 3595 3698 3672">
    <p class='ocr_par' dir='ltr' id='par_1_95' title="bbox 2082 3595 3698 3672">
     <span class='ocr_line' id='line_1_95' title="bbox 2082 3595 3698 3672; baseline 0.005 -22"><span class='ocrx_word' id='word_1_665' title='bbox 2082 3595 2344 3667; x_wconf 80' lang='lat' dir='ltr'><strong><em>cogitent,</em></strong></span> <span class='ocrx_word' id='word_1_666' title='bbox 2378 3604 2527 3652; x_wconf 89' lang='lat' dir='ltr'><strong><em>certa</em></strong></span> <span class='ocrx_word' id='word_1_667' title='bbox 2571 3597 2726 3653; x_wconf 90' lang='lat' dir='ltr'><strong><em>lance</em></strong></span> <span class='ocrx_word' id='word_1_668' title='bbox 2756 3597 3052 3664; x_wconf 88' lang='lat' dir='ltr'><strong><em>discernat,</em></strong></span> <span class='ocrx_word' id='word_1_669' title='bbox 3087 3598 3230 3654; x_wconf 89' lang='lat' dir='ltr'><strong><em>unde</em></strong></span> <span class='ocrx_word' id='word_1_670' title='bbox 3267 3609 3417 3656; x_wconf 83' lang='lat' dir='ltr'><strong><em>recte</em></strong></span> <span class='ocrx_word' id='word_1_671' title='bbox 3447 3601 3698 3672; x_wconf 80' lang='lat' dir='ltr'><strong><em>subjun-</em></strong></span> 
     </span>
    </p>
   </div>
   <div class='ocr_carea' id='block_1_96' title="bbox 2081 3683 2245 3754">
    <p class='ocr_par' dir='ltr' id='par_1_96' title="bbox 2081 3683 2245 3754">
     <span class='ocr_line' id='line_1_96' title="bbox 2081 3683 2245 3754; baseline 0.018 -18"><span class='ocrx_word' id='word_1_672' title='bbox 2081 3683 2245 3754; x_wconf 82' lang='lat' dir='ltr'><strong><em>gitur.</em></strong></span> 
     </span>
    </p>
   </div>
   <div class='ocr_carea' id='block_1_97' title="bbox 2151 3772 3692 3855">
    <p class='ocr_par' dir='ltr' id='par_1_97' title="bbox 2151 3772 3692 3855">
     <span class='ocr_line' id='line_1_97' title="bbox 2151 3772 3692 3855; baseline 0.009 -27"><span class='ocrx_word' id='word_1_673' title='bbox 2151 3772 2340 3830; x_wconf 85' lang='lat' dir='ltr'><strong><em>Revela</em></strong></span> <span class='ocrx_word' id='word_1_674' title='bbox 2359 3775 2584 3832; x_wconf 87' lang='lat' dir='ltr'><strong><em>Domino</em></strong></span> <span class='ocrx_word' id='word_1_675' title='bbox 2611 3794 2768 3846; x_wconf 88' lang='lat' dir='ltr'><strong><em>opera</em></strong></span> <span class='ocrx_word' id='word_1_676' title='bbox 2795 3788 2906 3848; x_wconf 87' lang='lat' dir='ltr'><strong><em>tua,</em></strong></span> <span class='ocrx_word' id='word_1_677' title='bbox 2939 3788 2988 3834; x_wconf 88' lang='lat' dir='ltr'><strong><em>et</em></strong></span> <span class='ocrx_word' id='word_1_678' title='bbox 3013 3778 3305 3852; x_wconf 84' lang='lat' dir='ltr'><strong><em>dirigentur</em></strong></span> <span class='ocrx_word' id='word_1_679' title='bbox 3329 3783 3692 3855; x_wconf 82' lang='lat' dir='ltr'><strong><em>cogitationes</em></strong></span> 
     </span>
    </p>
   </div>
   <div class='ocr_carea' id='block_1_98' title="bbox 2081 3867 3692 3943">
    <p class='ocr_par' dir='ltr' id='par_1_98' title="bbox 2081 3867 3692 3943">
     <span class='ocr_line' id='line_1_98' title="bbox 2081 3867 3692 3943; baseline 0.009 -23"><span class='ocrx_word' id='word_1_680' title='bbox 2081 3873 2227 3934; x_wconf 72' lang='lat' dir='ltr'><strong><em>tute;</em></strong></span> <span class='ocrx_word' id='word_1_681' title='bbox 2291 3867 2524 3926; x_wconf 91' lang='lat' dir='ltr'><strong><em>Domino</em></strong></span> <span class='ocrx_word' id='word_1_682' title='bbox 2575 3870 2775 3942; x_wconf 88' lang='lat' dir='ltr'><strong><em>quippe</em></strong></span> <span class='ocrx_word' id='word_1_683' title='bbox 2839 3885 3006 3942; x_wconf 88' lang='lat' dir='ltr'><strong><em>opera</em></strong></span> <span class='ocrx_word' id='word_1_684' title='bbox 3062 3879 3250 3928; x_wconf 89' lang='lat' dir='ltr'><strong><em>nostra</em></strong></span> <span class='ocrx_word' id='word_1_685' title='bbox 3314 3874 3636 3934; x_wconf 83' lang='lat' dir='ltr'><strong><em>revelamus</em></strong></span> <span class='ocrx_word' id='word_1_686' title='bbox 3669 3919 3692 3943; x_wconf 82' lang='lat'><strong><em>,</em></strong></span> 
     </span>
    </p>
   </div>
   <div class='ocr_carea' id='block_1_99' title="bbox 2081 3960 3693 4031">
    <p class='ocr_par' dir='ltr' id='par_1_99' title="bbox 2081 3960 3693 4031">
     <span class='ocr_line' id='line_1_99' title="bbox 2081 3960 3693 4031; baseline 0.008 -20"><span class='ocrx_word' id='word_1_687' title='bbox 2081 3960 2296 4030; x_wconf 88' lang='lat' dir='ltr'><strong><em>quando</em></strong></span> <span class='ocrx_word' id='word_1_688' title='bbox 2350 3975 2476 4016; x_wconf 89' lang='lat' dir='ltr'><strong><em>eum</em></strong></span> <span class='ocrx_word' id='word_1_689' title='bbox 2517 3976 2681 4031; x_wconf 90' lang='lat' dir='ltr'><strong><em>quem</em></strong></span> <span class='ocrx_word' id='word_1_690' title='bbox 2731 3961 2806 4016; x_wconf 89' lang='lat' dir='ltr'><strong><em>nil</em></strong></span> <span class='ocrx_word' id='word_1_691' title='bbox 2840 3962 3010 4020; x_wconf 89' lang='lat' dir='ltr'><strong><em>latere</em></strong></span> <span class='ocrx_word' id='word_1_692' title='bbox 3049 3965 3319 4029; x_wconf 80' lang='lat' dir='ltr'><strong><em>novimus,</em></strong></span> <span class='ocrx_word' id='word_1_693' title='bbox 3361 3966 3419 4020; x_wconf 91' lang='lat' dir='ltr'><strong><em>iu</em></strong></span> <span class='ocrx_word' id='word_1_694' title='bbox 3451 3970 3693 4024; x_wconf 83' lang='lat' dir='ltr'><strong><em>cunctis</em></strong></span> 
     </span>
    </p>
   </div>
   <div class='ocr_carea' id='block_1_100' title="bbox 2081 4052 3685 4127">
    <p class='ocr_par' dir='ltr' id='par_1_100' title="bbox 2081 4052 3685 4127">
     <span class='ocr_line' id='line_1_100' title="bbox 2081 4052 3685 4127; baseline 0.006 -22"><span class='ocrx_word' id='word_1_695' title='bbox 2081 4067 2201 4122; x_wconf 81' lang='lat' dir='ltr'><strong><em>quae</em></strong></span> <span class='ocrx_word' id='word_1_696' title='bbox 2225 4052 2434 4124; x_wconf 85' lang='lat' dir='ltr'><strong><em>agimus</em></strong></span> <span class='ocrx_word' id='word_1_697' title='bbox 2455 4053 2508 4108; x_wconf 92' lang='lat' dir='ltr'><strong><em>in</em></strong></span> <span class='ocrx_word' id='word_1_698' title='bbox 2540 4053 2857 4108; x_wconf 89' lang='lat' dir='ltr'><strong><em>memoriam</em></strong></span> <span class='ocrx_word' id='word_1_699' title='bbox 2888 4053 3218 4122; x_wconf 86' lang='lat' dir='ltr'><strong><em>reducimus,</em></strong></span> <span class='ocrx_word' id='word_1_700' title='bbox 3245 4064 3408 4127; x_wconf 88' lang='lat' dir='ltr'><strong><em>atque</em></strong></span> <span class='ocrx_word' id='word_1_701' title='bbox 3435 4056 3586 4114; x_wconf 89' lang='lat' dir='ltr'><strong><em>illius</em></strong></span> <span class='ocrx_word' id='word_1_702' title='bbox 3615 4059 3685 4115; x_wconf 82' lang='lat' dir='ltr'><strong><em>in</em></strong></span> 
     </span>
    </p>
   </div>
   <div class='ocr_carea' id='block_1_101' title="bbox 2080 4142 3688 4212">
    <p class='ocr_par' dir='ltr' id='par_1_101' title="bbox 2080 4142 3688 4212">
     <span class='ocr_line' id='line_1_101' title="bbox 2080 4142 3688 4212; baseline 0.005 -14"><span class='ocrx_word' id='word_1_703' title='bbox 2080 4143 2333 4199; x_wconf 89' lang='lat' dir='ltr'><strong><em>omnibus</em></strong></span> <span class='ocrx_word' id='word_1_704' title='bbox 2380 4142 2687 4212; x_wconf 82' lang='lat' dir='ltr'><strong><em>ﬂagitamus</em></strong></span> <span class='ocrx_word' id='word_1_705' title='bbox 2731 4144 3011 4210; x_wconf 70' lang='lat' dir='ltr'><strong><em>auxilium,</em></strong></span> <span class='ocrx_word' id='word_1_706' title='bbox 3070 4155 3126 4200; x_wconf 86' lang='lat' dir='ltr'><strong><em>et</em></strong></span> <span class='ocrx_word' id='word_1_707' title='bbox 3168 4161 3292 4202; x_wconf 91' lang='lat' dir='ltr'><strong><em>cum</em></strong></span> <span class='ocrx_word' id='word_1_708' title='bbox 3343 4147 3449 4204; x_wconf 91' lang='lat' dir='ltr'><strong><em>hoc</em></strong></span> <span class='ocrx_word' id='word_1_709' title='bbox 3483 4149 3688 4206; x_wconf 81' lang='lat' dir='ltr'><strong><em>devOti</em></strong></span> 
     </span>
    </p>
   </div>
   <div class='ocr_carea' id='block_1_102' title="bbox 2081 4235 3693 4308">
    <p class='ocr_par' dir='ltr' id='par_1_102' title="bbox 2081 4235 3693 4308">
     <span class='ocr_line' id='line_1_102' title="bbox 2081 4235 3693 4308; baseline 0.006 -17"><span class='ocrx_word' id='word_1_710' title='bbox 2081 4237 2316 4308; x_wconf 88' lang='lat' dir='ltr'><strong><em>agimus,</em></strong></span> <span class='ocrx_word' id='word_1_711' title='bbox 2365 4235 2428 4290; x_wconf 83' lang='lat' dir='ltr'><strong><em>fit</em></strong></span> <span class='ocrx_word' id='word_1_712' title='bbox 2457 4243 2515 4290; x_wconf 92' lang='lat' dir='ltr'><strong><em>ut</em></strong></span> <span class='ocrx_word' id='word_1_713' title='bbox 2555 4252 2663 4292; x_wconf 92' lang='lat' dir='ltr'><strong><em>non</em></strong></span> <span class='ocrx_word' id='word_1_714' title='bbox 2707 4252 2872 4306; x_wconf 89' lang='lat' dir='ltr'><strong><em>opera</em></strong></span> <span class='ocrx_word' id='word_1_715' title='bbox 2921 4238 3110 4293; x_wconf 84' lang='lat' dir='ltr'><strong><em>eadem</em></strong></span> <span class='ocrx_word' id='word_1_716' title='bbox 3144 4240 3542 4306; x_wconf 80' lang='lat' dir='ltr'><strong><em>tantummodo,</em></strong></span> <span class='ocrx_word' id='word_1_717' title='bbox 3573 4245 3693 4300; x_wconf 74' lang='lat' dir='ltr'><strong><em>sed</em></strong></span> 
     </span>
    </p>
   </div>
   <div class='ocr_carea' id='block_1_103' title="bbox 2079 4327 3692 4404">
    <p class='ocr_par' dir='ltr' id='par_1_103' title="bbox 2079 4327 3692 4404">
     <span class='ocr_line' id='line_1_103' title="bbox 2079 4327 3692 4404; baseline 0.004 -21"><span class='ocrx_word' id='word_1_718' title='bbox 2079 4328 2244 4384; x_wconf 90' lang='lat' dir='ltr'><strong><em>etiam</em></strong></span> <span class='ocrx_word' id='word_1_719' title='bbox 2274 4328 2500 4383; x_wconf 74' lang='lat' dir='ltr'><strong><em>internze</em></strong></span> <span class='ocrx_word' id='word_1_720' title='bbox 2529 4335 2730 4384; x_wconf 71' lang='lat' dir='ltr'><strong><em>nostra:</em></strong></span> <span class='ocrx_word' id='word_1_721' title='bbox 2748 4327 3108 4399; x_wconf 87' lang='lat' dir='ltr'><strong><em>cogitationes</em></strong></span> <span class='ocrx_word' id='word_1_722' title='bbox 3134 4328 3225 4385; x_wconf 91' lang='lat' dir='ltr'><strong><em>ilio</em></strong></span> <span class='ocrx_word' id='word_1_723' title='bbox 3250 4329 3518 4400; x_wconf 84' lang='lat' dir='ltr'><strong><em>dirigente</em></strong></span> <span class='ocrx_word' id='word_1_724' title='bbox 3541 4348 3692 4404; x_wconf 88' lang='lat' dir='ltr'><strong><em>pro—</em></strong></span> 
     </span>
    </p>
   </div>
   <div class='ocr_carea' id='block_1_104' title="bbox 2080 4418 2294 4474">
    <p class='ocr_par' dir='ltr' id='par_1_104' title="bbox 2080 4418 2294 4474">
     <span class='ocr_line' id='line_1_104' title="bbox 2080 4418 2294 4474; baseline -0.009 0"><span class='ocrx_word' id='word_1_725' title='bbox 2080 4418 2294 4474; x_wconf 83' lang='lat' dir='ltr'><strong><em>cedant.</em></strong></span> 
     </span>
    </p>
   </div>
   <div class='ocr_carea' id='block_1_105' title="bbox 2151 4508 3688 4587">
    <p class='ocr_par' dir='ltr' id='par_1_105' title="bbox 2151 4508 3688 4587">
     <span class='ocr_line' id='line_1_105' title="bbox 2151 4508 3688 4587; baseline 0.007 -23"><span class='ocrx_word' id='word_1_726' title='bbox 2151 4508 2403 4565; x_wconf 85' lang='lat' dir='ltr'><strong><em>Universa</em></strong></span> <span class='ocrx_word' id='word_1_727' title='bbox 2430 4521 2640 4581; x_wconf 82' lang='lat' dir='ltr'><strong><em>propter</em></strong></span> <span class='ocrx_word' id='word_1_728' title='bbox 2665 4511 2992 4582; x_wconf 87' lang='lat' dir='ltr'><strong><em>semetipsum</em></strong></span> <span class='ocrx_word' id='word_1_729' title='bbox 3015 4520 3258 4582; x_wconf 85' lang='lat' dir='ltr'><strong><em>operatus</em></strong></span> <span class='ocrx_word' id='word_1_730' title='bbox 3283 4522 3357 4568; x_wconf 83' lang='lat' dir='ltr'><strong><em>est</em></strong></span> <span class='ocrx_word' id='word_1_731' title='bbox 3380 4513 3688 4587; x_wconf 74' lang='lat' dir='ltr'><strong><em>Dominus,</em></strong></span> 
     </span>
    </p>
   </div>
   <div class='ocr_carea' id='block_1_106' title="bbox 2079 4601 3689 4673">
    <p class='ocr_par' dir='ltr' id='par_1_106' title="bbox 2079 4601 3689 4673">
     <span class='ocr_line' id='line_1_106' title="bbox 2079 4601 3689 4673; baseline 0.007 -17"><span class='ocrx_word' id='word_1_732' title='bbox 2079 4601 2298 4672; x_wconf 85' lang='lat' dir='ltr'><strong><em>impium</em></strong></span> <span class='ocrx_word' id='word_1_733' title='bbox 2321 4619 2524 4673; x_wconf 92' lang='lat' dir='ltr'><strong><em>quoque</em></strong></span> <span class='ocrx_word' id='word_1_734' title='bbox 2553 4601 2621 4656; x_wconf 90' lang='lat' dir='ltr'><strong><em>ad</em></strong></span> <span class='ocrx_word' id='word_1_735' title='bbox 2644 4602 2782 4656; x_wconf 87' lang='lat' dir='ltr'><strong><em>diem</em></strong></span> <span class='ocrx_word' id='word_1_736' title='bbox 2808 4601 3023 4656; x_wconf 87' lang='lat' dir='ltr'><strong><em>malum.</em></strong></span> <span class='ocrx_word' id='word_1_737' title='bbox 3056 4601 3208 4658; x_wconf 82' lang='lat' dir='ltr'><strong><em>Nulla</em></strong></span> <span class='ocrx_word' id='word_1_738' title='bbox 3235 4603 3337 4659; x_wconf 87' lang='lat' dir='ltr'><strong><em>fuit</em></strong></span> <span class='ocrx_word' id='word_1_739' title='bbox 3358 4605 3415 4660; x_wconf 91' lang='lat' dir='ltr'><strong><em>in</em></strong></span> <span class='ocrx_word' id='word_1_740' title='bbox 3437 4606 3689 4668; x_wconf 83' lang='lat' dir='ltr'><strong><em>Domino</em></strong></span> 
     </span>
    </p>
   </div>
   <div class='ocr_carea' id='block_1_107' title="bbox 2079 4693 3682 4770">
    <p class='ocr_par' dir='ltr' id='par_1_107' title="bbox 2079 4693 3682 4770">
     <span class='ocr_line' id='line_1_107' title="bbox 2079 4693 3682 4770; baseline 0.005 -20"><span class='ocrx_word' id='word_1_741' title='bbox 2079 4709 2244 4750; x_wconf 88' lang='lat' dir='ltr'><strong><em>causa</em></strong></span> <span class='ocrx_word' id='word_1_742' title='bbox 2273 4703 2596 4750; x_wconf 73' lang='lat' dir='ltr'><strong><em>creaturam</em></strong></span> <span class='ocrx_word' id='word_1_743' title='bbox 2636 4693 2905 4751; x_wconf 89' lang='lat' dir='ltr'><strong><em>visibilem</em></strong></span> <span class='ocrx_word' id='word_1_744' title='bbox 2936 4694 3021 4750; x_wconf 87' lang='lat' dir='ltr'><strong><em>vel</em></strong></span> <span class='ocrx_word' id='word_1_745' title='bbox 3053 4695 3373 4754; x_wconf 87' lang='lat' dir='ltr'><strong><em>invisibilem</em></strong></span> <span class='ocrx_word' id='word_1_746' title='bbox 3398 4695 3682 4770; x_wconf 82' lang='lat' dir='ltr'><strong><em>faciendi,</em></strong></span> 
     </span>
    </p>
   </div>
   <div class='ocr_carea' id='block_1_108' title="bbox 2081 4784 3684 4851">
    <p class='ocr_par' dir='ltr' id='par_1_108' title="bbox 2081 4784 3684 4851">
     <span class='ocr_line' id='line_1_108' title="bbox 2081 4784 3684 4851; baseline 0.001 -13"><span class='ocrx_word' id='word_1_747' title='bbox 2081 4784 2183 4839; x_wconf 91' lang='lat' dir='ltr'><strong><em>nisi</em></strong></span> <span class='ocrx_word' id='word_1_748' title='bbox 2215 4785 2462 4842; x_wconf 90' lang='lat' dir='ltr'><strong><em>voluntas</em></strong></span> <span class='ocrx_word' id='word_1_749' title='bbox 2499 4801 2627 4851; x_wconf 89' lang='lat' dir='ltr'><strong><em>sua,</em></strong></span> <span class='ocrx_word' id='word_1_750' title='bbox 2671 4795 2731 4841; x_wconf 90' lang='lat' dir='ltr'><strong><em>ut</em></strong></span> <span class='ocrx_word' id='word_1_751' title='bbox 2759 4800 2911 4842; x_wconf 91' lang='lat' dir='ltr'><strong><em>suam</em></strong></span> <span class='ocrx_word' id='word_1_752' title='bbox 2953 4787 3202 4844; x_wconf 84' lang='lat' dir='ltr'><strong><em>videlicet</em></strong></span> <span class='ocrx_word' id='word_1_753' title='bbox 3235 4789 3534 4846; x_wconf 86' lang='lat' dir='ltr'><strong><em>bonitatem</em></strong></span> <span class='ocrx_word' id='word_1_754' title='bbox 3573 4811 3684 4851; x_wconf 77' lang='lat' dir='ltr'><strong><em>ra-</em></strong></span> 
     </span>
    </p>
   </div>
   <div class='ocr_carea' id='block_1_109' title="bbox 2082 4874 3688 4948">
    <p class='ocr_par' dir='ltr' id='par_1_109' title="bbox 2082 4874 3688 4948">
     <span class='ocr_line' id='line_1_109' title="bbox 2082 4874 3688 4948; baseline 0.009 -19"><span class='ocrx_word' id='word_1_755' title='bbox 2082 4874 2328 4932; x_wconf 91' lang='lat' dir='ltr'><strong><em>tionabili</em></strong></span> <span class='ocrx_word' id='word_1_756' title='bbox 2367 4885 2652 4946; x_wconf 59' lang='lat' dir='ltr'><strong><em>creaturae,</em></strong></span> <span class='ocrx_word' id='word_1_757' title='bbox 2704 4892 2868 4948; x_wconf 91' lang='lat' dir='ltr'><strong><em>quam</em></strong></span> <span class='ocrx_word' id='word_1_758' title='bbox 2907 4886 3170 4948; x_wconf 89' lang='lat' dir='ltr'><strong><em>perpetuo</em></strong></span> <span class='ocrx_word' id='word_1_759' title='bbox 3215 4879 3434 4938; x_wconf 87' lang='lat' dir='ltr'><strong><em>beatam</em></strong></span> <span class='ocrx_word' id='word_1_760' title='bbox 3479 4881 3688 4943; x_wconf 82' lang='lat' dir='ltr'><strong><em>facere</em></strong></span> 
     </span>
    </p>
   </div>
   <div class='ocr_carea' id='block_1_110' title="bbox 2081 4968 3688 5048">
    <p class='ocr_par' dir='ltr' id='par_1_110' title="bbox 2081 4968 3688 5048">
     <span class='ocr_line' id='line_1_110' title="bbox 2081 4968 3688 5048; baseline 0.007 -26"><span class='ocrx_word' id='word_1_761' title='bbox 2081 4968 2409 5036; x_wconf 88' lang='lat' dir='ltr'><strong><em>ostenderet,</em></strong></span> <span class='ocrx_word' id='word_1_762' title='bbox 2450 4985 2573 5026; x_wconf 90' lang='lat' dir='ltr'><strong><em>cum</em></strong></span> <span class='ocrx_word' id='word_1_763' title='bbox 2607 4985 2820 5041; x_wconf 90' lang='lat' dir='ltr'><strong><em>quoque</em></strong></span> <span class='ocrx_word' id='word_1_764' title='bbox 2844 4969 2936 5040; x_wconf 92' lang='lat' dir='ltr'><strong><em>qui</em></strong></span> <span class='ocrx_word' id='word_1_765' title='bbox 2979 4971 3180 5042; x_wconf 84' lang='lat' dir='ltr'><strong><em>bonum</em></strong></span> <span class='ocrx_word' id='word_1_766' title='bbox 3213 4971 3509 5032; x_wconf 88' lang='lat' dir='ltr'><strong><em>conditoris</em></strong></span> <span class='ocrx_word' id='word_1_767' title='bbox 3536 4993 3688 5048; x_wconf 79' lang='lat' dir='ltr'><strong><em>pm-</em></strong></span> 
     </span>
    </p>
   </div>
   <div class='ocr_carea' id='block_1_111' title="bbox 2078 5061 3681 5133">
    <p class='ocr_par' dir='ltr' id='par_1_111' title="bbox 2078 5061 3681 5133">
     <span class='ocr_line' id='line_1_111' title="bbox 2078 5061 3681 5133; baseline 0.006 -18"><span class='ocrx_word' id='word_1_768' title='bbox 2078 5061 2195 5132; x_wconf 90' lang='lat' dir='ltr'><strong><em>pria</em></strong></span> <span class='ocrx_word' id='word_1_769' title='bbox 2221 5070 2413 5133; x_wconf 91' lang='lat' dir='ltr'><strong><em>sponte</em></strong></span> <span class='ocrx_word' id='word_1_770' title='bbox 2440 5061 2707 5128; x_wconf 87' lang='lat' dir='ltr'><strong><em>deseruit,</em></strong></span> <span class='ocrx_word' id='word_1_771' title='bbox 2738 5062 2790 5117; x_wconf 89' lang='lat' dir='ltr'><strong><em>id</em></strong></span> <span class='ocrx_word' id='word_1_772' title='bbox 2811 5069 2926 5130; x_wconf 88' lang='lat' dir='ltr'><strong><em>est,</em></strong></span> <span class='ocrx_word' id='word_1_773' title='bbox 2957 5062 3254 5131; x_wconf 89' lang='lat' dir='ltr'><strong><em>diabolum,</em></strong></span> <span class='ocrx_word' id='word_1_774' title='bbox 3291 5079 3413 5120; x_wconf 88' lang='lat' dir='ltr'><strong><em>cum</em></strong></span> <span class='ocrx_word' id='word_1_775' title='bbox 3435 5068 3681 5128; x_wconf 74' lang='lat' dir='ltr'><strong><em>suisse-</em></strong></span> 
     </span>
    </p>
   </div>
   <div class='ocr_carea' id='block_1_112' title="bbox 2080 5151 3140 5224">
    <p class='ocr_par' dir='ltr' id='par_1_112' title="bbox 2080 5151 3140 5224">
     <span class='ocr_line' id='line_1_112' title="bbox 2080 5151 3140 5224; baseline 0.003 -18"><span class='ocrx_word' id='word_1_776' title='bbox 2080 5152 2342 5224; x_wconf 89' lang='lat' dir='ltr'><strong><em>quacibus</em></strong></span> <span class='ocrx_word' id='word_1_777' title='bbox 2361 5151 2508 5222; x_wconf 86' lang='lat' dir='ltr'><strong><em>justa</em></strong></span> <span class='ocrx_word' id='word_1_778' title='bbox 2531 5153 2822 5210; x_wconf 83' lang='lat' dir='ltr'><strong><em>severitate</em></strong></span> <span class='ocrx_word' id='word_1_779' title='bbox 2844 5153 3140 5209; x_wconf 89' lang='lat' dir='ltr'><strong><em>damnavit.</em></strong></span> 
     </span>
    </p>
   </div>
   <div class='ocr_carea' id='block_1_113' title="bbox 2149 5244 3678 5321">
    <p class='ocr_par' dir='ltr' id='par_1_113' title="bbox 2149 5244 3678 5321">
     <span class='ocr_line' id='line_1_113' title="bbox 2149 5244 3678 5321; baseline 0.009 -22"><span class='ocrx_word' id='word_1_780' title='bbox 2149 5244 2478 5302; x_wconf 85' lang='lat' dir='ltr'><strong><em>Abominatio</em></strong></span> <span class='ocrx_word' id='word_1_781' title='bbox 2491 5247 2702 5304; x_wconf 88' lang='lat' dir='ltr'><strong><em>Domini</em></strong></span> <span class='ocrx_word' id='word_1_782' title='bbox 2719 5249 2886 5304; x_wconf 87' lang='lat' dir='ltr'><strong><em>omnis</em></strong></span> <span class='ocrx_word' id='word_1_783' title='bbox 2909 5265 3164 5321; x_wconf 83' lang='lat' dir='ltr'><strong><em>arrogans</em></strong></span> <span class='ocrx_word' id='word_1_784' title='bbox 3191 5264 3212 5304; x_wconf 85' lang='lat'><strong><em>:</em></strong></span> <span class='ocrx_word' id='word_1_785' title='bbox 3239 5251 3446 5310; x_wconf 79' lang='lat' dir='ltr'><strong><em>etiamsi</em></strong></span> <span class='ocrx_word' id='word_1_786' title='bbox 3468 5270 3678 5316; x_wconf 69' lang='lat' dir='ltr'><strong><em>manu</em></strong></span> 
     </span>
    </p>
   </div>
   <div class='ocr_carea' id='block_1_114' title="bbox 2077 5335 3674 5414">
    <p class='ocr_par' dir='ltr' id='par_1_114' title="bbox 2077 5335 3674 5414">
     <span class='ocr_line' id='line_1_114' title="bbox 2077 5335 3674 5414; baseline 0.01 -25"><span class='ocrx_word' id='word_1_787' title='bbox 2077 5335 2147 5389; x_wconf 89' lang='lat' dir='ltr'><strong><em>ad</em></strong></span> <span class='ocrx_word' id='word_1_788' title='bbox 2180 5353 2393 5391; x_wconf 88' lang='lat' dir='ltr'><strong><em>manum</em></strong></span> <span class='ocrx_word' id='word_1_789' title='bbox 2413 5336 2610 5408; x_wconf 73' lang='lat' dir='ltr'><strong><em>fuerit,</em></strong></span> <span class='ocrx_word' id='word_1_790' title='bbox 2642 5354 2746 5393; x_wconf 90' lang='lat' dir='ltr'><strong><em>non</em></strong></span> <span class='ocrx_word' id='word_1_791' title='bbox 2775 5339 2873 5394; x_wconf 89' lang='lat' dir='ltr'><strong><em>erit</em></strong></span> <span class='ocrx_word' id='word_1_792' title='bbox 2906 5339 3175 5396; x_wconf 80' lang='lat' dir='ltr'><strong><em>innocens.</em></strong></span> <span class='ocrx_word' id='word_1_793' title='bbox 3211 5339 3534 5414; x_wconf 78' lang='lat' dir='ltr'><strong><em>Quicunque</em></strong></span> <span class='ocrx_word' id='word_1_794' title='bbox 3557 5348 3674 5406; x_wconf 75' lang='lat' dir='ltr'><strong><em>sibi</em></strong></span> 
     </span>
    </p>
   </div>
   <div class='ocr_carea' id='block_1_115' title="bbox 2077 5425 3678 5499">
    <p class='ocr_par' dir='ltr' id='par_1_115' title="bbox 2077 5425 3678 5499">
     <span class='ocr_line' id='line_1_115' title="bbox 2077 5425 3678 5499; baseline 0.007 -19"><span class='ocrx_word' id='word_1_795' title='bbox 2077 5425 2268 5481; x_wconf 88' lang='lat' dir='ltr'><strong><em>tribuit</em></strong></span> <span class='ocrx_word' id='word_1_796' title='bbox 2299 5425 2500 5482; x_wconf 91' lang='lat' dir='ltr'><strong><em>bonum</em></strong></span> <span class='ocrx_word' id='word_1_797' title='bbox 2546 5427 2691 5499; x_wconf 91' lang='lat' dir='ltr'><strong><em>quod</em></strong></span> <span class='ocrx_word' id='word_1_798' title='bbox 2724 5426 2875 5494; x_wconf 86' lang='lat' dir='ltr'><strong><em>facit,</em></strong></span> <span class='ocrx_word' id='word_1_799' title='bbox 2899 5427 3116 5486; x_wconf 87' lang='lat' dir='ltr'><strong><em>etiamsi</em></strong></span> <span class='ocrx_word' id='word_1_800' title='bbox 3139 5429 3274 5486; x_wconf 87' lang='lat' dir='ltr'><strong><em>nihil</em></strong></span> <span class='ocrx_word' id='word_1_801' title='bbox 3293 5431 3424 5488; x_wconf 84' lang='lat' dir='ltr'><strong><em>mali</em></strong></span> <span class='ocrx_word' id='word_1_802' title='bbox 3445 5433 3678 5496; x_wconf 76' lang='lat' dir='ltr'><strong><em>videtur</em></strong></span> 
     </span>
    </p>
   </div>
   <div class='ocr_carea' id='block_1_116' title="bbox 2077 5515 3672 5594">
    <p class='ocr_par' dir='ltr' id='par_1_116' title="bbox 2077 5515 3672 5594">
     <span class='ocr_line' id='line_1_116' title="bbox 2077 5515 3672 5594; baseline 0.007 -24"><span class='ocrx_word' id='word_1_803' title='bbox 2077 5515 2326 5572; x_wconf 89' lang='lat' dir='ltr'><strong><em>manibus</em></strong></span> <span class='ocrx_word' id='word_1_804' title='bbox 2355 5518 2592 5588; x_wconf 89' lang='lat' dir='ltr'><strong><em>operari,</em></strong></span> <span class='ocrx_word' id='word_1_805' title='bbox 2631 5517 2746 5588; x_wconf 89' lang='lat' dir='ltr'><strong><em>jam</em></strong></span> <span class='ocrx_word' id='word_1_806' title='bbox 2780 5518 2961 5575; x_wconf 90' lang='lat' dir='ltr'><strong><em>cordis</em></strong></span> <span class='ocrx_word' id='word_1_807' title='bbox 3005 5519 3371 5578; x_wconf 86' lang='lat' dir='ltr'><strong><em>innocentiam</em></strong></span> <span class='ocrx_word' id='word_1_808' title='bbox 3397 5523 3672 5594; x_wconf 80' lang='lat' dir='ltr'><strong><em>perdidit,</em></strong></span> 
     </span>
    </p>
   </div>
   <div class='ocr_carea' id='block_1_117' title="bbox 2077 5607 3673 5681">
    <p class='ocr_par' dir='ltr' id='par_1_117' title="bbox 2077 5607 3673 5681">
     <span class='ocr_line' id='line_1_117' title="bbox 2077 5607 3673 5681; baseline 0.007 -19"><span class='ocrx_word' id='word_1_809' title='bbox 2077 5607 2133 5662; x_wconf 91' lang='lat' dir='ltr'><strong><em>iu</em></strong></span> <span class='ocrx_word' id='word_1_810' title='bbox 2159 5623 2268 5679; x_wconf 92' lang='lat' dir='ltr'><strong><em>quo</em></strong></span> <span class='ocrx_word' id='word_1_811' title='bbox 2297 5622 2358 5664; x_wconf 90' lang='lat' dir='ltr'><strong><em>se</em></strong></span> <span class='ocrx_word' id='word_1_812' title='bbox 2383 5607 2628 5680; x_wconf 89' lang='lat' dir='ltr'><strong><em>largitori</em></strong></span> <span class='ocrx_word' id='word_1_813' title='bbox 2655 5609 2923 5665; x_wconf 88' lang='lat' dir='ltr'><strong><em>bonorum</em></strong></span> <span class='ocrx_word' id='word_1_814' title='bbox 2957 5610 3216 5681; x_wconf 65' lang='lat' dir='ltr'><strong><em>praetulit,</em></strong></span> <span class='ocrx_word' id='word_1_815' title='bbox 3255 5617 3313 5667; x_wconf 89' lang='lat' dir='ltr'><strong><em>et</em></strong></span> <span class='ocrx_word' id='word_1_816' title='bbox 3343 5611 3467 5670; x_wconf 83' lang='lat' dir='ltr'><strong><em>ideo</em></strong></span> <span class='ocrx_word' id='word_1_817' title='bbox 3495 5613 3673 5673; x_wconf 82' lang='lat' dir='ltr'><strong><em>talem</em></strong></span> 
     </span>
    </p>
   </div>
   <div class='ocr_carea' id='block_1_118' title="bbox 2077 5699 3670 5778">
    <p class='ocr_par' dir='ltr' id='par_1_118' title="bbox 2077 5699 3670 5778">
     <span class='ocr_line' id='line_1_118' title="bbox 2077 5699 3670 5778; baseline 0.008 -22"><span class='ocrx_word' id='word_1_818' title='bbox 2077 5699 2326 5756; x_wconf 86' lang='lat' dir='ltr'><strong><em>conditor</em></strong></span> <span class='ocrx_word' id='word_1_819' title='bbox 2357 5715 2487 5756; x_wconf 90' lang='lat' dir='ltr'><strong><em>suus</em></strong></span> <span class='ocrx_word' id='word_1_820' title='bbox 2522 5700 2866 5756; x_wconf 88' lang='lat' dir='ltr'><strong><em>abominatur</em></strong></span> <span class='ocrx_word' id='word_1_821' title='bbox 2885 5711 2946 5758; x_wconf 92' lang='lat' dir='ltr'><strong><em>ut</em></strong></span> <span class='ocrx_word' id='word_1_822' title='bbox 2971 5716 3125 5758; x_wconf 88' lang='lat' dir='ltr'><strong><em>reum</em></strong></span> <span class='ocrx_word' id='word_1_823' title='bbox 3143 5743 3160 5772; x_wconf 91' lang='lat'><strong><em>,</em></strong></span> <span class='ocrx_word' id='word_1_824' title='bbox 3186 5717 3348 5778; x_wconf 86' lang='lat' dir='ltr'><strong><em>quem</em></strong></span> <span class='ocrx_word' id='word_1_825' title='bbox 3372 5704 3670 5768; x_wconf 76' lang='lat' dir='ltr'><strong><em>beneﬁciis</em></strong></span> 
     </span>
    </p>
   </div>
   <div class='ocr_carea' id='block_1_119' title="bbox 2075 5790 3072 5866">
    <p class='ocr_par' dir='ltr' id='par_1_119' title="bbox 2075 5790 3072 5866">
     <span class='ocr_line' id='line_1_119' title="bbox 2075 5790 3072 5866; baseline -0.003 -17"><span class='ocrx_word' id='word_1_826' title='bbox 2075 5790 2191 5850; x_wconf 89' lang='lat' dir='ltr'><strong><em>suis</em></strong></span> <span class='ocrx_word' id='word_1_827' title='bbox 2210 5805 2332 5848; x_wconf 88' lang='lat' dir='ltr'><strong><em>esse</em></strong></span> <span class='ocrx_word' id='word_1_828' title='bbox 2363 5790 2756 5865; x_wconf 85' lang='lat' dir='ltr'><strong><em>contemplatur</em></strong></span> <span class='ocrx_word' id='word_1_829' title='bbox 2779 5791 3072 5866; x_wconf 85' lang='lat' dir='ltr'><strong><em>ingratum.</em></strong></span> 
     </span>
    </p>
   </div>
  </div>
