3962 6198
349 321 447 378 733

1117 316 1479 375 EXPOSITIO
1513 315 1579 371 IN
1616 311 2008 372 PROVERBIA
2047 309 2455 370 SALOMONIS.
2490 344 2563 357 --
2596 314 2725 371 LIB.
2759 314 2825 371 Π.

3482 320 3584 375 756

410 432 542 489 Cum
559 432 854 503 placuerint
880 428 1098 481 Domino
1134 429 1228 481 vim
1251 428 1498 492 hominis,
1522 426 1917 495 inimicos‘quo-
1946 425 1999 484 Α
2025 425 2175 492 quasi
2200 426 2614 497 obsequentium
2646 424 2902 482 comitum
2932 427 3118 484 cuneis
3144 426 3333 500 stipari
3363 444 3587 486 consue-

341 541 439 596 que
464 522 582 592 ejus
614 526 869 574 convertet
899 516 968 570 ad
1003 533 1202 586 pacem.
1242 515 1412 570 Tanta
1442 522 1523 569 est
1550 513 1811 569 sanctitas
1837 512 1919 565 di-

341 617 479 671 vina:
504 611 819 684 religionis,
856 617 915 663 ut
955 623 1077 662 eam
1118 608 1432 677 plerumque
1473 606 1639 659 etiam
1671 604 1759 673 qui
1790 603 1921 657 foris

340 699 1079 762 suntveneratioaihabeant,
1103 707 1158 751 et
1170 712 1305 766 quos
1321 696 1559 766 perfecte
1587 696 1694 750 Deo
1717 692 1919 748 servire

340 792 734 864 perspexerint,
783 804 903 845 eum
954 789 1040 843 his
1079 803 1264 857 pacem
1291 788 1494 841 habere
1522 786 1768 855 quamvis
1789 783 1917 837 reli-

342 886 498 955 gione
538 882 910 948 discrepantes
948 877 1227 946 incipiant.
1267 877 1512 945 Denique
1540 874 1665 944 quia
1705 873 1921 943 placue-

341 982 469 1029 runt
508 971 738 1026 Domino
764 969 865 1023 via:
898 967 1137 1022 Danielis
1174 975 1229 1021 et
1272 966 1432 1020 trium
1461 980 1774 1034 puerorum,
1812 962 1915 1017 ini-

337 1068 511 1122 micos
535 1078 747 1135 quoque
771 1077 957 1117 eorum
984 1060 1076 1131 qui
1101 1074 1196 1114 eos
1225 1059 1280 1113 in
1306 1059 1487 1129 ignem
1518 1057 1602 1112 vel
1626 1057 1692 1111 ad
1717 1057 1920 1112 bestias

342 1157 613 1210 miserunt
672 1151 940 1207 convertit
1000 1150 1069 1205 ad
1132 1162 1341 1218 pacem.
1408 1146 1545 1214 Quia
1601 1146 1919 1216 placuerunt

343 1247 569 1304 Domino
610 1245 711 1299 viae
743 1253 1051 1299 sanctorum
1088 1241 1546 1309 praedicatorum,
1593 1237 1789 1292 multos
1829 1252 1920 1292 eo-

343 1354 459 1392 rum
497 1342 876 1405 persecutores
904 1348 1010 1387 non
1059 1331 1127 1385 ad
1159 1346 1346 1402 pacem
1378 1328 1785 1391 tantummodo,
1824 1328 1919 1384 sed

342 1430 407 1481 ad
436 1426 684 1482 eamdem
714 1424 876 1479 etiam
907 1422 1066 1478 ﬁdem
1095 1429 1149 1477 et
1185 1420 1467 1492 religionis
1500 1420 1761 1473 unitatem
1789 1433 1917 1473 con-

340 1518 522 1572 vertit.

413 1607 606 1662 Helius
627 1616 702 1661 est
727 1623 916 1678 parum
936 1622 1053 1660 cum
1068 1606 1313 1674 justitia,
1344 1619 1503 1675 quam
1544 1602 1695 1657 multi
1716 1602 1918 1673 fructus

343 1718 459 1755 cum
480 1700 774 1771 iniquitate.
803 1699 871 1752 Et
893 1698 1151 1753 Dominus
1176 1712 1192 1751 :
1217 1696 1389 1763 Beati,
1421 1697 1617 1766 inquit,
1644 1711 1917 1766 pauperes,

343 1795 590 1869 quoniam
611 1801 836 1845 oestrum
861 1800 935 1844 est
959 1806 1176 1860 regnum
1189 1789 1289 1844 Dei
1305 1788 1436 1861 (Luc
1458 1788 1557 1862 vr).
1579 1788 1648 1843 Et
1673 1789 1870 1843 iterum
1901 1806 1916 1841 :

353 1882 445 1938 Va:
469 1882 610 1938 vobis
630 1880 898 1945 divitibus,
914 1881 1037 1952 quia
1053 1879 1255 1934 habetis
1270 1879 1679 1934 consolationem
1699 1888 1921 1933 vestram

348 1971 562 2044 (Ibid.).
591 1969 777 2025 Potest
811 1960 867 2026 ei
899 1970 979 2025 sic
1006 1969 1201 2039 accipi,
1223 1969 1351 2039 quia
1380 1968 1575 2024 melius
1603 1968 1677 2023 sit
1696 1968 1754 2022 in
1785 1967 1921 2023 sim-

338 2062 469 2135 plici
511 2063 927 2120 conversatione
963 2063 1074 2118 Deo
1099 2062 1294 2117 devote
1335 2060 1572 2127 servire,
1604 2074 1765 2129 quam
1792 2058 1921 2131 quia

344 2158 527 2214 multis
555 2158 915 2213 abundantem
946 2156 1254 2222 virtutibus,
1289 2154 1441 2210 verbi
1470 2154 1662 2226 gratia,
1690 2153 1925 2211 elecmo—

344 2251 535 2323 synis,
588 2249 965 2311 orationibus,
1010 2247 1254 2318 jejuniis,
1312 2245 1586 2311 doctrina,
1649 2244 1920 2310 castitate,

342 2343 714 2414 proximorum
750 2340 892 2395 facta
930 2338 1209 2409 despicere
1244 2344 1299 2393 et
1336 2338 1403 2393 de
1430 2352 1528 2392 sua
1557 2337 1715 2407 quasi
1739 2335 1925 2407 singu-

341 2436 440 2490 lari
474 2435 808 2490 sublimitale
829 2431 1072 2503 gloriari.

411 2526 680 2580 Divinatio
717 2525 773 2577 in
801 2523 953 2577 labiis
982 2523 1146 2593 regis,
1188 2523 1243 2576 in
1281 2522 1482 2590 judicio
1510 2537 1615 2576 non
1638 2518 1833 2574 errabit
1866 2534 1924 2572 os

342 2619 477 2688 ejus.
508 2618 661 2672 Illum
683 2616 949 2687 significat
976 2631 1156 2686 regem
1182 2616 1247 2670 de
1262 2631 1368 2686 quo
1389 2615 1590 2671 dictum
1614 2620 1697 2668 est
1720 2631 1733 2668 :
1759 2611 1921 2679 Deus,

343 2710 607 2780 judicium
636 2717 784 2762 tuum
832 2708 940 2779 regi
984 2708 1053 2761 da
1098 2707 1268 2779 (Psal.
1306 2706 1440 2777 LXI).
1474 2705 1611 2773 Quis
1646 2712 1730 2773 est
1779 2704 1925 2759 enim

344 2814 532 2870 regum
564 2796 937 2867 temporalium
983 2797 1073 2867 (ιιί
1121 2812 1392 2867 nunquam
1439 2803 1585 2851 erret
1613 2796 1666 2850 in
1698 2795 1925 2866 judicio,

347 2890 399 2944 in
426 2888 579 2956 cujus
605 2886 759 2941 labiis
783 2894 866 2941 est
890 2886 1170 2952 divinatio,
1193 2886 1320 2955 quia
1345 2901 1450 2941 non
1474 2900 1694 2940 suorum
1722 2885 1926 2940 solum-

344 2978 506 3035 modo
530 2993 809 3033 sermones
830 2985 885 3032 ct
915 2976 1057 3032 facta
1079 2977 1283 3049 dirigit,
1312 2976 1406 3032 sed
1435 2975 1714 3047 gentilium
1745 2982 1921 3041 vates,

344 3072 435 3140 qui
472 3069 631 3139 vulgo
664 3068 834 3122 divini
859 3067 1228 3137 appellantur,
1266 3067 1359 3136 qui
1398 3065 1804 3121 sciscitantibus
1835 3079 1924 3121 re-

344 3161 666 3231 spondeant,
718 3159 808 3214 illo
844 3159 990 3213 intus
1014 3156 1293 3227 judicante
1326 3157 1652 3226 disponitur,
1690 3164 1924 3211 testante

346 3252 570 3306 Mieltaza
623 3251 884 3321 propheta
909 3249 1003 3320 qui
1039 3249 1106 3304 ad
1152 3249 1523 3319 deceptionem
1556 3247 1743 3302 Achab
1782 3247 1925 3318 regis

347 3342 652 3415 impiissimi
694 3350 922 3397 testatur
960 3342 1188 3397 missum
1223 3358 1255 3396 a
1284 3341 1503 3413 superni
1551 3341 1751 3412 judicis
1789 3341 1924 3398 solio

348 3436 635 3505 Spiritum,
665 3434 757 3504 qui
785 3433 1171 3504 prophetarum
1199 3430 1314 3501 ejus
1342 3447 1439 3486 ora
1465 3432 1735 3502 impleret,
1764 3441 1925 3502 atque

348 3526 415 3579 ad
454 3524 791 3580 suadendum
828 3538 893 3577 ea
933 3522 1130 3593 quibus
1169 3535 1263 3577 rex
1302 3521 1569 3577 nefandus
1596 3522 1799 3591 periret
1836 3537 1923 3575 ar-

349 3616 557 3671 maret?
593 3612 780 3685 Neque
804 3613 949 3668 enim
978 3614 1030 3668 in
1057 3614 1181 3675 hoc,
1201 3610 1430 3681 judicio,
1457 3612 1659 3666 erravit
1696 3626 1756 3667 os
1784 3613 1926 3682 regis

349 3707 537 3762 arterni
558 3747 573 3773 ,
606 3706 701 3762 sed
721 3705 874 3776 quod
907 3719 1001 3760 rex
1030 3705 1228 3775 impius
1256 3704 1443 3759 audire
1467 3705 1707 3773 peccatis
1729 3716 1929 3772 prince-

352 3799 604 3853 dentibus
629 3797 847 3859 meruit,
883 3795 997 3864 ipse
1030 3795 1133 3848 hoc
1159 3793 1450 3863 prophetas
1473 3793 1735 3847 erraticos
1762 3791 1811 3845 ei
1843 3790 1925 3845 lo-

351 3893 439 3962 qui
469 3888 732 3962 permis‘it.
784 3886 890 3941 Sed
918 3894 970 3941 et
1007 3885 1253 3942 Ezechiel
1296 3884 1540 3954 peccanti
1584 3899 1648 3938 ac
1689 3883 1928 3952 perituro

350 3981 781 4037 Ammonitarum
800 3976 994 4049 populo
1020 3976 1179 4031 dicit:
1199 3975 1329 4030 Cum
1355 3975 1450 4027 tibi
1476 3974 1773 4028 viderentur
1793 3989 1927 4027 vana

350 4080 398 4126 et
417 4072 781 4126 divinarentur
803 4067 1074 4121 mendacia
1095 4064 1312 4136 (Ezech.
1341 4064 1479 4137 χχι),
1504 4079 1610 4120 non
1635 4072 1719 4118 est
1733 4064 1927 4118 daemo-

354 4178 479 4216 num
511 4160 807 4221 divinatio,
846 4158 940 4212 sed
972 4155 1067 4211 Dei
1100 4154 1361 4223 judicium
1388 4154 1481 4224 qui
1514 4153 1767 4223 perfectae
1813 4168 1929 4207 ma-

352 4252 477 4308 litia:
516 4252 665 4307 dedit
709 4249 892 4304 linem.
942 4247 1096 4301 Hunc
1130 4246 1453 4302 versiculum
1492 4244 1594 4299 alia
1642 4245 1928 4300 translatio

351 4346 429 4400 sic
452 4343 618 4399 habet
653 4341 893 4411 apertius
922 4340 988 4394 de
1017 4337 1243 4392 Domino
1274 4350 1288 4390 :
1317 4334 1470 4391 Nihil
1502 4335 1697 4406 falsum
1728 4336 1929 4390 dicetur

353 4439 475 4507 regi,
509 4445 557 4490 et
584 4434 718 4489 nihil
751 4432 943 4503 falsum
970 4433 1101 4485 exiet
1136 4431 1199 4484 de
1228 4446 1315 4484 ore
1340 4430 1477 4499 ejus,
1514 4432 1639 4501 quia
1669 4430 1923 4483 nimirum

351 4528 464 4598 ipse
495 4540 600 4581 nec
641 4524 752 4580 ullo
784 4523 1076 4578 mentiente
1117 4520 1228 4575 falli
1272 4535 1374 4575 nec
1413 4530 1589 4590 potest
1636 4521 1925 4591 aliquando

352 4617 593 4673 mentiri.

421 4705 643 4761 Pondus
679 4714 728 4760 et
775 4712 970 4759 statera
994 4702 1203 4773 judicia
1250 4699 1458 4754 Domini
1495 4710 1634 4766 sunt,
1690 4711 1737 4755 et
1772 4718 1928 4773 opera

347 4804 462 4871 ejus
514 4791 689 4853 omries
732 4795 930 4866 lapides
970 4792 1172 4849 strculi.
1205 4791 1439 4861 Lapides
1468 4792 1647 4847 saeculi
1664 4792 1841 4863 justos
1873 4799 1923 4848 el

351 4895 454 4949 fide
491 4892 660 4947 fortes
687 4887 937 4960 appellat,
967 4885 1155 4957 quales
1189 4896 1311 4939 esse
1337 4883 1687 4939 desiderabat
1712 4895 1914 4953 aposto-
1952 4896 1999 4958 αξ

350 4987 434 5041 lus
457 4984 654 5039 Petrus
687 4996 814 5046 eos,
852 4979 1046 5049 quibus
1082 4977 1380 5031 admonens
1420 4976 1496 5029 ait
1525 4991 1539 5028 :
1578 4974 1648 5029 Et
1678 4991 1765 5030 vos
1806 4985 1928 5030 tan-
1970 4972 1993 4981 '

344 5090 509 5143 quam
532 5072 731 5143 lapides
762 5070 862 5125 vivi
909 5066 1402 5139 supertediﬁcamini
1450 5066 1636 5120 domus
1668 5067 1931 5137 spiritales

354 5164 405 5234 (l
438 5164 555 5216 Pet.
582 5162 674 5232 tt).
704 5158 891 5214 Nullus
918 5158 1084 5229 igitur
1117 5158 1185 5211 ab
1212 5156 1366 5210 initio
1389 5156 1572 5212 smculi
1598 5171 1697 5212 sua
1727 5157 1931 5214 virtute

353 5254 557 5308 electus
593 5261 650 5306 ct
673 5249 883 5305 etulesti
906 5248 1135 5303 aedilicio
1170 5256 1329 5317 aptus
1350 5255 1456 5312 est,
1487 5247 1578 5304 sed
1608 5246 1727 5316 ejus
1752 5251 1931 5320 potius

354 5355 551 5412 opere,
577 5342 670 5411 qui
700 5339 882 5397 omnia
911 5339 964 5393 in
997 5339 1233 5409 pondere
1255 5346 1309 5392 et
1335 5353 1592 5393 mensura
1615 5348 1671 5393 et
1702 5356 1930 5396 numero

356 5434 689 5489 constituens
716 5433 1007 5503 unicuique
1032 5433 1170 5488 sicut
1196 5431 1366 5488 voluit
1390 5447 1701 5487 mensuram
1731 5434 1853 5489 fidei
1876 5441 1932 5488 et

357 5532 650 5601 gratiarum
675 5529 969 5584 distribuit.

439 5620 688 5677 Voluntas
719 5636 895 5691 regum
925 5618 1065 5673 labia
1088 5618 1255 5689 justa.
1286 5616 1460 5689 Reges
1485 5624 1667 5672 autem
1691 5626 1962 5681 sanctos,,

352 5712 444 5784 qui
480 5713 629 5768 vitiis
653 5711 1024 5783 principaliter
1046 5710 1312 5781 imperare
1336 5719 1393 5766 et
1421 5710 1713 5767 virtutibus
1737 5712 1933 5767 anima:

2019 526 2231 571 verunt.
2284 517 2361 570 De
2405 517 2656 586 quali-bus
2697 516 2955 571 Dominus
2994 517 3116 571 ait:
3149 516 3339 585 Multi,
3388 518 3582 588 inquit,

2017 604 2279 675 prophetia
2314 615 2360 658 et
2394 622 2535 674 reges
2568 607 2838 675 cupierunt
2880 606 3053 659 videre
3077 623 3194 676 qua:
3237 623 3324 662 vos
3354 608 3552 663 vidistis
3573 649 3589 671 ,

2019 707 2066 754 et
2116 715 2217 753 non
2270 697 2508 752 viderunt
2560 698 2709 770 (Luc.
2768 704 2842 770 ιι).
2897 700 3144 770 Alioquin
3196 715 3352 773 reges
3390 703 3588 757 terreni

2020 789 2246 844 multum
2287 805 2427 859 saape
2473 790 2614 844 labia
2654 788 2803 857 justa
2856 791 3213 857 detestantur,
3258 803 3320 847 ut
3353 792 3595 849 Herodes

2017 880 2262 946 Joannis,
2292 888 2512 951 propter
2553 882 2695 950 quod
2725 897 2847 935 cum
2873 891 2926 936 et
2951 882 3127 951 capite
3152 882 3381 951 punivit.

2092 970 2194 1038 Qui
2237 984 2377 1024 recta
2419 971 2678 1041 loquitur,
2717 971 2989 1042 dirigetur.
3031 971 3100 1027 Ut
3146 971 3396 1029 videlicet
3430 973 3594 1029 rectis

2019 1078 2241 1133 Operum
2268 1062 2568 1133 gressibus,
2610 1062 2679 1116 ad
2712 1063 2882 1117 vitam
2906 1071 3179 1132 pertmgat
3210 1070 3490 1120 azternam.
3525 1065 3595 1121 At

2019 1162 2206 1208 contra
2228 1153 2312 1207 vir
2338 1153 2613 1223 linguosus
2645 1168 2747 1206 non
2774 1152 3037 1223 dirigetur
3059 1167 3222 1222 super
3242 1161 3470 1219 terram,
3497 1169 3597 1209 nec

2021 1250 2283 1314 repugnat
2302 1242 2430 1296 huic
2457 1241 2760 1307 sententia),
2798 1242 2943 1311 quod
2969 1241 3035 1296 de
3067 1242 3334 1298 Antiocho
3356 1242 3554 1299 dicitur
3579 1262 3592 1297 :

2018 1333 2085 1389 Et
2108 1333 2261 1388 dolus
2283 1333 2336 1386 in
2360 1348 2518 1385 manu
2541 1331 2659 1399 ejus
2680 1332 2969 1402 dirigetur.
3006 1331 3123 1388 Non
3153 1333 3298 1388 enim
3319 1333 3594 1390 hominem

1958 1503 1971 1509 ιη
2020 1426 2168 1481 illum
2211 1425 2549 1495 dirigendum
2582 1424 2860 1495 Scriptura
2887 1424 3050 1489 dicit,
3093 1441 3250 1496 quem
3280 1441 3596 1496 perversum

1964 1509 1981 1525 ”
2021 1533 2086 1572 ac
2110 1516 2404 1587 pessimum
2433 1514 2678 1568 futurum
2705 1528 2825 1570 esse
2852 1514 3133 1584 prtevidit;
3174 1514 3266 1569 sed
3306 1515 3480 1581 dolus,
3518 1516 3601 1570 in-

2021 1608 2155 1678 quit,
2195 1606 2248 1660 in
2278 1621 2441 1659 manu
2464 1604 2581 1672 ejus
2606 1604 2893 1676 dirigetur,
2925 1604 3048 1674 quia
3078 1604 3284 1661 scilicet
3309 1605 3526 1662 fraudes
3545 1612 3603 1660 et

2022 1704 2226 1760 scelera
2261 1717 2380 1772 qum
2417 1701 2678 1772 disposuit
2712 1702 2778 1755 ad
2808 1700 3056 1756 effectum
3101 1714 3260 1773 quem
3300 1699 3598 1772 proposuit,

2022 1792 2168 1849 nullo
2208 1791 2535 1854 retardante,
2580 1790 2851 1859 perduxit,
2888 1790 3083 1860 quibus
3122 1798 3301 1846 tamen
3339 1790 3598 1861 peractis,

2021 1883 2135 1953 ipse
2160 1882 2215 1937 in
2241 1891 2527 1946 aeternum,
2555 1888 2615 1933 ut
2646 1887 2942 1944 meruerat,
2967 1880 3148 1949 periit.

2092 1970 2394 2042 Indignatio
2434 1969 2588 2040 regis,
2627 1968 2795 2023 nuntii
2822 1969 3024 2022 mortis.
3055 1967 3238 2022 Nuntii
3269 1969 3461 2024 mortis
3479 1977 3605 2024 sunt

2022 2060 2195 2132 angeli
2241 2059 2475 2126 Satante,
2514 2060 2566 2113 id
2596 2066 2699 2124 est,
2743 2056 2984 2112 haeretici
3009 2064 3064 2111 et
3097 2056 3221 2110 vani
3270 2056 3600 2127 pltiloSOphi,

2022 2152 2133 2207 imo
2159 2163 2352 2205 omnes
2393 2148 2483 2220 qui
2515 2162 2590 2204 ea-
2623 2146 2788 2202 verba
2819 2134 3070 2201 nuntiant
3101 2145 3359 2216 proximis
3397 2144 3541 2201 unde
3569 2160 3601 2199 a

2023 2249 2202 2298 morte
2242 2241 2523 2311 rapiantur
2565 2245 2797 2304 a2terna;
2841 2237 2933 2307 qui
2980 2252 3086 2304 quo
3120 2235 3351 2306 amplius
3394 2236 3604 2307 auctori

2025 2333 2215 2391 mortis
2243 2333 2504 2397 serviunt,
2556 2346 2622 2387 eo
2659 2331 2878 2403 gravius
2914 2329 3037 2385 vitae
3072 2329 3384 2401 largitorem
3429 2328 3600 2383 allen—

2025 2427 2157 2483 dunt
2181 2444 2193 2478 :
2220 2440 2318 2480 nec
2339 2423 2520 2479 tamen
2541 2423 2739 2478 talibus
2761 2422 2865 2478 iter
2884 2420 3216 2492 poenitentiae
3237 2420 3602 2492 prmeluditur,

2024 2530 2151 2571 nam
2178 2514 2425 2570 subditur
2453 2530 2467 2567 :

2096 2608 2167 2663 Et
2195 2610 2273 2663 vir
2305 2608 2511 2679 sapiens
2551 2606 2778 2678 placabit
2815 2622 2953 2661 eum.
2993 2604 3178 2661 Potest
3219 2604 3363 2661 enim
3406 2604 3603 2675 resipi—

2027 2704 2225 2759 scendo
2254 2702 2539 2758 Dominum
2570 2700 2783 2771 placare
2801 2740 2818 2767 ,
2846 2714 3007 2770 quem
3048 2697 3272 2770 contigit
3294 2713 3419 2753 eum
3442 2694 3604 2753 stulte

2026 2794 2297 2866 loquendo
2326 2793 2632 2849 oll‘cndisse.

2098 2886 2164 2941 In
2185 2885 2451 2940 hilaritate
2481 2883 2651 2940 vultus
2679 2884 2837 2955 regis,
2872 2883 3001 2938 vita.
3032 2882 3348 2953 Quicunque
3376 2881 3603 2939 hilarem

2027 2979 2226 3037 Christi
2276 2978 2483 3034 vultum
2530 2977 2715 3033 videre
2759 2984 3075 3040 merentur,
3118 2977 3203 3032 his
3243 2975 3298 3031 in
3339 2983 3603 3031 reternum

2027 3090 2148 3130 cum
2203 3071 2295 3128 illo
2341 3071 2525 3127 vivere
2575 3071 2811 3126 dabitur.
2865 3068 3120 3139 Alioquin
3165 3071 3221 3124 in
3269 3069 3354 3126 die
3390 3067 3604 3136 iudicii,

2026 3163 2165 3219 sicut
2190 3163 2449 3233 scriptum
2480 3170 2563 3217 est
2590 3178 2603 3215 :
2632 3159 2831 3216 Videbit
2867 3161 3035 3216 omnis
3072 3176 3196 3215 caro
3236 3158 3468 3215 salutare
3490 3159 3605 3214 De:

2028 3255 2178 3328 (Luc.
2210 3254 2315 3327 ιιι).
2363 3252 2470 3310 Sed
2495 3255 2638 3311 hunc
2670 3252 2909 3324 reprobi,
2942 3259 3069 3307 tunc
3097 3251 3294 3308 iratum
3314 3291 3330 3318 ,
3353 3249 3485 3320 justi
3523 3251 3606 3305 vi—

2028 3350 2157 3406 dent
2186 3348 2475 3419 placidum.

2097 3438 2167 3493 Et
2195 3437 2467 3493 clementia
2492 3437 2607 3507 ejus
2632 3437 2783 3509 quasi
2808 3435 2971 3491 imber
3013 3436 3294 3491 serotinus.
3325 3434 3606 3490 Serotinus

2029 3530 2201 3585 imber
2224 3528 2279 3582 in
2308 3526 2490 3582 Judata
2518 3526 2631 3596 jam
2661 3515 2891 3581 matu'ris
2932 3525 3200 3581 messibus
3245 3538 3418 3594 usque
3447 3522 3608 3578 hodie

2028 3621 2211 3676 venire
2230 3618 2528 3674 consuevit.
2552 3616 2654 3673 Ubi
2676 3616 2933 3671 Dominus
2952 3625 3009 3671 et
3023 3616 3341 3692 matutjnam
3368 3614 3604 3685 pluviam

2026 3708 2296 3781 promittit
2323 3708 2506 3763 dicens
2528 3722 2624 3777 per
2649 3706 2964 3777 praphelam
2997 3723 3012 3759 :
3043 3704 3191 3760 Dabo
3214 3704 3353 3758 vobis
3372 3703 3604 3772 pluviam

2028 3801 2340 3856 matutinum
2372 3808 2421 3852 et
2448 3798 2730 3852 serotinum
2763 3806 2915 3851 teme
2955 3794 3119 3867 (Joel.
3150 3797 3232 3867 ll).
3264 3795 3448 3849 Pluvia
3477 3810 3604 3865 ergo

2029 3892 2293 3946 matutina
2322 3898 2425 3956 est,
2461 3889 2577 3945 sive
2616 3896 2960 3958 temporanea
2980 3926 2996 3953 ,
3024 3894 3085 3942 ut
3109 3886 3234 3941 alibi
3264 3887 3604 3952 nominatur,

2028 3979 2243 4050 quando
2279 3979 2453 4048 prima
2500 3976 2754 4033 credendi
2790 3978 2844 4031 in
2893 3975 3165 4033 Christum
3190 3976 3395 4031 semina
3426 3992 3608 4033 susce-

2027 4071 2227 4139 pimus,
2267 4068 2445 4138 pluvia
2491 4083 2619 4124 vero
2650 4068 2907 4135 serotina,
2939 4069 3153 4138 quando
3180 4068 3406 4122 maturis
3431 4068 3605 4121 virtu-

2030 4172 2141 4217 tum
2171 4161 2413 4233 frugibus
2447 4160 2611 4216 ablati
2646 4161 2713 4216 de
2742 4160 2843 4216 hac
2877 4160 2987 4215 vita
3022 4161 3077 4216 in
3105 4160 3385 4215 Dominico
3413 4159 3608 4216 horreo

2030 4251 2401 4316 recondimur;
2436 4260 2490 4306 et
2513 4258 2660 4305 recte
2688 4249 2975 4305 clementia
3004 4251 3146 4322 regis
3178 4250 3339 4307 imbri
3368 4252 3608 4315 serotino

2029 4351 2391 4411 comparatur,
2441 4342 2566 4412 quia
2601 4341 2745 4412 quod
2789 4341 3029 4407 fructum
3067 4344 3191 4400 vitae
3224 4344 3362 4399 bene
3387 4330 3608 4415 agentes

2031 4433 2379 4503 percipimus,
2412 4448 2517 4488 non
2547 4433 2650 4488 hoc
2675 4433 2845 4488 nostri
2879 4434 3102 4491 libertas
3130 4435 3363 4504 arbitrii,
3395 4437 3488 4492 sed
3517 4451 3608 4490 su-

2030 4526 2184 4598 perni
2207 4523 2339 4580 facit
2356 4523 2599 4595 irrigatio
2621 4524 2767 4579 doni.

2104 4617 2360 4672 Eruditus
2403 4617 2455 4671 in
2500 4615 2653 4670 verba
2697 4617 2911 4686 reperiet
2948 4621 3082 4673 bona
3108 4633 3127 4671 :
3157 4628 3203 4673 et
3237 4623 3324 4691 qui
3353 4632 3523 4692 sperat
3553 4624 3607 4679 in

2031 4708 2277 4772 Domino,
2309 4706 2487 4760 beatus
2514 4716 2609 4761 est.
2638 4704 2754 4761 Non
2786 4706 2955 4761 solum
2988 4708 3034 4763 is
3059 4710 3149 4780 qui
3197 4712 3265 4766 ad
3309 4715 3608 4782 pratdican-

2032 4798 2158 4854 dum
2185 4796 2278 4851 Dei
2311 4796 2534 4852 verbum
2558 4795 2803 4850 eruditus
2831 4805 2915 4850 est
2943 4798 3081 4853 bona
3112 4801 3252 4869 apud
3279 4801 3427 4857 illum
3451 4819 3605 4875 repe-

2031 4892 2157 4956 riet,
2185 4889 2279 4945 sed
2306 4897 2359 4944 et
2388 4888 2497 4954 ille,
2523 4888 2614 4959 qui
2647 4888 2698 4941 in
2725 4887 2952 4943 Domino
2990 4904 3137 4960 spem
3167 4906 3369 4961 ponere
3395 4892 3603 4964 didicit,

2034 4982 2246 5039 etiamsi
2275 4981 2343 5035 ad
2366 4978 2763 5051 praedicandum
2791 4979 2914 5033 aliis
2940 4979 3165 5034 idoneus
3196 4996 3301 5035 non
3326 4990 3430 5050 est,
3461 4983 3600 5054 ejus-

2034 5077 2157 5131 dem
2178 5071 2524 5127 beatitudinis
2547 5071 2815 5142 particeps
2837 5069 3044 5125 existit.

2108 5163 2210 5229 Qui
2237 5162 2444 5232 sapiens
2470 5160 2625 5214 corde
2657 5168 2753 5226 est,
2783 5159 3129 5231 appellabitur
3150 5160 3379 5231 prudens
3396 5202 3413 5229 ,
3438 5175 3486 5220 et
3510 5168 3604 5238 qui

2034 5252 2201 5307 dulcis
2231 5250 2454 5321 eloquio,
2485 5249 2689 5320 majora
2722 5250 2985 5320 percipiet.
3024 5250 3124 5318 Qui
3162 5253 3480 5323 sapientiam
3510 5271 3603 5311 ca-

2035 5343 2246 5398 tholicae
2288 5340 2411 5395 ﬁdei
2455 5355 2618 5409 quam
2662 5338 2866 5405 didicit,
2912 5339 3169 5395 illibatam
3208 5357 3308 5398 suo
3348 5343 3403 5397 in
3444 5346 3604 5402 corde

2032 5431 2286 5496 custodit,
2319 5429 2513 5484 merito
2565 5428 2846 5499 prudentis
2897 5444 3093 5484 nomen
3140 5433 3364 5502 accipit;
3417 5442 3475 5489 at
3511 5438 3603 5507 qui

2032 5524 2279 5582 eamdem
2308 5521 2625 5591 sapientiam
2647 5521 2810 5576 etiam
2835 5521 2990 5578 docte
3016 5525 3310 5595 praedicare
3333 5535 3390 5582 et
3414 5539 3602 5584 contra

2034 5615 2316 5673 hmreticos
2343 5612 2631 5668 defendere
2663 5613 2829 5678 novit,
2867 5614 3070 5686 majora
3098 5615 3299 5675 laboris
3329 5620 3603 5693 amplioris

2035 5709 2252 5782 prmmia
2275 5705 2555 5778 percipiet.
