3962 6198
301 245 412 302 757

1083 242 1443 301 ΕΧΡΟΞΙΤΙΟ
1479 242 1545 298 ΙΝ
1585 238 1972 298 PROVERBIA
2013 233 2415 294 SALOMONIS.
2448 266 2515 275 —
2552 235 2678 290 LIB.
2715 235 2776 290 II.

3449 235 3551 290 753

382 359 485 424 Qui
514 360 729 413 dimittit
760 375 974 430 aquam,
1008 367 1160 427 caput
1201 368 1274 411 est
1311 357 1624 425 jurgiorum.
1671 354 1880 424 Aquam
1908 359 1956 418 Α
1985 347 2342 404 damnationis
2372 346 2513 401 nulla
2546 347 2752 401 ratione
2779 346 2979 412 evadit,
3006 361 3164 418 quem
3203 351 3272 404 ab
3305 361 3404 401 usu
3441 360 3553 401 sua:

303 448 586 503 dimittere
613 457 695 504 est
723 448 958 518 linguam
984 447 1036 500 in
1072 445 1210 500 fluxa
1246 444 1442 514 eloquii
1475 444 1735 498 relaxare.
1763 443 1880 509 Quo

305 551 496 594 contra
545 540 600 595 in
648 541 845 595 bonam
883 549 1090 609 partem
1127 539 1362 594 dicitur:
1399 538 1549 608 Aqua
1599 537 1881 608 profunda,

306 631 464 684 verba
519 647 584 684 ea:
631 646 720 685 ore
766 631 861 683 viri
902 627 1083 699 (Prov.
1132 628 1307 699 xvnt).
1356 627 1456 695 Qui
1497 643 1624 698 ergo
1669 626 1888 681 dimittit

312 737 532 791 aquam,
582 729 743 794 caput
779 729 860 776 est
880 720 1203 792 iurgiorum,
1235 719 1360 790 quia
1398 719 1487 789 qui
1519 718 1754 788 linguam
1779 733 1887 771 non

317 811 578 877 refrenat,
621 811 963 867 concordiam
995 811 1240 882 dissipat,
1269 812 1408 866 unde
1455 827 1485 866 e
1519 811 1731 865 diverso
1757 809 1890 865 scri-

314 913 468 973 ptum
496 914 582 957 est
621 920 635 956 :
666 901 768 968 Qui
807 902 1020 973 imponit
1050 901 1206 956 stulto
1239 901 1523 967 silentium,
1553 901 1660 954 iras
1689 901 1889 972 mitigat

320 993 504 1064 (Prov.
535 991 709 1062 xxvr).

392 1081 534 1146 Quid
569 1081 778 1152 prodest
805 1081 994 1135 habere
1022 1081 1228 1135 divitias
1263 1081 1501 1146 stultum,
1541 1097 1659 1134 cum
1689 1081 1894 1152 sapien-

320 1173 448 1224 tiam
488 1188 656 1225 emere
693 1188 796 1223 non
823 1171 1023 1240 possit?
1047 1170 1182 1238 Quid
1209 1171 1426 1240 prodest
1458 1169 1652 1240 populo
1685 1169 1895 1224 1υάωο-

322 1278 441 1317 rum
491 1262 690 1316 inﬁdeli
737 1251 935 1317 habere
981 1260 1193 1316 divitias
1243 1261 1666 1330 Scripturarum,
1695 1275 1815 1315 cum
1840 1261 1894 1315 in

324 1353 411 1408 his
456 1352 730 1407 Christum
771 1351 1068 1422 intelligere
1095 1367 1200 1406 non
1230 1352 1432 1422 possit?
1473 1352 1610 1418 Quid
1645 1353 1897 1408 lueretico

325 1444 528 1498 eisdem
574 1440 848 1497 abundare
892 1441 1093 1497 divitiis
1129 1447 1248 1497 c'um
1279 1444 1540 1497 unitatem
1574 1443 1694 1498 fidei
1737 1443 1789 1497 in
1820 1443 1900 1499 eis

325 1534 532 1588 discere
556 1540 784 1602 nequeat
804 1531 826 1586 ἵ
845 1530 980 1598 Quid
1002 1532 1140 1589 malo
1164 1533 1428 1588 catholico
1452 1535 1665 1604 expedit
1687 1535 1902 1591 divitias

326 1623 526 1678 habere
554 1637 696 1676 verre
731 1622 878 1690 ﬁdei,
907 1637 1030 1679 cum
1062 1623 1382 1694 sapientiam
1409 1624 1511 1694 pia:
1546 1624 1774 1682 actionis
1802 1627 1899 1682 ha-

326 1713 454 1768 bere
481 1711 812 1780 neglexerit?

398 1803 557 1857 Omni
601 1812 830 1873 tempore
869 1803 1039 1875 diligit
1084 1806 1174 1875 qui
1221 1805 1419 1860 amicus
1454 1814 1548 1873 est,
1583 1817 1632 1861 et
1656 1807 1822 1877 frater
1847 1807 1902 1861 in

330 1891 586 1964 angustiis
631 1892 1012 1962 comprobatur.
1069 1892 1168 1960 Qui
1225 1894 1508 1950 Dominum
1558 1910 1685 1952 vere
1735 1904 1897 1961 amat,

329 1986 476 2042 omni
511 1993 754 2057 tempore
791 2001 908 2056 eius
951 1987 1186 2042 custodit
1227 2002 1486 2053 amorem,
1517 2003 1690 2058 neque
1718 1988 1770 2042 in
1803 2003 1903 2042 an-

331 2079 502 2150 gustia
528 2077 796 2148 passionis
824 2076 1044 2145 deserit,
1078 2093 1237 2148 quem
1266 2078 1321 2133 in
1345 2078 1492 2148 pacis
1519 2077 1904 2148 tranquillitate

333 2169 612 2224 confessus
638 2174 742 2222 est.

405 2260 575 2314 Homo
597 2257 786 2312 stultus
806 2254 1017 2327 plaudet
1038 2255 1301 2323 manibus,
1324 2272 1440 2310 cum
1464 2257 1792 2327 spoponderit
1812 2273 1906 2328 pro

334 2349 502 2404 antica
527 2365 643 2404 suo.
683 2347 890 2405 Stultus
926 2357 1027 2415 est,
1055 2351 1149 2420 qui
1185 2366 1306 2406 cum
1337 2351 1573 2406 animam
1604 2348 1788 2404 fratris
1823 2363 1910 2403 su-

335 2443 494 2514 scipit
540 2443 851 2514 regendam,
888 2443 954 2499 de
996 2443 1108 2499 suis
1151 2443 1408 2514 gloriatur
1453 2441 1684 2506 actibus,
1719 2448 1772 2495 et
1801 2455 1908 2496 non

336 2535 513 2603 potius
539 2533 589 2587 ei
618 2533 802 2587 humili
826 2533 1214 2603 compassione,
1243 2531 1502 2603 quidquid
1526 2538 1700 2600 potest
1725 2529 1909 2584 auxilii

340 2624 590 2679 salutaris
612 2624 896 2694 impendit.

406 2717 626 2771 Animus
667 2717 898 2788 gaudens
942 2725 1147 2771 tetatem
1195 2715 1440 2786 ﬂoridam
1487 2714 1611 2783 facit
1649 2728 1668 2766 :
1699 2714 1911 2785 spiritus

339 2809 501 2862 tristis
525 2809 752 2863 exsiccat
781 2826 918 2864 ossa.
950 2807 1051 2875 Qui
1081 2808 1289 2863 interna
1316 2807 1550 2877 Spiritus
1580 2807 1751 2862 sancti
1779 2822 1910 2862 con-

339 2898 600 2956 solatione
616 2899 824 2955 laetatur
846 2901 1008 2955 etiam
1030 2899 1183 2955 bonae
1204 2901 1430 2955 actionis
1449 2899 1582 2955 flore
1604 2901 1911 2964 decoratur,

339 2996 393 3041 et
438 2986 645 3045 fructus
690 2989 1032 3059 praemiorum
1068 2989 1411 3060 praestolatur
1455 2988 1784 3053 caelestium;
1822 2987 1914 3058 qui

1985 438 2285 508 iniquitatis
2313 438 2456 492 nulla
2478 438 2642 492 divini
2672 438 2882 491 timoris
2909 439 3166 491 memoria
3197 438 3453 492 cohibuit.

2053 529 2199 600 Aqua
2229 527 2492 598 profunda
2523 526 2673 580 verba
2699 543 2760 580 ex
2792 543 2878 580 ore
2908 528 3022 592 uiri,
3054 535 3100 579 et
3119 537 3329 580 torrens
3358 527 3549 581 redun-

1985 620 2116 673 dans
2144 617 2260 688 fons
2281 617 2568 686 sapientiae.
2602 617 2778 671 Verba
2805 617 3124 686 sapientium
3161 631 3311 685 aqua:
3345 631 3558 686 compa-

1988 721 2198 776 rantur,
2225 711 2350 780 quia
2377 709 2558 763 lavant
2599 720 2805 763 mentes
2843 710 3191 773 audientium,
3228 719 3282 763 et
3310 710 3554 779 irrigant.

1987 798 2065 855 Ne
2095 799 2179 854 vel
2223 807 2567 868 peccatorum
2609 799 2766 852 sorde
2799 798 3067 854 deformes
3105 807 3435 864 remaneant,
3476 800 3559 854 vel

1989 889 2247 943 doctrinae
2273 887 2509 942 caelestis
2545 887 2722 956 inopia
2763 888 3058 954 tabescant,
3090 897 3144 942 et
3181 889 3332 958 quasi
3370 889 3560 943 nociva

1991 979 2237 1033 ariditate
2272 976 2544 1031 deﬁciant.
2599 977 2665 1030 Et
2690 977 2814 1046 quia
2850 978 3038 1031 eadem
3075 979 3352 1032 doctorum
3401 980 3560 1033 verba

1993 1069 2228 1124 ﬁdelium
2272 1067 2515 1136 quaedam
2559 1069 2784 1138 mystica
2836 1069 3022 1134 latent,
3067 1078 3120 1122 ct
3167 1071 3409 1134 occulta,
3445 1069 3564 1140 qua':

1992 1158 2271 1223 solertiore
2306 1159 2825 1227 comprehendantur
2855 1160 3140 1224 industria,
3166 1162 3409 1230 quaedam
3437 1175 3564 1216 vero

1994 1259 2178 1319 aperta
2223 1260 2275 1304 et
2311 1250 2520 1304 cunctis
2556 1250 2900 1305 audientibus
2940 1250 3114 1305 facilia
3153 1251 3220 1304 ad
3260 1251 3562 1322 intelligen-

1995 1343 2120 1396 dum
2149 1339 2439 1410 profluunt,
2470 1350 2617 1394 recte
2653 1341 2768 1394 haec
2815 1349 2869 1395 et
2908 1356 3101 1410 aquam
3149 1341 3467 1410 profundam
3512 1350 3568 1396 ct

1997 1437 2292 1486 torrentem
2335 1431 2466 1486 dicit
2501 1446 2620 1486 esse
2652 1432 3058 1486 redundantem.
3083 1431 3268 1487 Potest
3300 1442 3478 1488 autem
3514 1441 3569 1486 et

1998 1522 2073 1576 ita
2103 1523 2381 1592 distingui,
2412 1531 2472 1576 ut
2502 1523 2626 1591 quia
2664 1522 2875 1577 Veteris
2920 1521 3250 1577 Testamenti
3293 1523 3572 1593 Scriptura

1999 1614 2176 1685 typice
2227 1613 2433 1683 prolata
2478 1622 2582 1679 est,
2636 1613 2844 1667 dicatur
2890 1613 2956 1668 de
2999 1627 3062 1667 ea
3115 1629 3251 1682 aqua
3308 1614 3572 1684 profunda

1927 1705 1976 1765 B
2002 1706 2166 1760 verba
2190 1720 2256 1760 ex
2292 1720 2386 1759 ore
2423 1705 2544 1769 viri,
2583 1705 2707 1773 quia
2749 1705 3006 1759 Dominus
3043 1715 3098 1759 et
3130 1707 3355 1776 apostoli
3398 1707 3573 1778 palam

2003 1795 2283 1863 utriusque
2307 1793 2636 1847 Testamenti
2662 1802 3000 1847 sacramenta
3021 1796 3217 1849 mundo
3242 1796 3572 1850 reserabant.

1999 1884 2335 1956 Adjungatur
2379 1884 2443 1938 de
2490 1883 2599 1939 illis
2633 1891 2688 1937 et
2727 1890 2947 1938 terrens
2985 1885 3294 1942 redundans
3329 1886 3447 1942 fons
3481 1886 3572 1942 s'a-

2003 1975 2242 2046 pientiie.

2075 2062 2180 2129 Qui
2207 2061 2378 2116 mollis
2409 2070 2456 2115 et
2485 2060 2773 2116 dissolutus
2802 2075 2872 2116 est
2903 2063 2955 2116 in
2988 2080 3138 2134 opere
3167 2081 3284 2129 suo,
3319 2065 3485 2134 frater
3502 2075 3578 2120 est

2001 2169 2096 2207 sua
2124 2167 2280 2222 opera
2307 2151 2630 2221 dissipantis.
2663 2150 2797 2218 Quia
2825 2153 2916 2222 qui
2943 2161 3118 2221 coepta
3156 2154 3294 2207 bona
3336 2153 3580 2209 districto

2006 2259 2114 2299 non
2165 2243 2506 2312 exsequitur,
2561 2243 2910 2299 dissolutione
2965 2245 3300 2314 negligentia:
3360 2261 3577 2300 manum

2008 2334 2334 2390 destruentis
2361 2335 2620 2388 imitatur.

2077 2423 2382 2480 Substantia
2412 2425 2587 2479 divitis
2626 2431 2745 2479 urbs
2788 2426 2985 2480 roboris
3023 2436 3120 2492 est,
3147 2437 3194 2480 et
3221 2427 3372 2497 quasi
3400 2444 3580 2483 murus

2007 2513 2213 2568 ualidus
2236 2515 2567 2568 circumdans
2589 2531 2722 2568 eam.
2749 2514 2864 2569 Non
2891 2525 3102 2571 terrena
3126 2517 3422 2572 substantia
3444 2532 3584 2572 sem-

2007 2618 2103 2675 per
2137 2604 2424 2662 defendere
2467 2614 2666 2674 potest,
2697 2606 2804 2660 imo
2830 2605 3067 2675 plerique
3101 2618 3318 2675 propter
3367 2607 3583 2662 divitias

2009 2703 2136 2751 sunt
2169 2695 2312 2764 capti
2340 2695 2424 2749 vel
2448 2696 2612 2751 occisi
2643 2713 2656 2748 :
2690 2693 2841 2750 Unde
2868 2704 2920 2749 et
2952 2696 3299 2752 Ecclesiastes
3328 2699 3402 2751 ait
3435 2713 3448 2751 :
3483 2696 3583 2750 Di-

2009 2785 2146 2840 uitia:
2160 2795 2475 2840 conseruata:
2497 2787 2552 2840 in
2569 2785 2765 2839 malum
2788 2785 2996 2839 Domini
3018 2787 3119 2851 sui,
3134 2797 3347 2856 pereunt
3369 2788 3505 2841 enim
3527 2789 3584 2842 in

2012 2877 2298 2948 afﬂictione
2323 2879 2546 2948 pessima
2574 2877 2768 2950 (Eccle.
2796 2878 2872 2949 v).
2904 2877 3090 2932 Melius
3121 2893 3247 2949 ergo
3274 2878 3587 2948 intelligitur

2015 2968 2371 3022 substantiam
2427 2968 2647 3024 laudare
2696 2969 2987 3034 virtutum,
3039 2969 3233 3038 quibus
3285 2969 3588 3040 quicunque

338 3094 470 3136 vero
509 3056 722 3135 mstiti},
759 3079 938 3135 saeculi
984 3056 1102 3150 qua}:
1135 3089 1362 3135 mortem
1395 3090 1651 3151 operatur
1677 3056 1912 3150 angui",
1941 3058 1986 3120 C
2017 3056 2468 3151 abundat,4quasi
2521 3073 2676 3112 muro
2710 3057 3058 3129 impugnabili
3095 3066 3317 3112 cunctas
3354 3058 3589 3114 hostium

339 3170 718 3242 pinguedinem
753 3171 944 3226 divinae
980 3171 1284 3237 charitatis,
1313 3171 1368 3225 in
1406 3171 1601 3226 robore
1635 3171 1918 3238 virtutum,

342 3277 478 3332 quas
520 3277 774 3317 exercere
805 3262 1034 3325 videtur,
1062 3262 1262 3318 habere
1303 3261 1609 3317 nullatenus
1636 3262 1795 3326 valet,
1828 3261 1923 3317 sed

342 3353 494 3422 quasi
537 3353 824 3408 exsiccatis
872 3353 1084 3408 ossibus
1132 3353 1440 3420 marcescit,
1488 3353 1614 3422 quia
1667 3352 1722 3407 in
1767 3351 1922 3408 bonis

345 3445 571 3510 actibus,
598 3460 734 3514 quos
752 3443 902 3509 facit,
929 3445 1156 3516 gratiam
1177 3444 1480 3500 dilectionis
1507 3445 1703 3498 amisit.

415 3533 482 3588 In
513 3529 647 3602 facie
682 3533 948 3604 prudentis
979 3533 1114 3588 lucet
1142 3535 1418 3604 sapientia.
1457 3531 1610 3587 Oculi
1643 3532 1921 3587 stultorum

347 3623 400 3677 in
427 3623 617 3694 ﬁnibus
645 3633 814 3679 teme.
855 3623 911 3679 In
951 3623 1086 3679 facie
1131 3624 1349 3693 quidem
1383 3623 1594 3679 Domini
1637 3624 1924 3680 salvatoris

348 3713 560 3770 lucebat
605 3715 867 3785 sapientia
911 3714 1227 3780 divinitatis,
1265 3729 1427 3784 quam
1476 3713 1528 3768 in
1567 3728 1727 3768 carne
1756 3729 1922 3783 appa-

347 3818 475 3860 rens
500 3805 760 3859 virtutum
787 3812 841 3859 et
874 3805 1131 3860 doctrina:
1160 3804 1469 3860 testimonio
1497 3804 1921 3870 demonstrabat,

351 3909 531 3950 verum
559 3893 702 3950 oculi
727 3893 1033 3949 Judzeorum
1062 3907 1167 3949 non
1202 3893 1537 3950 credentium
1566 3893 1795 3948 terrenis
1821 3907 1923 3962 po-

353 3987 459 4042 tius
489 3985 769 4042 desideriis
809 3985 1171 4056 perﬁciendis,
1226 4001 1388 4056 quam
1432 3984 1756 4040 salutaribus
1807 3981 1924 4051 ejus

352 4078 568 4133 monitis
609 4076 977 4133 intendebant.
1019 4073 1124 4132 Sed
1169 4083 1225 4132 et
1261 4073 1585 4147 generaliter
1619 4087 1760 4144 saepe
1791 4089 1923 4142 pru-

353 4169 538 4226 dentes
580 4169 899 4240 gravitatem
932 4169 1016 4224 sui
1061 4183 1272 4234 sensus,
1323 4167 1378 4222 in
1424 4166 1540 4237 ipso
1583 4166 1746 4222 etiam
1776 4164 1926 4219 fron-

353 4258 564 4328 tispicio
603 4266 1039 4328 praemonstrant,
1095 4271 1196 4314 nec
1237 4267 1420 4312 tamen
1467 4256 1618 4312 stulti
1668 4255 1735 4310 ad
1785 4255 1926 4310 hanc

354 4347 719 4402 admirandam
754 4349 1168 4417 sectandamque
1204 4346 1390 4402 oculos
1413 4347 1610 4401 mentis
1646 4345 1920 4411 attollunt;

353 4435 447 4491 sed
472 4449 504 4489 e
538 4437 728 4491 contra
767 4435 999 4505 qualiter
1041 4405 1107 4490 ad
1149 4433 1310 4489 ﬁnem
1355 4434 1687 4502 voluptatum
1738 4405 1923 4489 carna;
1950 4405 2002 4465 D

351 4527 483 4583 lium
511 4527 838 4598 pertingant,
862 4534 974 4580 tota
1003 4525 1313 4599 intentione...
1333 4525 1670 4595 perquirunt.

350 4601 355 4607 ’
424 4597 548 4672 Non
575 4627 651 4673 est
676 4618 865 4672 bonum
891 4597 1140 4695 damnum
1373 4616 1519 4686 justo
1547 4633 1637 4672 nec
1661 4625 1924 4699 percuﬁg

352 4671 654 4780 principem,
681 4710 770 4781 qui
786 4671 789 4672 ί
805 4671 944 4764 recta
962 4671 1202 4779 judicia:
1222 4671 1290 4762 ἒξ
1317 4671 1393 4763 ἰὶὲ
1419 4709 1534 4779 ipso
1573 4671 1949 4788 ρτίὲιοῑρὲῗῖῗξί-

345 4796 532 4868 judice
557 4800 872 4854 saeculorum
915 4801 1005 4871 qui
1039 4813 1136 4869 pro
1183 4807 1366 4854 nostra
1403 4800 1575 4855 salute
1608 4801 1718 4870 pati
1756 4782 1925 4854 voluit

355 4888 528 4960 accipi
572 4898 753 4958 potest
801 4899 856 4944 et
898 4892 964 4947 de
1011 4890 1262 4946 omnibus
1309 4891 1627 4962 generaliter
1673 4890 1926 4946 Ecclesia:

357 4980 676 5045 rectoribus,
700 4981 792 5050 qui
826 4981 910 5037 vel
945 4981 1289 5036 facultatibus
1328 4981 1512 5037 nudati
1541 4983 1608 5036 ab
1637 4982 1816 5051 impiis
1843 4982 1928 5038 vel

361 5067 474 5138 ipsa
504 5068 668 5124 etiam
691 5077 814 5124 sunt
838 5080 1011 5126 morte
1037 5071 1360 5141 consumpti.

901 5160 1127 5217 CAPUT
1168 5159 1399 5215 XXVIII.

428 5246 630 5318 Impius
659 5264 775 5302 cum
812 5250 864 5303 in
891 5250 1207 5320 profundum
1237 5253 1426 5305 venerit
1453 5259 1781 5321 peccatorum
1810 5269 1904 5315 co.,

359 5339 562 5405 temnit,
608 5339 700 5392 sed
739 5341 972 5408 sequitur
1008 5357 1124 5394 eum
1164 5341 1449 5412 ignominia
1489 5350 1536 5395 et
1576 5338 1925 5412 opprobrium.

360 5429 462 5495 Qui
493 5429 665 5500 longis
706 5436 1049 5500 peccatorum
1081 5431 1317 5488 tenebris
1345 5431 1615 5487 involutus
1649 5432 1835 5498 semel,
1865 5433 1931 5488 de

359 5522 476 5574 luce
503 5519 775 5589 desperat,
798 5519 910 5588 jam
938 5535 1004 5574 ex
1038 5521 1410 5590 desperatione
1437 5521 1636 5592 passim
1665 5523 1766 5577 sibi
1802 5537 1930 5591 pec-

362 5608 519 5664 candi
567 5610 718 5664 frena
758 5608 981 5666 relaxat.
1029 5608 1134 5666 Sed
1183 5611 1306 5668 talis
1345 5613 1690 5684 opprobrium
1734 5612 1930 5668 futura:

2024 3156 2173 3203 arcet
2201 3148 2444 3203 insidias.

2094 3237 2198 3305 Qui
2237 3239 2382 3309 prius
2423 3239 2690 3309 respondet
2726 3256 2881 3309 quam
2923 3239 3129 3304 audiat,
3158 3238 3374 3292 stultum
3404 3255 3458 3293 se
3481 3255 3593 3294 esse

2022 3328 2340 3381 demonstrat
2386 3337 2434 3380 et
2471 3328 2771 3396 confusione
2811 3328 3042 3398 dignum.
3077 3329 3177 3396 Qui
3218 3330 3371 3399 prius
3403 3331 3594 3385 doctor

2023 3432 2143 3473 esse
2187 3419 2456 3473 desiderat
2502 3435 2662 3488 quam
2708 3421 2897 3485 discat,
2946 3422 3186 3477 stultitiae
3227 3425 3440 3477 noxiam
3485 3440 3592 3478 non

2023 3513 2277 3568 declinat.
2305 3512 2402 3580 Qui
2425 3512 2670 3581 judicare
2691 3514 3059 3584 proximorum
3088 3515 3250 3581 facta,
3280 3515 3592 3585 priusquam

2023 3604 2176 3674 plene
2209 3619 2426 3659 causam
2457 3603 2734 3674 utriusque
2764 3606 2932 3675 partis
2963 3607 3257 3676 dignoscat,
3288 3607 3591 3662 inordinate

2023 3696 2265 3763 festinat,
2292 3705 2347 3752 et
2372 3695 2461 3751 ille
2491 3711 2550 3752 se
2575 3697 2890 3753 confusione
2920 3699 3140 3769 dignum
3167 3698 3518 3753 demonstrat.

2095 3787 2318 3859 Spiritus
2357 3789 2454 3842 viri
2487 3797 2738 3842 sustentat
2767 3789 3165 3842 imbecillitatem
3193 3805 3361 3842 suam.
3391 3788 3456 3842 Et
3481 3789 3595 3858 ipse

2023 3875 2106 3930 vir
2139 3877 2216 3930 ait
2250 3894 2263 3930 :
2295 3876 2523 3946 Spiritus
2565 3876 2772 3947 quidem
2817 3886 3081 3945 promptus
3131 3885 3226 3940 est,
3259 3892 3380 3929 caro
3421 3887 3594 3929 autem

2023 3968 2254 4035 infirma.
2294 3966 2478 4022 Potest
2520 3967 2588 4020 de
2631 3965 2867 4036 quolibet
2911 3963 3098 4019 saneto
3128 3965 3244 4019 viro
3282 3966 3473 4035 accipi,
3501 3966 3593 4036 qui

2025 4060 2204 4116 carnis
2251 4058 2704 4122 imbecillitatem,
2754 4072 2821 4111 ne
2867 4057 2919 4111 in
2965 4056 3348 4112 tcntationibus
3399 4058 3589 4125 cedat,

2026 4151 2224 4207 mentis
2250 4148 2562 4204 fortitudine
2588 4155 2872 4202 sustentat.

2094 4243 2347 4314 Spiritum
2387 4257 2504 4296 vero
2544 4241 2614 4296 ad
2652 4239 2982 4294 irascendum
3025 4238 3232 4309 facilem
3255 4241 3373 4310 quis
3407 4241 3593 4310 poterit

2025 4336 2276 4391 sustinere
2297 4335 2323 4389 7
2346 4333 2448 4401 Qui
2472 4335 2539 4390 ad
2562 4332 2903 4389 irascendum
2929 4331 3101 4387 facilis
3127 4341 3210 4386 est
3237 4347 3336 4387 nec
3361 4332 3594 4404 seipsum

2027 4439 2206 4501 potest
2242 4429 2525 4492 sustinere,
2564 4429 2638 4482 ita
2682 4435 2741 4482 ut
2776 4427 2944 4482 iratus
2979 4440 3122 4496 smpe
3155 4426 3299 4481 dicat
3349 4441 3409 4480 ea
3452 4441 3592 4494 quae,

2026 4522 2366 4593 postmodum
2399 4519 2662 4590 placidus,
2697 4518 2821 4588 quia
2860 4516 3053 4571 dixerit
3089 4515 3368 4585 poeniteat,
3403 4525 3456 4570 et
3486 4515 3598 4585 ple-

2028 4625 2256 4682 rumque
2325 4627 2394 4666 an
2436 4609 2630 4665 dixerit
2682 4609 2912 4680 ignoret,
2958 4607 3110 4677 cujus
3153 4616 3328 4662 tamen
3374 4607 3595 4660 vesania

2028 4716 2410 4772 nonnunquam
2455 4716 2552 4771 per
2597 4699 2916 4769 sapientium
2970 4697 3286 4753 modestiam
3342 4695 3596 4752 facillime

2029 4793 2303 4858 sull‘ertur,
2328 4799 2488 4860 atque
2512 4805 2577 4844 ex
2612 4798 2850 4861 tempore
2885 4789 3110 4860 sopitur.

2099 4883 2304 4937 Donum
2331 4881 2552 4936 hominis
2578 4879 2763 4934 dilatat
2792 4880 2928 4934 viam
2957 4879 3090 4948 ejus,
3121 4888 3166 4932 et
3198 4888 3316 4931 ante
3344 4877 3597 4947 principes

2028 4980 2258 5050 spatium
2277 4979 2323 5032 ei
2353 4976 2498 5046 facit.
2528 4976 2734 5031 Donum
2769 4975 3050 5030 charitatis
3086 4975 3198 5028 sive
3233 4971 3459 5026 aliarum
3488 4969 3599 5022 vir-

2036 5079 2225 5134 tutum,
2255 5082 2386 5138 quas
2412 5083 2442 5120 a
2468 5067 2693 5121 Domino
2718 5065 2900 5119 ﬁdeles
2922 5064 3204 5132 accipiunt,
3239 5061 3427 5115 dilatat
3454 5059 3596 5113 viam

2031 5161 2256 5217 actionis
2281 5174 2488 5223 eorum,
2512 5157 2636 5227 quia
2663 5171 2770 5224 quo
2799 5155 2966 5224 magis
2992 5153 3162 5223 gratia
3196 5150 3430 5219 Spiritus
3455 5148 3599 5202 intus

2034 5251 2325 5321 replentur,
2359 5263 2422 5302 eo
2455 5247 2615 5302 latius
2653 5247 2784 5300 foris
2821 5245 3083 5298 bonorum
3127 5254 3349 5310 operum
3382 5253 3600 5310 gressus

2034 5339 2409 5411 multiplicant,
2439 5346 2599 5407 atque
2635 5337 2775 5390 inter
2811 5348 3032 5402 magnos
3073 5330 3323 5387 Ecclesiae
3362 5340 3601 5385 rectores

2033 5431 2086 5484 in
2117 5431 2297 5484 futuro
2327 5428 2535 5483 culmen
2567 5426 2868 5482 sortiuntur
2901 5424 3139 5479 honoris.
3170 5422 3363 5488 Aliter,
3399 5422 3599 5478 donum

2030 5518 2270 5590 spiritale
2319 5517 2648 5583 Salvatoris,
2687 5517 2830 5585 quod
2867 5517 3064 5570 mundo
3109 5516 3311 5579 attulit,
3357 5514 3602 5570 dilatavit

2031 5609 2173 5663 viam
2212 5605 2345 5677 ejus,
2374 5606 2547 5678 quoad
2584 5605 2840 5676 plurimas
2891 5605 3040 5661 orbis
3080 5605 3321 5660 nationes
3355 5619 3452 5673 per
3481 5601 3600 5658 fidei
