3962 6198
381 299 480 354 139

977 293 1040 349 Β.
1080 293 1331 350 RABANI
1371 294 1588 352 LIAURI
1627 293 1945 352 ARCIllEP.
1989 293 2295 352 MOGUNT.
2336 293 2619 353 OPERUM
2658 295 2837 354 PARS
2872 293 2959 354 ill.

3513 300 3636 358 7w

369 421 426 467 et
464 407 766 466 dilectionis
807 418 937 463 sum‘
957 407 1298 480 praesentiam
1355 407 1564 464 veniret
1595 422 1609 462 :
1640 423 1740 462 nec
1768 406 1939 462 solum
1969 413 2020 470 Α
2043 405 2397 459 tentationem
2430 403 2547 473 ejus
2574 407 2782 462 hostem
2814 419 3086 464 versutum
3119 411 3396 466 admiserit
3427 429 3440 466 :
3471 413 3641 468 Unde

369 499 613 572 populos,
646 499 742 556 sed
786 499 932 570 ipsos
957 499 1120 554 etiam
1165 513 1350 553 rerum
1397 499 1646 554 dominos
1686 497 1940 568 concupi-

368 593 590 648 scentiis
616 591 924 647 renuntiare
961 605 1025 646 ac
1058 589 1159 648 sibi
1189 589 1418 646 libenter
1445 589 1819 660 obtemperare
1858 589 1940 645 l'a-

367 693 532 738 ceret.

435 769 621 826 Justus
655 771 802 841 prior
835 779 908 824 est
949 779 1222 824 accusator
1260 769 1362 824 sui.
1399 769 1544 824 Venit
1572 769 1772 822 amicus
1800 767 1934 838 ejus,

366 874 414 918 et
445 862 767 932 investigabit
793 877 931 915 eum.
973 859 1160 915 Omnis
1196 858 1287 930 qui
1325 875 1450 915 vere
1484 858 1664 928 justus
1708 867 1812 924 est,
1845 857 1936 914 ubi

365 955 702 1026 peccantium
730 962 906 1008 errata
935 953 1216 1022 conspicit,
1246 953 1420 1021 primo
1449 952 1514 1007 ad
1547 953 1781 1022 seipsum
1809 966 1936 1006 ocn-

363 1045 474 1098 lum
504 1042 948 1099 considerationis
985 1039 1229 1106 inﬂectit,
1265 1041 1498 1110 dumque
1535 1055 1688 1096 suam
1729 1039 1935 1111 fragili-

363 1145 529 1190 tatem
551 1133 812 1189 sollicitus
834 1132 1189 1197 accusaverit,
1218 1132 1296 1186 sic
1317 1133 1529 1186 demum
1552 1131 1618 1186 ad
1640 1132 1936 1200 corripien-

363 1227 460 1279 dos
487 1223 620 1279 alios
651 1223 884 1292 linguam
918 1221 1182 1292 benignus
1207 1222 1398 1284 exerit,
1435 1221 1529 1275 sed
1558 1219 1646 1274 ille
1685 1221 1777 1290 qui
1823 1220 1936 1274 suis

361 1314 606 1370 ﬁdelibus
629 1313 808 1370 dicere
827 1313 1077 1384 dignatus
1099 1321 1181 1367 est
1205 1330 1218 1366 :
1259 1309 1360 1365 Vos
1387 1322 1559 1366 autem
1580 1311 1692 1364 dixi
1717 1311 1933 1376 amicos,

359 1407 482 1476 quia
507 1420 825 1476 qua’cuttque
859 1403 1034 1458 audivi
1071 1421 1103 1458 a
1149 1399 1310 1457 Patre
1349 1418 1482 1466 meo,
1520 1411 1642 1456 nota
1666 1399 1767 1469 feci
1797 1402 1935 1455 vobis

361 1494 541 1570 (Joan.
573 1493 684 1568 xv).
715 1495 874 1550 Venit
901 1494 955 1548 in
987 1508 1082 1549 cor
1107 1491 1222 1562 ejus
1245 1507 1341 1562 per
1369 1492 1708 1562 praesentiam
1736 1491 1936 1546 divina:

359 1585 826 1658 contemplationis
859 1603 872 1638 :
903 1585 971 1639 Et
999 1599 1160 1654 quam
1197 1583 1300 1638 hoc
1329 1581 1400 1637 sit
1429 1581 1686 1636 mundum
1712 1596 1743 1635 a
1777 1580 1934 1636 sorde

358 1677 656 1748 iniquitatis
680 1676 942 1750 agnoscit,
973 1673 1196 1745 ejusque
1222 1673 1578 1728 humilitatem
1603 1671 1764 1744 digna
1793 1686 1932 1726 mer-

355 1769 486 1824 cede
514 1773 840 1822 remunerat.

428 1861 618 1916 Frater
642 1861 731 1932 qui
763 1860 1045 1930 adjuvatur
1070 1875 1104 1913 a
1125 1857 1310 1928 fratre,
1336 1855 1490 1927 quasi
1515 1854 1696 1911 civitas
1721 1854 1879 1924 ﬁrma
1908 1869 1927 1907 :

355 1964 400 2008 et
419 1952 645 2023 judicia,
669 1952 819 2023 quasi
841 1959 1000 2006 vectes
1021 1948 1247 2005 urbium.
1270 1945 1410 2003 Cum
1434 1945 1660 2016 populus
1681 1955 1926 2016 uterque,

353 2041 662 2098 Judteorum
711 2039 916 2096 scilicet
962 2047 1018 2094 et
1071 2037 1352 2110 gentium,
1412 2036 1656 2092 fraterna
1711 2036 1813 2091 sibi
1871 2037 1926 2092 in

353 2131 568 2186 Christo
593 2131 856 2185 charitate
877 2128 1164 2194 consentit,
1191 2141 1352 2182 unam
1380 2125 1494 2194 jam
1523 2116 1810 2182 catholieai
1827 2125 1930 2182 Ec-

353 2222 528 2278 clesiae
565 2221 838 2277 civitatem
875 2219 1172 2286 construit;
1225 2225 1281 2274 et
1316 2217 1455 2274 sicut
1489 2225 1674 2272 vectes
1710 2215 1926 2270 urbium

351 2321 535 2384 portas
561 2312 828 2379 muniunt,
868 2311 944 2366 ita
979 2309 1228 2380 dogmata
1271 2309 1552 2379 utriusque
1594 2307 1926 2364 Testamenti

353 2404 618 2460 Eeclesias
652 2418 750 2474 per
778 2405 984 2468 orbem,
1015 2415 1136 2472 quae
1161 2415 1325 2456 unam
1348 2398 1672 2456 catholicam
1701 2397 1924 2466 faciant,

351 2494 420 2549 ab
448 2493 737 2549 inﬁdelium
767 2490 1074 2548 incursione
1108 2487 1422 2545 defendunt.

419 2581 552 2638 Cum
575 2579 1010 2637 obsecrationibus
1041 2578 1278 2650 loquetur
1300 2593 1518 2648 pauper,
1551 2585 1600 2633 et
1629 2577 1770 2632 dives
1797 2575 1928 2646 θῆα-

350 2677 488 2730 bitur
544 2673 727 2744 rigide.
780 2671 1020 2728 Humiles
1069 2669 1264 2741 spiritu
1307 2666 1587 2724 humiliter
1635 2666 1924 2724 Dominum

349 2767 577 2822 adorant
607 2784 620 2819 :
645 2777 703 2820 ut
727 2763 1067 2836 evangelicae
1085 2762 1175 2818 ille
1199 2760 1547 2836 publicanus;
1582 2759 1802 2832 superbi
1824 2774 1923 2815 sua

351 2856 542 2912 merita
565 2855 796 2925 jactant,
821 2862 882 2910 ut
903 2853 1218 2926 pharisatus.

427 2943 520 3000 Vir
543 2943 782 3003 amabilis
805 2945 874 2999 ad
895 2943 1189 3000 societatem
1213 2943 1380 3017 magis
1408 2944 1607 2999 amicus
1637 2943 1732 2998 erit
1763 2958 1922 3015 quam

349 3035 532 3104 frater.
564 3036 801 3092 Credens
839 3050 907 3091 ex
940 3035 1190 3108 gentibus
1225 3035 1453 3107 populus
1490 3035 1666 3105 magis
1711 3042 1923 3089 amatus

2039 503 2096 549 et
2128 495 2335 564 primus
2366 495 2536 550 nostri
2558 498 2768 566 generis
2791 513 2987 568 parens
3018 508 3137 568 post
3161 501 3642 570 prmvaricationis

2038 599 2318 640 excessum
2346 585 2652 657 increpatus
2679 604 2710 643 a
2741 589 2970 645 Domino
2993 590 3060 645 ad
3093 592 3462 649 defensionem
3493 611 3634 649 mox

2037 677 2326 732 excusandi
2351 675 2548 749 refugit
2570 679 2788 735 dicens:
2817 680 3013 736 Mulier
3037 697 3195 753 quam
3213 684 3403 738 dedisti
3422 687 3638 739 sociam

2038 767 2184 832 mihi,
2209 767 2349 822 dedit
2379 769 2509 843 mihi
2533 769 2598 824 de
2621 769 2780 842 ligno,
2812 782 2860 826 et
2883 774 3084 828 comedi
3107 773 3258 847 (Gen.
3288 775 3394 847 tu),
3423 787 3477 831 et
3503 777 3638 848 ipsa

2039 857 2234 914 mulier
2279 857 2498 928 inquit:
2537 859 2762 931 Serpens
2796 863 2992 933 decepit
3031 881 3132 918 me.
3173 865 3347 922 Ambo
3385 881 3638 936 namque.

2038 949 2093 1003 in
2137 947 2447 1005 Creatorem
2493 951 2636 1020 quod
2671 962 3030 1022 peccaverant
3073 957 3498 1025 retorquehant:
3535 957 3638 1014 ille

2037 1041 2181 1112 quod
2213 1040 2515 1108 mulierem,
2544 1057 2643 1112 per
2671 1058 2833 1112 quam
2867 1045 3069 1113 periret
3092 1061 3122 1098 a
3150 1045 3378 1112 Domino
3414 1048 3633 1104 sociam

2035 1130 2360 1201 accepisset;
2388 1131 2476 1186 illa
2503 1132 2644 1201 quod
2674 1132 2933 1189 Dominus
2961 1145 3285 1206 serpentem,
3311 1139 3404 1209 qui
3434 1155 3491 1196 se
3525 1141 3636 1196 de-

2037 1218 2260 1288 ciperet,
2285 1218 2338 1272 in
2365 1219 2615 1290 paradiso
2635 1221 3023 1278 constituisset.
3053 1223 3169 1292 Quo
3193 1237 3380 1282 contra
3403 1229 3637 1298 sapiens

2037 1309 2320 1364 Dominum
2367 1319 2624 1380 precatur
2673 1320 2733 1366 ut
2792 1328 2896 1368 non
2949 1313 3182 1370 declinet
3232 1332 3328 1372 cor
3369 1334 3529 1374 suum
3570 1321 3634 1374 in

2037 1398 2262 1452 verbum
2290 1398 2490 1454 malum
2539 1401 2606 1455 ad
2639 1403 2976 1457 excusandas
3011 1406 3386 1462 excusationes
3415 1409 3468 1462 in
3497 1425 3638 1480 peo—

2035 1485 2190 1540 catis.
2241 1485 2348 1541 Sed
2385 1495 2443 1542 et
2486 1487 2574 1543 ille
2614 1504 2742 1546 suos
2791 1491 3141 1562 supplantans
3181 1511 3398 1566 gressus
3425 1508 3632 1554 contra

2037 1575 2204 1630 Deum
2243 1575 2416 1631 fervet
2461 1579 2660 1644 animo,
2706 1580 2799 1649 qui
2842 1579 3020 1636 divina
3069 1581 3294 1653 imperia
3331 1601 3429 1655 per
3461 1603 3628 1642 suam

2037 1665 2289 1721 inertiam
2315 1675 2667 1724 contemnens
2689 1669 2912 1739 insuper
2935 1670 3108 1741 ipsum
3133 1672 3437 1740 Dominum,
3461 1677 3630 1746 quasi

1958 1756 2008 1816 B
2036 1755 2396 1827 importabilia
2424 1759 2734 1816 hominibus
2759 1775 2926 1816 onera
2961 1761 3296 1832 imposuerit,
3328 1775 3505 1822 mente
3535 1783 3631 1823 rc-

2035 1848 2322 1916 prehendit
2348 1849 2560 1904 insana.

2101 1936 2306 1992 Divitiw
2345 1941 2544 1994 addunt
2581 1941 2776 1995 amicos
2803 1941 3092 2013 plurimos;
3123 1961 3156 1998 a
3188 1961 3413 2016 paupere
3441 1961 3626 2003 autem

2029 2035 2076 2080 et
2103 2027 2158 2080 hi
2181 2044 2309 2098 quos
2341 2029 2547 2094 habuit,
2571 2040 2902 2100 separantur.
2933 2031 3142 2088 Divitia:
3174 2035 3324 2105 regni
3355 2035 3624 2104 caelestis,

2029 2129 2150 2184 qua:
2181 2129 2278 2184 per
2317 2125 2537 2171 sanctos
2574 2117 2823 2172 doctores
2855 2117 3102 2176 ﬁdelibus
3146 2122 3441 2180 tribuendaa
3476 2142 3626 2196 prm-

2029 2204 2299 2272 dicantur,
2351 2205 2553 2262 multos
2589 2209 2794 2264 amicos
2839 2217 2894 2264 et
2934 2210 3125 2266 iisdem
3168 2213 3627 2282 prmdieatorihus

2029 2304 2086 2352 et
2127 2311 2316 2352 earum
2357 2296 2602 2368 largitori
2632 2298 2862 2355 Domino
2888 2301 3188 2368 asciscunt;
3217 2317 3247 2356 a
3280 2303 3624 2374 philosophis

2028 2395 2208 2444 autem
2241 2399 2298 2445 et
2317 2389 2528 2445 caeteris
2554 2391 2793 2462 gentium
2818 2391 3113 2464 magistris,
3147 2393 3274 2464 quia
3308 2402 3457 2450 certe
3481 2396 3619 2450 bea-

2027 2480 2274 2536 titudinis
2309 2481 2366 2536 in
2404 2479 2647 2536 futurum
2689 2491 2888 2538 norunt
2920 2485 3253 2554 promittere,
3297 2496 3354 2544 et
3391 2487 3448 2541 hi
3475 2503 3619 2558 quos

2028 2570 2352 2638 habuerunt,
2383 2581 2735 2642 separantur;
2777 2573 3026 2629 videlicet
3064 2577 3310 2631 conversi
3343 2577 3411 2632 ad
3452 2576 3618 2634 (idem

2027 2675 2286 2732 spemque
2312 2660 2604 2717 Dominicae
2629 2662 3006 2732 promissionis
3035 2664 3416 2720 certissimam.

2099 2742 2202 2818 Q‘ui
2228 2761 2430 2808 tantum
2461 2754 2611 2808 verba
2648 2764 2902 2822 sectatur,
2937 2755 3069 2810 nihil
3109 2756 3318 2812 habebit
3342 2764 3367 2813 .‘
3387 2762 3481 2830 qui
3507 2778 3613 2815 au-

2026 2851 2130 2896 tem
2173 2859 2439 2912 possessor
2482 2854 2556 2898 est
2599 2845 2805 2910 utentis,
2849 2845 3022 2917 diligit
3065 2847 3296 2902 animum
3334 2866 3506 2905 suam.
3545 2853 3614 2907 Et

2020 2935 2310 3006 Apostolus
2366 2935 2624 2993 aitzNon
2679 2940 2946 2994 auditores
2996 2940 3124 3012 legis
3171 2942 3613 3012 justiﬁcabuntur

2026 3029 2168 3098 apud
2247 3028 2414 3084 Deum
2450 3071 2466 3097 ,
2531 3031 2622 3086 sed
2699 3033 2921 3102 factores
2989 3033 3114 3105 legis
3172 3035 3612 3106 justiﬁcabuntur

348 3135 433 3182 est
451 3141 483 3180 a
511 3127 758 3194 Domino,
783 3105 1364 3197 quam'Judaicus—sine
1391 3125 1494 3182 ﬁde
1518 3126 1838 3198 perdurans,
1867 3124 1922 3180 in
1949 3105 1996 3168 Ο
2027 3115 2208 3190 (Rom.
2232 3119 2317 3191 ιι).

349 3237 456 3292 quo
490 3221 783 3277 secundum
811 3236 1029 3276 carnem
1058 3229 1219 3276 natus
1246 3227 1347 3274 est.
1379 3217 1566 3274 Potest
1600 3224 1655 3272 et
1693 3217 1760 3272 de
1789 3230 1920 3287 apo.

347 3311 500 3367 stolis
527 3327 593 3366 ex
626 3311 824 3367 ludatis
864 3309 1009 3386 natis
1051 3309 1294 3381 intelligi,
1331 3307 1456 3379 quia
1488 3307 1660 3379 magis
1686 3306 1925 3361 amarint

346 3401 628 3457 credentes
655 3417 721 3456 ex
751 3400 1019 3472 gentibus,
1045 3414 1209 3470 quam
1242 3413 1354 3454 sua:
1389 3398 1563 3468 gentis
1591 3395 1918 3452 incredulos.

929 3489 1155 3548 CAPUT
1205 3489 1348 3544 XIX.

417 3581 606 3637 Melior
628 3590 702 3636 est
721 3597 917 3652 pauper
941 3581 1032 3653 qui
1069 3579 1301 3634 ambulat
1329 3581 1386 3634 in
1423 3578 1753 3651 simplicitate
1795 3596 1918 3647 sua,

345 3689 503 3746 quam
531 3672 671 3727 dives
708 3682 954 3742 torquens
983 3669 1122 3724 labia
1151 3670 1424 3740 insipiens.
1459 3667 1646 3724 Melior
1678 3676 1764 3724 est
1789 3667 1920 3722 sim-

343 3765 466 3835 plex
492 3763 704 3818 auditor
735 3760 886 3816 verbi
925 3759 1041 3826 Dei,
1073 3761 1119 3814 si
1144 3774 1209 3814 ea
1235 3774 1353 3828 qua:
1375 3758 1674 3830 intelligere
1698 3759 1751 3812 in
1776 3757 1922 3813 Scri-

344 3853 519 3924 pturis
545 3851 737 3922 potuit,
763 3849 1036 3922 operando
1063 3848 1296 3921 perlicit,
1319 3864 1480 3920 quam
1506 3848 1752 3904 eruditus
1778 3849 1921 3919 quis-

345 3958 450 4013 que
489 3943 533 3998 si
567 3933 622 3998 in
670 3941 776 3997 illis
803 3949 1113 4012 quae-acute
1141 3939 1402 3996 intellexit
1428 3939 1494 3995 ad
1523 3940 1751 3996 hmresin
1783 3953 1919 4010 prm-

345 4035 626 4090 dicandam
655 4034 796 4089 labia
823 4041 1114 4103 retorquet.

418 4123 517 4180 Ubi
541 4142 645 4180 non
681 4134 756 4180 est
789 4123 1003 4179 scientia
1031 4125 1242 4190 animae,
1272 4141 1377 4180 non
1405 4133 1480 4180 est
1503 4125 1723 4190 bonum;
1753 4135 1801 4180 et
1829 4125 1918 4196 qui

345 4215 564 4286 festinus
592 4223 666 4270 est
695 4214 908 4287 pedibus
935 4213 1170 4283 offendit.
1199 4212 1405 4269 Anima:
1429 4207 1643 4284 quidem
1670 4215 1917 4270 humana:

345 4305 570 4359 scientia
610 4305 736 4358 vitae
767 4301 1004 4358 caelestis
1031 4311 1114 4358 est
1151 4303 1478 4371 necessaria,
1507 4305 1632 4375 quia
1660 4303 1916 4359 nimirum

345 4395 462 4448 sine
491 4394 595 4448 hac
620 4393 775 4448 beata
803 4392 857 4446 in
886 4401 1201 4464 perpetuum
1233 4407 1352 4449 esse
1384 4409 1492 4449 non
1533 4401 1728 4464 potest.
1757 4394 1915 4448 Atta-

2099 3207 2266 3265 Testis
2311 3210 2481 3282 falsus
2531 3229 2636 3268 non
2683 3216 2784 3268 erit
2831 3217 3146 3286 impunitus.
3177 3226 3225 3270 et
3267 3219 3357 3289 qui
3381 3219 3611 3290 loquitur

2023 3301 2299 3354 mendacia
2333 3303 2538 3374 peribit.
2579 3303 2949 3377 Redarguerat
2986 3323 3108 3361 eum
3151 3308 3244 3377 qui
3279 3308 3446 3364 verba
3487 3320 3605 3364 tan—

2011 3399 2139 3466 tum
2169 3393 2410 3449 scientiae
2451 3395 2656 3464 absque
2703 3397 3036 3467 operationis
3061 3397 3297 3454 efﬁcacia
3326 3409 3604 3468 sectatur;

2023 3485 2302 3554 redarguit
2330 3503 2474 3543 nunc
2499 3487 2668 3552 illum,
2717 3490 2808 3558 qui
2853 3489 2968 3559 ipsa
2997 3491 3160 3546 verba
3195 3491 3392 3547 divina:
3413 3501 3605 3547 aucto-

2022 3575 2203 3631 ritatis
2246 3577 2388 3633 male
2428 3577 2832 3648 interpretando
2873 3581 3196 3651 corrumpit.
3229 3580 3384 3649 Quod
3425 3594 3604 3638 autem

2020 3669 2194 3724 multa
2240 3671 2434 3741 saepius
2468 3672 2733 3726 iterantur
2773 3673 3047 3729 lirmitatis
3095 3673 3356 3728 indicium
3401 3685 3506 3741 est,
3545 3683 3603 3728 ut

2018 3759 2215 3828 Joseph
2264 3762 2533 3816 somnium
2574 3765 2716 3833 regis
2746 3764 3113 3834 interpretans
3141 3764 3235 3829 ait,
3268 3777 3332 3818 eo
3355 3765 3502 3834 quod
3530 3765 3602 3820 sit

2019 3859 2198 3907 sermo
2222 3853 2316 3907 Dei
2342 3861 2396 3906 et
2421 3855 2599 3908 veraci
2612 3864 2692 3908 ter
2721 3855 3026 3925 impleatur.

2095 3941 2221 3996 Non
2263 3943 2442 3996 decent
2494 3944 2710 3998 stultum
2739 3944 2959 4012 delicia’,
2989 3963 3080 4001 nec
3109 3963 3310 4002 servum
3338 3947 3600 4001 dominari

2017 4033 2357 4103 principibus.
2396 4033 2513 4088 Non
2555 4035 2747 4090 decent
2776 4037 3090 4094 hazrcticum
3119 4039 3325 4094 delicia:
3355 4038 3600 4112 Scriptu-

2019 4143 2222 4191 rarum,
2268 4128 2393 4196 quia
2433 4129 2519 4184 his
2558 4130 2695 4185 bene
2734 4131 2810 4186 uti
2847 4147 2952 4188 non
2999 4133 3186 4189 novit:
3219 4133 3405 4203 Neque
3449 4133 3595 4188 illum

2019 4215 2110 4286 qui
2139 4231 2325 4272 servus
2355 4219 2530 4273 adhuc
2561 4221 2770 4290 peccati
2804 4237 2924 4278 esse
2945 4225 3225 4293 probatur,
3253 4224 3492 4294 prad‘erri
3509 4225 3592 4296 ju-

2019 4305 2116 4360 stis
2138 4305 2190 4360 in
2219 4308 2477 4378 regimine
2505 4309 2777 4366 Ecclesiae.

2091 4397 2340 4452 Doctrina
2356 4401 2450 4453 viri
2459 4418 2552 4471 per
2563 4402 2867 4472 patientiam
2884 4407 3025 4460 nasci
3029 4415 3132 4460 tur.
3153 4406 3408 4463 Doctrina
3424 4407 3591 4462 eccle-

346 4498 470 4537 men
512 4482 604 4552 qui
632 4481 904 4537 ell'renatis
929 4483 1178 4538 sensibus
1205 4483 1400 4538 mentis
1428 4482 1547 4554 plus
1593 4484 1795 4554 appetit
1825 4499 1903 4538 sa-
1942 4457 1994 4516 Β
2020 4487 2238 4542 siastica
2263 4503 2360 4559 per
2382 4457 2696 4559 palienliam
2732 4492 3033 4561 doctorum,
3061 4513 3224 4567 quam
3253 4498 3322 4552 sit
3353 4498 3586 4568 perlecta

344 4587 470 4642 pere
494 4586 656 4640 quam
696 4572 870 4636 decet,
910 4571 1224 4642 plerumque
1269 4570 1617 4626 oll'ensionem
1650 4573 1916 4626 haeretica:

345 4659 583 4715 stultitia:
611 4660 910 4714 temerariis
937 4660 1252 4715 tractatibus
1277 4660 1522 4724 incurrit,
1558 4662 1702 4731 quod
1728 4661 1779 4715 in
1807 4662 1916 4730 pri-

345 4751 448 4806 mis
484 4748 702 4803 humani
750 4762 960 4820 generis
1005 4748 1318 4818 parentibus
1369 4748 1598 4820 mystice
1645 4751 1913 4820 signatum

343 4854 447 4910 est,
475 4843 566 4915 qui
597 4843 722 4898 dum
751 4843 986 4912 appetitu
1015 4841 1254 4896 scientiae
1287 4842 1506 4912 majoris
1537 4843 1758 4896 vetitum
1789 4859 1916 4898 eon-

346 4944 549 5012 tingere
569 4937 947 5010 properabant,
972 4952 1001 4991 a
1032 4945 1172 4992 statu
1201 4935 1545 4992 beatitudinis
1577 4935 1630 4990 in
1656 4951 1759 5006 qua
1787 4951 1913 4991 con-

344 5033 439 5088 diti
480 5039 625 5095 sunt,
667 5029 940 5086 deviantes
983 5029 1037 5084 in
1078 5041 1292 5098 pinnam
1325 5027 1555 5084 miseria:
1588 5035 1642 5082 et
1681 5028 1914 5082 mortali-

345 5126 469 5182 tatis
497 5124 818 5179 inciderunt.

417 5215 649 5270 Stultitia
675 5210 896 5266 hominis
924 5209 1220 5280 supplantat
1257 5225 1460 5280 gressus
1493 5208 1624 5278 ejus,
1655 5217 1702 5262 et
1731 5216 1911 5260 contra

345 5302 508 5357 Deum
533 5300 693 5370 fervet
721 5301 893 5356 animo
921 5317 1036 5355 suo.
1071 5299 1366 5355 Stultorum
1402 5300 1567 5354 moris
1592 5307 1676 5354 cst
1702 5307 1754 5351 et
1790 5313 1910 5352 cum

345 5392 612 5458 peccando
635 5391 778 5447 viam
802 5391 1050 5446 veritatis
1074 5391 1367 5455 deserunt,
1386 5404 1491 5443 non
1523 5405 1580 5444 se
1605 5403 1814 5444 errasse
1838 5389 1914 5442 fa-

347 5487 580 5548 teantur,
623 5483 716 5538 sed
749 5482 817 5538 ad
861 5482 1068 5553 culpam
1107 5481 1400 5536 conditoris
1435 5479 1518 5536 sui
1547 5488 1726 5534 reatus
1752 5479 1912 5549 origi-

345 5583 466 5622 nem
495 5570 753 5638 referant,
791 5573 945 5641 quasi
996 5573 1112 5642 ipse
1158 5573 1494 5628 occasionem
1529 5569 1785 5640 peccandi
1819 5570 1914 5621 tri-

345 5655 542 5726 buerit,
587 5659 682 5730 qui
726 5660 810 5714 vel
856 5660 1095 5731 fragilem
1146 5661 1330 5718 fecerit
1386 5662 1680 5724 hominem,
1722 5659 1804 5713 vel
1844 5659 1911 5712 ad

2017 4585 2365 4633 monstratur.
2408 4581 2543 4648 Quia
2577 4583 2704 4637 dum
2733 4587 2902 4657 magis
2930 4586 3313 4644 alIlictionibus
3340 4605 3404 4644 ac
3433 4591 3588 4646 utotli

2017 4681 2213 4736 corpus
2251 4668 2482 4724 subdere
2524 4687 2683 4740 quam
2717 4690 2748 4728 a
2786 4673 3013 4734 docendi
3054 4677 3229 4734 oliicio
3256 4693 3471 4736 cessare
3502 4698 3586 4736 vo»-

2015 4755 2252 4822 luerunt,
2285 4759 2637 4816 ostendebant
2665 4763 2848 4833 utique
2871 4776 3128 4836 quantum
3164 4778 3310 4824 esset
3341 4769 3588 4826 salutaris

2015 4859 2178 4913 quam
2224 4855 2371 4902 tanta
2425 4847 2683 4905 instantia
2738 4853 3020 4911 defensare
3067 4868 3346 4914 curarunt.
3397 4861 3580 4924 Aliter,

2018 4937 2266 4990 Doctrina
2319 4939 2415 4992 viri
2459 4957 2550 5010 per
2596 4944 2898 5012 pa:ientiam
2947 4949 3208 5014 noscitur,
3262 4951 3390 5020 quia
3441 4961 3583 5008 tanto

2017 5025 2244 5094 quisque
2281 5028 2460 5084 minus
2510 5033 2810 5088 ostenditur
2853 5036 3063 5103 doctus,
3115 5049 3318 5108 quanto
3361 5043 3582 5103 convin-

2017 5115 2158 5170 citur
2201 5117 2380 5171 minus
2427 5119 2658 5187 patiens,
2706 5137 2881 5193 neque
2927 5127 3070 5180 enim
3109 5138 3286 5196 potest
3324 5131 3584 5187 veraciter

2019 5205 2156 5258 bona
2185 5205 2425 5260 docendo
2465 5206 2795 5277 impendere,
2844 5212 2888 5268 si
2930 5214 3158 5270 vivendo
3200 5218 3372 5272 nescit
3407 5235 3582 5290 arqua-

2019 5293 2236 5348 nimiter
2273 5296 2446 5352 aliena
2501 5300 2639 5354 mala
2698 5302 2944 5357 tolerare.
3007 5303 3176 5361 Recte
3223 5319 3405 5362 autem
3454 5310 3578 5365 sub.

2015 5385 2164 5440 ditur
2189 5402 2202 5438 :

2085 5473 2154 5526 Et
2194 5474 2360 5542 gloria
2407 5477 2518 5545 ejus
2557 5489 2628 5531 cst
2657 5479 2834 5549 iniqua
2875 5487 3229 5554 pra’tergredi.
3258 5486 3392 5555 Quia
3423 5489 3548 5542 nimi

2016 5581 2134 5618 rum
2163 5565 2423 5634 perfectio
2447 5570 2681 5624 doctoris
2705 5581 2786 5626 est
2821 5573 2901 5628 sic
2931 5574 3158 5631 aliorum
3185 5579 3575 5650 improbitatem

2015 5659 2282 5726 patienter
2309 5660 2552 5724 sull‘erre,
2581 5671 2638 5716 nt
2669 5678 2820 5717 suam
2857 5678 3069 5733 quoque
3105 5665 3450 5738 fragilitatem
3489 5688 3578 5724 ni.-
