3962 6198
1666 65 1751 77 vv

221 187 319 244 7U

987 188 1349 246 EXPOSlTlO
1387 186 1454 244 IN
1488 188 1881 247 PROVERBIA
1925 190 2451 273 SALOMONIS._-—
2488 195 2615 252 Llll.
2654 196 2718 253 ll.

3400 203 3506 259 742

218 302 366 361 verit
402 302 477 357 ab
510 303 694 372 iniqua
733 303 955 358 actione
1001 288 1228 358 solerter
1270 304 1581 359 observare.
1634 304 1819 375 Neque
1849 311 1899 371 Α
1927 300 2013 355 tia:
2040 316 2200 371 quam
2235 303 2497 359 habuerat
2535 307 2803 377 rapueris,
2843 309 3109 364 rationem
3138 325 3236 380 pro
3266 326 3331 367 eo
3358 317 3500 383 quod

219 393 372 450 enim
402 402 500 447 aut
532 393 796 447 munditia
825 394 1058 463 propriae
1080 394 1513 450 conversationis
1543 394 1661 450 sine
1688 396 1823 451 tole-

223 487 410 540 rantia
452 483 657 540 sufﬁcit
698 492 937 538 externa:
962 483 1417 553 perturbationis,
1442 492 1534 538 aut
1560 484 1606 539 si
1632 485 1696 550 is,
1728 485 1820 552 qui

226 578 453 633 fortiter
474 577 699 632 adversa
725 573 857 630 foris
882 576 1139 641 sustinet,
1164 576 1308 632 intus
1347 577 1527 632 adhuc
1547 579 1820 633 enervitcr

224 669 437 740 iniquis
468 668 707 724 motibus
732 666 898 722 favet.
1670 656 1683 673 ’

293 752 458 817 Sicut
505 761 746 834 fremitus
783 760 969 825 leonis,
999 762 1070 813 ita
1107 771 1153 814 et
1196 761 1327 832 regis
1358 762 1470 814 ira:
1502 771 1548 815 et
1574 762 1708 816 sicut
1735 780 1820 818 ros

226 868 381 920 super
427 851 666 916 herbam,
717 852 795 904 ita
839 849 1081 905 hilaritas
1124 852 1255 921 ejus.
1302 851 1377 905 De
1424 852 1651 907 Domino
1696 870 1821 925 rege

225 944 374 1005 dicit,
406 943 504 1012 qui
551 942 609 998 in
650 942 857 1014 judicio
889 950 945 998 ct
979 943 1169 998 hilaris
1195 960 1257 999 ac
1280 943 1509 1000 blandus
1543 947 1725 1017 justis,
1766 956 1817 1003 et

225 1034 493 1088 terribilis
519 1034 805 1104 apparebit
826 1032 1064 1105 injustis.

296 1122 471 1178 Doior
508 1124 675 1194 patris
708 1121 853 1195 ﬁlius
884 1125 1095 1179 stultus.
1133 1126 1273 1180 Deus
1296 1127 1387 1196 qui
1416 1125 1469 1181 in
1499 1142 1594 1181 sua
1626 1138 1819 1182 natura

227 1214 585 1285 impassibilis
626 1229 840 1285 semper
878 1224 961 1271 est
1007 1224 1061 1269 et
1100 1217 1366 1287 placidus,
1415 1218 1597 1274 dolere
1639 1229 1816 1273 tamen

226 1314 418 1360 nostro
448 1318 604 1360 more
635 1304 870 1361 dicitur:
899 1322 1020 1362 cum
1070 1308 1317 1365 homines
1355 1326 1492 1380 quos
1518 1310 1583 1365 ad
1614 1328 1672 1365 se
1701 1327 1819 1366 crc-

227 1399 464 1453 dendum
516 1398 954 1469 laudandumque
995 1403 1222 1467 creavit,
1276 1403 1418 1459 hosti
1468 1405 1645 1474 potius
1699 1421 1815 1459 ma—

226 1489 390 1561 ligno,
420 1504 590 1560 quam
624 1489 728 1545 sibi
758 1491 962 1551 servire
993 1493 1331 1559 considerat;
1364 1496 1503 1550 unde
1530 1505 1583 1551 et
1609 1496 1819 1568 Moyses

228 1584 291 1638 de
316 1584 411 1638 illo
437 1602 452 1639 :
487 1581 763 1653 Paenituit,
800 1585 991 1656 inquit,
1022 1605 1138 1661 eum
1166 1590 1306 1660 quod
1331 1591 1591 1646 hominem
1612 1593 1817 1662 fecisset

1924 387 2149 444 fratrem
2188 391 2588 457 scandalizasti,
2632 395 2876 451 districto
2907 396 3073 465 judici
3106 398 3315 456 reddes.
3346 400 3504 459 Patet

1921 480 2118 536 littera:
2136 497 2329 538 sensus
2345 485 2472 553 quia
2496 485 2586 553 qui
2612 501 2710 555 per
2736 488 3123 557 impatientiam
3152 490 3342 562 inopia:
3358 495 3504 551 furto

1921 572 2087 627 servit
2116 582 2208 627 aut
2232 574 2454 644 rapinis,
2485 575 2740 631 damnum
2766 594 2876 633 suae
2901 581 3094 635 animo:
3124 582 3277 649 facit,
3302 593 3505 642 etcum

1923 678 2036 717 rem
2079 665 2312 732 proximi
2344 665 2499 731 tollit,
2530 676 2583 720 et
2617 667 2662 721 si
2698 684 2802 722 non
2833 671 3040 724 homini
3068 687 3163 742 per
3194 673 3313 739 hoc,
3355 684 3504 731 certe

1920 762 2123 808 mterno
2158 754 2324 825 judici
2379 758 2642 812 rationem
2695 761 2918 815 reddere
2967 762 3149 816 habet.
3203 763 3353 818 Unde
3399 764 3504 819 alia

1920 845 2087 900 editio
2110 846 2184 899 ita
2209 848 2351 901 hunc
2386 849 2713 903 versiculum
2747 852 3058 907 transtulit:
3091 854 3231 907 Male
3265 857 3502 926 cogitans

1920 935 2074 988 homo
2102 935 2264 989 multo
2286 938 2478 991 damno
2508 939 2807 1010 affligetur:
2838 951 2884 993 et
2914 943 2960 994 si
2978 945 3299 1012 perniciosus
3322 946 3503 1015 fuerit,

1920 1034 1969 1078 et
1999 1027 2235 1079 animam
2270 1044 2423 1081 suam
2464 1040 2703 1099 apponet.
2745 1031 2882 1096 Quia
2914 1033 3166 1087 nimirum
3198 1049 3318 1089 cum
3345 1052 3508 1105 pecu-

1920 1112 2067 1167 niani
2103 1115 2371 1171 violentus
2423 1117 2723 1183 abstulerit,
2770 1136 2867 1191 pro
2904 1122 3004 1176 hac
3038 1123 3271 1178 animam
3302 1125 3505 1181 imitus

1920 1205 2089 1260 dabit.

1992 1297 2166 1353 Homo
2212 1300 2451 1372 indigens
2504 1304 2797 1359 misericors
2845 1320 2939 1361 est.
2989 1308 3323 1381 lndigcntcm
3373 1313 3506 1368 dicit
3554 1350 3567 1361 ο

1920 1388 2217 1455 humilem,
2278 1394 2369 1462 qui
2416 1408 2473 1448 se
2510 1398 2787 1466 perpetuis
2834 1399 2991 1453 bonis
3039 1418 3195 1473 cgere
3230 1403 3345 1459 sine
3384 1420 3504 1459 ces-

1922 1482 2132 1536 satione
2184 1484 2391 1539 recolit.
2450 1486 2598 1542 Talis
2655 1505 2886 1560 namque
2952 1502 3012 1548 ut
3077 1495 3541 1553 misericordiam'

1922 1583 2287 1642 consequatur
2316 1592 2345 1629 a
2376 1576 2625 1644 Domino,
2670 1598 2941 1652 nunquam
2981 1588 3228 1656 proximo
3256 1590 3501 1650 miserer'

227 1675 280 1727 in
305 1682 476 1741 terra,
520 1683 568 1730 et
598 1684 766 1730 tactus
792 1676 969 1731 dolore
1006 1680 1177 1731 cordis
1220 1681 1533 1735 intrinsecus
1558 1696 1575 1733 :
1600 1681 1815 1750 Delebo,

1932 1672 2157 1717 recusat.
2192 1664 2268 1719 De
2294 1681 2400 1735 quo
2425 1676 2479 1721 et
2509 1672 2901 1741 subsequenter
2923 1679 3166 1733 annectit
3192 1698 3204 1731 :

229 1765 423 1835 inquit,
457 1765 722 1820 hominem
750 1782 901 1838 quem
928 1769 1099 1823 creavi
1128 1787 1158 1822 a
1186 1770 1321 1839 facie
1349 1781 1501 1825 terra:
1528 1770 1679 1845 (Cen.
1713 1772 1812 1845 vn).

300 1854 368 1909 Et
391 1864 532 1909 tecta
549 1856 753 1925 jugiter
778 1856 1123 1927 perstillantia
1152 1858 1381 1930 litigiosa
1412 1863 1621 1916 mulier.
1666 1862 1820 1920 Sicut

231 1955 377 2001 recta
418 1945 784 2016 perstillantia
830 1947 1065 2016 pluviam
1105 1952 1320 2021 quidem
1366 1954 1433 2009 de
1472 1955 1610 2011 cmlo
1647 1958 1819 2013 susci-

228 2038 404 2108 piunt,
436 2054 550 2093 non
578 2047 757 2096 tamen
789 2041 928 2096 hanc
953 2043 1019 2097 ad
1040 2044 1329 2101 utilitatem
1359 2047 1591 2118 aliquam
1613 2049 1821 2121 disper-

232 2131 391 2195 tiunt,
440 2132 538 2186 sed
576 2131 643 2185 ad
683 2131 983 2188 molestiam
1022 2137 1200 2205 potius
1229 2136 1644 2196 inhabitantium
1676 2143 1820 2198 deri-

230 2229 358 2274 vant
390 2238 404 2272 :
436 2220 514 2273 ita
548 2220 805 2275 nimirum
840 2222 1214 2280 hatreticorum
1245 2226 1485 2284 Ecclesia
1517 2230 1815 2287 coalestium

228 2308 367 2363 dona
402 2309 721 2378 verborum,
754 2328 859 2369 non
887 2313 953 2367 ad
987 2315 1215 2372 salutem
1244 2318 1570 2387 animarum,
1613 2322 1709 2376 sed
1749 2323 1817 2377 ad

230 2415 386 2454 usum
435 2414 552 2455 sua:
593 2403 845 2472 nequitiae
885 2404 1024 2459 male
1070 2406 1477 2476 interpretando
1525 2422 1581 2465 et
1624 2420 1814 2466 contra

229 2488 536 2544 catholicos
561 2488 819 2561 litigando
857 2496 1146 2550 convertit.
1187 2496 1350 2551 Tecta
1378 2499 1576 2553 etenim
1607 2501 1813 2570 perstil-

230 2577 396 2634 lautia
444 2581 675 2637 mandas
701 2582 917 2652 quidem
960 2584 1155 2653 pluvia:
1183 2594 1362 2656 guttas
1389 2588 1678 2659 accipiunt,
1719 2592 1813 2646 sed

231 2670 468 2740 subjecti
497 2672 551 2726 iu
574 2672 733 2728 domo
758 2674 1004 2730 sordidas
1025 2675 1275 2731 reddunt.
1294 2676 1361 2731 Et
1386 2678 1672 2734 barreticus
1700 2678 1818 2734 lim-

230 2762 514 2833 pidissima
528 2763 766 2821 caelestis
787 2766 993 2821 oraculi
1010 2768 1174 2822 verba
1201 2767 1387 2824 auditu
1404 2770 1649 2840 corporis
1677 2772 1812 2826 hau-

228 2854 321 2917 rit,
372 2862 432 2907 at
472 2853 563 2908 ubi
587 2854 703 2910 haec
742 2859 907 2911 corde
945 2857 1148 2928 polluto
1186 2859 1444 2930 attigerit,
1477 2862 1815 2920 auditoribus

231 2945 343 3000 suis
364 2944 531 3001 sorde
553 2945 719 3000 mixta
750 2946 1039 3003 ministrat.

1993 1753 2062 1806 Et
2086 1753 2271 1809 melior
2290 1774 2489 1828 pauper
2508 1777 2665 1830 quam
2686 1763 2764 1815 cir
2789 1766 3034 1820 mendax.
3062 1767 3250 1824 Melior
3270 1786 3503 1844 namque

1920 1851 2004 1896 est
2029 1845 2249 1900 humilis
2275 1848 2456 1913 corde,
2482 1851 2573 1917 qui
2595 1851 2729 1905 nihil
2760 1855 2873 1910 suis
2901 1855 3018 1910 ﬁdit
3041 1860 3315 1927 operibus,
3338 1878 3502 1932 quam

1921 1935 2013 2005 qui
2044 1952 2101 1991 se
2122 1952 2233 2007 prae
2266 1939 2585 1995 excellentia
2616 1944 2875 1999 virtutum
2904 1948 3005 2001 viri
3034 1950 3251 2006 nomine
3282 1953 3500 2024 dignum

1921 2028 2129 2083 ducens
2171 2029 2377 2084 fallitur
2413 2033 2650 2100 nescius,
2700 2036 2825 2090 dum
2867 2040 3225 2109 supcrbiendo
3272 2046 3504 2114 perdidit

1919 2119 2061 2172 bona
2087 2135 2207 2189 qua:
2230 2123 2396 2192 gessit

1990 2210 2275 2265 Abscondat
2294 2214 2442 2284 piger
2469 2231 2684 2269 manum
2714 2233 2863 2269 suam
2888 2218 2980 2271 sub
3005 2218 3215 2285 ascella,
3241 2237 3332 2275 nec
3354 2222 3423 2275 ad
3445 2239 3502 2276 os

1918 2316 2073 2354 suum
2126 2301 2355 2373 applicat
2409 2322 2545 2359 eam.
2587 2306 2757 2361 Nemo
2786 2308 2859 2361 ita
2887 2309 3039 2380 piger
3080 2320 3183 2377 est,
3230 2320 3289 2367 ut
3334 2314 3401 2367 ad
3441 2330 3504 2371 os

1921 2405 2144 2444 manum
2172 2391 2256 2446 vel
2285 2394 2619 2451 comedendo
2649 2397 2904 2453 reducere
2932 2398 3169 2455 laborem
3199 2411 3369 2470 putet,
3410 2404 3505 2459 sed

1919 2484 2075 2556 pigro
2121 2484 2275 2541 labor
2313 2495 2397 2541 est
2437 2504 2654 2543 manum
2688 2492 2755 2546 ad
2781 2507 2843 2547 os
2871 2494 3164 2566 porrigere,
3204 2497 3326 2566 quia
3358 2497 3497 2553 desi-

1918 2573 2104 2630 diosus
2164 2578 2393 2648 quisque
2419 2582 2741 2650 praedicator
2768 2600 2834 2638 ne
2856 2585 2955 2639 hoc
2985 2585 3098 2639 vult
3122 2589 3335 2657 Operari
3358 2589 3502 2659 quod

1918 2664 2311 2729 dicitzManum
2341 2670 2537 2742 quippe
2567 2672 2636 2726 ad
2663 2688 2724 2728 os
2752 2675 3027 2746 porrigere
3065 2685 3147 2731 est
3179 2680 3297 2735 voci
3337 2695 3500 2751 opere

1918 2762 2267 2816 concordare.

1992 2849 2159 2905 Testis
2205 2852 2416 2922 iniquus
2467 2854 2669 2909 deridet
2718 2855 3006 2926 judicium.
3065 2858 3199 2914 lllud
3246 2862 3498 2918 videlicet

1916 2956 2026 3011 quo
2070 2943 2322 2998 dicitur:
2372 2944 2498 2999 Non
2560 2946 2755 3015 falsum
2803 2951 3156 3005 testimonium
3208 2952 3393 3020 dices;
3448 2965 3504 3011 et

300 3034 538 3106 Pigredo
588 3038 820 3093 immittit
864 3055 1127 3111 saporem.
1174 3020 1335 3113 Piget
1373 3043 1673 3114 appellatur
1722 3046 1813 3116 qui

1932 3041 2066 3088 :crte
2115 3034 2377 3102 futurum,
2410 3037 2478 3092 de
2508 3053 2614 3108 quo
2658 3054 2818 3109 supra
2856 3040 3057 3095 dicitur
3087 3061 3099 3096 ε
3131 3042 3295 3099 Testis
3334 3046 3501 3115 falsus

231 3137 379 3182 recte
400 3127 689 3183 sentiendo
712 3129 868 3199 quasi
892 3130 1097 3202 vigilat,
1121 3133 1368 3201 quamvis
1389 3134 1522 3187 nihil
1541 3137 1816 3205 operando

231 3217 514 3287 torpescit.
546 3217 655 3274 Sed
690 3220 910 3290 pigredo
958 3221 1199 3277 immittit
1237 3238 1505 3294 saporem,
1539 3226 1663 3295 quia
1687 3241 1816 3295 pau-

231 3307 401 3377 lisper
426 3309 594 3365 etiam
616 3319 763 3366 recte
786 3312 1052 3367 sentiendi
1079 3312 1351 3383 vigilantia
1374 3315 1662 3383 amittitur,
1689 3317 1816 3371 dum

233 3418 262 3453 a
290 3402 433 3458 bene
458 3403 717 3472 operandi
760 3404 941 3460 studio
978 3413 1241 3460 cessatur.
1284 3405 1453 3461 Recte
1484 3415 1664 3462 autem
1692 3409 1817 3463 sub-

230 3493 400 3548 ditur.

300 3582 374 3636 Et
402 3583 584 3638 anima
617 3582 879 3639 dissoluta
918 3587 1129 3640 esuriet.
1167 3585 1304 3641 Nam
1335 3588 1459 3657 quia
1487 3603 1544 3644 se
1566 3590 1633 3645 ad
1658 3606 1817 3660 supc-

232 3676 380 3729 riora
416 3674 731 3743 stringendo
758 3691 866 3731 non
896 3677 1097 3749 dirigit,
1125 3676 1428 3748 neglectam
1458 3678 1687 3736 inferius
1718 3697 1816 3750 per

229 3765 503 3821 desideria
542 3767 798 3836 expandit
843 3784 857 3821 :
897 3766 966 3822 Et
1012 3768 1139 3823 dum
1183 3768 1484 3823 studiorum
1539 3770 1817 3825 subtilium

233 3859 422 3930 vigore
453 3872 562 3914 non
589 3858 891 3929 stringitur,
925 3860 1232 3931 cupiditatis
1266 3861 1493 3917 infirma:
1520 3862 1662 3919 fame
1691 3881 1817 3920 sau-

232 3952 447 4017 ciatur,
501 3959 565 4005 ut
609 3966 717 4022 quo
757 3967 856 4023 per
905 3938 1242 4023 disciplinam
1294 3953 1448 4024 ligari
1492 3955 1816 4023 dissimulat,

235 4058 304 4098 eo
331 4058 391 4097 se
417 4042 667 4097 esuriens
694 4057 793 4114 per
819 4041 1159 4098 voluntatum
1185 4043 1509 4098 desiderium
1543 4053 1779 4115 spargat.

305 4130 607 4188 Feneratur
623 4132 849 4189 Domino
888 4134 977 4203 qui
999 4134 1276 4190 miseretur
1302 4137 1564 4206 pauperis,
1588 4146 1637 4191 et
1664 4137 1816 4192 vicis-

232 4226 522 4281 situdinem
552 4242 706 4281 suam
742 4226 920 4282 reddet
948 4228 1016 4282 ei.
1055 4225 1194 4286 Huic
1226 4229 1508 4284 sententias
1536 4230 1816 4285 veritatem

231 4319 433 4389 probat
457 4318 573 4389 ipse
609 4318 866 4376 Dominus
894 4334 1017 4376 eum
1054 4335 1115 4377 se
1146 4320 1543 4391 eleemosynam
1574 4321 1819 4377 facienti-

234 4412 339 4465 bus
363 4410 615 4465 daturum
634 4424 753 4466 esse
775 4410 1038 4481 praedicit.

310 4501 487 4555 Erudi
516 4499 684 4570 ﬁlium
713 4510 885 4568 tuum,
924 4518 989 4556 ne
1014 4502 1285 4573 desperes;
1312 4503 1382 4556 ad
1408 4502 1816 4572 interfectionem

235 4602 417 4647 autem
444 4591 561 4660 ejus
587 4607 832 4660 neponas
870 4592 1101 4645 animam
1147 4602 1313 4646 tuam.
1374 4591 1687 4661 Subjectum
1725 4592 1817 4647 tibi

234 4681 537 4754 quemlibet
556 4681 600 4735 si
643 4694 832 4736 errare
872 4681 1174 4753 conspicis,
1225 4681 1509 4751 diligenter
1551 4683 1819 4753 castigare

236 4780 449 4826 curato.
482 4770 646 4837 Quasi
681 4769 861 4825 curari
906 4771 1106 4836 renuit,
1137 4771 1212 4825 ita
1250 4785 1379 4841 erga
1410 4771 1557 4826 illum
1589 4788 1822 4827 Circum-

237 4870 425 4933 specto
450 4868 504 4914 et
534 4869 897 4931 temperanter
945 4876 1063 4934 age,
1113 4878 1182 4918 ne
1216 4863 1343 4931 quid
1377 4864 1599 4918 omnino
1630 4865 1681 4917 in
1715 4866 1820 4921 tuis

239 4954 423 5009 verbis
453 4952 536 5007 vel
563 4953 771 5009 actibus
797 4954 935 5008 unde
973 4953 1201 5025 amplius
1222 4966 1407 5024 peccet
1436 4956 1692 5010 inveniat.
1722 4956 1819 5011 Cui

237 5046 425 5104 sensui
452 5044 751 5117 opitulatur
780 5045 913 5101 illud
940 5047 1083 5117 quod
1101 5046 1347 5115 sequitur
1372 5064 1385 5101 :

310 5135 418 5203 Qui
441 5137 717 5207 impatiens
746 5146 839 5201 est,
871 5136 1143 5191 sustinebit
1172 5136 1420 5191 damnum
1446 5152 1463 5189 :
1490 5149 1537 5193 et
1574 5157 1690 5194 cum
1729 5159 1817 5196 ra-

237 5229 435 5296 puerit,
473 5226 621 5280 aliud
658 5236 898 5298 apponet.
937 5227 997 5282 Si
1024 5230 1169 5282 enim
1201 5229 1396 5282 duritia
1445 5233 1821 5287 contradicen-

244 5318 312 5373 tis
334 5318 522 5373 fratris
544 5333 706 5388 quem
739 5318 956 5373 erudire
984 5317 1213 5389 cepisti,
1248 5312 1573 5389 provocatus
1611 5323 1724 5393 ipse
1762 5325 1815 5379 in

242 5409 594 5478 impatientia:
639 5410 829 5465 vitium
879 5410 1098 5475 labaris,
1149 5412 1404 5466 damnum
1441 5414 1683 5483 profecto
1716 5425 1818 5471 ture

243 5500 460 5554 virtutis
505 5499 755 5554 incurris.
799 5498 869 5554 Et
905 5515 1027 5555 cum
1072 5499 1221 5554 illum
1263 5501 1449 5557 durius
1489 5503 1819 5574 increpando

245 5589 379 5645 forte
409 5602 563 5661 spem
581 5589 951 5658 promerendae
974 5587 1164 5644 salutis
1189 5590 1516 5662 agendusque
1544 5593 1817 5662 paeniten-

1920 3141 2023 3180 non
2056 3127 2154 3180 erit
2185 3127 2472 3197 impunitus
2496 3145 2514 3182 :
2540 3140 2587 3182 et
2615 3130 2704 3200 qui
2734 3129 2968 3201 loquitur
2997 3136 3268 3189 mendacia
3294 3139 3501 3206 peribit.

1989 3217 2059 3272 Et
2098 3219 2451 3290 osimpiorum
2491 3220 2701 3275 devorat
2735 3223 3080 3294 iniquitatem.
3111 3223 3264 3281 Sicut
3295 3228 3505 3283 fameli-

1920 3325 2016 3365 cus
2062 3311 2212 3365 refici
2256 3311 2395 3366 cibis
2439 3313 2727 3378 desiderat,
2775 3314 2848 3368 ita
2887 3316 3087 3385 impius
3112 3327 3172 3372 ut
3200 3317 3503 3390 iniquitatis

1920 3401 2266 3455 exsecutione
2294 3403 2546 3468 satietur,
2571 3403 2824 3458 ardenter
2849 3404 3104 3473 exquirit.

1997 3487 2195 3544 Parata
2242 3500 2360 3545 sunt
2406 3492 2723 3545 derisoribus
2753 3492 2987 3563 judicia,
3032 3506 3078 3548 et
3119 3494 3296 3550 mallei
3321 3514 3505 3568 percu-

1918 3585 2099 3638 ticntcs
2123 3584 2402 3652 stultprum
2429 3587 2751 3656 corporibus.
2786 3587 2853 3642 Et
2875 3589 2921 3643 si
2943 3591 3176 3661 reprobi,
3206 3593 3344 3647 sicut
3366 3609 3503 3664 pra:-

1920 3675 2123 3730 dietum
2166 3686 2271 3742 est,
2312 3676 2396 3730 vel
2432 3675 2693 3746 jussionis
2748 3688 2802 3733 et
2832 3680 3272 3737 comminationis
3311 3682 3503 3745 divina:

1915 3767 2177 3838 judicium
2238 3769 2519 3834 derident,
2580 3778 2773 3839 parata
2830 3780 3009 3826 tamen
3052 3788 3147 3828 eos
3191 3784 3504 3845 exspectant

1912 3857 2120 3927 judicia
2158 3858 2540 3925 damnationis,
2572 3872 2693 3929 quae
2722 3869 2782 3914 ut
2810 3861 2989 3916 mallei
3012 3862 3215 3917 ferrum
3243 3866 3504 3934 candens,

1922 3950 1996 4004 ita
2025 3964 2120 4004 cos
2146 3950 2201 4003 in
2236 3949 2457 4004 fornace
2488 3950 2747 4021 gebenna:
2776 3950 2894 4006 sine
2919 3950 3026 4007 ﬁne
3053 3955 3358 4009 verberent.

2517 4041 2743 4099 CAPUT
2782 4044 2903 4099 XX.

1993 4129 2218 4202 ProPter
2260 4132 2426 4203 frigus
2454 4133 2599 4203 piger
2621 4151 2777 4188 arare
2798 4135 2962 4189 noluit
2987 4154 3004 4191 .'
3030 4137 3340 4192 mendicabit
3379 4156 3499 4210 ergo

1921 4232 2123 4288 testate,
2154 4231 2203 4275 et
2234 4240 2335 4276 non
2362 4222 2574 4276 dabitur
2593 4225 2659 4278 ei.
2688 4224 2789 4292 Qui
2818 4243 2962 4282 nunc
2984 4240 3207 4299 propter
3240 4230 3503 4298 desidiam

1922 4316 1977 4369 in
2002 4313 2096 4367 Dei
2126 4313 2348 4368 servitio
2387 4313 2632 4370 laborare
2672 4317 2932 4388 neglexit,
2980 4335 3212 4376 ven.uro
3241 4323 3325 4377 die
3354 4322 3503 4393 regni

1850 4418 1901 4477 ι)
1928 4403 2276 4468 mendicabit,
2316 4412 2371 4458 ct
2401 4418 2503 4458 non
2540 4405 2755 4475 dabitur
2800 4408 2872 4473 ci,
2900 4409 3025 4478 quia
3054 4426 3389 4481 quiscunque
3415 4427 3501 4468 sc-

1923 4496 2216 4551 minaverit
2264 4497 2447 4561 homo,
2489 4496 2605 4551 hazc
2629 4505 2683 4551 et
2711 4508 2895 4555 metet.
2926 4501 3071 4556 Bene
3097 4503 3239 4556 enim
3277 4519 3501 4573 regnum

1922 4588 2017 4642 Dei
2044 4589 2219 4643 aestati
2260 4595 2626 4657 comparatur,
2684 4590 2810 4659 quia
2858 4599 2987 4646 tunc
3040 4595 3291 4648 mteroris
3337 4594 3503 4649 nostri

1923 4681 2105 4736 nubila
2155 4690 2458 4748 transeunt,
2491 4676 2545 4736 et
2569 4682 2691 4737 vita:
2714 4683 2827 4738 dies
2865 4684 3052 4738 aeterni
3095 4684 3225 4740 solis
3257 4688 3503 4743 claritate

1922 4758 2243 4846 fulgescunt.

1994 4865 2181 4921 Justus
2220 4868 2308 4938 qui
2344 4868 2576 4922 ambulat
2608 4869 2659 4922 in
2690 4868 3021 4939 simplicitate
3044 4888 3164 4935 sua,
3188 4871 3364 4925 beatos
3388 4881 3500 4939 post

1922 4974 1975 5012 se
1995 4958 2132 5025 ﬁlios
2154 4957 2492 5030 derelinquet.
2518 4960 2630 5015 Non
2659 4961 2760 5015 hoc
2785 4962 3079 5018 secundum
3102 4962 3335 5016 litteram
3362 4975 3502 5015 scm-

1922 5063 2020 5116 per
2046 5055 2190 5102 stare
2218 5057 2416 5116 potest,
2451 5065 2575 5102 nam
2607 5057 2660 5104 et
2695 5051 2885 5105 beatus
2919 5050 3157 5116 Samuel,
3187 5052 3272 5103 vir
3320 5048 3500 5117 justus

1925 5136 1995 5194 ac
2017 5139 2245 5210 simplex
2267 5140 2556 5195 dissimiles
2578 5142 2659 5194 sui
2689 5140 2827 5196 filios
2856 5142 3095 5211 reliquit,
3121 5150 3177 5193 et
3200 5140 3379 5195 Achas
3415 5140 3500 5193 in-

1917 5231 2097 5303 justus
2137 5246 2200 5284 ac
2230 5233 2489 5299 reprobus
2537 5233 2753 5285 beatum
2802 5240 2922 5302 post
2963 5247 3023 5287 se
3064 5231 3234 5285 ﬁlium
3286 5232 3502 5302 reliquit

1926 5322 2232 5377 Ezccliiam.
2260 5320 2367 5375 Sed
2390 5320 2670 5389 ﬁliosjusti
2696 5323 2821 5376 dicit
2845 5338 2958 5387 eos,
2988 5323 3078 5390 qui
3107 5321 3350 5392 exempla
3371 5323 3501 5391 justi

1926 5408 2242 5482 sequuntur.
2276 5409 2427 5466 Unde
2472 5427 2616 5466 nunc
2656 5427 2849 5466 omnes
2887 5412 3041 5465 electi
3086 5421 3306 5481 propter
3337 5409 3505 5491 fidem

1926 5502 2021 5555 ﬁlii
2046 5500 2294 5555 dicuntur
2330 5499 2581 5566 Abrahae,
2610 5508 2746 5555 teste
2772 5501 3028 5572 Apostolo
3055 5505 3146 5572 qui
3174 5503 3285 5555 ait:
3312 5503 3375 5558 Si
3401 5518 3500 5557 au-

1923 5602 2027 5646 tem
2058 5606 2149 5644 vos
2175 5587 2391 5658 Christi,
2423 5607 2544 5658 ergo
2577 5590 2801 5647 Abralue
2839 5609 3011 5647 semen
3048 5593 3169 5649 estis
3212 5591 3354 5653 (bal.
3383 5593 3498 5659 tu),
