3962 6198
413 284 516 341 745

1082 276 1140 331 Β.
1182 272 1435 330 RABANI
1472 270 1690 327 MAURI
1728 266 2043 326 ARCIHEP.
2086 266 2393 325 MOGUNT.
2435 268 2722 326 OPERUM
2761 270 2940 326 PARS
2973 271 3038 327 lli

3574 269 3685 323 7M

336 468 337 473 η
410 400 607 471 quibus
645 393 921 453 beatitudo
969 407 1075 448 non
1117 389 1280 461 huius
1303 388 1506 455 sicca“.
1543 389 1639 444 sed
1667 382 1835 442 futuri
1860 401 1986 456 prO-
2012 388 2061 447 A
2092 390 2290 445 munda
2312 404 2434 445 esse
2463 396 2518 444 et
2543 394 2689 443 recta
2714 393 2881 456 opera
2925 384 3162 455 intellige
3187 402 3201 438 :
3227 381 3401 450 Quem
3433 393 3568 435 vero
3598 381 3695 436 his

409 492 661 549 mittitur.
688 487 841 544 Unde
863 493 1016 541 recte
1041 481 1420 553 subjungitur:

483 579 597 634 Rea:
618 578 706 650 qui
720 577 866 642 sedet
889 576 944 630 in
968 573 1098 628 solio
1129 572 1326 643 judicii
1363 572 1584 642 dissipat
1619 585 1769 624 omne
1790 567 1990 622 malum

406 672 601 725 intuitu
646 686 763 724 suo.
824 666 891 721 Et
920 666 966 722 si
1010 664 1155 720 enim
1192 664 1247 717 in
1286 664 1386 719 hac
1407 663 1517 717 vita
1545 661 1703 717 electi
1732 659 1873 715 mala
1897 673 1993 730 pa-

413 762 618 816 tiuntur
656 758 1033 830 reproborum,
1075 754 1168 808 ubi
1197 753 1517 809 universalis
1540 750 1731 823 judicii
1754 750 1871 805 dies
1896 764 1993 819 ap-

407 868 445 922 p
464 852 669 915 xruerit,
701 851 883 906 omnia
914 847 1054 903 mala
1090 846 1446 917 dissipantur,
1484 850 1540 900 et
1566 841 1841 899 coronatis
1866 855 1990 896 cum

414 944 641 998 Domino
678 942 861 1011 justis,
908 940 1008 997 soli
1054 954 1244 1012 paruas
1292 935 1553 993 subibunt
1599 932 1805 1003 injusti,
1846 930 1990 1002 quod

407 1035 575 1090 etiam
605 1049 747 1087 nunc
787 1048 884 1102 per
922 1040 1105 1102 partes
1143 1030 1344 1100 agitur,
1372 1042 1497 1082 cum
1530 1025 1652 1096 quis
1678 1033 1988 1079 sanctorum

410 1124 583 1178 victor
604 1122 801 1178 exierit
823 1120 887 1176 de
910 1120 1128 1185 szeculo,
1169 1118 1265 1174 sed
1293 1127 1347 1172 et
1377 1116 1465 1172 ille
1492 1115 1583 1185 qui
1610 1129 1734 1170 eum
1759 1113 1989 1169 tribula-

405 1216 499 1271 bat
526 1223 838 1285 persecutor
859 1212 1019 1284 digna
1044 1211 1203 1266 factis
1227 1207 1510 1279 receperit.
1538 1206 1725 1262 Potest
1752 1206 1840 1260 hic
1860 1219 1989 1259 ver-

403 1324 499 1365 sus
523 1286 581 1362 et
603 1304 667 1360 de
693 1304 883 1359 electis
909 1303 1100 1373 accipi,
1130 1301 1254 1372 quia
1279 1300 1481 1354 habent
1508 1296 1796 1368 aliquando
1821 1295 1990 1350 laten-

406 1401 481 1456 tia
505 1400 558 1454 in
587 1407 767 1454 mente
805 1395 967 1461 mala,
997 1411 1117 1466 quae
1159 1394 1228 1449 ab
1263 1392 1386 1448 aliis
1424 1390 1596 1446 videri
1628 1405 1734 1445 non
1761 1395 1991 1459 possunt

406 1490 737 1553 hominibus,
771 1503 890 1558 quae
929 1496 1107 1541 tamen
1160 1484 1419 1538 Dominus
1455 1481 1649 1547 cernit,
1679 1479 1895 1550 quando
1923 1492 1989 1533 ea

390 1559 618 1634 ‘occulto
644 1584 890 1648 respectu
919 1574 1108 1647 gratiae
1140 1571 1394 1628 destruit.
1428 1569 1673 1638 Denique
1699 1566 1988 1622 Conversus

405 1669 663 1723 Dominus
721 1667 948 1738 respexit
1005 1663 1266 1729 Petrum;
1326 1675 1375 1717 et
1429 1660 1735 1717 recordatus
1796 1656 1986 1713 Petrus

410 1761 551 1815 verbi
582 1759 813 1823 Domini,
837 1766 943 1813 etc.
973 1756 1125 1829 (Luc.
1155 1753 1313 1826 χχιι).
1900 1820 1914 1829 υ

480 1849 612 1917 Quis
652 1858 815 1920 potest
849 1849 1020 1902 dicere
1057 1865 1076 1901 :
1109 1844 1370 1899 Mundum
1413 1852 1490 1898 est
1537 1858 1629 1897 cor
1658 1857 1851 1905 meum,
1889 1856 1991 1910 pu-

405 1956 495 1995 rus
529 1954 644 1994 sum
693 1954 727 1991 a
770 1946 1002 2008 peccato.
1037 1934 1344 1991 Notandum
1391 1932 1535 2004 quod
1566 1947 1673 1988 non
1713 1931 1829 1987 ait:
1860 1929 1993 1997 Quis

402 2037 585 2102 potest
614 2028 874 2083 mundum
905 2027 1107 2082 habere
1136 2040 1233 2081 cor
1253 2032 1309 2080 et
1335 2038 1505 2094 purus
1533 2038 1655 2079 esse
1678 2038 1706 2078 a
1731 2022 1993 2094 peccato?

404 2122 520 2186 sed,
541 2120 672 2186 Quis
692 2128 857 2191 potest
878 2118 1068 2183 dicere,
1096 2115 1295 2187 inquit,
1311 2115 1565 2169 mundum
1587 2122 1663 2170 est
1685 2129 1776 2169 cor
1793 2129 1990 2179 meum,

404 2225 572 2281 purus
612 2225 731 2263 sum
772 2226 805 2262 a
848 2214 1092 2279 peccato,
1121 2206 1251 2277 quia
1300 2212 1430 2261 sunt
1451 2204 1569 2274 qui,
1614 2202 1882 2274 largiente
1912 2202 1994 2257 di-

403 2303 528 2357 vina
543 2302 980 2375 gratia,possunt
991 2299 1152 2371 juxta
1174 2299 1470 2353 humanum
1493 2295 1714 2352 modum
1738 2302 1794 2350 et
1813 2292 1994 2349 cordis

404 2401 461 2447 ct
486 2393 671 2463 operis
690 2390 1011 2446 munditiam
1050 2388 1254 2444 habere
1279 2406 1291 2441 :
1318 2387 1462 2442 unde
1488 2394 1573 2442 est
1595 2385 1725 2441 illud
1752 2383 1995 2441 Domini-

405 2500 528 2538 uum
547 2501 560 2537 :
579 2483 733 2537 Beati
751 2481 948 2536 mundo
971 2480 1144 2546 corde,
1166 2479 1413 2551 quoniam
1435 2478 1534 2548 ipsi
1555 2476 1727 2533 Deum
1747 2474 1994 2531 videbunt

407 2571 628 2644 (Matth.
658 2572 737 2643 v).
772 2571 841 2626 Et
867 2571 921 2626 in
955 2569 1199 2641 psalmo:
1236 2567 1366 2635 Quis
1398 2565 1633 2622 ascendit
1671 2563 1729 2621 in
1767 2571 1992 2618 montem

409 2665 645 2731 Domini,
676 2672 768 2718 aut
796 2664 913 2734 quis
938 2662 1097 2717 stabit
1124 2662 1181 2716 in
1209 2666 1323 2715 loco
1347 2668 1529 2716 sancto
1557 2659 1711 2730 ejus?
1729 2657 1994 2714 Innocens

406 2755 649 2808 manibus
684 2761 733 2808 et
767 2752 963 2807 mundo
984 2750 1139 2808 corde
1165 2749 1340 2825 (Psal.
1371 2749 1554 2822 χχιιι).
1580 2748 1642 2805 Si
1662 2749 1808 2806 enim
1832 2763 1995 2806 nemo

410 2851 671 2906 mundum
717 2848 883 2905 habet
930 2862 1046 2913 cor,
1098 2861 1276 2917 neque
1321 2843 1461 2901 ullus
1490 2852 1576 2901 est
1617 2858 1787 2917 purus
1811 2858 1845 2900 a
1866 2857 1995 2915 pec-

406 2950 553 3008 cato,
595 2954 936 3010 consequens
959 2947 1042 2993 est
1073 2936 1339 3009 profecto,
1369 2944 1429 2993 ut
1451 2934 1632 2992 nullus
1655 2936 1912 2991 ascendat
1935 2933 1993 2989 in

408 3042 646 3089 montem
672 3031 911 3098 Domini,
930 3030 1112 3087 nullus
1132 3029 1413 3085 hominum
1441 3035 1549 3083 stet
1573 3027 1631 3082 in
1656 3026 1777 3083 loco
1802 3033 1992 3083 sancto

406 3128 550 3197 ejus,
582 3124 709 3197 quia
744 3139 873 3180 vero
908 3129 1122 3179 constat
1166 3120 1364 3176 multos
1402 3133 1724 3176 ascensuros
1753 3118 1807 3173 in
1835 3132 1991 3174 mou-

408 3228 515 3274 tem
556 3216 773 3272 Domini
809 3222 1155 3283 staturusque
1192 3212 1247 3267 in
1287 3218 1476 3267 sancto
1503 3210 1622 3266 loco
1648 3208 1785 3279 ejus,
1816 3219 1993 3267 restat

409 3308 596 3376 utique
626 3312 686 3360 ut
714 3304 825 3360 sint
858 3303 1015 3358 multi
1045 3301 1247 3357 mundo
1274 3300 1456 3366 corde,
1483 3308 1539 3356 et
1557 3300 1713 3371 juxta
1741 3300 1993 3356 humanae

407 3396 783 3468 possibilitatis
829 3394 1048 3450 modum
1095 3393 1215 3463 puri
1240 3407 1270 3446 a
1296 3401 1541 3463 peccato,
1581 3405 1683 3446 nec
1719 3397 1901 3446 tamen
1930 3405 1991 3447 se

409 3486 526 3556 ipse
562 3485 792 3554 quisque
826 3481 1231 3537 mundicordem
1273 3489 1330 3535 et
1370 3479 1665 3535 immunem
1705 3493 1827 3536 esse
1872 3493 1995 3550 pec,

409 3575 520 3632 cati
564 3576 770 3646 absque
804 3573 1109 3629 temeritate
1140 3570 1475 3642 pronuntiat.
1529 3569 1702 3626 Stulta
1730 3578 1814 3627 est
1840 3585 1995 3625 nam-

416 3682 521 3737 que
571 3666 803 3738 propriae
845 3664 1018 3720 laudis
1061 3662 1353 3731 iactantia,
1409 3662 1763 3718 temerarium
1798 3661 1865 3718 de
1896 3676 1994 3717 sua

414 3775 687 3832 quemque
730 3757 1036 3814 innocentia
1084 3755 1172 3811 vel
1211 3754 1423 3824 justitia
1472 3753 1696 3825 gloriari
1725 3771 1738 3807 :
1768 3753 1839 3807 Et
1866 3753 1995 3823 quia

415 3861 544 3910 sunt
569 3853 661 3924 qui
690 3867 788 3908 sua
817 3851 1038 3907 laudare
1071 3848 1227 3919 quasi
1257 3847 1440 3914 fortia,
1471 3846 1843 3918 proximorum
1866 3860 1997 3901 vero

413 3946 556 4001 facta
594 3942 763 3999 veluti
805 3942 936 3998 vilia
982 3940 1159 3998 solent
1203 3938 1530 4011 improbare,
1580 3945 1727 3994 recte
1772 3935 1998 4009 subjun-

450 4036 577 4092 itur.

451 4053 577 4092 lllll'.

413 4053 448 4110 8
487 4124 707 4181 Pondus
730 4132 779 4180 et
806 4122 1034 4195 pondus,
1076 4135 1324 4176 mensura
1345 4128 1394 4174 et
1415 4135 1686 4186 mensura,
1722 4125 1998 4189 utrumque

415 4216 766 4274 abominabile
791 4215 933 4288 apud
960 4213 1264 4268 Dominum.
1304 4211 1586 4268 Diversum
1615 4224 1850 4281 namque
1870 4224 2001 4282 pon-

418 4309 520 4365 dus
541 4308 596 4363 in
617 4307 777 4363 domo
799 4320 896 4361 sua
919 4304 1188 4359 diversam
1211 4301 1374 4357 habet
1400 4314 1732 4365 mensuram,
1760 4308 1818 4354 ut
1842 4299 2000 4355 aliter

415 4398 666 4454 videlicet
691 4394 1014 4464 sibimetipsi
1043 4392 1202 4448 aliter
1229 4389 1488 4447 metiatur
1518 4390 1786 4460 proximo,
1825 4389 1916 4459 qui
1942 4389 1997 4443 in

415 4492 531 4549 suis
569 4504 783 4563 semper
835 4490 1049 4545 actibus
1087 4502 1209 4558 quae
1255 4484 1481 4551 laudari,
1511 4483 1566 4539 in
1594 4483 1825 4539 aliorum
1863 4494 1994 4538 vero

415 4595 539 4654 quae
561 4580 853 4650 vituperari
885 4579 1096 4649 possint
1120 4578 1352 4632 rimatur
1381 4594 1393 4629 :
1424 4575 1492 4630 Et
1518 4574 1639 4631 ideo
1670 4574 1831 4629 talem
1848 4571 1997 4642 juste

417 4671 764 4729 abominatur
785 4670 1070 4737 Dominus,
1114 4669 1238 4739 quia
1266 4668 1523 4724 nimirum
1566 4675 1826 4737 quantum
1869 4666 1998 4722 sibi-

420 4759 633 4831 metipsi
675 4759 879 4827 absque
910 4758 1121 4813 meritis
1152 4757 1350 4829 placet,
1393 4764 1603 4813 tantum
1640 4771 1876 4827 superno
1911 4756 1995 4811 in.

416 4850 655 4925 spectori
691 4849 885 4904 merito
910 4848 1177 4919 displicet.
1223 4847 1425 4902 Verum
1465 4848 1592 4917 quia
1638 4847 1999 4918 periculosum

417 4951 503 5000 est
527 4942 720 5013 cuique
748 4939 815 4994 de
840 4939 1014 4994 aliena
1055 4938 1384 4994 conscientia
1411 4939 1677 5010 judicare,
1723 4939 1877 5010 cujus
1916 4940 1999 4993 in—

417 5033 714 5091 tentionem
754 5030 894 5086 scire
939 5029 1146 5100 nequit,
1187 5028 1281 5085 dat
1304 5028 1607 5093 consilium,
1640 5030 1997 5100 quibusjudi-

417 5126 519 5182 ciis
546 5124 812 5197 judicium
852 5121 1025 5178 nostri
1052 5122 1233 5178 cordis
1271 5136 1399 5193 erga
1425 5121 1728 5192 proximum
1766 5123 1996 5195 dirigere

419 5216 732 5281 debeamus,
761 5229 886 5269 nam
913 5213 1178 5284 sequitur.

490 5305 576 5361 Ea:
595 5305 785 5360 studiis
822 5304 932 5359 suis
960 5302 1269 5375 intelligitur
1293 5319 1441 5374 puer,
1470 5305 1516 5357 si
1549 5304 1744 5358 munda
1774 5302 1821 5359 et
1857 5315 1995 5360 recta

416 5396 522 5449 sint
572 5411 727 5466 opera
760 5396 894 5466 ejus.
938 5395 1321 5467 Quemcunque
1368 5396 1512 5449 enim
1559 5395 1846 5451 virtutibus
1883 5406 1997 5452 stu-

419 5484 551 5540 dere
575 5486 861 5556 conspicis,
888 5488 1039 5542 verbi
1061 5488 1255 5559 gratia,
1292 5487 1592 5552 modestiae,
1626 5486 1991 5553 continentiae,

422 5577 685 5631 auditioni
730 5579 1074 5647 sapientium,
1124 5590 1179 5636 et
1222 5582 1582 5637 observantia:
1614 5581 1991 5636 mandatorum

431 5664 543 5730 Dei,
587 5665 930 5737 maximeque
980 5669 1275 5726 humilitati
1324 5685 1388 5727 ac
1438 5670 1768 5741 simplicitati
1828 5668 1990 5740 hujus

2092 478 2427 534 contrarium
2456 478 2562 543 iter
2590 483 2774 533 tenere
2802 476 3182 546 deprehendis,
3218 475 3361 530 hunc
3398 472 3549 527 velut
3578 471 3697 526 im-

2093 568 2279 623 mundi
2303 582 2369 623 ac
2394 567 2606 622 distorti
2648 565 2828 621 cordis
2870 565 3146 621 hominem
3189 572 3284 618 aut
3323 563 3610 632 corrigere
3636 571 3700 614 et

2092 649 2382 730 castigai'e,
2414 665 2511 712 aut
2537 655 2585 712 si
2614 656 2720 712 hoc
2744 670 2854 711 non
2895 654 3044 710 vales
3081 656 3277 720 vitare,
3310 669 3374 709 ac
3404 652 3701 708 declinare

2093 761 2163 801 ne
2197 747 2349 802 abeo
2379 747 2494 818 ipse
2529 754 2719 801 curato
2743 760 2759 799 :
2783 757 2885 801 nec
2917 743 3092 800 videri
3134 744 3470 799 contrarium
3496 740 3695 806 debet,

2091 837 2235 906 quod
2276 837 2365 893 hic
2402 836 2630 893 studiosi
2664 836 2820 908 pueri
2844 835 3044 890 munda
3073 850 3196 893 esse
3238 850 3304 891 ac
3340 849 3470 889 vera
3509 847 3700 903 opera

2095 933 2345 981 testatur.
2395 915 2730 999 Supra'vero
2760 926 2873 981 ait:
2905 925 3037 993 Quis
3072 936 3236 998 potest
3268 926 3440 979 dicere
3461 942 3483 980 :
3511 923 3695 979 Hun-

2092 1013 2222 1070 dum
2253 1025 2327 1071 est
2369 1033 2460 1071 eor
2486 1033 2684 1083 meum,
2728 1032 2893 1089 purus
2933 1033 3051 1071 sum
3097 1033 3129 1070 a
3170 1015 3420 1086 peccato?
3468 1014 3526 1069 In
3581 1016 3701 1071 hoc

2092 1111 2240 1166 enim
2288 1125 2449 1166 versu
2493 1109 2731 1165 studium
2776 1117 2926 1166 recte
2965 1108 3182 1165 vivendi
3225 1108 3454 1164 suadet:
3486 1106 3543 1161 lu
3590 1105 3695 1162 illo

2090 1202 2566 1274 praesumptionem
2605 1201 2839 1272 propria:
2869 1201 3125 1271 puritatis
3164 1198 3461 1261 dissuadet,
3495 1198 3547 1252 in
3577 1197 3694 1253 isto

2092 1293 2414 1349 munditiam
2436 1300 2496 1348 et
2520 1291 2923 1357 rectitudincm,
2962 1290 3137 1361 qualis
3180 1290 3234 1344 in
3279 1289 3381 1344 hac
3418 1288 3529 1343 vita
3557 1301 3692 1343 csse

2086 1384 2359 1454 justorum
2393 1391 2572 1455 potest
2611 1383 2769 1439 docet
2798 1382 3144 1448 habendam;
3188 1381 3245 1436 In
3284 1381 3375 1436 illo
3403 1380 3689 1436 subtilita-

2094 1485 2203 1532 tem
2249 1474 2416 1531 divini
2459 1474 2747 1541 examinis,
2775 1490 2883 1545 qua
2911 1474 3191 1530 hominum
3232 1472 3375 1528 facta
3409 1480 3467 1528 et
3501 1472 3693 1526 inten-

2094 1568 2273 1623 tiones
2315 1566 2574 1638 dijudicat
2622 1576 2811 1623 monet
2849 1582 3067 1638 semper
3102 1575 3229 1622 ante
3258 1566 3444 1622 oculos
3471 1565 3690 1620 haben-

2092 1658 2239 1714 dam.
2288 1658 2438 1716 Unde
2464 1667 2521 1715 et
2549 1657 2699 1714 illum
2753 1659 2930 1716 locum
2981 1660 3189 1730 antiqui
3239 1660 3564 1729 interpretes
3607 1658 3687 1713 ita

2016 1736 2065 1796 Β
2098 1753 2493 1808 transtulerunt
2520 1771 2534 1807 :
2568 1751 2702 1808 Cum
2733 1753 2925 1808 sederit
2958 1770 3049 1807 rea:
3073 1753 3260 1823 juxtus
3288 1753 3343 1806 in
3369 1750 3501 1806 solio
3522 1751 3688 1821 judi—

2094 1845 2183 1911 eii,
2209 1846 2326 1916 quis
2353 1844 2667 1916 gloriabitur
2707 1855 2912 1900 castum
2954 1862 3009 1901 se
3048 1846 3239 1901 habere
3276 1859 3407 1899 cor:
3434 1855 3525 1899 aut
3560 1845 3685 1915 quis

2093 1936 2406 2008 gloriabitur
2445 1938 2701 1993 mundum
2738 1955 2796 1994 se
2825 1955 2935 1994 esse
2968 1956 3002 1993 a
3028 1939 3281 2009 peccato?
3313 1938 3411 2007 Qui
3445 1947 3505 1999 et
3532 1939 3689 2000 hunc

2094 2042 2255 2098 quem
2305 2029 2628 2099 exponimus
2675 2029 3003 2087 versiculum
3053 2028 3400 2089 manifestius
3445 2048 3690 2105 posuere

2094 2118 2337 2174 dicentes
2362 2138 2376 2173 :
2406 2118 2622 2175 Iuvenis
2654 2121 2745 2192 qui
2774 2137 2894 2175 cum
2927 2123 3077 2192 justo
3104 2133 3200 2189 est,
3236 2123 3435 2178 directa
3464 2126 3565 2179 erit
3598 2125 3686 2179 ria

2099 2213 2267 2270 illius.
2301 2214 2403 2282 Qui
2451 2215 2596 2272 enim
2639 2230 2763 2271 cum
2791 2217 3124 2291 sapientibus
3171 2221 3416 2291 graditur
3458 2221 3688 2292 sapiens

2094 2305 2221 2371 erit,
2251 2304 2394 2361 sicut
2437 2320 2470 2362 e
2511 2315 2704 2363 contra
2745 2309 2951 2373 amicus
2992 2310 3279 2366 stultorum
3319 2309 3588 2367 edicietur
3612 2312 3690 2367 si-

2095 2398 2256 2456 milis.

2165 2491 2360 2548 Aurem
2419 2493 2716 2550 audientem
2754 2504 2802 2550 et
2836 2497 3045 2553 oculum
3084 2497 3373 2563 videntem,
3421 2497 3688 2553 Dominus

2097 2583 2219 2653 fecit
2248 2594 2547 2658 utrumque.
2592 2587 2795 2644 Aurem
2839 2589 3148 2645 audientem
3195 2591 3329 2647 dicit
3378 2592 3687 2649 auditorem

2096 2673 2251 2731 verbi
2273 2675 2640 2743 obedientem,
2680 2680 2897 2736 oculum
2923 2681 3197 2738 videntem
3239 2683 3518 2739 doctorem
3559 2700 3688 2740 cru-

2096 2763 2290 2819 ditum.
2322 2763 2491 2822 Nemo
2520 2781 2651 2840 ergo
2676 2782 2797 2824 cum
2826 2783 2885 2824 se
2913 2769 3318 2841 Scripturarum
3341 2772 3571 2830 scientia
3596 2776 3683 2830 in-

2097 2857 2350 2913 stitutum
2384 2866 2440 2914 et
2479 2860 2546 2915 ad
2581 2859 2868 2915 dicendum
2912 2863 3137 2916 verbum
3183 2862 3280 2918 Dei
3319 2864 3520 2920 viderit
3562 2865 3685 2920 ido-

2095 2962 2280 3014 neum,
2321 2948 2586 3020 despiciat
2609 2950 3010 3020 simplicitatem
3052 2952 3259 3017 fratris,
3301 2956 3395 3026 qui
3434 2958 3540 3012 etsi
3576 2960 3684 3013 mi-

2090 3052 2200 3093 nus
2242 3037 2434 3095 doctus
2466 3039 2534 3094 ad
2570 3040 2996 3110 praedicandum,
3038 3057 3145 3098 non
3182 3051 3365 3099 tamen
3395 3046 3575 3101 minus
3600 3056 3686 3103 est

2094 3137 2376 3199 proruptus
2396 3130 2466 3185 ad
2490 3129 2803 3187 discendum
2834 3130 2919 3187 vel
2948 3131 3017 3187 ad
3035 3132 3366 3202 implendum
3397 3136 3538 3191 bona
3563 3153 3687 3206 qua:

2093 3216 2317 3285 didicit;
2348 3220 2445 3275 sed
2473 3221 2697 3287 recolat,
2736 3222 2864 3292 quia
2887 3224 2980 3293 qui
3010 3224 3113 3279 sibi
3143 3225 3411 3294 majorem
3440 3228 3689 3285 scientia:

2094 3307 2325 3380 gratiam
2352 3308 2520 3376 dedit,
2554 3310 2669 3380 ipse
2696 3310 2851 3367 fratri
2878 3328 3000 3383 qua:
3020 3314 3187 3371 habet
3211 3317 3516 3388 spirituaiia
3540 3319 3685 3375 dona

2095 3399 2307 3454 tribuit.
2339 3399 2450 3456 Nec
2478 3402 2581 3458 sibi
2610 3413 2833 3475 propter
2872 3419 2933 3461 se
2981 3407 3340 3477 solummodo,
3379 3412 3477 3470 sed
3516 3414 3684 3469 etiam

2094 3499 2318 3561 propter
2350 3490 2536 3549 fratris
2568 3496 2852 3551 commoda
2899 3498 3090 3572 tribuit
3128 3500 3267 3556 dona
3307 3518 3430 3572 quae
3477 3504 3683 3570 voluit,

2098 3581 2232 3638 dans
2279 3582 2571 3654 unicuique
2617 3586 2849 3657 gratiam
2900 3569 3200 3647 secundum
3237 3569 3551 3649 mensuram

2098 3672 2336 3729 nationis
2361 3688 2492 3730 suae.

2170 3761 2299 3817 Noli
2321 3764 2536 3835 diligere
2551 3768 2813 3823 somnium
2836 3787 2900 3825 ne
2922 3781 2972 3826 te
2993 3782 3190 3844 egestas
3214 3777 3475 3846 opprimat
3496 3795 3518 3832 :
3539 3781 3687 3848 aperi

2099 3853 2277 3909 oculos
2307 3864 2425 3910 tuos
2454 3868 2501 3911 et
2531 3868 2774 3915 saturare
2815 3863 3060 3933 panibus.
3098 3864 3218 3922 Noli
3269 3868 3494 3941 diligere
3539 3886 3688 3927 som-

2101 3944 2249 3999 nium
2293 3947 2503 4016 peccati
2555 3957 2611 4003 et
2656 3949 2908 4019 inertize,
2963 3953 3033 4010 de
3079 3970 3190 4025 quo
3233 3957 3528 4027 Apostolus
3567 3962 3684 4015 ait:

2100 4033 2253 4090 Hora
2284 4047 2358 4091 est
2378 4038 2499 4108 jam
2530 4054 2625 4094 nos
2663 4040 2728 4095 de
2745 4058 2928 4097 somno
2967 4061 3180 4116 surgere
3226 4046 3405 4118 (Rom.
3432 4051 3577 4120 ιιιι).
3610 4052 3690 4108 Ne

2102 4132 2156 4179 te
2192 4125 2240 4180 si
2288 4141 2431 4181 nunc
2472 4128 2613 4183 bene
2646 4129 3010 4201 vigilare'non
3033 4134 3138 4201 vis,
3177 4148 3392 4207 egestas
3419 4140 3473 4194 in
3502 4139 3687 4197 futuro

2102 4215 2193 4271 illa
2216 4217 2564 4288 gravissima,
2597 4220 2691 4275 ubi
2718 4236 2820 4278 nec
2847 4223 3049 4279 stillam
3090 4240 3247 4296 aquae
3282 4244 3447 4284 unam
3494 4230 3690 4289 sitiens

2103 4306 2348 4364 invenire
2375 4322 2545 4378 queas
2569 4321 2819 4382 occupet.
2860 4312 3023 4384 Aperi
3068 4317 3256 4374 oculos
3286 4319 3363 4374 tui
3403 4322 3588 4383 cordis
3616 4325 3688 4379 ad

2101 4397 2314 4469 vigilias
2360 4414 2563 4465 sacras,
2604 4408 2660 4456 et
2694 4403 3033 4460 saturitatem
3073 4407 3171 4462 tibi
3222 4409 3542 4480 gaudiorum
3574 4429 3690 4471 cm-

2104 4490 2322 4546 lestium
2362 4491 2499 4547 bene
2544 4492 2775 4550 vivendo
2805 4497 3082 4568 conquire.
3113 4499 3310 4555 Malum
3336 4510 3444 4567 est,
3480 4505 3686 4562 malum

2100 4591 2205 4651 est,
2223 4583 2356 4640 dicit
2384 4585 2561 4642 omnis
2590 4595 2822 4658 emptor,
2850 4597 2907 4645 et
2935 4604 3058 4644 cum
3084 4593 3390 4659 recesserit,
3419 4605 3551 4655 tunc
3572 4599 3688 4669 glo-

2106 4675 2358 4731 riabitur.
2382 4675 2525 4746 Ergo
2540 4685 2596 4733 et
2620 4677 2667 4734 is
2688 4679 2778 4749 qui
2805 4686 3006 4735 aeterna
3031 4681 3086 4737 in
3115 4682 3267 4738 cmlis
3291 4687 3514 4752 praemia
3538 4703 3689 4743 com.

2102 4780 2301 4836 parare
2344 4766 2637 4834 desiderat,
2676 4769 2876 4824 malum
2913 4778 3021 4837 est,
3061 4773 3202 4840 quod
3232 4773 3284 4827 in
3314 4779 3567 4842 praesenti
3595 4779 3687 4834 de-

2106 4856 2201 4912 bet
2231 4857 2520 4923 sustinere,
2552 4867 2614 4913 ut
2636 4874 2761 4914 cum
2794 4862 3083 4917 recesserit
3101 4863 3168 4917 de
3197 4866 3398 4920 mundo
3428 4876 3558 4925 tunc
3576 4870 3689 4940 glo-

2108 4946 2297 5013 rietur,
2338 4956 2525 5019 aperte
2563 4950 2917 5021 perspiciens,
2957 4952 3081 5022 quia
3122 4969 3226 5006 non
3260 4966 3383 5008 sunt
3410 4959 3686 5029 condignis

2103 5043 2370 5112 passiones
2413 5044 2573 5114 hujus
2602 5046 2849 5117 temporis
2886 5046 2955 5100 ad
2994 5046 3230 5117 futuram
3264 5047 3524 5118 gloriam,
3570 5071 3687 5125 quc

2104 5134 2414 5190 revelabitur
2440 5135 2495 5189 in
2518 5135 2664 5190 nobis
2689 5135 2868 5207 (Rom.
2896 5137 3037 5210 vui).

2175 5227 2378 5281 Aurum
2410 5236 2457 5280 et
2482 5226 2762 5282 multitudo
2800 5244 3147 5299 gemmarum,
3182 5240 3232 5286 et
3272 5246 3366 5286 uas
3400 5235 3684 5303 pretiosum

2104 5321 2246 5375 labia
2281 5321 2531 5376 scientiaz.
2563 5320 2690 5377 Hmc
2713 5330 2800 5378 est
2823 5322 3070 5394 gloriatio
3110 5325 3371 5396 sapientis
3398 5328 3685 5397 emptoris.

2102 5412 2217 5482 qui,
2245 5412 2483 5481 quandiu
2513 5413 2725 5478 emerit,
2753 5413 2952 5469 malum
2993 5430 3114 5471 esse
3160 5417 3291 5471 dicit
3317 5417 3465 5487 quod
3498 5432 3684 5473 secum

2104 5501 2312 5573 agitur;
2340 5516 2461 5557 cum
2490 5511 2673 5557 autem
2692 5505 3004 5571 recesserit,
3032 5506 3304 5563 lzetabitur
3328 5522 3389 5564 se
3410 5508 3689 5577 sapienter

2101 5592 2317 5647 emisse.
2350 5590 2442 5647 Sic
2465 5592 2669 5647 etenim
2689 5594 2854 5649 etiam
2883 5595 3121 5651 ccclestis
3147 5596 3299 5667 regni
3327 5604 3563 5664 emptor,
3592 5596 3685 5652 ubi

2100 5681 2227 5739 hinc
2251 5682 2536 5739 recesserit
2559 5684 2867 5752 exsultabit,
2886 5685 3226 5755 comperiens
3251 5685 3395 5741 labia
3418 5686 3688 5748 scientia,
