3962 6198
240 285 364 339 ’ἷίό

1028 274 1389 339 EXPOSITIO
1424 281 1492 337 IN
1532 281 1921 338 PROVERBIA
1965 279 2372 336 SALOMONIS.
2410 312 2480 321 ——
2514 281 2641 337 LIB.
2683 274 2744 337 ll.

3429 285 3531 343 7-30

232 402 295 456 id
327 407 448 464 cst,
476 397 737 452 doctrinm
773 398 1054 468 spiritalis,
1082 415 1187 469 qua
1218 415 1347 453 usus
1370 410 1453 453 est
1489 400 1542 453 in
1570 412 1850 468 eompara-
1882 400 1925 458 Α
1957 393 2012 447 lu
2037 394 2160 459 hoc,
2180 394 2371 463 inquit,
2398 396 2741 452 manifestum
2764 397 2951 462 claret,
2976 398 3099 467 quia
3124 400 3381 471 quidquid
3406 403 3531 461 boni

237 491 406 545 tione
442 490 768 555 caelestium,
811 506 965 555 auro,
1006 490 1233 562 gemmis
1267 498 1322 544 ct
1361 490 1503 544 vasis
1536 504 1655 545 esse
1703 488 1841 544 assi-

236 583 503 639 uiiianda
533 583 812 653 pretiosis.

315 671 526 729 Suavis
551 684 624 727 est
652 673 852 726 homini
872 673 1023 742 panis
1058 673 1335 737 mendacii,
1373 681 1421 725 et
1461 680 1638 742 postea
1665 671 1846 741 imple-

235 768 400 820 bitur
447 782 505 819 os
554 765 672 835 ejus
723 763 946 818 calculo.
990 763 1047 817 In
1077 778 1395 833 quocunque
1437 764 1680 818 membro
1724 763 1847 833 quis

239 855 495 927 amplius
516 856 842 927 peccaverit,
866 856 918 909 in
941 871 1005 910 eo
1026 855 1286 925 ampliora
1315 855 1366 909 in
1389 855 1588 909 ultione
1612 857 1847 924 patietur

240 955 554 1002 tormenta.
593 947 744 1003 Unde
772 955 918 1001 recte
947 946 1038 1017 qui
1062 947 1113 1000 in
1138 947 1313 1016 lingua
1356 948 1528 1018 magis
1559 948 1839 1017 delinquit,

238 1037 297 1090 in
324 1052 398 1092 ea
428 1038 550 1108 plus
575 1054 800 1092 arsurus
824 1053 945 1092 esse
972 1038 1307 1107 perhibetur,
1339 1038 1466 1093 dum
1491 1054 1551 1093 os
1573 1039 1691 1109 ejus
1725 1039 1839 1093 cal-

236 1126 400 1192 culo,
443 1128 536 1199 qui
566 1138 650 1183 est
675 1128 811 1198 lapis
841 1128 1055 1200 ignitus,
1098 1127 1411 1199 replendum
1439 1144 1558 1184 esse
1588 1128 1841 1193 refertur,

235 1218 395 1287 quod
438 1219 705 1275 accidisse
739 1227 954 1274 constat
987 1219 1137 1273 diviti
1162 1219 1235 1273 illi
1258 1220 1347 1290 qui
1376 1219 1688 1289 epulabatur
1712 1237 1843 1291 quo-

236 1307 378 1362 tidie
426 1310 733 1380 splendide,
775 1326 897 1365 eum
939 1309 994 1364 in
1031 1310 1246 1366 inferno
1290 1311 1486 1365 ardens
1532 1311 1843 1382 refrigerari

237 1400 347 1452 sibi
399 1416 432 1453 a
481 1400 690 1455 Lazaro
731 1400 965 1470 linguam
1008 1399 1242 1470 petebat.
1290 1399 1423 1454 Nam
1456 1401 1547 1469 qui
1576 1400 1630 1455 in
1663 1401 1843 1457 verbis

238 1505 472 1561 semper
523 1493 711 1548 vacuis
769 1493 823 1547 in
866 1492 1132 1563 epulando
1188 1491 1506 1558 deﬂuxerat,
1558 1494 1610 1546 in
1663 1493 1843 1565 lingua

239 1581 429 1653 magis
459 1582 706 1637 ardebat.

317 1670 390 1725 Et
422 1674 518 1744 qui
554 1672 742 1727 revelat
777 1674 1045 1743 mysteria,
1092 1683 1139 1727 et
1182 1672 1412 1728 ambulat
1456 1672 1835 1743 fraudulenter,

1947 483 2111 537 habet
2139 485 2368 554 quisque
2400 500 2428 539 a
2458 501 2514 540 se
2554 487 2668 555 ipso
2711 502 2815 541 non
2842 487 3024 551 habet,
3054 489 3146 543 sed
3176 505 3272 559 per
3299 492 3527 561 gratiam

1946 570 2063 637 Dei,
2087 574 2228 642 quod
2261 588 2360 629 nec
2386 589 2482 644 per
2506 575 2588 629 sui
2614 576 2915 630 libertatein
2946 576 3155 631 arbitrii
3187 579 3362 648 qualis
3392 580 3535 638 futu-

1946 679 2039 717 rus
2092 666 2190 732 sit,
2248 666 2483 736 qualiter
2535 675 2589 721 et
2640 667 2874 738 quandiu
2926 670 3167 724 victurus
3229 671 3535 746 intelligere

1946 754 2163 823 poterit.

2026 847 2202 903 Ruina
2241 859 2315 901 est
2356 848 2580 901 hominis
2631 847 2881 902 devorare
2929 859 3161 916 sanctos,
3188 862 3235 904 et
3267 862 3381 922 post
3414 866 3530 912 rota

1946 952 2248 997 retractare.
2298 938 2431 994 Cum
2470 946 2751 1010 peccatum
2786 939 2859 993 sit
2883 939 2974 993 ulli
3006 941 3284 996 hominum
3314 959 3527 1010 nocere,

1947 1042 2151 1103 quanto
2184 1031 2354 1101 magis
2386 1040 2487 1096 est,
2522 1045 2644 1085 cum
2687 1030 2809 1099 quis
2846 1042 3064 1086 sanctos
3108 1031 3199 1087 Dei
3244 1034 3532 1093 offenderit

1946 1124 2059 1178 sive
2088 1122 2308 1185 laeserit,
2339 1129 2393 1174 et
2419 1121 2576 1191 quasi
2620 1120 2725 1174 vile
2753 1122 3078 1190 mancipium
3108 1138 3206 1193 pro
3233 1125 3386 1181 libitu
3418 1143 3531 1187 suae

1944 1215 2237 1286 voluptatis
2261 1229 2354 1269 eos
2378 1222 2613 1269 tractare
2656 1229 2763 1269 non
2809 1215 3066 1269 timuerit.
3097 1218 3376 1287 Quomodo
3397 1235 3530 1289 qua.

1945 1306 2191 1376 draginta
2221 1306 2321 1359 viri
2352 1305 2405 1358 in
2437 1304 2646 1359 actibus
2674 1304 3055 1374 Apostolorum
3092 1308 3442 1374 devoverant,
3466 1327 3529 1370 se

1944 1412 2050 1452 non
2099 1397 2538 1461 manducaturos,
2580 1410 2755 1465 neque
2804 1396 3067 1453 bibituros
3107 1400 3279 1456 donec
3317 1403 3527 1459 occide-

1944 1495 2065 1541 rent
2100 1486 2342 1549 Paulum,
2376 1496 2431 1541 ct
2466 1485 2669 1557 Pagaui
2718 1502 2861 1557 smpe
2900 1497 2961 1543 ut
3003 1488 3234 1560 legimus
3275 1492 3378 1548 diis
3414 1496 3529 1550 suis

1943 1572 2373 1631 Christianorum
2415 1575 2677 1631 devorare
2713 1577 3051 1649 sanguinem.
3098 1578 3250 1636 llune
3289 1584 3526 1639 versier

1943 1665 2054 1721 lum
2075 1668 2297 1737 antiqua
2319 1668 2484 1723 editio
2498 1668 2653 1739 juxta
2676 1668 2838 1723 alium
2858 1684 3075 1725 sensum
3098 1673 3277 1740 posuit
3304 1674 3522 1730 dicens:

240 1773 288 1814 ει
322 1762 523 1817 dilatat
552 1763 693 1816 labia
719 1780 840 1830 sua,
869 1781 931 1817 ne
960 1763 1364 1818 commisceam.
1404 1763 1459 1818 Si
1494 1765 1615 1834 quis
1646 1764 1832 1819 volue-
1862 1759 1909 1820 Β
1940 1756 1993 1811 Μ
2003 1759 2241 1828 uscipula
2283 1768 2356 1813 est
2401 1759 2509 1813 viro
2537 1760 2698 1813 citato
2725 1760 2927 1830 aliquid
2960 1762 3024 1815 de
3055 1762 3164 1816 suis
3194 1781 3519 1823 conservare.

239 1856 313 1909 rit
370 1855 484 1909 tuis
533 1856 753 1909 misceri
804 1856 1056 1910 amicitiis
1106 1864 1162 1910 et
1203 1856 1347 1910 hunc
1391 1855 1589 1910 videris
1636 1855 1833 1925 prioris

238 1945 409 1999 amici
478 1944 802 2013 pandentem
861 1952 1107 2010 secreta,
1168 1944 1312 1999 hunc
1366 1944 1513 1999 velut
1565 1943 1829 2014 perfidum

245 2053 307 2091 ea
316 2052 405 2092 ve.

314 2128 623 2184 [hereditas
666 2128 735 2183 ad
765 2145 922 2200 quam
961 2128 1240 2200 festinatur
1267 2128 1320 2182 in
1342 2127 1620 2198 principio,
1650 2128 1702 2179 in
1733 2143 1831 2181 no-

236 2226 460 2280 tissimo
492 2224 839 2278 benedictione
867 2225 1078 2277 carebit.
1117 2222 1216 2291 Qui
1245 2238 1342 2292 per
1373 2223 1613 2276 avaritim
1648 2221 1832 2291 nequi-

239 2315 376 2371 tiam
408 2315 464 2368 iu
489 2315 590 2369 hac
632 2313 740 2367 vita
772 2313 1113 2384 multiplicari
1160 2320 1439 2383 appetunt,
1468 2312 1519 2364 in
1556 2310 1735 2364 futuro
1761 2310 1829 2364 ab

237 2415 452 2460 :eterno
479 2406 806 2476 patrimonio
834 2404 1144 2459 exhwredes
1174 2405 1325 2458 ﬂunt.
1355 2402 1525 2457 Aliter
1550 2422 1561 2455 :
1591 2401 1830 2455 llrrredi-

239 2508 322 2551 tas
346 2497 419 2549 ad
449 2514 605 2564 quam
632 2497 911 2567 festinatur
942 2498 993 2550 in
1026 2497 1304 2567 principio,
1347 2497 1401 2549 in
1430 2493 1705 2548 novissimo
1743 2492 1828 2547 be-

239 2588 541 2641 nedictione
571 2587 782 2641 carebit.
816 2587 915 2655 Qui
951 2586 1174 2657 gradum
1208 2585 1482 2656 regimiuis
1512 2576 1825 2654 priusquam

237 2679 477 2733 subesse
506 2679 778 2745 didicerit,
816 2687 1175 2748 prasposterus
1203 2677 1418 2747 accipit,
1450 2677 1503 2729 in
1535 2675 1827 2736 novissimo

238 2769 501 2823 mercede
537 2769 948 2834 benedictionis,
976 2784 1094 2840 qua:
1126 2768 1280 2825 bonis
1324 2767 1624 2825 rectoribus
1673 2772 1829 2826 debe-

241 2868 355 2927 tur,
385 2862 612 2917 carebit.
659 2862 759 2930 Qui
792 2865 857 2918 ad
898 2864 1251 2918 ministerium
1284 2863 1472 2918 altaris
1506 2863 1753 2918 indoctus
1774 2872 1829 2917 et

242 2955 571 3011 temerarius
605 2955 913 3021 accesserit,
947 2964 1001 3009 et
1028 2956 1141 3025 ipse
1177 2957 1231 3009 in
1260 2956 1346 3010 die
1384 2955 1673 3010 novissima
1702 2971 1828 3026 gra-

240 3045 378 3098 tiam
425 3046 897 3111 remunerationis,
946 3060 1064 3115 qute
1103 3045 1243 3100 bene
1282 3044 1713 3099 ministrantibus
1742 3059 1827 3100 re-

1936 1845 2126 1902 Postea
2158 1856 2337 1903 autem
2378 1857 2540 1918 quam
2588 1858 2773 1903 votum
2801 1848 2928 1905 fecit
2952 1852 3325 1920 pmnitentiam
3362 1856 3471 1927 agit
3502 1873 3515 1912 ;

1933 1941 1989 1989 et
2026 1934 2150 2003 quia
2183 1936 2448 2003 utrisque,
2484 1944 2537 1989 et
2564 1937 2644 1991 eis
2690 1937 2936 1992 videlicet
2974 1941 3064 2009 qui
3108 1956 3204 1995 sua
3233 1951 3357 1998 vota
3392 1960 3521 2000 con-

1934 2032 2203 2091 temnunt,
2243 2033 2295 2079 et
2328 2026 2408 2080 eis
2447 2027 2537 2095 qui
2568 2034 2625 2081 ut
2664 2042 2758 2081 sua
2800 2036 2924 2084 vota
2956 2031 3260 2102 compleant
3300 2045 3520 2092 sanctos

1932 2122 2349 2184 persequuntur,
2398 2115 2671 2180 damnatio
2713 2124 2886 2172 restat
2926 2126 3144 2183 :cterna,
3193 2130 3339 2177 recte
3392 2124 3518 2178 sub-

1936 2204 2081 2257 ditur
2105 2222 2119 2259 :

2008 2293 2238 2364 Dissipat
2266 2295 2449 2365 impios
2481 2312 2571 2350 rea:
2595 2296 2798 2367 sapiens
2825 2306 2874 2351 et
2904 2308 3083 2352 curvat
3112 2316 3268 2370 super
3291 2317 3375 2357 eos
3407 2302 3518 2372 for-

1932 2385 2116 2438 nicem.
2148 2384 2310 2439 Moris
2337 2395 2517 2441 autem
2552 2386 2720 2442 fuisse
2770 2388 3115 2457 antiquorum
3146 2399 3205 2444 ut
3230 2392 3421 2463 adepta
3451 2395 3517 2448 de

1932 2477 2089 2533 hoste
2110 2478 2335 2534 victoria
2366 2478 2603 2536 fornices
2641 2480 2739 2535 sibi
2772 2481 3065 2552 erigerent,
3105 2482 3155 2538 in
3184 2484 3380 2555 quibus
3406 2486 3516 2540 vir-

1932 2573 2111 2625 tutum
2139 2585 2358 2626 suarum
2397 2570 2582 2626 laudes
2611 2571 2998 2641 describerent,
3041 2575 3094 2629 in
3133 2573 3308 2630 Saulis
3352 2589 3516 2647 opere

1929 2657 2175 2732 legimus.
2232 2660 2491 2715 Dominus
2527 2676 2653 2736 ergo
2688 2665 2799 2718 liex
2837 2672 3021 2719 noster
3056 2680 3164 2719 non
3192 2664 3365 2721 solum
3408 2666 3512 2721 im-

1929 2753 2140 2828 piorum
2179 2749 2407 2810 destruit
2453 2755 2506 2808 in
2559 2753 2665 2808 line
2696 2752 2991 2816 malitiam,
3041 2752 3135 2809 sed
3178 2762 3233 2810 et
3263 2770 3514 2826 magnam

1930 2863 2052 2903 cum
2085 2847 2270 2903 electis
2300 2845 2413 2901 suis
2440 2844 2678 2914 ejusdem
2708 2843 2965 2915 triumphi
2997 2843 3223 2915 gloriam
3250 2854 3509 2915 perpetuo

1930 2940 2187 2995 celebrat.
2220 2938 2373 2993 llunc
2404 2952 2616 2992 versum
2641 2935 2863 3006 antiqua
2893 2935 3174 2993 translatio
3202 2937 3282 2993 sic
3307 2938 3508 2994 habet:

1940 3026 2230 3082 Ventilator
2250 3027 2527 3097 impiorum
2555 3040 2645 3079 rex
2670 3025 2899 3095 sapiens,
2944 3036 2991 3079 et
3018 3024 3259 3078 immittet
3294 3023 3400 3079 illis
3428 3041 3514 3079 ro-

240 3138 601 3207 promittitur,
640 3138 848 3208 perdet.
884 3107 1078 3192 'Pontest
1119 3144 1173 3190 et
1217 3137 1291 3190 ita
1339 3135 1529 3204 accipi,
1569 3135 1695 3205 quia
1734 3135 1824 3205 qui
1854 3107 1898 3169 Ο
1929 3128 2037 3174 iam
2070 3118 2349 3208 ’παίοηξηιν
2390 3117 2444 3172 id
2495 3124 2601 3208 βεεν
2647 3130 2864 3187 Damam
2914 3115 3060 3169 ΠυΠο
3109 3115 3216 3170 “ne
3261 3131 3517 3208 consum'

242 3228 296 3281 in
348 3227 603 3297 prtesenti
658 3243 783 3282 suas
835 3226 1018 3281 ulcisci
1066 3225 1177 3279 vult
1223 3223 1468 3293 injurias,
1513 3224 1603 3279 hic
1627 3239 1825 3280 corona

243 3317 522 3388 patientiae
565 3318 617 3371 in
662 3317 841 3370 futuro
886 3316 1112 3371 carebit.
1150 3313 1246 3369 Cui
1281 3314 1462 3369 sensui
1488 3313 1825 3385 potissimum

244 3410 464 3464 videtur
483 3408 772 3463 convenire
804 3408 943 3477 quod
978 3407 1257 3476 sequitur:

321 3500 376 3554 Ν
378 3521 405 3555 ε
417 3503 596 3556 dicas:
617 3501 850 3555 Reddam
869 3500 1065 3553 malum
1076 3541 1089 3563 ,
1103 3509 1341 3569 exspecta
1355 3498 1637 3553 Dominum
1651 3510 1697 3553 et
1708 3498 1830 3553 libe-

245 3592 382 3645 rabit
409 3604 477 3646 te.
521 3592 675 3660 Quod
700 3593 863 3647 etiam
897 3590 1167 3646 versiculo
1194 3592 1440 3661 sequenti
1473 3593 1666 3646 astruit
1703 3607 1825 3647 eum

244 3685 380 3738 dicit
405 3702 419 3737 :

319 3775 653 3830 Abontinutio
674 3783 746 3829 est
763 3772 903 3844 apud
924 3771 1202 3826 Dominum
1217 3775 1419 3842 pondus
1433 3781 1480 3826 et
1501 3771 1706 3843 pondus
1726 3781 1828 3826 sta-

245 3880 358 3922 tera
378 3868 584 3935 dolosa,
611 3885 714 3923 non
733 3879 805 3923 est
826 3868 1035 3921 bonum.
1061 3868 1261 3937 Duplex
1289 3883 1521 3938 namque
1544 3868 1753 3939 pondus
1774 3876 1828 3922 et

249 3966 514 4013 stateram
562 3958 724 4013 habet
750 3973 847 4012 suo
876 3957 929 4012 in
961 3957 1123 4011 corde
1146 3958 1406 4023 dolosam,
1433 3958 1524 4027 qui
1552 3958 1677 4011 dum
1702 3972 1827 4027 pee-

244 4048 456 4103 eaverit
496 4048 609 4118 ipse
649 4051 861 4103 veniam
889 4048 1026 4117 petit
1051 4048 1351 4114 aDomino,
1386 4055 1442 4102 et
1480 4047 1828 4102 nihilominus

246 4138 493 4211 peccanti
537 4139 589 4193 in
629 4155 686 4193 se
733 4138 934 4193 homini
987 4153 1051 4192 ac
1089 4137 1389 4207 pmnitenti,
1421 4137 1563 4206 quod
1586 4135 1829 4206 peccavit

247 4230 524 4284 dimittere
554 4245 659 4282 non
698 4229 849 4296 vult;
905 4246 1026 4283 eum
1074 4230 1166 4298 qui
1212 4230 1352 4284 Deus
1388 4237 1470 4284 est
1503 4227 1720 4283 ﬂectere
1758 4227 1827 4281 ad

248 4322 617 4376 miserandum
660 4323 912 4393 precibus
940 4323 1179 4393 satagit,
1224 4338 1346 4377 cum
1389 4322 1501 4392 ipse
1530 4323 1692 4376 homo
1719 4321 1828 4375 exi-

1928 3209 2198 3264 mandam.
2241 3207 2338 3264 Cui
2373 3207 2618 3262 videlicet
2647 3214 2779 3262 rota:
2807 3214 2997 3262 contra
3022 3215 3107 3262 est
3146 3222 3345 3263 corona
3390 3207 3516 3263 vitat

1927 3309 2161 3364 mternae,
2187 3314 2349 3370 quam
2378 3299 2525 3353 misit
2549 3299 2691 3353 Deus
2717 3297 3063 3369 diligentibus
3090 3314 3166 3353 se.

1998 3390 2235 3445 Lucerna
2261 3389 2478 3445 Domini
2510 3388 2829 3461 spiraculum
2874 3382 3131 3454 hominis,
3158 3405 3276 3460 qua:
3302 3391 3510 3445 investi-

1927 3492 2013 3554 gat
2042 3483 2214 3536 omnia
2251 3491 2448 3537 secreta
2471 3481 2683 3537 ventris.
2716 3480 2892 3535 Diviui
2922 3480 3134 3537 amatus
3165 3482 3510 3548 illuminatio,

1927 3590 2048 3629 cum
2068 3576 2119 3629 in
2138 3581 2318 3629 mente
2338 3574 2572 3630 hominis
2583 3574 2809 3638 venerit,
2826 3587 2945 3628 eam
2968 3573 3285 3646 sibimetipsi
3310 3572 3510 3628 illumi-

1925 3680 2063 3719 nans
2092 3665 2352 3731 ostendit,
2390 3681 2509 3735 quae
2537 3673 2665 3720 ante
2718 3662 2952 3734 Spiritus
3000 3666 3171 3720 sancti
3215 3669 3505 3722 adventum

1926 3757 2281 3827 cogitationes
2306 3772 2501 3828 pravas
2529 3767 2581 3813 et
2607 3765 2823 3828 portare
2852 3766 3065 3828 poterat
3083 3764 3136 3812 ct
3164 3772 3392 3827 pensare
3414 3774 3510 3814 uc-

1928 3845 2155 3900 sciebat.

1997 3934 2295 3990 Essultatio
2336 3935 2590 4004 juvenum
2636 3935 2889 4003 fortitudo
2926 3951 3125 4000 eorum,
3180 3946 3230 3990 et
3281 3937 3511 4007 dignitas

1925 4040 2105 4079 senum
2133 4024 2369 4078 canities.
2403 4023 2667 4078 Canitiem
2691 4024 3011 4093 sapientiam
3044 4025 3194 4079 dicit.
3231 4023 3381 4081 Tunc
3426 4036 3512 4082 et-

1926 4119 2070 4173 enim
2108 4117 2344 4173 civitatis
2367 4113 2625 4186 eujusque
2645 4116 2781 4170 bene
2802 4115 3084 4181 ordinatae,
3111 4124 3238 4172 tunc
3266 4130 3356 4173 res
3383 4131 3512 4173 san-

1926 4215 2026 4262 cta:
2062 4206 2317 4263 Ecclesia:
2347 4214 2493 4261 recte
2517 4212 2774 4276 aguntur,
2802 4219 2924 4258 eum
2947 4214 3003 4259 et
3029 4204 3281 4261 fortiores
3307 4207 3510 4277 quiquo

1925 4298 2131 4352 viribus
2181 4296 2505 4352 necessariis
2554 4295 2811 4351 insistunt
2856 4296 3129 4366 operibus,
3176 4306 3232 4352 et
3267 4298 3511 4355 seniores

244 4422 396 4468 stens
434 4412 599 4467 nullis
634 4388 909 4468 hominum
953 4388 1203 4484 precibus
1239 4411 1382 4467 ﬂecti
1408 4388 1489 4465 ad
1516 4411 1823 4466 misericor-
1858 4388 2722 4505 ῡξῐξῗξῖξῗμῐῖηξςξξξίῖ-Ιῖηάίιί
2749 4388 2818 4444 de
2856 4388 2925 4444 ίίδ
2968 4404 3091 4460 qm”
3126 4390 3337 4501 “Gem?”
3382 4400 3512 4448 ⁸³η*

246 4509 391 4562 diam
419 4508 607 4578 possit.
638 4508 737 4574 Qui
761 4508 883 4577 jure
905 4482 1058 4577 quasi
1094 4506 1314 4576 iniquus
1339 4504 1667 4575 ponderator
1693 4503 1825 4558 abo-

1941 4482 2227 4537 salubriter
2254 4482 2561 4538 consulunt.
3290 4494 3295 4501 '

249 4599 491 4653 minatur
510 4614 538 4651 a
564 4598 788 4651 Domino
810 4599 932 4669 quia
956 4613 1081 4651 suas
1103 4595 1325 4665 injurias
1348 4595 1643 4665 graviores,
1667 4608 1830 4665 quam

249 4688 462 4742 Domini
497 4697 859 4742 mensuratur.
892 4687 1048 4743 Verbi
1088 4688 1280 4759 gratia,
1336 4685 1523 4739 nolens
1552 4684 1829 4754 indulgere

248 4779 298 4830 ei
350 4778 443 4846 qui
489 4793 639 4831 suam
693 4794 914 4833 uxorem
964 4777 1173 4847 polluit,
1213 4784 1268 4831 et
1308 4776 1587 4845 postulans
1614 4776 1716 4831 sibi
1743 4777 1826 4830 in-

249 4868 461 4938 dulget‘i
509 4883 629 4922 eum
685 4868 823 4922 forte
881 4869 1259 4938 desponsatam
1308 4866 1523 4922 Christo
1562 4866 1825 4936 virginem

248 4954 627 5021 maculaverit,
664 4957 748 5010 vel
788 4965 933 5011 certe
956 4957 1190 5011 animam
1218 4971 1370 5009 suam
1406 4956 1515 5009 Deo
1560 4955 1612 5008 in
1650 4953 1828 5022 bapti-

249 5054 427 5101 smate
479 5057 846 5103 consecratam
899 5047 1076 5119 aliqua
1131 5047 1384 5102 vitiorum
1441 5048 1601 5102 sorde
1653 5044 1827 5099 foeda‘

248 5139 414 5193 verit.

323 5235 362 5286 ,4
414 5234 635 5289 Domino
670 5236 970 5307 diriguntur
1006 5252 1211 5306 gressus
1242 5237 1356 5290 viri.
1384 5234 1703 5305 Quicunque
1732 5236 1829 5289 ho-

250 5337 461 5377 minum
501 5339 718 5393 gressus
762 5333 968 5379 rectum
1010 5324 1112 5378 iter
1151 5323 1426 5387 incedunt,
1475 5339 1578 5377 non
1624 5325 1681 5377 lit
1724 5324 1827 5378 hoc

250 5410 502 5469 libertate
532 5416 747 5470 humani
779 5416 1006 5479 arbitrii,
1037 5416 1128 5471 sed
1158 5416 1545 5487 gubernatione
1577 5415 1718 5470 illius
1742 5416 1824 5470 cui

251 5503 385 5559 dicit
411 5503 573 5559 Isaias
599 5523 611 5558 :
639 5505 830 5560 Omnia
864 5508 1001 5560 enim
1024 5523 1182 5578 opera
1230 5516 1429 5571 nostra,
1474 5516 1714 5577 operatus
1754 5515 1829 5560 est

258 5595 399 5647 nabis
426 5594 558 5659 (Isa.
590 5595 757 5662 xxvi).

332 5687 460 5750 Quis
492 5698 663 5739 autem
697 5689 963 5740 hominum
996 5687 1280 5759 intelligere
1304 5697 1469 5759 potest
1493 5687 1630 5740 viam
1652 5703 1822 5741 suam.

620 5780 893 5841 l’nnoc.
935 5780 1102 5842 CXI.

2006 4592 2163 4648 Livor
2181 4592 2407 4648 vulneris
2433 4600 2687 4666 absterget
2714 4595 2875 4662 mala,
2909 4602 2957 4649 et
2986 4593 3157 4666 plaga:
3182 4595 3236 4649 in
3264 4598 3510 4652 secretio-

1936 4684 2078 4737 ribus
2102 4684 2313 4738 ventris.
2342 4682 2476 4738 Cum
2500 4685 2643 4740 enim
2671 4686 2907 4741 exterius
2932 4687 3267 4756 percutimur
3290 4689 3357 4743 ad
3379 4704 3511 4758 pec-

1935 4782 2177 4829 catorum
2206 4781 2514 4829 nostrorum
2544 4776 2858 4831 memoriam
2914 4776 3060 4831 taciti
3106 4774 3392 4847 aﬂlictique
3419 4791 3510 4832 re-

1934 4882 2215 4931 vocamur,
2261 4876 2316 4921 et
2343 4882 2442 4936 per
2470 4868 2573 4923 hoc
2605 4870 2748 4939 quod
2787 4867 2919 4925 foris
2954 4871 3189 4939 patimur
3214 4871 3387 4943 magis
3428 4871 3511 4925 in-

1933 4969 2019 5013 tus
2046 4957 2188 5027 quod
2217 4956 2441 5013 fecimus
2472 4960 2733 5025 dolemus.
2765 4961 2950 5031 sicque
3000 4961 3081 5027 ﬂt,
3132 4970 3193 5015 ut
3220 4963 3363 5017 inter
3384 4960 3504 5014 vul-

1931 5064 2061 5104 nera
2095 5060 2281 5118 aperta
2311 5052 2555 5121 corporis
2587 5054 2756 5122 magis
2785 5068 2882 5107 nos
2909 5053 3091 5106 abluat
3114 5052 3265 5121 plaga
3296 5056 3505 5105 secreta

1930 5141 2155 5206 ventris,
2182 5143 2306 5209 quia
2336 5151 2491 5196 sanat
2521 5144 2790 5213 nequitias
2835 5143 2987 5213 pravi
3019 5143 3197 5212 operis
3234 5140 3503 5196 occultum

1930 5233 2123 5289 vulnus
2170 5235 2385 5289 doloris.
2452 5234 2600 5289 Solet
2644 5237 2838 5305 quippe
2890 5236 3094 5289 ventris
3149 5235 3506 5307 appellatione

1930 5341 2084 5380 mens
2123 5327 2313 5394 accipi,
2361 5328 2484 5396 quia
2518 5329 2654 5382 sicut
2703 5337 2888 5382 venter
2916 5327 3185 5381 consumit
3221 5342 3391 5390 escas,
3432 5327 3505 5382 ita

1930 5430 2083 5469 mens
2110 5417 2489 5485 pertractando
2533 5418 2783 5486 excoquit
2812 5433 3000 5479 curas,
3050 5418 3188 5472 sicut
3215 5417 3507 5472 divisiones

1931 5518 2213 5571 aquarum,
2262 5503 2333 5556 ita
2366 5518 2458 5557 cor
2487 5505 2629 5573 regis
2672 5504 2723 5557 in
2753 5519 2911 5558 manu
2937 5503 3051 5559 Dei.
3094 5503 3274 5571 Quare
3294 5520 3390 5562 cor
3416 5520 3503 5559 re-

1933 5593 2035 5664 gis,
2072 5602 2259 5647 etnon
2308 5594 2484 5663 potius
2510 5595 2748 5648 omnium
2793 5595 3067 5650 hominum
3109 5596 3164 5651 in
3204 5612 3365 5652 manu
3410 5596 3504 5653 Del

1934 5699 2052 5739 esse
2077 5684 2353 5753 perhibet,
2388 5700 2508 5739 cum
2538 5686 2792 5756 scriptum
2821 5686 2909 5754 sit,
2950 5685 3088 5750 Quia
3114 5687 3168 5742 in
3214 5704 3371 5741 manu
3394 5686 3508 5757 ejus

2998 5783 3072 5843 '2't
