3962 6198
433 217 532 271 747

421 341 539 386 sunt
564 345 737 385 omnes
767 328 897 405 lines
917 335 1068 381 teme
1098 323 1271 397 (Psal.
1302 324 1471 397 xcn'),
1503 323 1606 378 nisi
1633 323 1772 378 forte
1795 336 1999 394 regem,
2032 323 2077 381 Α

421 432 665 479 sanctum
712 433 979 491 quemque
1002 417 1264 488 appellat,
1296 416 1388 487 qui
1413 417 1666 471 vitiorum
1692 415 1829 471 bella
1859 415 1913 468 in
1945 429 2003 469 se

423 519 536 586 ipse
570 515 786 569 vincere
813 521 869 568 et
902 512 1159 567 virtutum
1187 510 1376 565 militia
1421 511 1571 566 novit
1608 510 1817 580 stipari.
1850 508 2003 565 Sicut

421 605 567 659 enim
603 603 862 660 Dominus
891 600 1170 656 multiﬁdis
1213 615 1475 670 aquarum
1511 600 1863 655 divisionibus
1886 607 2001 654 ter--

423 709 604 749 ratum
639 692 775 749 ﬁnes
800 692 907 747 late
938 689 1096 746 simul
1126 698 1182 743 et
1209 690 1353 745 aeris
1382 689 1589 760 implet,
1630 690 1762 761 tegit
1784 705 1999 760 quoque

422 784 577 853 aquis
601 782 878 853 superiora
904 779 1202 836 caelorum:
1244 781 1316 835 ita
1348 795 1444 835 cor
1469 779 1633 851 Regis
1681 796 2001 851 quocunque

420 871 649 928 voluerit
695 869 936 925 inclinat.
1000 868 1135 936 Quia
1183 870 1323 925 sicut
1366 869 1660 925 divisiones
1703 869 1999 939 gratiarum

415 962 568 1033 juxta
595 959 928 1016 voluntatem
965 974 1119 1015 suam
1149 968 1204 1013 et
1230 959 1436 1031 angelis
1480 968 1535 1014 et
1567 959 1876 1014 hominibus
1905 959 2002 1013 tri-

415 1054 557 1119 buit,
595 1053 669 1108 ita
695 1053 860 1107 etiam
900 1051 1063 1107 corda
1121 1058 1433 1105 sanctorum
1466 1051 1875 1120 quibuscunque
1907 1065 2003 1105 vo-

418 1142 596 1207 luerit,
624 1141 783 1214 digna
814 1139 1193 1198 donationibus
1215 1141 1412 1207 reddit,
1438 1154 1618 1211 neque
1640 1140 1805 1194 ullum
1834 1141 2000 1196 habet

419 1231 774 1306 Pelagianista
802 1232 1001 1298 locum,
1055 1245 1162 1301 quo
1190 1232 1395 1303 absque
1423 1231 1519 1287 Dei
1547 1230 1718 1301 gratia
1746 1230 1869 1301 quis
1893 1229 2001 1286 sal-

418 1338 518 1378 vus
541 1322 657 1379 ﬁeri
684 1322 876 1393 possit.

999 1430 1224 1489 CAPUT
1261 1430 1403 1488 XXI.

487 1564 739 1621 Perversa
786 1565 869 1620 cia
918 1564 1018 1618 viri
1064 1563 1237 1618 aliena
1265 1572 1339 1617 est
1365 1576 1383 1613 :
1423 1563 1513 1634 qui
1557 1573 1733 1617 autem
1770 1562 1997 1617 mundus

416 1664 513 1722 est,
558 1664 753 1709 rectum
809 1670 938 1725 Opus
964 1654 1099 1723 ejus.
1149 1651 1301 1707 Juste
1347 1668 1527 1707 coram
1560 1652 1787 1707 Domino
1817 1652 1997 1706 vivere
2030 1668 2074 1727 Β

418 1746 696 1818 proprium
725 1753 809 1800 est
840 1745 1088 1799 humana:
1110 1743 1455 1809 conditionis,
1485 1744 1626 1798 unde
1675 1742 1800 1798 alibi
1831 1743 1998 1798 dicit:

423 1838 586 1893 Deum
608 1836 731 1891 time
748 1845 796 1891 et
819 1835 1070 1889 mandata
1091 1835 1205 1905 ejus
1246 1834 1480 1902 observa,
1511 1835 1609 1890 ltoc
1628 1845 1704 1890 est
1725 1835 1861 1889 enim
1888 1851 2003 1890 om-

418 1929 498 1983 nis
522 1927 676 1982 homo
706 1925 895 1999 (Eccli.
924 1924 1044 1998 xu).
1081 1926 1153 1979 At
1193 1926 1283 1996 qui
1312 1940 1566 1996 perverse
1608 1926 1743 1982 vivit
1772 1925 2002 1980 alienam

418 2016 658 2091 profecto
700 2032 732 2072 a
767 2018 1003 2073 humana
1033 2025 1226 2071 natura
1273 2018 1416 2072 viam
1472 2017 1692 2073 incedit.
1739 2017 2004 2073 Perversa

417 2123 546 2181 ergo
574 2107 717 2164 actio
746 2107 923 2163 aliena
966 2115 1049 2162 est
1073 2114 1129 2162 et
1154 2115 1345 2163 contra
1373 2118 1643 2164 naturam.
1689 2109 1790 2176 Qui
1822 2117 2004 2164 autem

417 2199 650 2255 mundus
674 2198 828 2254 estin
846 2210 1030 2268 opere,
1061 2197 1150 2252 hic
1169 2208 1319 2255 recte
1338 2200 1480 2270 quod
1504 2214 1603 2270 per
1630 2208 1877 2254 naturam
1900 2199 2005 2255 ori-

417 2294 669 2368 ginsliter
693 2294 945 2362 sumpsit,
970 2293 1304 2363 exsequitur.

488 2384 678 2441 Melius
705 2393 779 2438 est
805 2384 981 2438 sedere
1001 2384 1056 2438 in
1087 2383 1279 2454 angulo
1309 2384 1537 2439 demotis
1558 2400 1717 2456 quam
1745 2402 1864 2440 cum
1887 2401 2005 2440 mu-

416 2476 541 2532 liere
561 2475 792 2548 litigiosa
814 2476 868 2530 in
897 2475 1051 2530 domo
1072 2476 1354 2530 communi.
1390 2476 1539 2532 Adeo
1564 2493 1751 2533 verum
1779 2487 1861 2533 est
1886 2491 2003 2534 me-

417 2567 521 2623 lius
541 2581 663 2623 esse
699 2573 760 2621 ut
787 2565 976 2622 sedeas
1009 2566 1065 2620 in
1092 2565 1289 2636 angulo
1315 2564 1571 2634 domatis,
1616 2566 1671 2621 id
1700 2576 1786 2622 est
1818 2569 1872 2622 in
1911 2582 2003 2624 se-

416 2665 562 2715 creta
591 2656 872 2712 altitudine
919 2657 1044 2713 vitae
1066 2656 1479 2713 continentioris
1507 2673 1671 2728 quam
1705 2674 1830 2714 cum
1877 2675 2001 2715 mu-

417 2751 549 2806 liere
572 2749 712 2805 mala
740 2749 796 2803 in
829 2749 1008 2816 domo,
1038 2763 1159 2820 qua:
1185 2749 1279 2805 tibi
1311 2751 1382 2805 sit
1408 2765 1532 2806 cum
1567 2750 1655 2806 illa
1674 2753 1999 2821 communis,

418 2850 477 2897 ut
498 2840 711 2897 etiamsi
737 2840 940 2910 optima
968 2840 1065 2895 tibi
1094 2840 1287 2896 mulier
1308 2841 1552 2897 ducenda
1580 2840 1860 2911 offeratur,
1888 2860 2002 2900 me-

418 2932 520 2988 lius
548 2932 619 2988 sit
643 2938 954 3002 contempto
983 2931 1254 2987 connubio
1279 2940 1501 3004 propter
1529 2934 1847 2989 comitatum
1877 2935 2002 3006 agni

416 3023 665 3079 cmlibem
687 3023 888 3078 ducere
913 3022 1099 3076 vitam.

490 3134 595 3202 Qui
620 3134 829 3190 obturat
867 3149 1048 3189 aurem
1074 3150 1224 3190 suam
1248 3134 1320 3190 ad
1340 3135 1620 3192 clamorem
1647 3139 1910 3210 pauperis,
1957 3149 2004 3194 et

418 3227 524 3297 ipse
546 3224 792 3281 clamabit
821 3233 869 3279 et
897 3241 1001 3281 non
1035 3226 1369 3282 exaudietur.
1399 3225 1739 3285 Generaliter
1768 3230 1883 3286 haec
1910 3246 2003 3286 ac-

417 3314 666 3387 cipienda
689 3314 955 3372 sententia
978 3356 994 3382 ,
1023 3322 1079 3372 et
1106 3331 1215 3371 non
1253 3317 1319 3372 de
1346 3332 1516 3387 egeno
1548 3327 1757 3373 tantum
1781 3319 1864 3374 vel
1886 3335 2007 3375 cor-

419 3406 674 3476 poraliter
705 3404 942 3462 inﬁrmo.
966 3402 1104 3461 Nam
1146 3412 1202 3461 et
1226 3406 1318 3477 qui
1348 3407 1401 3461 in
1446 3408 1764 3464 criminibus
1792 3410 2004 3476 alienis,

420 3515 527 3555 non
556 3495 750 3554 affectu
780 3498 1167 3554 misericordiae
1217 3514 1339 3554 cum
1363 3499 1548 3556 dolore
1575 3502 1673 3557 sed
1709 3501 2007 3572 judicantis

420 3587 694 3643 invenitur
714 3593 900 3643 tenere
923 3600 1233 3653 censuram,
1258 3588 1496 3643 ostendit
1517 3604 1577 3645 se
1599 3591 1831 3646 necdum
1852 3592 2008 3648 Vitio-

419 3692 538 3733 rum
567 3676 774 3734 fecibus
799 3676 1114 3747 cliquatum,
1151 3692 1326 3749 neque
1354 3679 1541 3735 auditu
1566 3680 1761 3738 divina:
1781 3683 2007 3739 misera-

419 3768 581 3824 tionis
604 3767 842 3823 existere
873 3768 1112 3840 dignum.

489 3884 684 3940 Munus
716 3884 1077 3940 absconditum
1116 3885 1405 3955 exstinguet
1452 3886 1561 3940 iras
1589 3926 1605 3952 ,
1648 3896 1697 3941 et
1728 3887 1925 3942 donum
1951 3890 2007 3944 in

417 3978 538 4032 sinu
566 3975 979 4045 indignationem
1008 3974 1316 4029 maximam.
1349 3974 1450 4041 Qui
1480 3975 1616 4030 iram
1660 3975 1893 4032 districti
1920 3976 2007 4046 ju-

419 4072 577 4138 dicis,
627 4084 792 4142 quam
841 4068 1116 4140 peccando
1174 4070 1395 4136 meruit,
1448 4070 1665 4140 placare
1712 4072 2005 4144 desiderat,

418 4164 790 4236 eleemosynas
814 4163 905 4217 det
955 4160 1278 4232 pauperibus
1300 4202 1314 4226 ,
1366 4169 1422 4217 et
1456 4162 1559 4218 hoc
1589 4162 1735 4218 nulla
1769 4164 2005 4219 delecta-

419 4254 567 4309 tione
594 4252 797 4310 favoris
823 4251 1065 4319 humani,
1102 4251 1199 4307 sed
1226 4260 1437 4307 tantum
1484 4268 1670 4309 amore
1713 4255 2008 4311 conditoris

1106 207 1165 261 Β.
1206 205 1459 261 ΒΑΒΑΝΙ
1496 204 1714 261 MAURI
1752 202 2069 259 ARCHIEP.
2111 202 2419 259 MOGUNT.
2461 203 2745 260 OPERUM
2779 204 2957 260 PARS
2994 205 3078 261 Ill.

3582 205 3695 260 748

2186 318 2281 372 Vir
2305 321 2397 390 qui
2422 321 2669 374 erraverit
2694 338 2725 373 a
2756 321 2837 374 via
2860 320 3132 386 doctrinae,
3161 320 3215 372 in
3243 327 3373 373 ctrlu
3398 320 3701 389 gigantium

2106 411 2529 463 commorabitur.
2562 409 2820 481 Gigantes
2845 410 2976 464 dicit
3012 410 3316 464 immundos
3353 410 3595 479 spiritus,
3627 409 3703 466 de

2106 502 2301 571 quibus
2352 511 2405 556 et
2432 502 2495 554 Β.
2532 499 2675 555 Job:
2720 500 2858 555 Ecce
2907 502 3174 572 gigantes,
3221 501 3425 571 inquit,
3475 508 3700 571 gemunt

2103 596 2196 650 sub
2241 597 2431 668 aquis,
2482 608 2531 649 et
2575 596 2662 667 qui
2710 594 2947 648 habitant
3003 610 3120 647 cum
3166 594 3239 648 eis
3303 591 3425 665 (Job
3510 592 3698 663 xm),

2104 692 2157 746 id
2198 699 2284 745 est
2313 731 2328 754 ,
2385 689 2602 760 superbi
2649 696 2705 743 et
2743 686 2882 742 male
2929 686 3096 743 fortes
3137 686 3360 757 spiritus
3401 685 3704 739 daemonio-

2104 796 2244 845 rum,
2294 795 2416 834 cum
2465 779 2548 833 his
2580 793 2715 848 quos
2769 779 3098 848 deceperunt
3152 776 3463 830 hominibus
3512 776 3702 846 poenis

2103 873 2309 927 subacti
2349 882 2685 942 torquentur,
2727 871 2918 925 horum
2956 869 3098 925 enim
3131 871 3296 927 οωιυί
3339 871 3704 926 sociabuntur

2102 962 2302 1032 quique
2330 976 2361 1014 a
2391 960 2475 1013 via
2502 960 2752 1015 veritatis
2790 968 3128 1025 erraverunt,
3178 962 3294 1031 ipso
3325 959 3508 1028 judice
3553 968 3705 1014 atte-

2102 1060 2300 1117 stante,
2336 1052 2429 1121 qui
2464 1066 2523 1107 se
2552 1051 2658 1107 illis
2687 1052 2956 1107 dicturum
3004 1066 3126 1107 esse
3155 1051 3408 1122 prazdixit
3454 1066 3469 1104 :
3517 1050 3706 1107 Disce-

2102 1144 2209 1197 dite
2248 1160 2279 1197 a
2305 1159 2407 1210 me,
2440 1142 2724 1209 maledicti,
2751 1143 2807 1197 in
2845 1141 3019 1212 ignem
3047 1151 3299 1196 trternum
3318 1183 3333 1208 ,
3362 1142 3451 1212 qui
3487 1158 3702 1211 prama-

2102 1243 2249 1287 ratus
2278 1242 2351 1287 est
2392 1230 2600 1286 diabolo
2631 1241 2679 1285 et
2721 1230 2919 1301 angelis
2954 1230 3067 1300 ejus
3107 1229 3325 1301 (Matth.
3360 1230 3511 1303 xxv).

2172 1321 2281 1377 Pro
2303 1325 2451 1394 justo
2480 1324 2642 1377 datur
2669 1323 2879 1394 impius,
2909 1329 2957 1376 et
2990 1338 3084 1392 pro
3116 1320 3266 1376 rectis
3296 1322 3525 1393 iniquus.
3550 1319 3702 1375 Justi

2100 1425 2154 1472 et
2183 1418 2313 1471 recti
2340 1430 2460 1471 esse
2483 1416 2624 1470 idem
2649 1415 2920 1480 videntur,
2947 1413 3039 1468 sed
3066 1412 3231 1468 distat
3259 1412 3401 1467 inter
3420 1412 3619 1481 impios
3642 1422 3705 1465 et

2101 1508 2345 1579 iniquos,
2376 1507 2518 1578 quod
2546 1507 2713 1578 iniqui
2738 1506 2847 1561 sint
2867 1521 3057 1561 omnes
3083 1506 3333 1577 reprobi,
3359 1505 3509 1575 impii
3540 1519 3699 1570 vero,

2100 1600 2195 1671 qui
2250 1599 2545 1671 majoribus
2582 1598 2841 1669 implicati
2888 1597 3222 1661 sceleribus,
3273 1596 3358 1651 vel
3410 1611 3699 1666 nunquam

2106 1706 2276 1747 sacrae
2303 1691 2558 1762 mysteria
2595 1689 2718 1745 ﬁdei
2749 1696 3089 1759 receperunt,
3120 1688 3206 1743 vel
3233 1697 3353 1760 post
3373 1697 3597 1760 accepta
3623 1688 3699 1742 ad

2106 1782 2431 1853 apostasiam
2467 1782 2765 1837 redierunt.
2817 1779 2970 1836 Unde
2995 1788 3178 1851 potest
3224 1780 3324 1835 hoc
3354 1779 3409 1834 in
3444 1778 3565 1835 loco
3596 1780 3704 1834 im-

2104 1873 2224 1944 pius
2252 1873 2430 1928 omnis
2457 1871 2695 1928 ﬁdelium
2736 1880 3054 1943 persecutor
3088 1872 3265 1927 dictus
3290 1872 3480 1942 accipi.
3522 1873 3699 1928 Porro

2104 1966 2411 2036 iniquorum
2458 1965 2718 2021 vocabulo
2761 1965 3083 2037 generaliter
3123 1980 3314 2020 omnes
3369 1965 3497 2019 mali
3545 1964 3698 2020 desi-

2104 2058 2278 2131 gnari.
2316 2057 2384 2112 Et
2427 2073 2528 2128 pro
2548 2054 2696 2126 justo
2723 2058 2883 2113 datur
2907 2057 3123 2128 impius,
3165 2072 3286 2112 cum
3316 2070 3417 2127 pro
3446 2064 3699 2128 martyre

2107 2161 2444 2222 persecutor,
2472 2150 2565 2222 qui
2592 2165 2718 2206 eum
2747 2151 2909 2206 morti
2940 2150 3086 2206 dedit
3120 2150 3361 2221 punitor.
3390 2149 3500 2205 Pro
3526 2148 3700 2204 rectis

2107 2243 2278 2314 iniqui
2298 2243 2390 2314 qui
2415 2257 2599 2298 eorum
2625 2239 2886 2312 justitiam
2912 2241 3159 2297 videntes
3180 2238 3384 2295 imitari
3410 2238 3694 2294 nolebant.

2105 2334 2348 2390 Herodes
2394 2334 2683 2389 damnatur
2726 2347 2835 2388 non
2880 2341 3090 2388 tantum
3140 2346 3242 2404 pro
3288 2331 3696 2392 innocentibus.

2104 2442 2240 2499 quos
2271 2426 2433 2497 impie
2458 2425 2579 2481 neci
2609 2424 2851 2492 tradidit,
2879 2424 2976 2481 sed
3000 2433 3056 2479 et
3080 2432 3429 2496 augmentum
3461 2424 3696 2479 damna-

2107 2517 2267 2573 tionis
2299 2516 2512 2587 accipit,
2553 2515 2679 2585 quia
2719 2514 2879 2570 ﬁdem
2920 2530 3203 2587 magorum
3237 2514 3388 2584 sequi
3432 2514 3503 2570 ad
3545 2529 3701 2585 qua-

2103 2609 2330 2664 rendum
2356 2609 2642 2663 Dominum
2670 2608 2873 2675 noluit,
2901 2622 3023 2663 cum
3058 2619 3205 2664 esset
3237 2605 3458 2664 Judmus
3482 2615 3541 2663 et
3566 2622 3700 2679 pro-

2105 2701 2390 2770 phetarum
2433 2700 2575 2755 dicta
2614 2709 2987 2772 cognosceret.
3035 2700 3173 2757 Hinc
3199 2701 3400 2757 etenim
3434 2701 3702 2757 Dominus

2107 2792 2225 2848 ait:
2254 2789 2453 2862 Regina
2485 2792 2666 2846 Austri
2703 2801 2877 2862 surget
2901 2792 2959 2845 in
2977 2791 3186 2862 judicio
3214 2808 3332 2846 cum
3361 2793 3701 2862 generatione

2104 2882 2206 2939 ista
2230 2922 2246 2950 ,
2288 2892 2336 2936 et
2364 2882 2725 2937 condemnabit
2755 2899 2903 2949 eam,
2930 2891 3036 2938 etc.
3069 2883 3221 2952 (Luc.
3261 2884 3363 2955 ιι.)
3415 2883 3533 2940 Non
3567 2887 3700 2956 quia

2107 2974 2223 3044 ipsa
2249 2989 2344 3029 sua
2370 2973 2569 3029 virtute
2592 2988 2656 3029 ac
2682 2975 2917 3045 potentia
2940 2974 3340 3041 condemnabit,
3366 2976 3464 3031 sed
3490 2976 3621 3047 quia
3643 2977 3699 3033 in

2106 3066 2222 3136 ejus
2250 3067 2654 3137 comparatione
2682 3066 3204 3132 condemnabuntur,
3233 3066 3326 3137 qui
3351 3067 3702 3123 devotionem

2105 3158 2220 3230 ejus
2245 3160 2479 3215 scientes
2501 3200 2516 3225 ,
2541 3174 2664 3215 cum
2695 3158 2865 3214 multo
2888 3156 3101 3220 facilius
3130 3166 3386 3229 possent,
3419 3158 3703 3230 sapientiae

2106 3265 2293 3305 curam
2323 3249 2741 3305 dissimulabant
2769 3248 2989 3304 habere.

2179 3339 2479 3394 Tltesaurus
2550 3338 2912 3395 desiderabilis
2964 3349 3014 3395 et
3062 3339 3235 3395 oleum
3285 3341 3343 3395 in
3394 3341 3701 3397 habitacula

2099 3431 2263 3501 justi,
2293 3430 2597 3501 imprudens
2630 3430 2786 3485 homo
2812 3431 3085 3503 dissipabit
3124 3431 3275 3488 illud.
3320 3432 3560 3490 Claritas
3601 3434 3704 3489 bo-

2107 3535 2300 3576 norum
2326 3534 2548 3591 Operum
2585 3520 2813 3576 Domino
2834 3536 3048 3591 semper
3077 3522 3325 3588 amabilis
3346 3530 3403 3577 et
3422 3524 3699 3595 pinguedo

2107 3609 2410 3665 dilectionis
2463 3609 2518 3664 in
2562 3617 2874 3665 sanctorum
2927 3610 3169 3667 Ecclesia
3220 3610 3471 3682 refulget.
3523 3611 3699 3680 Quem

2109 3700 2431 3756 versiculum
2465 3698 2528 3753 B.
2559 3715 2699 3771 papa
2726 3698 3019 3772 Gregorius
3052 3702 3107 3757 in
3142 3701 3381 3763 bomiliis
3418 3701 3694 3773 Evangelii

2101 3794 2256 3864 juxta
2286 3791 2567 3863 antiquam
2595 3791 3000 3847 translationem
3026 3792 3204 3862 posuit
3235 3810 3247 3846 :
3282 3790 3586 3846 Thesaurus
3610 3791 3703 3847 de-

2106 3882 2404 3939 siderabt'lis
2444 3882 2715 3953 requiescit
2742 3883 2797 3935 in
2822 3899 2911 3937 ore
2940 3882 3189 3952 sapientis
3212 3898 3232 3937 :
3262 3897 3450 3937 verum
3476 3882 3700 3954 reprobi

2108 3990 2216 4031 non
2237 3982 2446 4030 tantum
2474 3974 2703 4028 virtutes
2724 3987 2829 4028 non
2854 3971 3086 4043 assequi,
3112 3972 3205 4027 sed
3231 3972 3395 4027 etiam
3419 3971 3699 4044 persequi,

2108 4073 2163 4121 et
2188 4074 2451 4134 quantum
2474 4062 2657 4118 valent
2681 4062 2735 4116 in
2767 4062 2923 4117 bonis
2942 4062 3171 4117 obruere
3197 4062 3479 4118 festinant.
3511 4062 3705 4120 Potest

2110 4170 2240 4212 sane
2267 4163 2324 4210 et
2354 4154 2443 4209 hic
2467 4168 2658 4209 versus
2684 4153 2751 4208 de
2780 4151 3019 4222 quolibet
3047 4160 3349 4224 martyrum
3381 4152 3560 4224 accipi
3587 4193 3606 4220 ,
3642 4153 3701 4208 in

2111 4248 2264 4319 cujus
2300 4245 2631 4312 habitaculo,
2661 4244 2715 4300 id
2739 4252 2843 4311 est,
2869 4259 3109 4316 corpore,
3141 4247 3319 4300 anima
3356 4245 3701 4315 sancta,_Dei

419 4346 513 4416 qui
559 4345 803 4401 cordium
852 4342 1067 4399 occulta
1109 4343 1367 4412 respicit;
1422 4345 1503 4400 sic
1538 4345 1681 4401 enim
1709 4344 1771 4400 lit
1809 4362 2007 4402 munus
2030 4371 2086 4431 Β
2112 4340 2363 4395 videlicet
2391 4340 2675 4394 thesaurus
2700 4345 2965 4401 servetur,
2997 4337 3232 4393 abundet
3272 4344 3328 4392 et
3361 4338 3547 4393 unctio
3573 4352 3701 4409 gra-

418 4436 815 4501 absconditum,
845 4435 924 4491 sic
949 4435 1016 4490 ad
1035 4434 1388 4505 mitigandam
1412 4437 1707 4493 conditoris
1727 4438 1863 4492 iram
1885 4453 2007 4507 pro-

422 4529 641 4590 ﬁcuum,
681 4526 729 4581 si
755 4525 904 4579 nullo
937 4532 1177 4580 externa:
1205 4525 1577 4582 retributionis
1607 4528 1801 4581 intuitu
1828 4528 2005 4596 porri-

420 4626 600 4691 gatur,
631 4618 710 4673 sic
736 4616 1067 4687 implebitur,
1096 4618 1240 4687 quod
1269 4617 1384 4687 ipse
1408 4618 1665 4688 praecepit
1689 4635 1703 4675 :
1740 4617 1811 4672 Te
1830 4628 2005 4674 autem

420 4710 644 4781 faciente
672 4707 1073 4778 eleemosynam,
1113 4709 1308 4763 nesciat
1339 4709 1552 4765 sinistra
1581 4720 1673 4764 tua
1695 4710 1820 4782 quid
1844 4709 2006 4779 faciat

420 4798 607 4852 dextra
639 4806 729 4851 tua
757 4795 971 4869 (Matth.
997 4795 1099 4866 v1).

491 4888 757 4945 Gaudium
768 4888 917 4959 justo
938 4896 1015 4941 est
1040 4887 1212 4958 facere
1223 4887 1513 4957 judicium,
1534 4897 1581 4942 et
1602 4905 1763 4959 pavor
1786 4905 2008 4959 operan-

419 4981 558 5038 tibus
597 4980 943 5052 iniquitatem.
994 4976 1204 5033 Gaudet
1225 4978 1406 5048 justus
1442 4994 1566 5036 cum
1595 4980 1752 5035 bonis
1779 4980 2007 5036 desudat

418 5073 698 5145 aperibus,
730 5070 860 5143 quia
886 5078 1069 5141 sperat
1113 5084 1172 5125 se
1209 5078 1431 5140 propter
1481 5071 1598 5125 haec
1624 5069 1782 5126 bonis
1820 5087 2002 5128 remu~

421 5165 723 5221 nerandum
764 5178 886 5219 esse
934 5162 1301 5231 perennibus;
1358 5171 1414 5216 at
1456 5177 1586 5218 vero
1633 5163 1847 5234 reprobi
1876 5164 2001 5219 dum

420 5257 561 5312 mala
589 5272 709 5327 qua:
735 5256 902 5313 Deum
938 5255 1278 5327 prohibuisse
1308 5264 1525 5321 norunt,
1555 5254 1781 5323 faciunt,
1816 5271 2009 5328 quam-

422 5350 503 5404 vis
529 5364 639 5405 suaa
665 5349 890 5404 luxuria:
913 5349 1311 5420 perpetratione
1330 5349 1618 5404 carnaliter
1652 5350 2005 5416 delectentur,

424 5441 621 5496 mentis
642 5448 823 5495 tamen
865 5456 1065 5511 pavore
1098 5442 1313 5497 interno
1338 5456 1525 5497 carere
1558 5451 1848 5514 nequeunt,
1879 5444 2006 5512 quia

423 5544 481 5582 se
510 5529 652 5585 mala
678 5541 937 5602 perpetuo
962 5547 1214 5602 passuros
1240 5547 1339 5603 pro
1381 5531 1466 5593 his
1493 5548 1615 5604 quae
1639 5533 2006 5603 temporalitcr

427 5620 564 5677 male
595 5621 855 5689 fecerunt,
882 5639 988 5680 non
1011 5624 1310 5697 ambigunt.

2110 4430 2199 4488 tim
2226 4429 2483 4501 spiritalis
2524 4447 2538 4483 :
2591 4438 2648 4483 at
2684 4436 2997 4499 persecutor
3040 4428 3351 4499 imprudens
3386 4429 3699 4498 huiusmodi

2110 4522 2476 4580 habitaculum
2504 4522 2840 4592 disrumpere
2862 4520 3406 4592 potest.Thesaurum
3426 4537 3580 4588 vero,
3601 4524 3700 4593 qui

2110 4615 2419 4673 habitacula
2458 4614 2740 4671 tenebatur
2772 4622 2827 4670 et
2867 4613 3044 4669 oleum
3088 4628 3430 4684 nequaquam
3472 4623 3702 4688 tangere

2110 4717 2288 4780 potest
2315 4726 2329 4762 :
2361 4706 2505 4762 unde
2528 4705 2787 4760 Dominus
2807 4705 2963 4760 docet
2990 4720 3096 4760 non
3118 4705 3295 4761 timeri
3319 4721 3417 4762 eos
3436 4708 3530 4776 qui
3553 4710 3701 4763 occi-

2113 4802 2247 4857 dunt
2284 4815 2502 4870 corpus,
2528 4807 2585 4854 et
2624 4805 2745 4868 post
2783 4798 2886 4853 hoc
2910 4812 3019 4853 non
3055 4798 3259 4854 habent
3296 4798 3532 4868 amplius
3567 4801 3698 4871 quid

2109 4890 2334 4946 faciant.

2179 4980 2450 5036 Civitatem
2474 4980 2691 5051 fortium
2712 4980 2941 5034 ascendit
2961 4977 3168 5050 sapiens
3182 4988 3230 5034 et
3251 4979 3509 5036 destruxit
3532 4983 3694 5037 robur

2108 5076 2321 5144 ﬁducia:
2360 5075 2495 5145 ejus.
2539 5072 2829 5128 Civitatem
2871 5072 3087 5127 fortium
3116 5073 3373 5129 mundum
3412 5074 3569 5141 dicit,
3600 5075 3689 5146 qui

2108 5164 2378 5236 quondam
2435 5164 2793 5234 malignorum
2845 5162 3131 5233 spirituum
3188 5164 3461 5233 tyrannidi
3525 5164 3690 5220 stulte

2110 5256 2366 5314 subactus
2412 5256 2716 5322 serviebat,
2762 5255 2968 5310 habens
3004 5254 3256 5309 fiduciam
3290 5256 3417 5311 vitae
3444 5255 3503 5310 in
3542 5256 3689 5311 cultu

2110 5365 2297 5405 eorum
2336 5349 2428 5419 qui
2462 5364 2570 5402 non
2598 5356 2723 5403 sunt
2764 5347 2858 5411 dii,
2898 5346 2994 5400 sed
3021 5361 3185 5417 opera
3214 5362 3469 5402 manuum
3512 5348 3685 5403 homi-

2109 5457 2271 5515 num;
2327 5442 2467 5497 hauc
2499 5441 2772 5496 civitatem
2820 5440 3043 5494 intravit
3077 5439 3165 5495 ille
3203 5449 3364 5495 natus
3410 5440 3461 5494 in
3498 5454 3681 5503 carne,

2107 5533 2196 5604 qui
2232 5542 2315 5587 est
2340 5532 2435 5588 Dei
2465 5533 2638 5587 virtus
2662 5541 2716 5587 et
2754 5532 2847 5586 Dei
2876 5531 3159 5601 sapientia,
3191 5531 3563 5600 destruxitquc
3591 5544 3684 5601 per

2106 5641 2233 5682 suos
2258 5624 2641 5695 praedicatores
2674 5623 2876 5680 cultum
2911 5623 3167 5690 deorum,
3209 5622 3264 5678 in
3302 5623 3498 5694 quibus
3537 5622 3679 5676 fuere
