3962 6198
238 264 365 327 7i9

1028 262 1396 324 EXPOSlTlO
1433 264 1498 320 IN
1538 262 1933 320 PROVERBIA
1977 266 2390 326 SALOMONIS.
2430 302 2499 312 —
2538 272 2663 327 LIB.
2704 273 2766 328 ll.

3440 279 3544 341 750

238 383 455 439 conﬁsi
486 383 733 439 veritatis
770 384 977 455 ignari,
1015 394 1176 455 atque
1206 383 1258 437 in
1289 382 1394 438 ﬁde
1420 380 1722 438 caelestium
1761 379 1856 434 do-
1885 386 1932 443 Α
1962 395 2123 449 quam
2160 396 2449 453 parumper
2476 394 2852 457 conceperant.
2903 386 3224 447 innocentes
3251 405 3379 448 vero
3403 393 3549 466 Apo-

238 475 369 529 cuit
409 475 720 531 habendam
752 492 874 532 esse
903 475 1152 543 ﬁduciam
1172 516 1186 539 ,
1218 490 1338 545 qnte
1360 487 1637 542 nunquam
1676 477 1859 542 posset

242 566 493 622 destrui.
547 567 656 625 Sed
695 578 751 624 et
780 569 1021 639 quotidie
1049 567 1323 623 civitatem
1354 564 1576 621 fortium
1612 562 1859 620 ascendit

239 659 484 729 sapiens
510 667 568 714 et
603 658 837 715 destruit
883 659 1048 714 robur
1078 656 1290 713 ﬁducite
1319 656 1436 726 ejus
1455 696 1471 724 ,
1509 671 1632 711 cum
1663 654 1859 725 aliquis

243 748 437 806 ﬁdelis
463 751 679 816 doctor,
710 758 1026 822 argumenta
1049 748 1513 820 philosophorum,
1539 745 1625 803 vel
1645 744 1860 801 haereti-

241 855 470 908 corum,
527 841 614 896 vel
665 843 830 897 etiam
875 849 1227 898 contumaces
1272 839 1571 896 carnalium
1627 837 1857 892 fratrum

242 933 761 998 contradictiones,
790 921 988 1003 quibus
1014 947 1109 987 sua
1139 931 1347 988 scelera
1372 929 1663 986 defendere
1698 938 1753 985 et
1778 928 1857 983 al-

239 1020 464 1080 levi‘are
520 1026 801 1088 nituntur,
844 1022 1145 1078 assertione
1187 1021 1313 1077 ﬁdei
1366 1016 1423 1076 et
1475 1021 1855 1077 ecclesiastica:

243 1113 639 1185 castigationis
678 1112 963 1184 disciplina
1011 1113 1308 1185 redarguit,
1347 1119 1511 1182 atque
1545 1113 1854 1170 eviscerans

241 1206 504 1260 annulat.

318 1298 500 1354 Testis
532 1299 758 1354 mendax
783 1298 968 1370 peribit
996 1313 1014 1351 :
1054 1300 1132 1354 vir
1163 1298 1404 1353 obediens
1426 1296 1660 1369 loquitur
1685 1296 1851 1351 victo-

240 1390 410 1445 riam.
456 1390 563 1458 Qui
604 1406 663 1446 se
695 1391 805 1447 Deo
845 1391 1052 1447 servire
1091 1399 1347 1456 testatur,
1388 1405 1490 1446 nec
1520 1388 1680 1445 factis
1706 1389 1851 1445 dicta

240 1482 594 1552 exsequitur,
617 1481 841 1553 peribit;
874 1482 966 1551 qui
1001 1490 1182 1536 autem
1225 1479 1455 1536 ﬁdeliter
1473 1489 1534 1535 ut
1560 1479 1848 1549 promittit,

238 1570 417 1642 jussis
461 1573 715 1628 subditur
743 1573 960 1637 divinis,
1011 1571 1171 1642 hujus
1204 1571 1427 1643 loquela
1465 1570 1534 1626 ad
1564 1568 1851 1624 victoriam

244 1666 543 1738 pervenit:
577 1665 702 1735 quia
729 1665 857 1719 dum
882 1680 980 1736 per
1011 1664 1429 1720 inobedientiam
1457 1678 1551 1718 sua
1580 1661 1845 1718 desideria

1962 471 2085 526 stoli
2124 475 2556 542 pertransierunt
2601 477 2795 533 itinere
2837 488 2986 535 recto
3031 479 3385 551 professionis
3435 501 3545 558 quo

1960 574 2259 635 cmperant,
2303 578 2359 621 et
2381 566 2563 623 alllicti
2589 578 2716 623 sunt
2745 569 2991 637 verbere,
3021 571 3271 640 vinculis,
3298 590 3542 645 carcere,

1959 663 2015 709 et
2063 655 2178 726 ipsa
2226 656 2393 713 etiam
2454 668 2629 715 morte
2679 659 2963 727 mulctati,
3017 669 3310 732 utrumque
3361 673 3545 722 autem

1958 746 2285 817 exemplum,
2329 747 2480 803 multi
2513 765 2685 820 usque
2725 766 2869 806 nunc
2895 761 2950 806 et
2976 750 3033 805 in
3064 753 3362 809 certamine
3396 753 3542 822 ﬁdei,

1959 844 2015 891 et
2057 837 2111 892 in
2136 839 2514 896 communibus
2554 851 2854 912 sequuntur
2878 843 3107 899 actibus.
3143 843 3298 901 ilunc
3325 861 3544 902 versum

1958 929 2164 999 antiqui
2190 930 2514 1002 interpretes
2538 932 2902 1000 manifestius,
2931 936 3027 991 sed
3054 935 3109 991 in
3135 935 3299 991 alium
3323 952 3543 997 sensum

1959 1020 2369 1077 transtulerunt.
2400 1022 2627 1079 Astutus
2666 1025 2855 1080 videns
2880 1040 3113 1095 nequam
3145 1026 3347 1098 puniri,
3385 1027 3546 1083 valde

1957 1110 2073 1179 ipse
2113 1112 2449 1184 disciplinam
2492 1114 2709 1185 accipit.
2747 1114 3069 1186 Insipientes
3107 1125 3286 1175 autem
3319 1126 3543 1190 praeter—
3624 1185 3635 1196 _

1955 1214 2148 1262 euntes
2172 1207 2371 1263 damno
2393 1207 2576 1264 amicti
2605 1217 2752 1264 sunt.

2025 1294 2179 1352 Finis
2211 1298 2480 1355 modestia:
2517 1299 2675 1354 timor
2700 1299 2951 1369 Domini,
2989 1301 3185 1358 divitia:
3214 1311 3263 1357 et
3296 1301 3468 1374 gloria
3490 1314 3540 1360 et

1952 1388 2079 1442 vita.
2110 1387 2423 1444 Modestiam
2453 1388 2583 1444 dicit
2605 1389 2967 1446 constantiam
2997 1405 3223 1462 operum
3250 1394 3536 1461 bonorum,

1956 1479 2207 1535 timorem
2237 1495 2369 1537 vero
2392 1479 2605 1536 Domini
2636 1482 2807 1548 illum,
2840 1483 2932 1553 qui
2967 1492 3252 1554 permanet
3284 1485 3339 1540 in
3371 1500 3541 1542 ὅπου.

1952 1565 2063 1621 lum
2094 1566 2303 1645 saeculi.
2338 1567 2475 1637 Quia
2523 1569 2779 1625 nimirum
2821 1571 3084 1641 perfectio
3129 1572 3393 1628 virtutum
3434 1584 3537 1641 est,

1953 1656 2021 1711 ad
2079 1656 2224 1713 hunc
2266 1658 2433 1714 animi
2479 1667 2678 1715 statum
2727 1663 3113 1733 conscendere,
3160 1679 3268 1735 qua
3307 1667 3537 1737 gratiam

245 1732 477 1812 vincere
503 1732 723 1827 satagit,
760 1771 857 1826 per
876 1732 1144 1827 justitiam
1172 1752 1372 1823 iudicis
1398 1753 1740 1824 postmodum
1765 1750 1846 1805 vi—
1873 1732 1923 1792 Β
1950 1751 2249 1808 conditoris
2297 1752 2385 1810 vel
2431 1754 2485 1809 in
2531 1754 2745 1811 modico
2788 1757 3078 1814 timeamus
3117 1732 3421 1826 oﬁendere,
3462 1760 3539 1818 nil

242 1849 442 1906 ctorite
460 1848 694 1919 palmam
721 1848 969 1919 percipit.

323 1937 428 1994 Vir
473 1940 666 2011 impius
706 1940 999 2011 procaciter
1022 1938 1264 2009 obﬁrmat
1292 1936 1491 1992 vultum
1522 1954 1717 2001 suum;
1754 1936 1844 2007 qui

243 2042 430 2087 autem
456 2041 627 2086 rectus
657 2041 753 2098 est,
783 2031 999 2102 corrigit
1026 2031 1164 2085 uiam
1199 2046 1371 2085 suam.
1400 2029 1568 2086 Judas
1588 2030 1718 2100 quia
1743 2029 1843 2084 im-

239 2122 371 2193 pius
417 2121 585 2177 corde
625 2130 783 2189 erat,
820 2121 1070 2192 quamvis
1112 2121 1229 2191 ipso
1273 2120 1502 2176 Domino
1545 2135 1606 2176 se
1651 2119 1839 2176 redar-

239 2222 451 2283 guente
476 2254 495 2280 ,
531 2213 704 2268 noluit
749 2213 888 2269 mala
927 2222 1105 2285 empta
1139 2212 1501 2282 restringere;
1540 2225 1704 2281 porro
1740 2210 1843 2267 Pe-

242 2312 364 2359 trus
398 2303 529 2374 quia
558 2315 741 2360 rectus
762 2311 882 2358 erat
907 2303 1091 2368 corde,
1120 2302 1174 2357 id
1199 2311 1303 2368 est,
1333 2301 1672 2357 rectitudinis
1696 2316 1841 2357 ama-

240 2406 354 2465 tor,
390 2398 718 2468 respiciente
743 2413 802 2454 se
829 2397 1058 2452 Domino
1083 2411 1209 2451 mox
1234 2394 1550 2466 paenitendo
1578 2394 1834 2459 correxit,

238 2491 393 2561 quod
422 2489 672 2558 negando
708 2488 951 2559 deliquit.
1015 2486 1141 2542 Non
1185 2495 1261 2543 est
1303 2485 1587 2557 sapientia,
1630 2501 1733 2539 non
1760 2493 1838 2538 est

240 2578 545 2645 prudentia,
578 2595 681 2633 non
708 2588 782 2632 est
813 2575 1090 2631 consilium
1120 2584 1305 2631 contra
1333 2572 1638 2628 Dominum.
1681 2571 1837 2641 Quaa-

238 2683 484 2739 cumque
503 2669 860 2724 consiliantur
885 2677 942 2723 et
965 2666 1180 2739 rapiunt
1209 2664 1449 2722 hazretici
1468 2704 1485 2732 ,
1512 2663 1647 2719 nihil
1671 2672 1756 2721 est
1781 2673 1837 2720 et

237 2773 445 2815 vanum
476 2768 532 2814 et
555 2758 763 2814 inutile.

310 2845 505 2919 Equus
534 2856 758 2918 paratur
783 2847 853 2900 ad
879 2847 1015 2902 diem
1040 2845 1183 2915 belli,
1207 2845 1468 2901 Dominus
1497 2855 1671 2902 autem
1693 2846 1839 2902 salu-

239 2948 346 2993 tem
380 2936 583 2992 tribuit.
611 2937 857 2993 llominis
877 2938 1093 3009 quidem
1119 2945 1202 2991 est
1225 2936 1336 2991 Deo
1360 2935 1562 3003 devoti,
1590 2944 1834 3008 tempore

238 3030 640 3104 persecutionis
689 3031 931 3085 animum
982 3043 1294 3101 praeparare
1323 3068 1338 3095 ,
1392 3043 1589 3099 corpus
1636 3027 1833 3085 offerre

1946 1860 2171 1915 prorsus
2199 1845 2315 1915 ejus
2351 1848 2626 1903 memoria:
2651 1860 3061 1920 praeponentes,
3092 1866 3212 1921 qua:
3238 1852 3367 1908 alibi
3402 1852 3534 1908 cha-

1946 1937 2079 1992 ritas
2109 1946 2336 1992 vocatur
2357 1937 2595 2008 perfecta
2613 1979 2628 2005 ,
2662 1934 2809 1995 foras
2835 1941 3061 1997 mittens
3092 1943 3341 1998 timorem
3366 1983 3381 2009 ,
3420 1958 3534 1999 ser-

1944 2024 2107 2081 vilem
2132 2025 2418 2091 videlicet,
2449 2036 2505 2082 et
2530 2029 2876 2100 insipientem
2894 2070 2910 2097 ,
2947 2046 3055 2103 quo
3082 2031 3277 2088 metuit
3303 2032 3536 2104 quisque

1945 2133 2014 2174 ne
2064 2117 2205 2177 forte
2250 2124 2524 2192 peccando
2576 2124 2753 2195 ptenis
2803 2133 3079 2180 mereatur
3125 2126 3321 2197 subigi.
3376 2124 3535 2194 Quod

1945 2217 2126 2266 autem
2158 2210 2450 2282 subjungit,
2495 2213 2697 2269 divitiae
2724 2223 2780 2270 et
2820 2213 2993 2286 gloria
3021 2222 3077 2270 et
3104 2214 3234 2280 vita,
3265 2215 3321 2270 in
3350 2213 3535 2272 futuro

1942 2298 2232 2369 significat,
2265 2299 2390 2356 ﬁnis
2418 2317 2548 2374 ergo
2592 2304 2870 2360 modestia:
2902 2304 3064 2360 timor
3100 2305 3346 2372 Domini,
3387 2305 3532 2362 divi-

1943 2391 2032 2446 tia:
2071 2399 2127 2447 et
2163 2392 2334 2464 gloria
2371 2402 2428 2449 et
2455 2395 2586 2449 vita.
2619 2395 2754 2463 Quia
2783 2396 3038 2452 nimirum
3073 2394 3334 2468 perfectio
3355 2399 3531 2454 virtu.

1942 2490 2058 2536 tum
2084 2491 2168 2539 est
2193 2484 2249 2539 in
2287 2484 2391 2541 hac
2433 2486 2560 2552 vita,
2595 2495 2656 2541 ut
2684 2488 2973 2544 timeamus
3010 2487 3299 2544 Dominum
3335 2489 3529 2549 timore

1941 2585 2148 2642 sancto,
2169 2576 2274 2632 hoc
2294 2586 2379 2633 est
2404 2578 2617 2633 sincera
2637 2578 2788 2633 illum
2809 2578 3094 2636 dilectione
3118 2579 3383 2648 colamus,
3407 2581 3531 2639 ﬁnis

1941 2668 2201 2724 virtutum
2223 2670 2278 2725 in
2301 2669 2506 2738 futuro,
2545 2679 2607 2727 ut
2627 2672 2842 2728 divitias
2861 2672 3196 2729 hmreditatis
3223 2675 3525 2745 promissae,

1939 2759 2092 2829 regni
2119 2759 2357 2817 caelestis
2378 2760 2624 2832 gloriare,
2641 2770 2696 2819 et
2713 2763 2878 2819 vitam
2900 2763 3017 2820 sine
3041 2763 3148 2820 ﬁne
3164 2765 3529 2837 percipiamus

1936 2863 1970 2902 a
1984 2848 2230 2906 Domino.
2258 2851 2409 2907 Unde
2426 2851 2620 2909 Petrus
2639 2854 2733 2909 ait.
2757 2853 3068 2923 Quem'cum
3088 2855 3333 2912 videritis
3351 2855 3531 2912 exsul—

1939 2942 2122 2999 tabitis
2146 2943 2333 3000 lmtitia
2358 2944 2708 3001 inenarrabili
2745 2954 2802 3002 et
2827 2944 3147 3019 gloriﬁcata,
3185 2955 3528 3018 reportantcs

1939 3032 2102 3090 ﬁnem
2129 3034 2253 3090 ﬁdei
2279 3045 2475 3092 vestra:
2504 3037 2736 3093 salutem
2760 3038 3064 3093 animarum
3092 3045 3415 3095 vestrarum.

238 3094 567 3176 discrimini.
617 3117 724 3175 Sed
745 3119 911 3176 divini
940 3094 1026 3174 est
1051 3094 1345 3188 adjutorii,
1374 3126 1435 3173 ut
1457 3094 1635 3189 coepto
1659 3117 1831 3174 labori
1857 3094 1908 3161 (ἶ
2010 3125 2175 3180 Arma
2213 3136 2260 3181 et
2302 3125 2470 3199 gladii
2498 3128 2553 3183 in
2590 3129 2673 3184 via
2700 3128 2932 3199 perversi
2967 3138 3140 3184 custos
3165 3094 3522 3195 animwrsua’,

237 3214 434 3286 agonis
455 3214 686 3270 victoria
709 3213 965 3285 salusque
994 3212 1266 3269 succedat.

311 3303 511 3359 Helius
557 3312 633 3359 est
684 3320 872 3358 nomen
922 3304 1113 3358 bonum
1172 3318 1333 3374 quam
1385 3302 1583 3357 divitia:
1629 3301 1830 3358 multm.

236 3395 449 3453 Nomen
486 3398 687 3454 bonum
711 3397 865 3464 dicit,
898 3411 1005 3452 non
1045 3395 1190 3466 quod
1215 3410 1247 3449 a
1274 3394 1448 3450 turbis
1477 3394 1622 3463 vulgi
1663 3395 1833 3466 impc-

236 3489 354 3547 riti.
383 3487 479 3545 sed
505 3489 650 3560 quod
695 3488 932 3545 ﬁdelium
964 3485 1214 3558 quamvis
1238 3501 1534 3557 paucorum
1578 3487 1828 3542 testimo-

235 3584 333 3635 nio
357 3580 626 3636 laudetur.
661 3578 848 3655 Neque
871 3579 1016 3635 enim
1054 3578 1256 3632 bonum
1288 3576 1490 3631 habere
1516 3592 1712 3633 nomen
1744 3592 1832 3632 re-

237 3670 403 3742 fugit,
433 3672 528 3727 sed
558 3687 589 3725 a
615 3670 773 3727 bonis
801 3670 974 3726 solum
1004 3667 1285 3739 quaerebat
1307 3666 1514 3721 laudari
1539 3707 1555 3734 ,
1592 3668 1684 3738 qui
1707 3668 1784 3723 ait
1811 3686 1825 3722 :

236 3755 299 3816 Si
352 3759 527 3815 adhuc
576 3760 874 3816 hominibus
915 3758 1196 3831 placerem,
1245 3753 1443 3811 Christi
1496 3773 1674 3812 servus
1724 3774 1827 3813 non

235 3867 429 3905 essem.
481 3849 687 3906 Nomen
744 3866 875 3922 ergo
918 3851 1119 3906 bonum
1166 3856 1249 3903 est
1294 3863 1493 3903 nomen
1549 3850 1830 3920 religionis

236 3942 387 4012 quod
417 3942 623 3997 divitiis
649 3941 1012 3998 mundialibus
1037 3944 1163 4014 jure
1198 3941 1502 4014 praefertur.
1533 3939 1668 3996 Nam
1697 3948 1752 3995 et
1781 3940 1827 3994 si

236 4034 500 4089 mundum
546 4034 667 4105 quis
713 4034 1017 4090 lucraretur
1056 4037 1392 4100 universum,
1444 4033 1640 4090 merito
1684 4033 1828 4089 hunc

232 4134 633 4192 contemneret,
678 4136 888 4181 tantum
925 4134 986 4181 ut
1026 4141 1225 4183 nomen
1251 4125 1372 4195 ejus
1406 4126 1735 4182 scriberetur
1770 4126 1826 4180 in

234 4219 401 4285 coelo,
431 4219 657 4290 ejusque
693 4220 952 4276 memoria
977 4229 1032 4275 et
1056 4221 1200 4275 inter
1223 4219 1445 4290 angelos
1469 4228 1525 4275 et
1552 4220 1696 4275 inter
1728 4220 1827 4276 ho-

234 4314 415 4370 mines
438 4321 656 4368 sanctos
688 4313 946 4382 ﬁgeretur
968 4321 1189 4368 aeterna.

304 4404 479 4476 Super
497 4416 771 4476 argentum
796 4416 842 4461 et
866 4423 1059 4461 aurum
1092 4408 1266 4478 gratia
1287 4407 1442 4461 bona.
1470 4405 1619 4461 illam
1656 4405 1823 4475 signi-
1844 4445 1901 4507 Β

231 4499 364 4554 ﬁcat
403 4499 634 4568 gratiam
654 4540 668 4563 ,
707 4514 835 4554 cum
860 4499 981 4569 quis
1004 4515 1104 4570 pro
1141 4499 1283 4556 bono
1316 4514 1480 4570 Opere
1512 4498 1765 4554 laudatur
1789 4514 1822 4555 a

231 4589 413 4646 bonis.
444 4588 614 4646 Immo
640 4606 740 4660 pro
765 4589 975 4646 collatis
1007 4591 1056 4647 ei
1082 4591 1238 4646 donis
1264 4592 1583 4648 meritorum
1600 4633 1615 4659 ,
1655 4592 1822 4663 glori—

229 4677 433 4735 ﬁcatur
448 4677 611 4734 Pater
632 4681 725 4751 qui
753 4681 807 4736 in
834 4681 986 4737 caelis
1007 4688 1110 4737 est.

302 4768 462 4823 Dives
486 4778 536 4825 et
562 4786 762 4840 pauper
780 4770 1109 4827 obviaverunt
1131 4771 1253 4837 sibi,
1278 4774 1550 4843 utriusque
1578 4782 1822 4843 operator

226 4866 308 4914 est
332 4856 613 4911 Dominus.
637 4856 822 4929 Neque
837 4857 1057 4914 divitem
1079 4869 1302 4943 propter
1321 4859 1539 4915 divitias
1560 4861 1817 4927 honores,

227 4961 410 5018 neque
446 4948 627 5017 inopia
659 4963 950 5019 pauperem
981 4950 1279 5020 despicias,
1323 4950 1418 5005 sed
1444 4950 1549 5007 hoc
1579 4952 1634 5007 in
1665 4961 1819 5007 utro-

228 5057 341 5116 que
362 5042 560 5097 merito
586 5056 865 5107 venerare,
898 5043 1027 5113 quia
1056 5058 1192 5114 opus
1227 5051 1354 5099 sunt
1396 5044 1661 5111 divinum,
1690 5045 1818 5116 quia

231 5135 303 5191 ad
333 5134 628 5205 imaginem
666 5134 761 5189 Dei
788 5143 843 5190 et
867 5134 1275 5191 similitudinem
1297 5134 1446 5191 facti.

300 5222 543 5280 Callidus
592 5225 730 5279 videt
780 5225 977 5280 malum
1029 5236 1078 5282 et
1132 5226 1404 5281 abscondit
1448 5243 1524 5294 se,
1570 5227 1816 5283 innocens

226 5319 533 5388 pertransiit
556 5328 605 5372 et
630 5319 849 5391 afﬂictus
871 5331 946 5375 est
975 5321 1188 5376 damno.
1212 5317 1364 5376 Multi
1392 5336 1458 5376 ex
1484 5321 1818 5393 principibus

226 5409 581 5464 crediderunt
629 5411 681 5465 in
732 5413 1041 5468 Dominum.
1088 5413 1194 5469 Sed
1236 5422 1459 5486 propter
1513 5414 1819 5472 Phariszeos

230 5515 337 5555 non
381 5500 784 5559 conﬁtebantur
808 5512 868 5559 ut
897 5505 966 5560 de
1013 5520 1282 5578 synagoga
1329 5524 1434 5563 non
1468 5505 1815 5576 ejicerentur.

230 5587 367 5660 Quia
391 5592 536 5646 enim
563 5602 719 5649 erant
750 5595 953 5661 callidi,
976 5596 1232 5653 videbant
1257 5597 1457 5653 malum
1488 5597 1819 5669 persecutio-

234 5678 342 5748 nis,
372 5681 518 5754 quod
551 5683 892 5755 imminebat,
920 5692 977 5742 et
996 5688 1398 5744 absconderunt
1418 5689 1578 5746 fidem
1598 5688 1818 5761 pietatis

1937 3214 2092 3288 longe
2129 3217 2321 3272 recedit
2357 3218 2423 3272 ab
2457 3219 2550 3274 eis.
2600 3218 2898 3289 Dupliciter
2925 3218 3365 3290 intelligendum,
3394 3220 3525 3291 quia

1936 3309 2179 3378 perversi
2205 3317 2259 3364 et
2287 3309 2486 3364 armati
2513 3318 2642 3365 sunt
2667 3323 2882 3380 semper
2908 3310 2978 3364 ad
3004 3309 3304 3364 nocendum
3332 3309 3523 3380 proxi-

1937 3398 2064 3465 mis,
2092 3400 2263 3456 verbo
2292 3399 2377 3456 vel
2415 3413 2581 3470 opere
2607 3399 2859 3465 scelesto,
2889 3406 2945 3455 et
2990 3398 3137 3473 ipsos
3180 3413 3396 3469 semper
3426 3413 3522 3471 pa-

1934 3497 2053 3545 rata
2096 3497 2378 3561 exspectat
2420 3491 2553 3546 ultio
2582 3489 2750 3546 divini
2801 3488 3091 3544 examinis.
3113 3487 3216 3557 Qui
3251 3501 3378 3544 vero
3405 3487 3524 3545 ani-

1933 3595 2078 3634 mam
2104 3596 2257 3635 suam
2287 3580 2342 3636 in
2371 3589 2633 3636 internum
2663 3578 2861 3635 salvari
2895 3585 3173 3648 procurat,
3199 3576 3360 3646 longe
3379 3574 3521 3631 refn.

1934 3672 2012 3741 git
2038 3672 2108 3727 ab
2132 3671 2446 3742 hujusmodi
2472 3672 2651 3736 armis
2667 3682 2722 3728 et
2757 3671 2950 3743 gladiis
2971 3713 2987 3737 ,
3020 3671 3149 3741 quia
3182 3679 3238 3726 et
3280 3678 3519 3728 mentem

1933 3779 2263 3834 manumque
2306 3780 2491 3830 suam,
2526 3779 2557 3818 a
2594 3763 2963 3834 proximorum
2992 3762 3211 3816 laesione
3253 3760 3516 3828 refrenat,

1930 3862 1986 3910 et
2022 3869 2090 3911 ne
2125 3854 2592 3913 animadversione
2619 3852 2849 3909 districti
2874 3851 3074 3923 judicis
3103 3850 3220 3920 ipse
3263 3849 3512 3917 feriatur,

1929 3945 2135 4001 intenta
2165 3952 2343 4000 mente
2367 3953 2655 4015 praecavet.

2000 4036 2341 4092 Proverbium
2366 4047 2440 4091 est
2467 4053 2486 4091 :
2512 4035 2823 4091 Adolescens
2837 4035 2999 4106 juxta
3020 4034 3152 4091 uiam
3166 4051 3187 4100 ;
3211 4034 3369 4089 etiam
3393 4049 3513 4089 cum

1926 4131 2176 4196 senuerit,
2206 4145 2310 4183 non
2345 4128 2533 4185 recedit
2571 4128 2637 4183 ab
2664 4146 2747 4184 ea.
2774 4128 3000 4183 Constat
3036 4126 3323 4197 plerosque
3350 4142 3513 4184 sene-

1927 4226 2075 4274 ctute
2120 4219 2349 4275 Domino
2374 4219 2608 4274 donante
2636 4217 2836 4273 mutari
2875 4232 2907 4271 a
2956 4217 3125 4282 vitiis,
3153 4232 3274 4286 quae
3299 4215 3513 4272 adoles-

1926 4317 2112 4365 centes
2140 4308 2461 4375 habuerant,
2490 4317 2545 4363 et
2567 4322 2600 4363 e
2622 4316 2813 4365 contra
2848 4307 3134 4365 nonnullos
3158 4309 3250 4365 illo
3273 4323 3333 4365 se
3356 4309 3514 4366 dese-

1926 4410 2078 4457 rente
2107 4442 2120 4466 ,
2172 4401 2427 4457 deserere
2467 4400 2611 4459 circa
2665 4401 2876 4457 senium
2929 4401 3161 4457 virtutes
3208 4401 3408 4472 quibus
3451 4402 3514 4460 in

1928 4492 2286 4549 adolescentia
2329 4492 2652 4549 videbantur
2699 4491 2976 4559 illustrari,
3024 4490 3120 4549 sed
3163 4492 3291 4564 quia
3338 4496 3511 4549 multo

1928 4582 2125 4655 saepius
2148 4582 2377 4653 quisque
2410 4598 2592 4640 mores
2618 4582 2815 4653 quibus
2842 4584 2912 4638 ab
2945 4582 3304 4639 adolescentia
3333 4582 3516 4640 imbu~

1930 4683 2016 4732 tus
2040 4682 2146 4742 est,
2176 4674 2232 4730 in
2258 4674 2523 4746 reliquum
2551 4675 2679 4732 vita
2714 4684 2925 4748 tempus
2958 4676 3181 4747 exsequi
3203 4677 3505 4744 consuevit,

1927 4766 2271 4838 proverbium
2298 4782 2421 4824 esse
2453 4766 2605 4834 dicit,
2626 4767 2752 4837 quia
2777 4767 2920 4839 quod
2943 4767 3261 4825 adolescens
3279 4770 3510 4840 quisque

1928 4857 2171 4928 coeperit,
2204 4858 2259 4912 in
2287 4866 2505 4914 senecta
2539 4873 2649 4914 non
2694 4858 3006 4923 mutaverit,
3038 4872 3147 4914 non
3181 4866 3364 4914 tamen
3392 4858 3508 4927 ipse

1926 4964 2140 5020 semper
2166 4951 2243 5005 ita
2269 4951 2488 5007 evenire
2512 4948 2801 5006 conﬁrmat
2830 4968 2846 5005 :
2878 4949 3084 5006 idcirco
3107 4959 3290 5006 autem
3319 4949 3508 5020 hujus-

1926 5040 2070 5096 modi
2106 5039 2450 5111 proverbium
2488 5040 2671 5110 ponit,
2720 5047 2778 5094 ut
2806 5039 3081 5094 auditores
3109 5054 3237 5095 suos
3264 5057 3296 5094 a
3333 5039 3508 5110 prima

1924 5137 2082 5184 tritate
2105 5130 2397 5186 virtutibus
2416 5114 2994 5201 studere’persuadeat,
3020 5144 3090 5185 ne
3109 5128 3250 5185 forte
3271 5129 3326 5184 in
3352 5144 3508 5186 sene-

1925 5228 2073 5276 ctute
2117 5235 2226 5276 non
2263 5222 2472 5290 possint
2498 5221 2710 5277 discere
2739 5220 2946 5286 studia,
2983 5219 3182 5290 quibus
3224 5220 3281 5276 in
3321 5228 3502 5277 tenera

1924 5322 2086 5371 aetate
2111 5313 2408 5385 mancipari
2436 5314 2793 5385 despexeram
2825 5331 2841 5369 :
2873 5328 3002 5370 nam
3026 5321 3084 5369 et

2051 5426 2336 5541 gggtzeggl
2355 5435 2434 5479 est
2453 5429 2636 5478 imbuta
2657 5440 2837 5479 recens
2851 5427 3076 5479 servsbit
3091 5426 3296 5478 odorem

1925 5604 1981 5651 et
2019 5594 2205 5651 Graeca
2251 5602 2439 5650 narrat
2483 5593 2710 5649 historia
2759 5590 3154 5658 Alexandrum,
3197 5591 3507 5664 potentissi-

1925 5703 2073 5746 mum
2112 5702 2295 5764 regem
2325 5686 2584 5761 orbisque
2611 5684 2967 5755 domitorem,
3006 5685 3145 5743 etin
3186 5684 3428 5744 moribus
3450 5691 3508 5743 et
