3962 6198
397 287 494 342 751

997 279 1059 332 Β.
1100 275 1356 332 MBAN]
1398 273 1618 330 MAURI
1655 270 1975 328 AliClllEP.
2019 267 2327 326 MOGUNT.
2371 266 2658 324 OPERUM
2700 265 2882 320 PARS
2915 265 3002 319 ΙΙΙ.

3559 260 3678 316 759.

397 395 451 452 in
478 393 688 449 incessu
709 390 962 448 Leonidis
983 387 1256 460 pzedagogi
1285 386 1366 442 sui
1394 400 1497 440 non
1529 383 1769 454 potuisse
1789 395 1976 436 carere
2006 387 2053 444 Α
2084 381 2293 436 ﬁdelem
2319 380 2450 444 odit,
2478 379 2742 448 perimat:
2767 377 2929 432 timeo
2958 375 3024 430 ad
3053 374 3384 432 exercendas
3409 375 3683 428 virtutum

398 486 562 552 vitiis,
589 485 784 556 quibus
813 481 1070 554 parvulus
1095 481 1271 534 adhuc
1302 477 1477 532 fuerat
1507 475 1758 530 inlectus.

467 575 621 630 Dives
645 571 962 644 pauperibus
989 569 1211 638 imperat
1242 579 1260 616 :
1297 575 1342 619 et
1379 564 1467 635 qui
1495 562 1682 632 accipit
1714 569 1975 624 mutuum,

395 681 574 720 servus
604 670 678 716 est
713 657 1016 730 fenerantis.
1045 655 1204 710 Patet
1224 654 1380 724 juxta
1409 653 1664 714 litteram,
1691 651 1785 704 sed
1821 657 1876 703 et
1901 649 1982 703 di-

401 759 537 812 vites
560 753 848 810 virtutibus
877 750 929 804 in
963 749 1168 818 judicio
1195 745 1391 802 occulti
1423 742 1747 814 inspectoris
1776 739 1982 810 princi-

405 859 595 924 pantur
619 849 719 912 eis,
770 846 878 900 imo
917 857 1107 898 eorum
1157 840 1208 894 in
1247 837 1428 893 futuro
1467 833 1678 904 judices
1713 832 1978 896 existunt,

405 946 492 1017 qui
521 943 779 999 virtutum
805 937 1006 994 divitiis
1036 943 1244 991 carent.
1271 933 1338 987 Et
1363 931 1455 1002 qui
1483 929 1704 983 verbum
1729 925 1983 980 salutaris

403 1037 658 1094 doctrinre
701 1031 896 1101 accipit
921 1046 951 1084 a
991 1029 1234 1094 doctore,
1276 1041 1468 1082 servus
1496 1032 1578 1078 est
1620 1021 1861 1092 ejusdem
1891 1019 1985 1074 dco

405 1127 587 1190 ctoris,
619 1124 671 1179 id
700 1134 804 1188 est,
839 1121 1049 1176 debitor
1081 1117 1342 1190 implendi
1367 1115 1551 1172 omnia
1591 1129 1714 1185 qua:
1747 1111 1836 1167 ille
1870 1126 1986 1166 ma-

400 1215 608 1286 gisterii
637 1212 876 1269 caelestis
903 1210 1026 1280 jure
1054 1209 1316 1281 prtecipit.

472 1299 576 1368 Qui
617 1299 838 1353 seminat
883 1295 1210 1368 iniquitatem
1246 1301 1398 1348 metet
1444 1289 1606 1346 mala.
1644 1287 1866 1344 Certum
1903 1295 1988 1342 est

405 1393 526 1461 quia
560 1391 606 1446 is
631 1390 722 1459 qui
753 1387 838 1444 vel
868 1389 1034 1444 verbo
1055 1385 1138 1442 vel
1163 1381 1412 1454 exemplo
1435 1383 1595 1438 docet
1621 1378 1982 1452 iniquitatem,

407 1482 630 1552 recipiet
657 1479 966 1535 vindictam.
1030 1476 1136 1532 Sed
1165 1475 1292 1546 quia
1324 1473 1569 1544 sequitur
1595 1490 1607 1526 :

477 1573 544 1626 Et
585 1571 728 1643 virga
765 1571 858 1625 ine
898 1586 1009 1624 sua:
1039 1567 1508 1631 consummabitur,
1561 1563 1708 1619 illam
1751 1561 1988 1617 maxime

407 1662 740 1733 iniquitatem
762 1661 974 1715 videtur
992 1659 1171 1714 dicere
1194 1673 1315 1728 qum
1340 1655 1532 1712 immiti
1551 1661 1608 1710 ct
1627 1653 1786 1724 impia
1809 1661 1988 1707 mente

2083 471 2326 525 actiones
2363 470 2414 522 in
2453 467 2724 539 publicum
2770 465 3046 538 progredi,
3086 481 3156 520 ne
3180 465 3318 520 forte
3345 479 3429 520 me
3456 464 3540 520 vel
3569 481 3684 519 an—

2085 561 2220 630 tiqui
2251 561 2422 616 hostis
2450 559 2748 614 adversitas
2777 560 2995 631 gravior
3028 567 3176 614 tenet
3201 555 3410 630 [Forte,
3451 557 3689 630 tentet],

2082 649 2167 704 vel
2189 651 2352 704 etiam
2377 650 2537 703 homo
2562 648 2785 719 quilibet
2812 664 3102 720 perversus
3126 664 3250 704 cum
3275 664 3492 704 suorum
3515 650 3692 702 turba

2083 739 2360 804 derideat,
2409 739 2668 794 conviciis
2697 739 3009 803 confundat,
3063 739 3275 809 injuriis
3307 737 3527 804 alliciat,
3587 747 3696 794 aut

2084 829 2224 884 sicut
2251 830 2446 884 multos
2465 828 2759 898 justornm,
2801 829 2926 899 quia
2953 831 3020 886 ab
3049 831 3166 900 ejus
3205 830 3316 884 vita
3346 829 3694 894 discordem,

2085 921 2370 975 tormentis
2391 928 2634 975 etmorte
2649 930 2950 974 consumat.
2971 919 3304 992 Leo,inqnit,
3326 919 3476 990 foris,
3495 921 3552 972 in
3569 935 3696 973 me-

2085 1011 2173 1064 dio
2199 1009 2492 1082 platearum
2509 1011 2822 1066 occidendus
2843 1028 2981 1078 sum,
3003 1012 3148 1083 quod
3169 1021 3352 1082 aperte
3367 1019 3450 1066 est
3471 1012 3696 1077 dicere,

2085 1112 2144 1156 et
2170 1103 2333 1158 verba
2364 1112 2420 1157 et
2449 1118 2615 1173 opera
2643 1103 2928 1168 virtutum,
2958 1103 3048 1158 ubi
3081 1103 3292 1160 ostendi
3323 1103 3467 1159 foras
3495 1119 3692 1175 cmpe-

2089 1193 2230 1258 rint,
2269 1193 2453 1248 statim
2487 1193 2792 1264 persecutio
2821 1193 2904 1249 vel
2946 1194 3226 1250 hominum
3255 1194 3337 1249 vel
3387 1195 3690 1266 spirituum

2087 1283 2459 1339 committatur
2486 1283 2906 1349 immundorum,
2948 1299 3049 1340 nec
3093 1285 3244 1340 valeo
3283 1285 3688 1341 tentationibus

2089 1375 2360 1442 resistere,
2393 1374 2488 1430 sed
2517 1374 2572 1428 in
2603 1373 2736 1445 ipsis
2761 1374 2887 1430 boni
2909 1374 3171 1446 propositi
3204 1375 3388 1430 vincar
3417 1375 3682 1445 inceptis.

2159 1465 2333 1521 Forea
2357 1464 2622 1536 profunda
2661 1481 2719 1519 os
2743 1463 2961 1522 alienas:
3002 1465 3087 1518 cui
3122 1466 3288 1518 iratus
3313 1474 3388 1518 est
3417 1463 3690 1519 Dominus

2087 1557 2280 1612 incidet
2306 1557 2360 1611 in
2399 1554 2566 1609 illam.
2613 1552 2714 1624 Qui
2752 1555 2912 1611 verba
2936 1556 3022 1612 vel
3065 1556 3245 1612 oscula
3276 1556 3584 1612 meretricis
3615 1557 3687 1610 li-

2089 1649 2282 1704 benter
2335 1645 2696 1717 amplectitur,
2749 1649 2902 1717 quasi
2938 1649 3161 1718 januam
3197 1647 3311 1716 jam
3357 1647 3690 1720 gehennalis

404 1753 701 1824 peragitur,
730 1760 788 1806 ut
817 1765 931 1818 est,
966 1750 1251 1805 latrocinia
1279 1762 1555 1810 exercere,
1593 1744 1838 1801 homines
1873 1758 1989 1798 ser-
2016 1735 2068 1796 B
2089 1741 2268 1811 pulsat
2295 1739 2496 1810 abyssi,
2527 1739 2746 1810 citoque
2775 1749 3048 1812 mergetur
3069 1740 3114 1795 si
3135 1741 3326 1811 pedem
3353 1749 3546 1795 cautus
3571 1755 3687 1794 non

405 1843 540 1898 vitio
577 1856 843 1914 premere,
891 1839 1172 1896 tormentis
1207 1837 1433 1902 laniare,
1486 1845 1660 1890 morte
1697 1833 1988 1904 perimere,

409 1935 600 1988 bovem
623 1932 796 1987 viduae
824 1947 922 2001 pro
948 1929 1172 2001 pignore
1197 1927 1430 1991 auferre,
1457 1927 1624 1998 ipsam
1652 1926 1718 1979 de
1741 1923 1992 1978 adversa-

409 2025 511 2090 rio,
551 2040 672 2079 cum
700 2023 902 2092 possit,
940 2020 1213 2076 vindicare
1245 2033 1354 2073 non
1402 2018 1539 2073 velle
1584 2035 1596 2071 :
1635 2015 1758 2072 talis
1791 2015 1992 2070 ctenim

410 2117 603 2172 merito
637 2115 786 2187 virga
829 2115 924 2169 ira:
967 2127 1079 2168 sua:
1127 2109 1626 2174 consummabitur,
1670 2108 1817 2178 quia,
1853 2106 1994 2162 sicut

411 2206 669 2262 Dominus
704 2207 809 2269 ait,
850 2217 1040 2259 omnes
1075 2203 1164 2273 qui
1198 2201 1508 2272 acceperint
1545 2199 1780 2272 gladium
1808 2197 1990 2269 gladio

411 2297 692 2370 peribunt,
725 2297 779 2351 id
810 2303 925 2360 est,
959 2295 1049 2366 qui
1085 2295 1284 2366 injuste
1321 2294 1374 2346 in
1413 2290 1548 2347 alios
1577 2291 1838 2355 saeviunt,
1877 2289 1992 2359 ipsa

411 2387 618 2443 srevitia
647 2386 862 2442 sibimet
901 2384 1182 2438 interitum
1220 2382 1600 2448 consciscunt,
1636 2395 1829 2435 verum
1863 2378 1992 2450 quia

411 2479 624 2535 dixerat
643 2477 710 2533 de
739 2477 904 2548 impio
932 2476 1176 2546 sequitur
1204 2489 1234 2530 e
1263 2481 1452 2529 contra
1475 2471 1544 2527 de
1570 2471 1659 2542 pio
1687 2489 1700 2525 :

484 2571 588 2636 Qui
609 2585 806 2640 pronus
835 2576 907 2622 est
938 2567 1006 2621 ad
1039 2564 1484 2630 misericordiam,
1519 2562 1848 2617 benedicatur
1880 2577 1898 2616 :
1928 2559 1994 2614 de

415 2661 632 2726 panibus
657 2659 767 2714 suis
795 2657 938 2712 dedit
979 2653 1217 2728 pauperi.
1257 2653 1394 2708 Huic
1423 2652 1600 2708 simile
1630 2659 1714 2705 est
1741 2649 1872 2704 illud
1900 2649 1991 2720 ju~

413 2753 549 2810 dicis
576 2749 840 2822 ejusdem,
865 2749 958 2820 qui
984 2747 1364 2803 misericordes
1384 2745 1453 2799 ab
1478 2743 1656 2814 impiis
1681 2743 1994 2798 discernens

416 2846 527 2900 ait:
565 2841 746 2898 Venite
767 2881 782 2906 ,
809 2840 1064 2895 benedicti
1103 2836 1284 2892 Patris
1309 2837 1442 2904 mei,
1469 2834 1726 2907 possidete
1747 2845 1992 2905 paratum

417 2935 554 2990 vobis
588 2945 803 3004 regnum
839 2947 870 2984 a
897 2928 1266 2984 constitutione
1293 2927 1477 2981 mundi
1503 2939 1521 2978 :
1548 2926 1670 2996 quia
1705 2924 1916 2990 esurivi,
1944 2933 1992 2978 et

417 3026 632 3082 dedistis
660 3023 788 3078 mihi
815 3021 1168 3084 manducare,
1201 3027 1309 3076 etc.
1345 3019 1580 3075 Possunt
1606 3027 1786 3072 autem
1822 3032 1991 3087 panes

2091 1837 2340 1902 retrahit,
2374 1838 2418 1894 si
2463 1854 2569 1894 non
2603 1841 2847 1895 membra
2901 1852 3097 1896 canora
3141 1857 3173 1895 a
3219 1841 3416 1897 vicinia
3465 1843 3692 1898 cohibet

2090 1928 2259 1984 fovete
2277 1930 2528 2000 pteualis,
2558 1931 2611 1986 in
2638 1946 2799 2002 quam
2830 1931 3008 1988 nullus
3031 1933 3256 1988 omnino
3286 1933 3393 1988 nisi
3420 1932 3564 1990 ﬁlius
3589 1934 3690 1990 ine

2091 2019 2348 2076 illabitur.

2164 2107 2402 2164 Stultitia
2423 2109 2668 2181 colligata
2703 2120 2776 2165 est
2813 2111 2868 2165 in
2889 2111 3043 2165 corde
3062 2111 3232 2180 pueri,
3263 2121 3311 2167 et
3342 2115 3490 2184 virga
3525 2113 3693 2168 disci-

2091 2199 2249 2270 plina:
2282 2199 2524 2271 purgabit
2553 2217 2692 2256 eam.
2749 2200 2942 2256 Multos
2976 2202 3224 2256 novimus
3246 2218 3446 2274 pueros
3478 2203 3696 2275 sapien-

2094 2289 2166 2344 tia
2187 2291 2443 2361 praeditos
2471 2306 2486 2345 :
2540 2306 2664 2346 nam
2697 2301 2753 2346 et
2775 2289 3040 2348 Jeremias
3063 2308 3197 2363 puer
3217 2294 3515 2364 prophetiae
3562 2311 3688 2368 my-

2093 2381 2317 2436 sterium
2341 2381 2614 2452 suscepit;
2647 2389 2703 2437 et
2727 2381 2913 2436 Daniel
2951 2382 3140 2438 scribit
3171 2383 3312 2454 quod
3353 2385 3495 2438 dedit
3543 2385 3692 2440 Dens

2092 2472 2268 2542 pueris
2288 2472 2666 2528 abstinentibus
2686 2474 2976 2540 scientiam,
3014 2483 3062 2528 et
3093 2474 3423 2544 disciplinam
3459 2475 3516 2528 in
3544 2478 3693 2530 omni

2093 2565 2243 2620 uerbo
2263 2574 2310 2620 et
2336 2567 2615 2638 sapientia.
2646 2565 2800 2622 Unde
2828 2573 2995 2622 restat
3015 2567 3317 2639 intelligere
3341 2568 3466 2638 quia
3489 2584 3694 2639 pueros

2094 2657 2198 2712 hoc
2232 2655 2348 2712 loco
2394 2671 2501 2712 non
2545 2665 2704 2712 aetate
2753 2658 2848 2712 sed
2897 2673 3057 2713 sensu
3093 2658 3349 2728 parvulos
3398 2657 3691 2730 signiticet,

2095 2747 2280 2820 quales
2304 2763 2424 2804 esse
2453 2748 2674 2803 vetabat
2712 2749 3002 2818 Apostolus
3049 2765 3144 2805 eos
3170 2749 3367 2819 quibus
3405 2749 3482 2803 ait
3509 2774 3523 2802 ;
3570 2748 3696 2803 No-

2095 2840 2184 2894 lite
2209 2840 2360 2911 pueri
2409 2841 2539 2912 efﬁci
2572 2841 2806 2895 sensibus
2831 2883 2846 2907 ,
2895 2842 2985 2896 sed
3017 2842 3221 2896 malitia
3267 2841 3476 2914 parvuli
3527 2851 3697 2896 estote

2095 2929 2148 3002 (1
2172 2926 2296 2984 Cor.
2330 2928 2466 2998 xrv).
2495 2929 2812 2999 llujusmodi
2841 2933 2987 2986 enim
3015 2947 3234 3002 pueros,
3265 2933 3318 2989 id
3347 2943 3451 2999 est,
3478 2933 3697 2989 animos

2097 3020 2338 3076 stultitiae
2363 3020 2443 3074 vel
2481 3019 2716 3077 lascivia:
2760 3022 2842 3076 vel
2871 3023 3080 3078 inertiae
3115 3024 3324 3080 deditos
3351 3040 3571 3080 necesse
3607 3033 3698 3080 est

419 3117 505 3184 qui
538 3113 758 3188 pauperi
781 3113 1004 3178 damn".
1032 3125 1138 3165 non
1161 3107 1334 3164 solum
1357 3107 1600 3163 alimenti
1621 3105 1874 3172 carnalis,
1900 3106 1995 3161 sed
2021 3087 2068 3150 ο
2093 3111 2316 3184 juvenili
2345 3111 2625 3184 disciplina
2649 3112 2927 3186 castigari,
2959 3123 3014 3170 et
3039 3115 3108 3170 ad
3121 3116 3329 3186 justum
3354 3115 3478 3170 vita:
3510 3115 3701 3172 trami-

415 3207 578 3264 etiam
612 3205 873 3262 doctrinae
910 3200 1200 3274 spiritalis,
1235 3215 1344 3272 qua
1370 3200 1549 3256 anima
1578 3209 1876 3266 recreatur,
1917 3199 1999 3253 in-

419 3297 600 3368 telligi.

989 3381 1217 3439 CAPUT
1251 3379 1416 3436 XXII.

487 3473 638 3546 Ejice
653 3474 1005 3535 derisorem,et
1027 3472 1184 3526 exibit
1201 3489 1320 3526 cum
1333 3487 1393 3526 eo
1405 3469 1666 3542 jurgium,
1696 3471 1998 3525 cessabunt-

417 3581 516 3638 que
543 3579 715 3618 causa:
761 3572 810 3616 et
848 3562 1196 3616 contumeliae.
1257 3562 1404 3631 Ejice
1456 3561 1789 3626 luereticum,
1841 3576 2002 3630 quem

419 3657 693 3727 corrigere
718 3670 822 3708 non
848 3661 1022 3724 potes,
1045 3654 1112 3710 de
1145 3654 1424 3720 Ecclesia;
1478 3662 1533 3709 et
1566 3669 1686 3710 cum
1731 3654 1804 3708 illi
1839 3653 2000 3709 liber-

420 3756 585 3805 tatem
610 3746 931 3818 prazdicandi
958 3746 1266 3813 abstuleris,
1298 3745 1576 3802 catholicas
1602 3746 1722 3816 paci
1743 3745 2002 3800 auxilium

421 3849 668 3916 prtestas.

495 3932 598 3998 Qui
630 3931 800 4004 diligit
836 3930 1010 3986 cordis
1039 3930 1376 3998 munditiam,
1428 3939 1639 4002 propter
1676 3930 1900 4000 gratiam
1926 3930 2006 3986 la-

427 4027 626 4082 biorum
648 4041 864 4080 suorum
917 4024 1123 4079 habebit
1170 4025 1395 4079 amicum
1425 4041 1614 4096 regem.
1661 4023 1765 4091 Qui
1809 4025 2006 4079 mundo

346 4177 354 4188 ,
424 4118 585 4174 corde
614 4124 760 4170 recta
793 4113 1054 4186 praedicat
1101 4114 1245 4170 inter
1275 4113 1394 4169 illos
1420 4115 1882 4192 annumerabitur,
1941 4115 2007 4170 de

423 4207 616 4278 quibus
641 4206 817 4262 eidem
859 4205 972 4277 regi
1001 4212 1057 4260 et
1081 4204 1342 4260 conditori
1381 4203 1702 4260 szeculorum
1738 4201 2006 4274 Propheta

424 4299 680 4356 dicebat:
719 4296 854 4350 Mihi
875 4304 1050 4351 autem
1075 4296 1230 4350 nimis
1256 4295 1590 4364 Itonoriﬁcati
1613 4305 1772 4362 sunt;
1811 4311 1935 4351 nam
1961 4296 2008 4352 si

423 4389 515 4461 qui
541 4387 768 4460 gratiam
784 4386 1046 4442 labiorum
1075 4394 1222 4442 recta
1244 4385 1587 4457 prtedicando
1602 4372 2006 4455 prtemonstrat,

424 4478 602 4534 cordis
635 4486 816 4534 autem
852 4476 1172 4531 munditiam
1213 4476 1486 4532 custodire
1519 4475 1851 4543 dissimulat,
1907 4493 2007 4532 ne-

427 4582 696 4639 quaquam
725 4567 848 4624 talis
870 4567 1058 4624 aeterni
1105 4567 1248 4639 regis
1288 4567 1529 4624 amicitia
1567 4567 1673 4624 frui
1707 4584 1864 4640 posse
1909 4586 2008 4641 pu-

425 4657 622 4713 tandus
643 4664 745 4710 est.

500 4746 656 4803 Oculi
669 4745 880 4800 Domini
905 4747 1202 4802 custodiunt
1217 4748 1512 4816 scientiam,
1537 4759 1584 4804 et
1607 4749 2014 4822 supplantantur

426 4839 581 4896 verba
626 4837 813 4906 iniqui.
847 4835 1092 4908 Superna
1122 4837 1388 4909 inspectio
1435 4841 1670 4896 custodit
1710 4855 1925 4910 semper
1958 4841 2010 4896 in

428 4929 668 4989 Ecclesia
698 4928 980 4984 scientiam
1019 4929 1264 4986 veritatis
1297 4943 1460 5000 quam
1491 4930 1692 4992 docuit,
1725 4932 1886 4986 verba
1909 4946 2008 4985 au-

419 5015 540 5080 tem
572 5022 968 5090 bzereticorum,
1019 5021 1185 5076 immo
1205 5022 1384 5077 omnis
1405 5037 1584 5078 sermo
1610 5022 1799 5092 pietati
1826 5029 1882 5077 et
1918 5020 2010 5090 ju-

435 5116 593 5173 stitite
632 5113 966 5180 contrarius,
1009 5112 1134 5183 quia
1164 5111 1392 5169 Domino
1430 5125 1652 5184 regente
1697 5130 1801 5168 non
1833 5129 2013 5168 serva-

437 5222 540 5275 tur,
576 5221 702 5264 cum
724 5221 823 5262 suo
852 5215 1070 5262 auctore
1095 5205 1447 5260 subvertitur.

505 5301 644 5357 Dicit
669 5302 849 5373 piger:
897 5299 1000 5354 Leo
1033 5298 1192 5370 foris,
1227 5297 1284 5352 in
1324 5299 1498 5352 medio
1545 5297 1836 5370 platearum
1876 5301 2015 5353 occi-

439 5393 634 5446 dendus
675 5408 812 5445 sum.
873 5390 1015 5446 Dicit
1047 5403 1188 5461 saepe
1228 5389 1282 5444 in
1339 5390 1520 5444 animo
1563 5404 1664 5444 suo
1710 5389 1778 5454 is,
1809 5390 1901 5460 qui
1947 5389 2016 5444 ad

436 5483 637 5554 agenda
664 5483 802 5537 bona
830 5495 993 5552 opera
1020 5483 1170 5552 piger
1199 5489 1300 5544 est,
1333 5481 1400 5536 ad
1423 5480 1780 5537 confitendam
1825 5482 2005 5544 tidem,

435 5587 597 5640 quam
629 5573 789 5627 corde
817 5581 982 5637 tenet,
1015 5573 1237 5628 timidus
1263 5587 1276 5625 :
1305 5571 1420 5627 Non
1447 5573 1618 5628 audeo
1645 5571 1826 5634 ﬁdem,
1851 5586 2012 5640 quam

440 5661 583 5726 novi,
609 5659 754 5716 foras
780 5661 1042 5732 prolitcri,
1087 5676 1154 5716 ne
1182 5677 1266 5716 rue
1296 5675 1608 5733 persecutor
1629 5663 1848 5731 impius,
1889 5663 2014 5731 quia

2037 4435 2088 4494 D

2101 3213 2208 3258 tem
2237 3203 2558 3273 prudentum
2601 3204 2780 3275 rigore
2804 3204 3044 3274 perduci.

2172 3293 2276 3360 Qui
2307 3293 2663 3348 calumniatur
2694 3310 2974 3365 pauperem
3001 3306 3056 3348 ut
3087 3307 3275 3367 augeat
3300 3297 3517 3352 divitias
3541 3309 3692 3363 suas,

2101 3383 2244 3437 dabit
2275 3383 2381 3453 ipse
2409 3383 2590 3438 ditiori
2629 3393 2677 3436 et
2716 3383 2900 3454 egebit.
2952 3383 3177 3440 Constat
3222 3387 3348 3455 quia
3377 3401 3606 3456 rapaces
3642 3395 3704 3444 et

2101 3489 2221 3544 qua:
2251 3473 2577 3545 pauperibus
2604 3473 2888 3540 auferunt,
2933 3483 2988 3530 et
3013 3491 3136 3546 qua:
3171 3475 3322 3546 juste
3366 3478 3699 3534 videbantur

2102 3570 2400 3642 possidere,
2448 3570 2654 3640 pariter
2685 3571 2866 3626 omnia
2889 3571 3142 3640 perdunt,
3189 3587 3312 3626 cum
3339 3571 3394 3626 in
3440 3556 3703 3630 examine

2103 3660 2334 3718 districti
2357 3659 2556 3730 judicis
2593 3675 2782 3732 ptenas
2835 3675 2934 3731 pro
2983 3660 3068 3716 bis
3118 3677 3238 3732 qua:
3281 3675 3506 3730 gessere
3552 3663 3702 3720 reci-

2104 3753 2276 3823 piunt.
2318 3751 2424 3808 Sed
2451 3760 2504 3807 et
2526 3752 2572 3807 is
2593 3753 2684 3822 qui
2708 3767 3001 3824 pauperem
3023 3753 3214 3823 spiritu
3237 3751 3466 3808 fratrem
3493 3755 3702 3812 calum-

2105 3843 2307 3908 niatur,
2330 3843 2620 3898 virtutibus
2645 3842 2764 3911 ejus
2793 3843 3146 3909 detrahendo,
3176 3853 3237 3898 ut
3261 3859 3357 3914 per
3385 3845 3702 3914 bujusmodt

2105 3934 2554 4004 vituperationem
2602 3935 2845 3990 animose
2916 3934 3172 3998 divitias,
3225 3951 3362 4005 quas
3421 3937 3704 3992 desiderat

2107 4033 2322 4096 augeat,
2363 4024 2419 4079 id
2465 4033 2566 4090 est,
2623 4023 2852 4096 gloriam
2895 4023 3072 4080 laudis
3123 4025 3372 4080 humanae
3407 4025 3699 4096 majorem,

2107 4113 2262 4185 quasi
2309 4113 2548 4168 sanctior
2597 4114 2872 4184 accipiat,
2927 4116 3122 4170 merito
3158 4115 3280 4170 talis
3333 4115 3703 4172 calumniator

2109 4205 2370 4276 quidquid
2399 4206 2554 4259 bonae
2585 4205 2814 4260 actionis
2841 4205 3043 4260 habere
3080 4205 3386 4270 videbatur,
3417 4207 3626 4262 amittit
3650 4221 3709 4262 et

2111 4310 2143 4350 a
2171 4293 2346 4350 fructu
2375 4295 2634 4348 virtutum
2662 4309 2864 4350 vacuus
2895 4294 2947 4348 in
2977 4295 3082 4348 line
3111 4293 3369 4350 manebit.

2184 4383 2302 4440 Huc
2345 4399 2518 4454 usque
2542 4384 2800 4454 pertingit
2829 4384 3014 4438 titulus
3040 4383 3427 4438 Parabolarum
3458 4383 3713 4442 Salomo-

2113 4477 2193 4532 nis
2228 4477 2320 4548 qui
2363 4491 2522 4546 supra
2553 4477 2760 4547 positus
2786 4485 2887 4532 est.
2943 4475 3019 4531 Ex
3047 4493 3154 4547 quo
3186 4493 3386 4532 novum
3415 4478 3714 4536 locutionis

2114 4585 2283 4640 genus
2311 4569 2571 4639 probatur
2599 4571 2975 4638 assumpsisse,
3007 4577 3068 4621 ut
3093 4583 3156 4622 ea
3187 4583 3308 4639 quae
3324 4568 3577 4623 dicentur
3597 4585 3713 4624 non

2090 4659 2268 4730 'quasi
2295 4659 2364 4712 ad
2393 4657 2553 4712 alium
2583 4672 2740 4726 quem
2765 4657 2983 4712 doceret
3013 4656 3294 4727 loquendo,
3326 4658 3424 4713 sed
3443 4658 3592 4713 velut
3617 4674 3708 4713 se-

2114 4766 2238 4806 cum
2267 4749 2414 4805 solus
2442 4748 2812 4804 ratiocinando
2839 4748 3086 4803 videatur
3112 4747 3283 4803 elfari.
3331 4749 3516 4816 Quare
3551 4749 3713 4805 viue-

2116 4843 2242 4898 licet
2268 4841 2650 4897 Parabolarum
2678 4842 2884 4912 primus
2910 4850 2994 4896 est
3026 4840 3325 4898 versiculus
3353 4859 3366 4896 :
3413 4840 3592 4897 Filius
3621 4859 3718 4897 sa-

2112 4935 2259 5004 piens
2283 4929 2516 5000 lwtiﬁcat
2543 4945 2766 5002 patrem,
2801 4931 2945 5001 ﬁlius
2977 4949 3093 4986 vero
3113 4932 3307 4986 stultus
3334 4934 3583 4987 maestitia
3634 4948 3714 4991 est

2115 5023 2298 5078 matris
2319 5039 2461 5090 sum;
2479 5022 2702 5077 ultimus
2739 5021 2840 5076 iste
2868 5021 2936 5076 ad
2961 5037 3121 5092 quem
3157 5037 3328 5092 usque
3361 5023 3715 5093 explananda

2116 5114 2476 5185 pervenimus.
2526 5114 2666 5170 Hinc
2713 5115 2780 5169 ad
2809 5115 3046 5184 priorem
3073 5114 3325 5186 loquendi
3365 5117 3590 5172 modum
3621 5135 3715 5174 reo

2119 5206 2350 5266 vertitur
2369 5214 2430 5259 ut
2455 5204 2760 5274 specialiter
2789 5205 2858 5260 ad
2883 5219 3005 5260 eum
3037 5219 3196 5276 quem
3226 5206 3463 5262 instruet
3485 5208 3710 5262 verbum

2118 5295 2304 5358 faciat,
2345 5293 2488 5364 quod
2523 5294 2596 5348 ita
2627 5295 2852 5365 incipit:

2188 5384 2396 5440 lnclina
2426 5401 2607 5439 aurem
2641 5396 2786 5439 tuam
2815 5396 2862 5438 et
2899 5387 3026 5440 audi
3059 5387 3212 5442 verba
3240 5388 3537 5458 sapientum
3562 5406 3581 5443 :
3611 5406 3713 5460 ap-

2117 5495 2250 5549 pone
2271 5488 2444 5532 autem
2467 5493 2558 5532 cor
2585 5488 2730 5532 tuum
2757 5478 2825 5531 ad
2851 5478 3144 5533 doctrinam
3172 5494 3366 5534 meam.
3390 5480 3718 5537 Pulchrum-

2118 5585 2224 5638 que
2245 5567 2456 5624 initium
2482 5569 2635 5639 ponit
2663 5585 2813 5624 nova:
2849 5567 3155 5625 locutionis.
3195 5569 3261 5625 Ut
3292 5586 3482 5626 aurem
3508 5573 3720 5642 pariter

2122 5661 2188 5715 ad
2215 5661 2539 5717 audiendum
2567 5669 2622 5716 et
2651 5675 2746 5716 cor
2766 5675 3036 5732 apponere
3059 5662 3127 5717 ad
3159 5662 3566 5736 intelligendum
3592 5679 3720 5732 qua:
