3962 6198
290 531 399 591 753

1054 541 1417 603 EXPOSITIO
1456 547 1523 603 IN
1561 549 1953 610 PROVERBIA
1995 555 2408 618 SALOMONIS.
2450 593 2506 604 —
2558 566 2687 622 [ΑΒ.
2727 570 2791 624 Il.

3469 591 3576 648 754

287 642 571 717 sapienter
597 645 909 719 loquantur,
940 665 1065 708 eum
1095 668 1255 724 quem
1280 660 1458 716 erudit
1489 660 1677 733 jubeat
1705 681 1717 717 :
1753 663 1886 729 Qua:
1913 670 1963 729 Α
1992 668 2135 726 hunc
2168 672 2222 726 in
2248 672 2334 729 die
2359 676 2634 773 novissimi
2666 682 2932 773 examinis
2962 700 3146 743 coram
3178 693 3455 764 apostolis,
3483 704 3576 773 qui

287 738 512 773 mt’nlnrn
546 742 644 773 an}:
670 743 761 773 ρει-ε
820 759 933 773 ιιι...
964 750 1241 773 -......_-.-..:-
1277 768 1378 773 ---μ
1492 771 1511 773 μ
1534 772 1541 773 ,
1590 766 1602 773 .
1654 772 1657 773 ,
1689 767 1701 773 -
1874 768 1883 773 -

282 738 514 807 pulchra
544 742 644 795 erit
667 743 780 807 tibi,
817 759 934 799 cum
960 750 1241 805 servaveris
1267 768 1381 806 eam
1410 770 1465 807 in
1486 766 1663 811 ventre
1684 767 1798 823 tuo,
1837 768 1884 812 et

286 830 609 885 redundabit
635 832 689 887 in
716 832 869 890 labiis
897 837 1002 894 tuis
1031 851 1078 893 ι.
1124 881 1139 895 .
1184 881 1198 895 .
1243 882 1257 897 .
1298 883 1311 897 .
1356 884 1370 898 .
1415 888 1427 901 .
1471 886 1484 900 .
1524 889 1536 901 .
1582 889 1596 901 .
1639 889 1652 903 .
1695 891 1708 903 .
1751 891 1763 904 .
1810 891 1822 904 .
1868 893 1881 907 .

284 956 477 1063 i‘dtesi
501 960 571 1065 de
590 962 847 1080 .quolibet
880 967 1124 1088 paupere
1145 972 1424 1096 relegem.)
1453 980 1654 1100 accipi,
1685 1031 1750 1087 de
1776 1047 1882 1102 quo

282 1097 494 1153 dictum
518 1119 537 1157 :
566 1100 684 1156 Tibi
719 1105 859 1159 enim
896 1107 1174 1167 derelictus
1222 1127 1297 1170 est
1323 1097 1808 1193 pauper-{pupilla
1823 1136 1879 1179 tu

279 1193 387 1245 eris
407 1192 671 1263 adjutor:
709 1212 896 1253 verum
919 1202 1044 1271 quia
1070 1207 1315 1276 sequitur
1341 1228 1353 1263 :

350 1284 426 1339 Et
454 1288 679 1360 conliget
698 1308 783 1347 eos
805 1296 896 1365 qui
921 1299 1232 1370 conﬁxerint
1257 1307 1491 1364 animam
1515 1312 1652 1382 ejus,
1682 1314 1876 1372 melius

279 1374 347 1429 de
373 1375 469 1431 illo
492 1377 824 1453 intelligitur,
856 1387 947 1457 qui
972 1404 1095 1445 cum
1117 1393 1266 1450 dives
1285 1407 1450 1466 esset,
1475 1374 1677 1474 pauper
1700 1403 1874 1464 factus

276 1478 362 1524 est
391 1484 496 1541 pro
518 1473 706 1541 nobis,
749 1493 849 1534 nec
881 1482 1055 1539 solum
1081 1493 1372 1559 pauperari
1417 1503 1476 1549 ut
1519 1514 1619 1554 nos
1648 1500 1866 1570 ditarct,

276 1558 374 1613 sed
400 1559 590 1627 etiam,
621 1571 682 1617 ut
733 1582 832 1623 nos
860 1571 1169 1643 redimeret,
1214 1582 1457 1654 cruciﬁgi
1491 1586 1741 1661 dignatus
1766 1604 1868 1649 cst.

275 1644 541 1705 Prohibet
590 1668 720 1725 ergo
749 1660 1011 1728 sapientia
1046 1681 1173 1723 suos
1204 1673 1495 1743 auditores,
1554 1678 1784 1739 Domino
1814 1686 1868 1741 in

273 1751 444 1794 carne
498 1744 815 1810 praedicanti
874 1751 1182 1813 violentiam
1245 1773 1583 1839 mortemque
1641 1772 1864 1844 inferre,

273 1831 401 1899 quia
431 1832 690 1891 nimirum
718 1848 900 1898 certus
929 1855 1093 1902 restet
1121 1850 1371 1911 interitus
1395 1859 1493 1925 eis,
1531 1864 1623 1932 qui
1666 1866 1717 1920 in
1768 1884 1863 1925 ac-

271 1928 446 1976 torem
472 1922 598 1979 vita:
617 1940 809 1983 manus
834 1932 1048 1990 mittere
1075 1951 1180 1993 non
1205 1942 1500 2002 timuerint.

343 2008 479 2066 Noli
501 2031 612 2070 esse
652 2020 854 2077 amicus
878 2025 1077 2082 homini
1105 2031 1356 2090 iracundo
1375 2079 1389 2104 ,
1437 2059 1600 2114 neque
1629 2050 1860 2109 ambules
1892 2030 1936 2089 Β

266 2118 387 2156 cum
414 2105 528 2158 viro
566 2105 789 2178 furioso,
835 2130 898 2168 ne
925 2115 1060 2184 forte
1086 2121 1260 2179 discas
1290 2130 1502 2187 semitas
1529 2136 1663 2205 ejus,
1698 2152 1744 2193 et
1774 2161 1866 2196 su-

266 2210 383 2248 mas
410 2197 723 2255 scandalum
750 2204 943 2260 animo:
973 2217 1097 2264 tute.
1129 2212 1193 2269 Et
1214 2216 1327 2273 huic
1354 2236 1476 2278 cum
1497 2224 1563 2281 de
1587 2232 1732 2285 omni
1764 2232 1863 2288 ira-

265 2282 448 2338 cundo
491 2286 578 2340 vel
609 2287 812 2348 furioso
839 2297 1049 2364 possint
1076 2307 1401 2372 generaliter
1427 2316 1620 2387 accipi,
1668 2321 1743 2375 nil
1777 2337 1858 2378 ta-

261 2388 387 2428 men
418 2376 666 2445 prohibet
693 2383 1000 2453 specialiter
1036 2394 1208 2464 accipi
1244 2398 1310 2454 de
1355 2401 1493 2473 illis,
1544 2376 1638 2481 qui
1669 2424 1857 2470 contra

1154 2461 1170 2464 _
1480 2461 1493 2473 1
1554 2461 1638 2481 ἰη-
1675 2461 1855 2470 """“

260 2461 592 2522 salvatorem
615 2478 671 2525 et
694 2472 985 2545 discipulos
1013 2482 1131 2553 ejus
1150 2482 1349 2546 vesan'a
1379 2507 1561 2554 mente
1585 2500 1855 2575 furebant,

258 2566 291 2605 a
322 2567 556 2623 quorum
584 2561 822 2619 amicitia
854 2575 907 2623 et
932 2575 1189 2633 comitatu
1217 2584 1596 2659 prohibentur,
1637 2561 1857 2666 quicun:

257 2924 342 2972 ter
367 2927 548 2976 autem
575 2924 883 2999 dicendum,
911 2939 1037 3006 quia
1065 2943 1205 2999 sicut
1227 2948 1453 3018 perfecti
1498 2957 1599 3013 viri
1631 2976 1849 3029 perver-

254 3022 346 3062 sos
372 3012 652 3079 proximos
679 3034 784 3075 non
815 3022 1011 3082 debent
1041 3012 1260 3103 fugeret,
1302 3041 1426 3111 quia
1460 3012 1750 3122 illossiepe
1776 3054 1843 3108 ad

257 3101 634 3161 rectitudinem
664 3112 906 3183 trahunt,
943 3128 998 3174 et
1024 3101 1124 3191 ipsi
1159 3127 1226 3182 ad
1247 3101 1661 3200 perversitatem
1681 3101 1849 3202 ‘nun-

252 3205 418 3261 quam
441 3196 752 3270 trahuntur,
800 3206 873 3261 ita
901 3209 1101 3269 inﬁrmi
1142 3196 1341 3292 quique
1389 3231 1704 3290 societatem
1754 3239 1846 3294 de-

250 3279 381 3337 bent
406 3285 680 3349 declinare
707 3310 1019 3370 pravorum,
1060 3323 1129 3363 ne
1174 3312 1335 3381 mala,
1386 3335 1506 3389 qua:
1534 3322 1844 3396 frequenter

1322 3374 1333 3381 ,
1402 3374 1420 3389 ι
1468 3374 1501 3376 η
1538 3374 1831 3396 “rem...

251 3374 523 3443 aspiciunt
554 3388 611 3435 et
647 3387 919 3459 corrigere
944 3410 1050 3451 non
1087 3399 1305 3470 valent,
1364 3410 1526 3466 etiam
1567 3415 1840 3475 delecten-
1871 3401 1914 3463 (ἶ

253 3472 343 3518 tur
366 3467 590 3526 imitari.

324 3555 456 3614 Noli
494 3578 605 3619 esse
631 3583 751 3623 cum
782 3571 864 3627 his
901 3578 992 3646 qui
1016 3578 1247 3653 deﬁgunt
1284 3603 1473 3646 manus
1500 3611 1641 3662 suas,
1675 3611 1722 3654 et
1749 3605 1839 3673 qui

324 3649 405 3673 ’,μ
437 3668 485 3673 μ
524 3655 595 3673 Α,
726 3669 735 3673 _
922 3667 931 3673 _
971 3670 1013 3673 __
1045 3671 1052 3673 ξ

1084 3649 1088 3650 ,
1121 3649 1138 3653 ν
1609 3649 1640 3662 VI
1679 3649 1716 3654 ν-
1749 3649 1838 3673 1'"

248 3649 405 3704 rudes
431 3668 486 3706 se
513 3655 735 3725 oﬂ'erunt
763 3677 858 3731 pro
896 3667 1102 3736 debitis,
1148 3675 1194 3728 si
1235 3679 1369 3732 enim
1398 3697 1501 3737 non
1524 3685 1676 3743 liabet
1704 3693 1840 3748 unde

248 3742 509 3810 restituat,
554 3750 683 3818 quid
702 3768 878 3811 causae
904 3768 979 3813 est
1006 3770 1063 3815 ut
1086 3763 1234 3820 tollat
1261 3772 1635 3838 operimentum
1665 3781 1729 3835 de
1749 3801 1840 3837 cu-

247 3829 341 3883 bili
366 3842 478 3887 tuo.
504 3833 622 3892 Noli
648 3856 769 3898 esse
793 3859 916 3900 cum
942 3848 1026 3905 his
1052 3854 1140 3922 qui
1165 3869 1224 3909 se
1245 3872 1365 3913 cum
1388 3875 1569 3919 essent
1592 3867 1746 3926 liberi
1775 3892 1838 3930 ac

244 3918 466 3977 sibimet
501 3938 757 3987 vacantes
784 3932 1023 4008 deligunt
1054 3941 1108 3997 in
1143 3959 1271 4001 cura
1321 3950 1509 4009 salutis
1547 3960 1832 4031 malorum,

243 4015 579 4083 spondentes
623 4038 682 4078 se
727 4029 992 4087 rationem
1038 4050 1136 4105 pro
1166 4055 1352 4098 eorum
1413 4049 1697 4109 animabus
1733 4056 1836 4112 Do-

243 4109 394 4164 mino
434 4113 787 4174 reddituros:
841 4124 886 4178 si
917 4127 1216 4200 enimille,
1266 4151 1366 4206 pro
1415 4156 1520 4211 quo
1568 4149 1833 4216 spondisti

242 4214 350 4252 non
374 4201 538 4257 habet
566 4204 705 4261 bona
735 4226 920 4281 opera,
952 4217 1148 4286 quibus
1179 4231 1230 4277 te
1266 4201 1461 4284 librum
1493 4248 1557 4288 ac
1583 4201 1832 4294 securum

240 4288 456 4356 reddat,
486 4300 590 4349 tuae
632 4302 958 4369 sponsionis,
987 4310 1115 4377 quid
1145 4314 1240 4369 tibi
1270 4319 1399 4373 utile
1427 4330 1527 4388 est,
1555 4333 1612 4379 ut
1636 4326 1750 4397 ipse
1778 4331 1831 4387 in

238 4378 329 4435 die
350 4381 539 4451 judicii
566 4403 664 4456 pro
700 4391 816 4463 ejus
844 4397 1021 4454 anima
1040 4399 1346 4470 iudiceris?
1382 4414 1707 4489 amittasque
1735 4422 1832 4477 ha-

237 4470 410 4527 bitum
436 4472 664 4542 justitiae
692 4499 799 4553 quo
825 4487 1044 4547 indutus
1068 4510 1188 4553 esse
1229 4501 1518 4572 videbaris,
1565 4470 1633 4565 ad
1655 4514 1830 4570 nudus

238 4561 310 4615 ab
342 4580 667 4627 ornamento
718 4576 975 4636 virtutum
1006 4586 1240 4645 existere
1283 4597 1672 4669 comproberis,
1700 4606 1827 4675 quia

237 4656 382 4724 quod
412 4659 640 4719 Domino
668 4675 802 4723 teste
836 4672 1105 4742 pollicitus
1139 4696 1216 4748 es,
1243 4656 1464 4755 implere
1484 4656 1823 4762 nequivei‘as.

236 4743 354 4802 Hoc
391 4758 572 4808 autem
598 4755 798 4815 dictum
824 4773 925 4832 est,
979 4784 1083 4823 non
1125 4788 1230 4842 quo
1254 4790 1439 4833 curam
1469 4789 1823 4855 regendarum

235 4841 563 4913 animarum,
595 4865 717 4906 cum
743 4855 838 4910 tibi
865 4861 1185 4931 regulariter
1212 4869 1463 4941 imposita
1503 4875 1685 4945 fuerit,
1706 4897 1823 4939 sus-

234 4932 416 5001 cipere
441 4951 550 4991 non
581 4939 799 5011 debeas,
834 4950 928 5004 sed
968 4967 1037 5007 ne
1071 4958 1271 5024 passim
1288 4932 1449 5018 .nullo
1480 4932 1701 5036 jubente
1731 4972 1824 5027 do-

232 5024 403 5080 ctoris
465 5027 562 5084 tibi
611 5046 675 5089 ac
725 5039 969 5107 praesulis
1023 5044 1255 5102 cilicium
1300 5056 1619 5112 temerarius
1666 5075 1819 5116 usur-

232 5128 350 5183 pes.
1076 5144 1091 5161 ν

303 5206 391 5262 Ne
410 5217 817 5284 transgrediaris
838 5226 1085 5283 terminos
1114 5234 1355 5303 antiquos
1385 5252 1513 5307 quos
1536 5254 1821 5309 posuerunt

227 5305 405 5365 patres
436 5304 533 5357 tui.
568 5304 646 5363 Ne
676 5317 1087 5384 transgrediaris
1115 5325 1372 5382 terminos
1392 5304 1545 5397 tidei,
1570 5347 1704 5402 quos
1732 5353 1819 5392 ca-

228 5386 418 5445 tholici
447 5393 517 5448 ab
542 5394 694 5454 initio
715 5410 954 5461 statuere
980 5410 1251 5470 doctores.

307 5478 503 5539 Vidisti
526 5489 696 5545 virum
731 5494 952 5551 celocem
992 5502 1047 5555 in
1075 5521 1224 5575 opere
1248 5524 1365 5576 suo,
1407 5527 1585 5568 coram
1613 5516 1818 5587 regibus

223 5574 405 5639 stabit,
439 5595 534 5632 nec
576 5583 672 5637 erit
698 5596 819 5642 ante
845 5590 1113 5661 ignobiles.
1163 5598 1548 5676 Quemcunque
1578 5610 1813 5668 velocem

220 5664 428 5723 videris
460 5669 512 5724 in
542 5687 704 5743 opere
747 5693 867 5746 suo,
904 5682 957 5739 id
1007 5696 1109 5754 est,
1167 5692 1233 5745 in
1266 5710 1430 5764 opere
1454 5697 1614 5765 bono,
1670 5706 1814 5772 quod

1097 5751 1104 5754 γ
1300 5751 1317 5764 .
1415 5751 1418 5752 ν
1467 5751 1614 5765 *ηε-τι
1674 5751 1812 5772 ἰ’-νι-

223 5751 340 5822 ejus
381 5767 503 5814 erat
548 5762 744 5831 facere,
775 5779 1052 5831 strenuum
1097 5786 1258 5851 atque
1298 5785 1582 5843 sollicitum
1608 5831 1623 5858 ,
1674 5794 1812 5851 scito

1852 4750 1991 4841 Dbo

1988 775 2110 813 cum
2136 761 2354 818 Christo
2398 768 2657 822 mundum
2676 768 2971 838 judicaturi
3007 761 3290 848 sedebunt,
3324 761 3449 842 esse
3466 761 3576 844 sia-

1987 857 2190 916 turum,
2221 852 2346 922 quia
2374 855 2630 913 videlicet
2654 875 2841 916 eorum
2864 863 3012 933 jussa
3044 873 3364 940 servaverit,
3400 893 3575 948 neque

1985 939 2039 994 in
2067 950 2222 1010 parte
2270 943 2587 1014 ignobilium
2615 950 2896 1007 doctorum
2929 970 3157 1025 quorum
3194 965 3461 1023 cavefecit
3484 986 3573 1026 er-

1985 1048 2164 1088 rorem
2196 1054 2208 1087 :
2253 1037 2355 1092 hoc
2384 1050 2468 1095 est
2495 1083 2509 1105 ,
2573 1043 2640 1096 ad
2675 1045 2951 1103 sinistram
2973 1050 3171 1121 judicis
3221 1072 3341 1115 esse
3367 1078 3570 1132 ponen-

1982 1122 2127 1176 dum.

2543 1221 2772 1281 CAPUT
2816 1229 2997 1287 XXIII.

2050 1322 2275 1389 Quando
2301 1330 2495 1386 sederis
2524 1345 2580 1388 ut
2611 1341 2851 1396 comedas
2873 1361 2987 1399 cum
3014 1350 3267 1422 principe,
3294 1355 3565 1428 diligenter

1976 1416 2184 1470 attende
2221 1436 2338 1488 gnte
2369 1424 2540 1491 posita
2584 1428 2686 1482 sint
2727 1431 2797 1484 ad
2834 1416 3023 1503 faciem
3075 1416 3251 1513 tuam,
3304 1456 3352 1500 et
3393 1458 3564 1505 statue

1972 1503 2196 1560 cultrum
2222 1509 2275 1562 in
2298 1521 2505 1581 gutture
2526 1525 2632 1582 tuo,
2658 1520 2704 1573 si
2719 1531 2891 1579 tamen
2917 1527 3072 1583 habes
3099 1531 3152 1586 in
3166 1545 3420 1603 potestate
3444 1541 3563 1595 ani-—

1972 1611 2111 1650 mam
2143 1607 2307 1654 tuam.
2333 1600 2436 1657 Per
2466 1606 2775 1678 allegoriam
2801 1626 2995 1672 cuncta
3032 1620 3306 1680 dicuntur.
3335 1627 3560 1695 Quando

1971 1687 2175 1743 sederis
2205 1692 2271 1746 ad
2302 1692 2585 1763 legemlqu
2631 1716 2754 1756 cum
2799 1708 3088 1779 magistro,
3140 1724 3199 1769 ut
3243 1733 3379 1787 pane
3406 1720 3556 1779 verbi

1968 1777 2252 1847 reﬁciaris,
2285 1785 2569 1857 diligenter
2589 1792 2825 1867 intelligo
2852 1777 2971 1869 quae
2993 1806 3193 1876 scripta
3219 1777 3343 1865 sunt
3366 1821 3420 1867 et
3447 1815 3558 1872 dis-

1965 1872 2261 1928 cretionem
2292 1892 2460 1933 sacrae
2484 1881 2729 1941 lectionis
2760 1889 2811 1942 in
2845 1899 2933 1946 tua
2962 1893 3229 1955 locutione
3254 1918 3510 1960 conserva
3536 1924 3552 1974 ;

1966 1961 2011 2015 si
2043 1970 2218 2017 tamen
2252 1966 2376 2022 talis
2404 1985 2485 2037 es,
2535 1982 2848 2048 tantumque
2886 1987 3151 2055 eruditus,
3201 1994 3292 2062 qui
3319 1994 3372 2048 in
3396 2007 3551 2066 pote-

1965 2058 2103 2106 state
2161 2054 2361 2113 habeas
2418 2062 2653 2119 animam
2711 2076 2883 2136 tuam,
2944 2091 3043 2131 nec
3094 2082 3247 2147 quasi
3302 2078 3553 2144 indoctus

1966 2156 2146 2202 mente
2170 2157 2257 2204 tua
2281 2150 2683 2215 circuntl‘craris
2715 2164 2863 2219 omni
2893 2177 3056 2224 vento
3081 2170 3360 2230 doctrinae.
3418 2178 3551 2234 Gut-

1964 2241 2052 2287 tur
2099 2252 2333 2309 namque
2379 2259 2479 2313 pro
2530 2245 2741 2318 loquela
2786 2257 2984 2323 posuit,
3030 2261 3158 2328 quia
3210 2280 3310 2318 vox
3343 2266 3396 2320 in
3430 2279 3550 2339 gut-

1960 2329 2081 2378 ture
2105 2336 2207 2392 est,
2242 2330 2444 2386 cultum
2473 2350 2569 2404 pro
2606 2338 2948 2410 discretione,
2985 2349 3110 2417 quia
3137 2351 3287 2408 cibos
3313 2370 3437 2410 cum
3468 2374 3547 2414 re-

1961 2410 2180 2469 iicimur
2206 2418 2382 2476 cuitro
2431 2436 2648 2482 secante
2674 2445 3043 2503 praeparamus
3090 2459 3103 2493 :
3164 2452 3219 2497 et
3263 2446 3459 2504 sedens
3489 2461 3547 2505 ut

1959 2506 2200 2560 comedat
2250 2510 2483 2568 cultrum
2512 2516 2562 2570 in
2593 2529 2810 2589 gutture
2848 2540 2947 2580 suo
2973 2530 3182 2596 statuit,
3215 2538 3432 2603 quando
3475 2539 3543 2605 is,

1957 2594 2049 2664 qui
2073 2596 2250 2652 divina
2280 2603 2499 2661 sedulus
2524 2611 2836 2681 meditatur,
2862 2617 3076 2689 eloquio
3105 2624 3334 2682 discreta
3364 2644 3432 2685 ex
3450 2647 3546 2687 ore

1957 2684 2121 2740 verba
2164 2688 2459 2762 depromit,
2513 2714 2613 2755 nec
2666 2703 2768 2758 alia
2815 2710 3010 2778 saapius
3053 2714 3109 2768 in
3159 2716 3340 2789 lingua
3381 2738 3542 2792 quam

1956 2774 2191 2833 etelestis
2217 2783 2418 2839 oraculi
2462 2787 2604 2844 dicta
2660 2774 2908 2852 revolvit:
2963 2800 3078 2859 Hoc
3107 2774 3286 2862 autem
3316 2774 3434 2882 ejtis
3460 2824 3545 2870 est

1954 2862 2158 2934 facere,
2205 2872 2295 2940 qui
2326 2872 2379 2928 in
2409 2886 2675 2948 potestate
2701 2885 2865 2943 habet
2901 2893 3137 2949 animam
3170 2862 3363 2967 suam:
3378 2904 3431 2958 id
3460 2915 3544 2961 est

1953 2954 2285 3015 immobilem
2330 2964 2474 3021 inter
2498 2983 2715 3030 errores
2754 2975 3053 3037 fallentium
3082 2988 3407 3058 sapientium
3455 3009 3544 3050 sa~

1949 3045 2149 3114 pientis
2179 3051 2344 3109 animi
2396 3066 2593 3115 statum
2624 3078 2842 3124 servare
2870 3070 3077 3142 didicit,
3127 3045 3268 3135 unde
3315 3090 3370 3138 et
3394 3094 3541 3142 recte

1950 3136 2223 3212 subiungit
2251 3160 2265 3198 :

2021 3229 2106 3285 Ne
2128 3232 2391 3294 desideres
2437 3241 2501 3297 de
2523 3246 2650 3301 cibis
2677 3249 2812 3319 ejus,
2844 3253 2898 3307 in
2924 3271 3028 3326 quo
3049 3264 3300 3332 estpanis
3322 3269 3542 3325 menda-

1945 3321 2031 3376 cii.
2065 3321 2217 3391 Quod
2239 3339 2323 3384 est
2350 3345 2537 3403 aperte
2563 3337 2764 3409 dicere,
2798 3361 2866 3401 ne
2890 3347 3162 3409 desideres
3181 3355 3298 3427 ejus
3326 3363 3539 3418 auscul-

1949 3422 2065 3472 tare
2098 3425 2462 3494 sermonibus,
2518 3432 2606 3502 qui
2638 3434 2920 3496 dulcedine
2969 3446 3375 3507 mendaciorum
3405 3453 3537 3526 dog-

1946 3520 2151 3566 matum
2181 3517 2457 3576 auditores
2488 3539 2614 3581 suos
2645 3526 2832 3587 fallere
2853 3539 3148 3595 consuevit.

2019 3598 2149 3655 Noli
2183 3603 2425 3665 laborare
2454 3623 2509 3667 ut
2537 3614 2742 3674 dileris.
2791 3623 3018 3683 Divitias
3047 3632 3290 3691 scientiae
3330 3637 3535 3712 signiﬁ-

1944 3694 2051 3755 cat,
2096 3706 2230 3760 quas
2269 3696 2407 3754 ultra
2462 3718 2770 3765 mensuram
2810 3718 3128 3786 capacitatis
3161 3733 3358 3781 nostrae
3389 3743 3535 3798 (μιαι-

1942 3792 2062 3833 rere
2086 3785 2455 3852 prohibemur.

2013 3867 2118 3926 Sed
2136 3878 2428 3944 prudentia:
2457 3892 2564 3940 tua:
2599 3904 2733 3957 pone
2758 3895 2987 3951 modum.
3019 3899 3170 3956 illum
3196 3906 3447 3966 videlicet
3465 3913 3531 3968 de

1937 3977 2046 4032 quo
2080 3982 2242 4037 supra
2276 3972 2478 4028 dictum
2521 3987 2640 4034 est:
2705 3980 2788 4037 Ne
2834 3993 3239 4060 transgrediaris
3281 4002 3527 4059 terminos

1938 4057 2197 4127 antiquos,
2226 4078 2355 4132 quos
2374 4079 2657 4134 posuerunt
2683 4084 2856 4141 patres
2880 4080 2978 4143 tui,
3007 4080 3110 4136 hoc
3135 4093 3238 4152 est,
3268 4092 3525 4150 terminos

1938 4147 2076 4203 datm
2102 4166 2129 4202 a
2154 4155 2402 4222 patribus
2425 4159 2665 4218 veritatis
2691 4173 2747 4218 et
2770 4166 2911 4223 fidei.

2007 4239 2092 4292 Nc
2121 4244 2291 4311 erigas
2318 4247 2496 4302 oculos
2527 4261 2644 4307 tuos
2673 4255 2743 4308 ad
2773 4274 2890 4327 opes
2920 4279 3050 4333 quas
3081 4266 3270 4324 habere
3296 4287 3397 4326 non
3424 4292 3521 4344 po-

1934 4339 2029 4397 tes,
2065 4336 2188 4403 quia
2215 4336 2411 4406 facient
2436 4343 2536 4398 sibi
2560 4362 2758 4415 pennas
2781 4392 2795 4415 ,
2839 4357 2991 4422 quasi
3037 4359 3248 4429 aquila',
3286 4374 3334 4418 et
3380 4368 3522 4422 cola-

1933 4421 2059 4475 bunt
2079 4425 2134 4479 in
2161 4426 2364 4483 caelum.
2411 4431 2489 4489 Ne
2520 4437 2697 4508 erigas
2722 4452 2959 4500 mentem
2987 4458 3131 4505 tuam
3175 4454 3244 4509 ad
3272 4472 3519 4525 perscru-

1932 4515 2094 4569 tanda
2126 4517 2426 4579 divinitatis
2465 4541 2664 4583 arcana
2707 4549 2827 4603 quae
2878 4548 3164 4606 penetrare
3194 4515 3300 4602 non
3341 4560 3516 4622 potes,

1930 4604 2047 4661 inec
2067 4609 2211 4664 enim
2232 4613 2543 4673 caelestibus
2570 4621 2742 4678 solum
2773 4626 2980 4685 civibus
3010 4642 3211 4702 patent.

2002 4697 2087 4753 Ne
2111 4705 2349 4760 comedas
2378 4724 2495 4763 cum
2531 4712 2740 4770 homine
2786 4716 2982 4787 invido,
3005 4734 3052 4777 et
3077 4743 3139 4780 ne
3161 4727 3419 4787 desideres
3444 4736 3516 4789 ci-

1993 4804 2018 4842 s
2052 4789 2189 4859 ejus,
2216 4798 2461 4864 quoniam
2500 4802 2555 4856 in
2578 4805 2971 4866 similitudinem
3002 4816 3156 4870 arioli
3181 4829 3228 4871 et
3258 4823 3517 4892 conjecto~

1926 4878 2000 4932 ris
2024 4881 2247 4937 restituat
2274 4890 2414 4956 quod
2442 4891 2667 4961 ignorat.
2709 4897 2784 4952 Nc
2812 4901 2879 4955 de
2926 4901 3223 4976 Scripturis
3251 4926 3374 4965 cum
3409 4914 3516 4968 ha:-

1926 4971 2096 5027 retico
2134 4974 2395 5045 loquaris,
2442 4985 2532 5052 qui
2563 4985 2765 5043 invidet
2809 4992 3057 5050 humanm
3097 4999 3278 5067 saluti,
3310 5003 3514 5058 malens

1923 5059 2174 5133 decipere
2219 5082 2381 5137 quam
2429 5074 2658 5145 corrigi,
2712 5083 2965 5148 quozziam
3012 5087 3151 5141 sicut
3204 5090 3406 5146 ariolus
3458 5108 3514 5148 et

1922 5155 2197 5226 conjector
2224 5165 2557 5221 somniorum
2578 5173 2809 5227 :estimat
2835 5179 2977 5245 quod
3010 5180 3250 5250 ignorat,
3301 5184 3373 5239 ita
3405 5188 3514 5242 hce-

1922 5245 2144 5313 reticus,
2187 5252 2279 5320 qui
2321 5269 2429 5309 non
2468 5257 2734 5331 intelligit,
2782 5264 2833 5317 in
2863 5245 3158 5338 Scripturis
3189 5284 3353 5343 prout
3382 5276 3512 5333 libet

1922 5335 2269 5408 interpretari
2298 5350 2597 5414 praesumit.

1994 5429 2219 5489 Comede
2257 5447 2304 5489 et
2337 5438 2468 5506 bibe,
2501 5443 2628 5498 dicit
2655 5446 2769 5512 tibi,
2806 5458 2853 5502 et
2885 5466 3029 5506 mens
3058 5454 3173 5525 ejus
3199 5473 3302 5512 non
3332 5473 3406 5515 est
3436 5471 3510 5518 te-

1920 5536 2057 5575 cum.
2093 5521 2350 5593 Securus,
2382 5529 2576 5600 inquit,
2608 5535 2753 5591 disce
2782 5548 2839 5594 et
2864 5556 2986 5612 age,
3019 5560 3138 5617 qua:
3158 5547 3347 5617 doceo,
3384 5571 3506 5611 cum

1918 5612 2035 5682 ipse
2064 5615 2149 5670 bis
2199 5632 2318 5686 quze
2347 5620 2502 5675 docet
2532 5623 2691 5680 ﬁdem
2718 5639 2921 5685 certam
2948 5612 3054 5690 non
3084 5638 3301 5707 habent,
3330 5645 3509 5701 sciens

1922 5718 1980 5758 se
2008 5707 2072 5761 de
2097 5710 2260 5765 corde
2286 5726 2383 5766 suo
2407 5712 2642 5782 ﬁnxisse,
2673 5736 2792 5790 qtae
2824 5724 3059 5783 doceret.

1992 5795 2145 5854 Cibos
2164 5819 2292 5872 quos
2321 5808 2619 5865 comedems
2640 5830 2838 5872 evomes
2859 5828 2906 5871 et
2932 5822 3114 5891 perdes
3137 5825 3381 5895 pulchros
3404 5842 3511 5882 ser.

2175 5869 2184 5872 _
2793 5869 2832 5872 ,-
2865 5869 2898 5871 η
2932 5869 3112 5891 τμη-
3137 5869 3381 5895 ,........v.,
3404 5869 3502 5882 νη

295 5881 322 5910 ι
351 5869 626 5931 Lacunam
678 5881 818 5939 hanc
876 5902 943 5941 ev
999 5892 1199 6011 scripto
1264 5899 1558 5969 exemplari
1632 5906 1880 5978 supplere
1930 5925 2033 5966 non
2067 5916 2373 5983 pomimus;
2419 5923 2561 5990 quod
2614 5941 2734 5994 quae
2790 5930 2844 5984 in
2894 5933 3067 5991 altero
3102 5937 3274 5993 latere
3304 5942 3502 6011 scripta

295 5951 381 5996 aut
418 5943 640 6005 alterius
672 5954 995 6011 scripturam
1023 5960 1091 6011 ob
1117 5974 1387 6011 usmmnl-

224 5951 381 5996 erant
418 5943 640 6005 alterius
672 5954 995 6025 scripturam
1009 5943 1387 6021 obt'usvcar'en't.
