3962 6198
471 489 576 556 :55

1145 497 1207 558 Β.
1249 503 1503 560 RABANI
1541 501 1761 561 MAURI
1797 499 2116 560 AItCHIEP.
2154 500 2464 564 MOGUNT.
2503 504 2787 564 OPERUM
2825 505 3005 565 PARS
3043 507 3132 565 III.

3639 513 3749 574 756

469 627 648 668 mones
673 619 808 666 tuos.
851 611 1052 671 Sensus
1077 629 1362 686 perversos
1391 630 1528 687 quos
1563 615 1631 670 ab
1671 613 1942 671 haereticis
1976 614 2058 670 di-
2085 615 2135 676 A
2232 613 2473 670 Gaudeat
2500 625 2650 688 pater
2679 625 2824 682 tuus,
2864 626 2915 673 et
2943 626 3112 673 mater
3137 626 3231 674 tua
3254 619 3499 689 exsultet,
3529 624 3619 695 qui
3650 641 3750 696 ge-

470 701 705 765 diceras,
759 717 982 761 necesse
1008 715 1092 761 est
1130 714 1192 760 ut
1229 705 1314 761 vel
1341 720 1440 776 per
1463 705 1834 776 paenitentiam
1885 703 2059 760 corri-

469 789 673 862 gentilis
708 793 945 859 deseras,
973 794 1056 849 vel
1081 803 1202 865 post
1227 802 1456 849 mortem
1475 809 1576 864 pro
1593 794 1677 850 his
1699 809 1770 866 ρ]
1789 809 1889 848 nas
1908 792 2058 848 luere

470 885 724 958 cogaris,
769 885 1077 956 perdasque
1119 899 1399 942 sermones
1445 884 1820 949 confessionis,
1861 883 2058 954 quibus

472 977 554 1032 eis
581 975 1003 1048 pradicantibus
1042 975 1319 1031 humiliter
1361 974 1650 1032 favendum
1677 989 1798 1032 esse
1832 982 2056 1045 putave-

473 1083 581 1123 ras.

541 1160 611 1215 In
635 1161 852 1216 auribus
889 1161 1245 1233 insipientium
1295 1178 1359 1217 ne
1403 1161 1656 1233 loquaris,
1704 1164 1828 1234 quia
1877 1163 2052 1233 despi-

469 1249 604 1305 cient
649 1249 944 1305 doctrinam
993 1249 1186 1323 eloquii
1235 1253 1333 1306 tui.
1380 1251 1518 1308 Huic
1561 1252 1737 1308 simile
1783 1261 1869 1309 est
1922 1254 2052 1308 illud

468 1338 744 1412 Evangelii
770 1360 782 1394 :
818 1341 996 1396 Nolite
1025 1341 1154 1398 dare
1191 1354 1429 1398 sanctum
1451 1342 1666 1398 canibus
1696 1361 1858 1416 neque
1879 1346 2054 1399 mitta-

465 1431 535 1486 tis
561 1431 875 1502 margaritas
901 1440 1094 1487 vestras
1113 1441 1232 1486 ante
1251 1449 1455 1503 porcos,
1479 1431 1816 1504 etc.(Mattlt.
1841 1435 1960 1507 vn).
1993 1432 2050 1490 Si

466 1538 596 1595 ergo
639 1537 802 1593 supra
860 1522 1170 1588 admonuit,
1237 1538 1304 1578 ne
1359 1523 1739 1581 haereticorum
1791 1526 2052 1582 doctrinis

465 1613 824 1678 auscultares,
865 1613 938 1668 ita
969 1630 1111 1670 nunc
1157 1615 1406 1670 hortatur
1433 1631 1501 1670 ne
1531 1631 1715 1672 amore
1761 1633 1914 1672 vana:
1935 1617 2051 1690 glo-

463 1706 562 1760 riae
607 1706 892 1770 seductus,
925 1703 1214 1761 immundis
1267 1705 1576 1762 hominibus
1617 1707 1819 1777 passim
1850 1722 2045 1762 arcana

462 1797 710 1854 veritatis
739 1799 973 1868 ingeras.

537 1887 622 1943 Ne
652 1890 877 1961 attingas
919 1890 1164 1946 terminos
1197 1890 1562 1960 part-alarum,
1589 1903 1637 1948 et
1666 1909 1848 1963 agrum
1877 1893 2047 1964 pupil-

2163 705 2276 759 nuit
2303 714 2372 760 te.
2415 705 2657 760 Gaudeat
2682 705 2824 760 Deus
2855 705 3018 762 Pater
3043 707 3112 764 de
3137 715 3227 764 tua
3247 707 3478 779 iustitia,
3511 713 3753 784 gaudeat

2158 802 2214 849 et
2238 795 2479 850 Ecclesia
2505 803 2699 863 mater,
2729 795 2822 851 sed
2851 803 2907 852 et
2929 799 3184 855 sacerdos
3203 799 3296 869 qui
3323 809 3376 856 te
3394 815 3494 872 per
3510 804 3750 874 gratiam

2158 883 2410 952 baptismi
2447 885 2810 955 rcgeneravit,
2836 887 3038 956 quique
3083 895 3136 942 te
3163 889 3400 944 erudivit
3424 905 3456 944 a
3490 893 3746 962 parvulo,

2157 976 2224 1030 de
2255 974 2359 1030 tuis
2379 976 2534 1031 bonis
2559 976 2859 1046 gratuletur
2884 977 3158 1048 operibus.

2229 1064 2328 1119 Cui
2349 1065 2464 1120 me?
2485 1067 2638 1137 cujus
2665 1067 2806 1137 patri
2826 1068 2943 1122 me?
2969 1067 3242 1134 Quaeritur
3269 1070 3597 1141 disputando
3622 1073 3750 1144 qui-

2157 1155 2256 1212 bus
2303 1158 2580 1213 hominum
2627 1159 2926 1216 sceleribus
2973 1161 3209 1216 maxima
3239 1178 3270 1216 a
3299 1161 3529 1220 Domino
3577 1181 3744 1236 paena

2155 1248 2436 1303 servetur?
2476 1257 2532 1304 et
2571 1249 2860 1320 respondet
2905 1251 3018 1320 ipse
3067 1248 3458 1320 ratiocinando,
3491 1257 3620 1325 quia
3657 1257 3748 1314 bis

2153 1338 2358 1408 absque
2387 1338 2534 1394 omni
2579 1339 2871 1408 dubietate,
2910 1341 3000 1411 qui
3030 1359 3129 1412 per
3156 1343 3529 1400 ebriositatem
3559 1346 3748 1402 devol-

2153 1439 2353 1484 vuntur
2373 1431 2440 1485 ad
2467 1429 2756 1487 luxuriam.
2786 1432 2900 1496 Cui,
2930 1433 3122 1504 inquit,
3147 1436 3262 1490 vce?
3281 1437 3433 1508 cujus
3457 1441 3600 1509 patri
3622 1441 3747 1495 υ(εὲ

2152 1538 2229 1574 ere
2256 1527 2516 1576 :eteruum
2543 1517 2819 1576 interitum
2851 1521 3112 1591 nominat,
3139 1540 3247 1595 quo
3277 1525 3540 1583 Dominus
3573 1545 3588 1583 :
3623 1527 3742 1595 Vir,

2153 1611 2346 1682 inquit,
2377 1613 2577 1666 homini
2606 1611 2685 1666 illi
2715 1630 2806 1682 per
2835 1631 2988 1685 quem
3015 1613 3326 1671 scandalum
3353 1617 3486 1672 venit
3515 1617 3740 1690 (Hattlt.

2152 1703 2328 1774 XVIII).
2372 1702 2586 1757 Patrem
2615 1712 2795 1758 autem
2828 1701 2942 1772 ejus
2980 1703 3068 1760 cui
3097 1721 3170 1761 una
3201 1703 3499 1773 immineat,
3529 1710 3613 1764 vel
3641 1710 3744 1766 ho-

2151 1795 2352 1851 minem
2395 1796 2524 1851 dicit
2549 1813 2580 1851 a
2606 1812 2711 1866 quo
2739 1799 2984 1868 exempla
3020 1801 3173 1870 pravi
3218 1801 3398 1872 operis
3427 1797 3559 1860 loris
3587 1805 3743 1875 quis-

2148 1901 2254 1958 que
2276 1897 2336 1942 nt
2353 1897 2606 1958 peccaret
2630 1890 2854 1961 accepit,
2879 1890 2963 1945 vel
2981 1901 3129 1947 certe
3155 1891 3449 1960 diabolum,
3471 1896 3564 1965 qui
3589 1896 3741 1954 intus

461 1980 636 2034 lorum
671 1998 734 2036 ne
758 1983 1026 2036 introeas:
1067 1983 1388 2055 prapinquus
1409 1987 1544 2039 enim
1571 2002 1748 2040 eorum
1771 1985 1922 2056 fortis
1943 1997 2038 2041 est.
2073 1977 2118 2035 Β
2149 1979 2200 2033 in
2229 1980 2390 2036 corde
2416 1981 2565 2036 Virus
2590 1979 2858 2051 pestifera:
2885 1983 3247 2053 suggestionis
3274 1984 3501 2051 inludit;
3531 1987 3600 2042 de
3623 2003 3742 2058 quo

460 2070 530 2125 Et
556 2072 663 2142 ipse
675 2071 937 2142 judicabit
979 2082 1158 2127 contra
1189 2085 1237 2127 te
1266 2091 1480 2130 causam
1529 2075 1761 2130 illorum.
1820 2075 2046 2148 Propin-

459 2179 625 2232 quum
650 2161 998 2234 parvulorum
1024 2171 1082 2220 et
1124 2164 1451 2236 pupillorum
1477 2166 1761 2224 Dominum
1787 2167 2040 2238 appellat,

457 2257 584 2326 quia
609 2271 733 2311 cum
756 2265 902 2312 esset
938 2255 993 2312 in
1021 2273 1208 2322 carne,
1257 2274 1552 2330 pauperum
1585 2259 1754 2332 magis
1785 2276 1948 2332 quam
1969 2261 2046 2316 di-

455 2345 626 2400 vitum
655 2360 882 2402 consors
924 2345 1038 2404 lieri
1080 2345 1331 2419 dignatus
1357 2359 1458 2404 est.
1497 2349 1747 2420 Alioquin
1777 2350 1920 2406 idem
1941 2350 2046 2408 Do-

457 2439 639 2496 minus
675 2447 759 2496 est
800 2441 1065 2506 omnium,
1115 2441 1264 2498 dives
1290 2440 1344 2496 in
1393 2456 1605 2508 omnes,
1654 2443 1746 2512 qui
1789 2443 2043 2501 invocant

457 2523 627 2584 illum.
665 2527 900 2586 Possunt
947 2539 1128 2586 autem
1183 2542 1544 2604 congruenter
1585 2535 1931 2604 parvulorum
1979 2551 2043 2593 ac

455 2618 785 2692 pupillorum
807 2620 1024 2677 nomine
1045 2621 1120 2677 illi
1153 2623 1446 2698 designari,
1474 2624 1540 2679 de
1559 2625 1758 2695 quibus
1784 2627 2042 2684 Dominus

455 2715 534 2772 ait
561 2729 576 2770 :
613 2712 793 2772 Videte
813 2733 878 2771 ne
895 2717 1236 2772 contemnntis
1265 2733 1426 2772 unum
1456 2718 1521 2774 de
1546 2719 1761 2790 pupillis
1790 2721 1928 2787 istis,
1950 2722 2042 2792 qui

456 2808 510 2862 in
529 2823 610 2863 me
631 2807 870 2864 credunt.
922 2807 1055 2864 Dico
1081 2809 1219 2865 enim
1251 2810 1388 2865 vobis
1425 2811 1551 2882 quia
1569 2811 1744 2882 angeli
1775 2829 1954 2867 eorum
1985 2813 2040 2867 in

452 2898 593 2955 ctelis
618 2915 820 2972 semper
842 2899 1012 2956 vident
1033 2901 1221 2970 faciem
1239 2897 1418 2956 Patris
1445 2900 1566 2965 mei,
1590 2903 1678 2974 qui
1700 2903 1754 2957 in
1773 2901 1914 2959 cmlis
1939 2913 2034 2958 est.

453 2987 694 3056 Quorum
717 3007 871 3062 agros
893 3000 942 3046 et
981 2991 1228 3046 terminos
1266 2991 1358 3063 qui
1383 2993 1634 3064 attigerit,
1681 2993 1784 3049 hoc
1809 3001 1916 3062 est,
1945 2995 2038 3066 qui

451 3083 918 3139 conversationem
960 3098 1148 3140 eorum
1177 3083 1375 3140 bonam
1414 3085 1768 3154 inquietando
1813 3085 2034 3154 lzeserit,

443 3172 708 3244 judicium
737 3172 950 3230 Domini
987 3191 1089 3229 non
1117 3175 1307 3230 evadit.

524 3263 649 3320 Non
679 3265 954 3320 armuletur
973 3282 1065 3320 cor
1089 3275 1238 3319 tuum
1285 3276 1600 3336 peccatores,
1636 3267 1728 3322 sed
1755 3267 1812 3321 in
1849 3267 2034 3323 timore

2144 2068 2345 2126 Judaeis
2369 2071 2573 2128 dictum
2595 2083 2680 2127 est
2710 2091 2723 2126 :
2763 2071 2862 2127 Vos
2890 2089 2955 2127 ea;
2980 2083 3128 2145 patre
3153 2073 3363 2130 diabolo
3387 2077 3532 2143 estis,
3564 2087 3612 2131 et
3637 2078 3739 2132 de-

2145 2161 2338 2217 sideria
2360 2163 2528 2234 patris
2549 2165 2704 2218 vestri
2729 2163 2900 2234 facere
2923 2165 3095 2220 vultis.

2213 2251 2313 2309 Cui
2343 2254 2512 2310 rixte?
2532 2255 2618 2309 rui
2646 2252 2846 2325 fovete?
2876 2254 3056 2320 Itixm,
3083 2251 3209 2326 quia
3237 2259 3582 2317 concordiam
3610 2277 3734 2316 scr-

2143 2361 2270 2402 vare
2312 2344 2462 2416 paels
2510 2343 2712 2411 nescit,
2743 2361 2902 2417 quem
2948 2347 3186 2404 ebrietas
3230 2363 3423 2405 sensus
3470 2351 3734 2422 impotem

2147 2437 2417 2494 reddidit:
2445 2437 2631 2503 fovete,
2657 2438 2783 2508 quia
2827 2438 3026 2508 passim
3063 2440 3117 2495 in
3161 2439 3444 2496 volutabra
3474 2443 3733 2500 vitiorum

2141 2531 2383 2586 omnium
2413 2531 2609 2586 cadere
2629 2545 2734 2585 non
2762 2531 3014 2603 trepidat,
3039 2532 3131 2602 qui
3155 2531 3296 2589 inter
3314 2534 3452 2589 bona
3480 2535 3737 2606 malaque

2143 2620 2450 2676 discernere
2475 2620 2628 2690 quasi
2657 2629 2835 2677 mente
2859 2631 3050 2692 captus
3099 2623 3332 2694 ignorat,
3364 2625 3508 2680 illam
3543 2629 3737 2696 saepis-

2141 2712 2278 2768 sime
2305 2711 2515 2768 foveam
2541 2713 2790 2769 ebriosus
2829 2713 3039 2780 incidit,
3073 2713 3139 2769 de
3163 2729 3269 2784 qua
3295 2715 3583 2786 pra-fatum
3611 2727 3731 2773 est:

2141 2802 2319 2858 Fovea
2345 2804 2480 2858 enim
2509 2803 2774 2874 profunda
2793 2814 2866 2860 est
2888 2805 3157 2872 meretrix,
3181 2816 3228 2861 et
3253 2817 3438 2878 puteus
3471 2819 3735 2880 angustus

2140 2893 2316 2949 aliena
2346 2888 2528 2968 (Prov.
2551 2893 2734 2965 nul).

2209 2983 2307 3038 Cui
2346 2985 2460 3039 sine
2508 2999 2669 3038 causa
2713 2982 2970 3039 uulnera?
3011 2985 3098 3038 cui
3148 2982 3370 3056 suffusio
3412 2985 3692 3042 oculorum

2141 3075 2376 3132 Vulnera
2419 3075 2537 3131 sine
2581 3089 2766 3141 causa,
2793 3075 2918 3146 quia
2961 3075 3116 3131 multi
3159 3077 3284 3132 vino
3314 3077 3456 3132 ultra
3502 3078 3728 3135 modum

2137 3167 2374 3238 impleti,
2405 3168 2627 3224 vulnera
2673 3183 2770 3239 per
2818 3177 3082 3224 tumorem
3114 3169 3168 3224 in
3197 3170 3454 3225 membris
3499 3186 3734 3242 accepe-

2139 3269 2281 3323 runt,
2311 3274 2431 3330 qua:
2451 3257 2598 3314 nulla
2621 3259 2734 3314 fere
2761 3275 2924 3315 causa
2952 3260 3323 3328 pertulerunt;
3346 3261 3574 3318 sulfusio
3594 3279 3706 3319 om

443 3351 662 3411 Damam“
685 3364 794 3411 εδευ
821 3363 931 3411 (oga
952 3356 1068 3423 die,
1093 3357 1218 3429 quia
1243 3326 1455 3412 Ιιξιινεῡίε
1478 3373 1620 3426 spem
1647 3357 1702 3413 in
1728 3358 2029 3424 ηουίεεῑηιο,
2058 3326 2104 3388 (ἶ
2137 3348 2332 3416 lorum,
2367 3348 2496 3422 quia
2527 3349 2914 3405 immoderatus
2937 3349 3047 3404 vini
3075 3351 3302 3406 haustus
3331 3360 3388 3406 et
3433 3351 3729 3425 caliginem

447 3454 500 3502 et
521 3446 842 3516 priestolatio
864 3455 957 3502 tua
983 3464 1085 3502 non
1120 3447 1408 3516 auferetur.
1455 3445 1512 3502 Si
1549 3455 1661 3503 tota
1693 3448 1800 3514 die,
1843 3447 1898 3503 id
1927 3457 2030 3516 est,

449 3543 565 3592 toto
603 3545 846 3608 tempore
872 3551 980 3608 quo
1007 3538 1061 3593 in
1105 3537 1285 3594 smculi
1333 3537 1492 3608 hujus
1521 3537 1643 3595 luce
1674 3541 1948 3606 consistis,
1979 3549 2035 3598 et

447 3636 792 3698 peccatorum
818 3629 1065 3701 exempla
1093 3631 1264 3686 vitare
1287 3671 1304 3696 ,
1331 3641 1386 3687 et
1414 3629 1699 3686 Dominum
1737 3633 1928 3689 timere
1953 3649 2034 3689 sa-

451 3717 672 3790 tegeris,
715 3719 926 3776 habetis
971 3736 1123 3792 spem
1147 3721 1320 3777 beata:
1343 3719 1716 3778 retributionis
1762 3724 1815 3778 in
1862 3725 2035 3780 novis-

447 3811 607 3868 simo.
649 3810 764 3868 Hoc
789 3821 892 3879 est,
924 3827 1047 3868 cum
1072 3813 1141 3868 ad
1164 3811 1324 3883 hujus
1349 3813 1472 3868 vitae
1505 3815 1664 3870 linem
1693 3817 2030 3884 perveneris,

449 3903 564 3972 ipso
591 3903 754 3959 etiam
795 3909 1106 3970 attestante,
1145 3905 1238 3975 qui
1263 3905 1360 3970 ait,
1391 3904 1522 3960 Esto
1561 3905 1732 3976 ﬁdelis
1758 3923 1922 3979 usque
1963 3909 2032 3963 ad

445 4003 687 4061 mortem,
713 4003 761 4050 et
781 3995 916 4050 dabo
947 3996 1040 4050 tibi
1067 4011 1314 4050 coronam
1343 3998 1480 4052 vitm.

520 4080 648 4139 Noli
676 4101 787 4140 esse
815 4086 870 4139 in
901 4087 1145 4141 conviviis
1169 4097 1500 4158 peccatorum
1518 4130 1532 4156 ,
1563 4106 1724 4162 neque
1754 4092 1809 4146 in
1835 4108 2032 4148 contes-

443 4175 732 4231 sationibus
761 4193 942 4232 eorum
968 4178 1060 4248 qui
1093 4195 1276 4233 carnes
1304 4179 1374 4233 ad
1403 4180 1708 4236 vescendum
1733 4183 2026 4252 conferunt.

443 4268 648 4325 Carnes
692 4269 759 4324 ad
801 4271 1130 4326 vescendum
1178 4270 1424 4327 conferre
1464 4280 1550 4328 est
1589 4273 1642 4327 in
1673 4273 2030 4330 collocatione

444 4359 808 4431 derogationis
841 4360 1080 4416 vicissim
1106 4362 1473 4432 proximorum
1498 4364 1608 4419 vita
1640 4363 1849 4438 [Forte,
1871 4365 2025 4440 vitia]

444 4447 644 4516 dicere,
671 4448 738 4506 de
771 4467 1000 4522 quorum
1025 4469 1186 4525 paena
1220 4471 1344 4510 mox
1372 4455 1620 4512 subditur
1645 4475 1658 4511 :

517 4537 656 4607 Quia
695 4551 937 4598 vacantes
984 4545 1213 4615 potibus,
1242 4555 1290 4600 et
1330 4544 1514 4602 dantes
1550 4547 1808 4619 symbola,
1837 4566 2026 4605 consu-

2135 3442 2381 3512 plurimis
2404 3440 2556 3499 visus
2581 3439 2876 3512 corporalis
2907 3449 2964 3497 et
2988 3441 3286 3498 caecitatem
3314 3444 3504 3514 genuit
3534 3460 3732 3502 sensus

2136 3532 2434 3588 interioris.

2208 3623 2400 3680 Nonne
2425 3625 2506 3681 his
2537 3623 2629 3697 qui
2649 3634 2924 3682 morantur
2949 3627 3005 3681 in
3025 3627 3140 3682 uino
3161 3637 3210 3683 et
3231 3627 3444 3684 student
3470 3628 3730 3684 calicibus

2133 3715 2442 3788 epotandis?
2473 3715 2588 3772 Non
2619 3725 2766 3773 vetat
2791 3717 2975 3772 bibere
3002 3718 3187 3772 vinum
3215 3716 3280 3772 ad
3313 3718 3726 3784 necessitatem,

2135 3808 2229 3862 sed
2258 3807 2459 3863 morari
2481 3807 2622 3862 ultra
2649 3817 2860 3879 tempus
2879 3815 2935 3863 et
2964 3807 3254 3864 utilitatem
3279 3808 3333 3864 in
3359 3810 3488 3864 vino
3519 3819 3574 3864 et
3601 3825 3730 3866 eva-

2134 3898 2359 3954 cuandis
2404 3897 2722 3954 alterutrum
2773 3907 2986 3956 certare
3039 3899 3339 3965 calicibus,
3383 3898 3544 3969 juxta
3591 3899 3728 3954 illud

2130 3985 2320 4042 Isaim:
2354 3983 2446 4041 Va:
2469 3988 2560 4058 qui
2601 3996 2831 4058 potentes
2857 3990 2978 4043 estis
3021 3989 3090 4042 ad
3119 3989 3396 4044 bibendum
3441 3991 3644 4054 sinunt,
3678 4001 3728 4045 et

2129 4074 2228 4129 viri
2250 4075 2411 4145 fortes
2437 4077 2507 4130 ad
2536 4075 2855 4132 miscendam
2878 4078 3174 4132 ebrietatem
3207 4078 3342 4150 (Isa.
3366 4080 3442 4150 v).

2202 4163 2358 4220 Oculi
2384 4167 2462 4221 tui
2492 4167 2731 4222 videbunt
2769 4179 3064 4234 extraneas,
3095 4179 3143 4224 et
3175 4184 3266 4223 cor
3289 4179 3440 4224 tuum
3475 4168 3729 4240 loquetur

2127 4275 2386 4329 perversa.
2417 4259 2745 4316 Consuetum
2767 4270 2822 4316 et
2844 4276 2981 4336 pene
3001 4261 3246 4317 naturale
3271 4270 3354 4317 est
3374 4263 3566 4318 vitium
3595 4271 3731 4333 post

2127 4349 2405 4405 ebrietatis
2451 4365 2660 4406 venena
2705 4350 2898 4407 dill‘usa
2938 4352 2992 4406 in
3031 4351 3193 4408 corde
3224 4343 3512 4408 mulierum
3559 4355 3728 4426 sequi

2127 4441 2644 4511 concupiscentiam.
2676 4444 2967 4500 comitante
3008 4445 3171 4500 etiam
3197 4444 3469 4515 pravitate
3498 4461 3566 4501 ac
3593 4456 3725 4502 tur-

2126 4535 2370 4606 pitudine
2394 4536 2704 4592 verborum.

444 4641 670 4696 utentur,
721 4639 770 4686 α
816 4632 1056 4687 eestietur
1098 4635 1287 4705 pannis
1335 4635 1659 4693 dormitatio.
1707 4637 2019 4710 Symbolum

2197 4630 2266 4684 Et
2301 4630 2405 4684 eris
2431 4629 2565 4684 sicut
2592 4629 2854 4684 dormiens
2880 4629 2937 4684 in
2963 4630 3133 4684 medio
3173 4629 3328 4694 mari,
3360 4636 3413 4684 et
3431 4632 3586 4702 quasi
3621 4650 3724 4690 so-

441 4717 688 4774 Grmcum
719 4735 912 4776 nomen
953 4730 1036 4776 est
1064 4729 1118 4777 et
1141 4722 1526 4792 interpretatur
1549 4727 1788 4795 collatio,
1807 4737 1892 4784 est
1927 4745 2024 4786 au-

444 4821 553 4869 tem
581 4811 798 4870 collatio
841 4829 1174 4882 sermonum,
1209 4819 1352 4873 sicut
1376 4819 1431 4874 in
1459 4821 1702 4878 consiliis
1749 4822 1907 4891 solet,
1937 4835 2022 4882 est

409 4912 497 4966 .et
529 4905 902 4976 pecuniarum,
931 4905 1046 4963 sive
1094 4907 1322 4963 aliarum
1362 4925 1564 4976 rerum,
1595 4922 1655 4968 ut
1695 4921 1749 4969 et
1780 4931 2021 4988 presens

436 4995 590 5054 Iocus
618 4996 794 5053 docet.
839 4996 1062 5054 Potibus
1103 5013 1232 5070 ergo
1275 5009 1486 5065 vacant,
1517 5003 1608 5072 qui
1639 5004 1706 5058 de
1729 5007 2019 5076 opprobrio

436 5087 627 5144 aliena:
671 5089 797 5144 vita:
839 5103 898 5144 se
929 5089 1216 5145 inebriant.
1248 5089 1560 5162 Symbolum
1596 5107 1725 5148 vero
1760 5095 1888 5150 dare
1914 5105 2016 5162 est,

436 5179 578 5235 sicut
613 5181 982 5252 unusquisque
1023 5181 1159 5237 solet
1198 5197 1296 5250 pro
1329 5191 1483 5252 parte
1509 5199 1606 5239 sua
1636 5185 1786 5240 cibos
1821 5187 1888 5242 ad
1924 5203 2014 5244 ve-

437 5271 716 5336 scendum,
745 5271 820 5326 ita
859 5271 912 5328 in
949 5269 1382 5328 confabulatione
1419 5273 1826 5332 detractationis
1854 5279 2018 5334 verba

435 5361 714 5430 conferre,
745 5364 840 5419 sed
883 5373 1138 5420 vacantes
1177 5365 1396 5435 potibus
1436 5373 1491 5420 et
1537 5367 1726 5423 dantes
1774 5370 2016 5440 symbola

435 5465 844 5521 eonsumentur,
869 5455 996 5526 quia
1024 5455 1168 5512 sicut
1194 5457 1454 5526 scriptum
1483 5465 1566 5514 est
1590 5477 1604 5514 :
1631 5457 1814 5515 Omnis
1841 5461 2017 5516 detra-

435 5550 607 5598 ctator
645 5545 1018 5602 eradicabitur.
1052 5544 1292 5604 Vestitur
1327 5557 1507 5605 autem
1537 5551 1732 5622 pannis
1756 5551 2016 5606 dormita-

435 5631 536 5699 tio,
561 5635 686 5704 quia
717 5637 1026 5707 despectum
1069 5646 1126 5694 et
1160 5639 1374 5711 inopem
1403 5656 1433 5695 a
1461 5642 1672 5697 cunctis
1697 5642 1853 5698 bonis
1889 5655 2016 5712 ope-

436 5722 592 5780 ribus
627 5739 773 5781 mors
812 5741 908 5781 sua
954 5725 1209 5795 inveniet,
1235 5746 1396 5800 quem
1432 5732 1520 5786 hic
1567 5733 1636 5788 ad
1675 5733 1864 5789 aliena:
1893 5733 2016 5790 vita:

435 5814 765 5884 exquirenda
789 5817 1018 5874 crimina
1042 5818 1454 5879 detractationis
1481 5841 1590 5881 suae
1612 5826 1839 5898 languor
1856 5841 2016 5882 occu-

435 5903 602 5974 pavit.

2122 4721 2262 4792 pitus
2280 4720 2598 4792 gubernator
2619 4721 2814 4776 amisso
2838 4721 3003 4776 clavo.
3031 4718 3090 4776 In
3116 4720 3294 4776 medio
3319 4721 3457 4778 mari
3487 4722 3748 4786 dormit,‘

2123 4811 2216 4885 qui
2244 4814 2296 4868 in
2331 4812 2492 4884 hujus
2525 4813 2711 4871 mundi
2741 4813 3126 4870 tentationibus
3173 4813 3383 4885 positus
3425 4816 3726 4884 providere

2121 4913 2302 4962 motus
2331 4905 2650 4962 irruentium
2680 4906 2934 4962 vitiorum
2972 4907 3128 4977 quasi
3159 4905 3506 4962 imminentes
3534 4911 3724 4964 unda-

2121 5013 2241 5052 rum
2290 4996 2534 5052 cumulos
2575 4993 2909 5068 negligit,et
2933 4997 3089 5066 quasi
3123 4998 3332 5066 scpitus
3373 4994 3723 5066 gubernator

2121 5085 2331 5141 clavum
2382 5085 2602 5149 amittit,
2629 5087 2843 5156 quando
2877 5101 3029 5141 mens
3067 5087 3135 5142 ad
3177 5086 3471 5156 regendam
3511 5102 3718 5143 navem

2123 5177 2367 5246 corporis
2393 5175 2630 5231 studium
2659 5174 3036 5231 sollicitudinis
3061 5175 3258 5245 perdit.

2197 5283 2265 5339 Et
2287 5284 2428 5338 dices
2449 5300 2468 5338 :
2504 5282 2918 5339 Verberauerunt
2945 5301 3042 5344 me,
3075 5285 3168 5340 sed
3194 5302 3300 5340 non
3317 5285 3506 5350 dolui;
3529 5296 3715 5340 traxe-

2125 5382 2245 5427 runt
2267 5389 2367 5438 me,
2393 5382 2439 5428 et
2467 5389 2561 5444 ego
2589 5390 2691 5427 non
2723 5373 2860 5428 sensi
2881 5375 3128 5444 :quando
3155 5375 3414 5447 evigilabo
3441 5385 3492 5429 et
3518 5391 3716 5430 rursus

2121 5465 2242 5519 vina
2266 5464 2538 5536 reperiam.
2557 5464 2670 5522 Vox
2693 5465 2933 5535 percussi
2957 5474 3015 5520 et
3025 5466 3345 5522 dormientis
3356 5466 3715 5539 exprimitur,

2123 5568 2277 5609 mens
2301 5553 2498 5625 quippe
2529 5569 2559 5608 a
2587 5569 2720 5609 cura
2753 5554 3126 5610 sollicitudinis
3152 5555 3426 5610 demicus
3451 5555 3719 5611 verbera-

2124 5655 2212 5698 tur
2247 5653 2302 5700 et
2344 5660 2447 5700 non
2471 5643 2637 5710 dolet,
2664 5645 2791 5716 quia
2833 5645 2974 5700 sicut
3017 5646 3356 5701 imminentia
3401 5645 3546 5700 mala
3591 5659 3715 5702 non

2124 5733 2416 5804 prospicit,
2443 5734 2522 5790 sic
2551 5749 2650 5790 nec
2679 5750 2798 5805 qua:
2839 5737 3230 5806 perpetraverit
3266 5735 3529 5807 agnoscit.
3561 5733 3720 5790 Trao

2124 5824 2273 5879 hitur
2299 5833 2353 5880 et
2374 5839 2711 5894 nequaquam
2740 5825 2923 5890 sentit,
2951 5825 3078 5896 quia
3104 5841 3200 5896 per
3227 5825 3511 5881 illecebras
3538 5822 3714 5879 vitio-

2125 5932 2243 5973 rum
2272 5918 2504 5983 ducitur,
2534 5933 2635 5974 nec
2661 5926 2839 5976 tamen
2861 5919 2928 5976 ad
2951 5919 3032 5974 sui
3060 5920 3360 5976 custodiam
3381 5918 3708 5982 suscitatur.
