3962 6198
283 518 382 541 ’.κν

291 542 375 574 101

1063 519 1424 576 ΕΧΡΟΞΙΤΙΟ
1460 519 1529 574 IN
1569 517 1965 575 PROVERBIA
2009 518 2419 577 SALOMONIS.
2463 552 2529 560 —-
2570 521 2697 576 LIB.
2740 521 2802 576 ll.

3448 522 3548 579 758

280 653 394 708 qua:
417 635 635 704 quilem
660 634 918 705 evigilare
939 641 1188 704 optat,ut
1212 651 1428 690 rursum
1448 635 1574 690 vina
1595 633 1856 705 reperiat:
1891 635 1937 693 A
1967 653 2057 694 sus
2088 637 2342 708 Spit-italis
2377 637 2654 708 aliquanto
2683 655 2804 694 cum
2852 640 3036 695 labore
3067 639 3148 695 vel
3192 656 3342 696 mora
3373 642 3542 711 perci-

277 732 401 798 quia
439 727 687 796 quamvis
718 743 907 781 somno
939 728 1173 797 torporis
1200 743 1230 782 a
1257 729 1338 784 sui
1376 728 1620 784 custodia
1651 742 1866 797 prema-

278 830 388 884 tur,
415 819 639 889 vigilare
664 825 842 872 tamen
873 819 939 873 ad
962 833 1122 874 curas
1144 820 1326 874 saeculi
1360 820 1550 874 nititur
1570 827 1629 874 ut
1651 833 1868 888 semper

278 913 648 982 voluptatibus
676 913 935 968 ebrietur.
988 913 1056 967 Et
1091 928 1214 968 cum
1255 913 1322 967 ad
1361 913 1489 968 illud
1523 911 1776 975 dormiat,
1809 911 1862 964 in

276 1021 386 1075 quo
415 1006 646 1061 solerter
673 1006 894 1078 vigilare
927 1007 1204 1071 debuerat,
1238 1007 1304 1060 ad
1348 1006 1476 1060 illud
1507 1006 1730 1076 vigilare
1773 1021 1867 1075 ap-

276 1099 411 1168 petit
447 1099 513 1151 ad
539 1097 682 1166 quod
713 1097 1054 1153 laudabiliter
1079 1099 1315 1153 dormire
1345 1098 1629 1168 potuisset.

839 1187 1066 1244 CAPUT
1111 1188 1306 1245 XXIV.

349 1278 435 1335 Ne
465 1279 725 1334 temuleris
768 1281 904 1334 viros
935 1279 1136 1345 malos,
1170 1297 1262 1333 nec
1297 1279 1558 1333 desideres
1601 1295 1710 1332 esse
1749 1295 1867 1332 cum

275 1359 372 1432 eis,
404 1378 510 1424 etc.
549 1368 628 1424 Ne
656 1367 930 1424 desideres
957 1383 1052 1424 eos
1080 1368 1280 1423 imitari
1325 1384 1461 1437 quos
1490 1369 1637 1422 vitiis
1668 1368 1775 1422 illis
1805 1368 1870 1422 de

276 1463 476 1532 quibus
515 1461 932 1516 commemorari
980 1461 1183 1517 videris
1231 1461 1517 1532 implicari,
1550 1462 1643 1516 sed
1689 1459 1871 1530 potius

278 1551 556 1620 sapientiae
577 1565 800 1620 operam
833 1551 963 1604 dare
992 1557 1200 1604 curato.

259 1639 266 1648 ’
350 1642 420 1696 In
458 1644 697 1697 doctrina
729 1642 1064 1712 replebttntur
1084 1642 1324 1706 cellaria,
1353 1642 1594 1696 unitersa
1622 1642 1868 1696 substan-

278 1735 354 1788 tia
383 1734 610 1805 pretiosa
636 1743 684 1787 et
700 1732 1070 1804 pulcherrima.
1103 1732 1331 1788 Cellaria
1357 1740 1481 1788 sunt
1510 1732 1668 1787 corda
1691 1729 1869 1798 justo-

279 1839 423 1888 rum,
448 1838 567 1892 quae
597 1839 704 1877 non
732 1823 836 1878 nisi
866 1837 963 1892 per
993 1821 1296 1876 doctrinam
1322 1821 1604 1890 sapientiae
1630 1820 1871 1875 donariis

280 1917 542 1970 virtutum
575 1915 868 1984 replentur.

1969 731 2130 800 pitur.

2044 819 2128 876 Ne
2165 822 2428 876 insidieris
2462 831 2509 875 et
2539 838 2745 892 qureras
2775 821 3089 892 impietatem
3119 823 3170 876 in
3205 823 3358 876 domo
3381 822 3549 893 justi,

1971 931 2132 986 neque
2166 925 2328 969 vastes
2356 915 2582 985 requiem
2614 913 2747 984 ejus.
2783 912 2860 968 Ne
2890 930 3106 984 qumras
3134 914 3366 982 aliquam
3395 930 3552 970 occa-

1970 1009 2179 1063 sionem
2216 1023 2313 1078 per
2341 1022 2501 1077 quam
2533 1007 2758 1077 deroges
2781 1006 2984 1059 homini
3007 1003 3172 1074 justo,
3205 1005 3290 1058 ille
3329 1005 3473 1060 enim
3505 1008 3550 1059 si

1971 1099 2246 1163 ceciderit,
2274 1099 2380 1153 cito
2421 1105 2633 1152 amovet
2674 1097 2864 1166 pedem
2898 1112 3052 1151 suum
3075 1139 3088 1159 ,
3125 1107 3177 1151 et
3222 1105 3371 1151 caret
3399 1096 3550 1160 vitio,

1971 1193 2112 1261 quod
2142 1209 2245 1247 non
2274 1191 2501 1246 iteratur
2525 1191 2577 1244 in
2603 1188 2764 1245 facto.
2788 1191 2938 1259 [mpii
2963 1199 3140 1243 autem
3165 1189 3242 1244 sic
3267 1198 3546 1252 corruunt,

1971 1290 2032 1336 ut
2062 1281 2285 1337 ulterius
2315 1298 2421 1338 non
2455 1282 2696 1337 redeant.
2728 1280 2880 1336 Sicut
2919 1281 3312 1352 subsequenter
3346 1279 3553 1335 addidit

1972 1373 2188 1428 dicens:

2045 1462 2246 1532 Septies
2293 1465 2428 1518 enim
2475 1465 2614 1518 cadit
2646 1465 2830 1534 justus
2861 1473 2907 1517 et
2938 1464 3182 1534 resurgit,
3205 1462 3351 1533 impii
3379 1471 3553 1515 autem

1973 1561 2210 1606 corruent
2233 1553 2286 1605 in
2311 1551 2526 1606 malum.
2548 1551 2826 1619 Quomodo
2851 1560 3029 1608 autem
3045 1553 3222 1622 justus
3253 1551 3554 1620 appellatur

1973 1643 2062 1711 qui
2092 1641 2304 1706 cadere,
2334 1642 2386 1696 id
2416 1652 2500 1697 est
2541 1658 2786 1713 peccare,
2820 1652 3172 1708 memoratur,
3202 1644 3302 1698 nisi
3335 1643 3457 1711 quia
3489 1643 3555 1697 de

1972 1728 2182 1784 levibus
2208 1731 2640 1801 quotidianisque
2668 1731 2907 1802 loquitur
2928 1733 3183 1803 peccatis,
3217 1733 3332 1787 sine
3360 1733 3555 1802 quibus

1974 1835 2072 1876 nec
2093 1821 2363 1890 juslorum
2398 1823 2663 1892 quispiam
2695 1839 2814 1879 esse
2842 1824 2896 1878 in
2927 1824 3028 1880 hac
3055 1826 3162 1879 vita
3204 1825 3395 1894 potuit,
3427 1824 3552 1894 quia

1972 1911 2230 1964 nimirum
2255 1926 2352 1980 per
2380 1912 2758 1981 ignorantiam,
2784 1928 2881 1984 per
2903 1913 3247 1978 oblivionem,
3281 1928 3378 1984 per
3404 1913 3553 1984 cogi-

354 2008 452 2062 Vir
491 2009 722 2078 sapiens,
752 2005 906 2076 fortis
949 2013 1057 2069 est;
1098 2014 1144 2058 et
1189 2005 1266 2059 vir
1311 2005 1514 2063 doctus,
1550 2002 1791 2056 robustus
1821 2011 1868 2056 et
1898 1984 1944 2042 Β
1975 2005 2249 2066 tationem,
2278 2018 2372 2072 per
2401 2019 2726 2069 sermonem,
2757 2019 2854 2073 per
2881 2003 3301 2074 subreptionem,
3333 2019 3431 2073 per
3462 2020 3552 2060 ne-

280 2098 502 2154 calidus.
539 2095 656 2152 Non
691 2096 868 2152 omnis
897 2095 987 2163 qui
1024 2093 1181 2148 fortis
1217 2102 1270 2147 et
1311 2093 1529 2162 sapiens
1554 2099 1658 2155 est,
1690 2091 1868 2145 omnis

279 2199 460 2246 autem
491 2189 706 2259 sapiens
734 2194 788 2241 et
828 2185 984 2241 fortis
1012 2198 1130 2239 esse
1171 2183 1431 2238 dicendus
1475 2189 1577 2246 est,
1608 2180 1735 2250 quia
1767 2180 1869 2234 etsi

277 2296 506 2352 corpore
528 2278 813 2334 imbecillis
829 2287 932 2342 est,
957 2278 999 2331 si
1025 2276 1163 2331 adsit
1189 2275 1481 2346 sapientia,
1507 2274 1688 2330 omnia
1713 2273 1870 2330 fortis

277 2371 593 2435 adversarii,
627 2371 679 2425 id
708 2379 793 2425 est
815 2368 1016 2423 diaboli
1043 2367 1342 2422 certamina
1374 2366 1559 2421 vineit.

349 2460 576 2516 Excelsa
617 2459 777 2514 stulto
822 2460 1103 2529 sapientia,
1141 2459 1197 2512 in
1236 2467 1386 2527 porta
1430 2474 1533 2512 non
1573 2459 1768 2529 aperiet
1811 2475 1868 2513 os

279 2569 452 2608 suum.
488 2551 602 2606 Non
640 2558 818 2621 potest
847 2549 1046 2605 stultus
1086 2550 1151 2603 ad
1203 2549 1525 2618 sapientiam
1577 2549 1865 2618 attingere,

279 2645 386 2700 alta
409 2652 492 2699 est
521 2644 666 2698 enim
689 2643 756 2697 ab
780 2658 845 2696 eo
873 2641 963 2711 qui
995 2641 1048 2695 in
1073 2640 1274 2694 inlimis
1296 2640 1442 2711 jacet
1465 2639 1738 2694 vitiorum.
1765 2640 1868 2707 Qui

281 2736 382 2790 ctsi
418 2735 470 2788 in
502 2732 755 2804 praesenti
782 2747 840 2787 se
870 2731 1072 2802 aliquid
1102 2745 1295 2801 sapere
1319 2737 1490 2800 putat,
1522 2730 1575 2784 in
1605 2739 1761 2800 porta
1790 2738 1870 2783 ta-

284 2840 407 2880 men
438 2823 696 2887 civitatis,
726 2823 780 2876 id
808 2830 890 2878 est
920 2822 973 2876 in
1001 2821 1148 2876 exitu
1181 2821 1302 2875 vitae
1329 2820 1488 2891 hujus
1516 2820 1752 2876 inveniet
1782 2820 1868 2875 ni-

283 2914 361 2972 ltil
384 2915 552 2971 fuisse
580 2916 723 2984 quod
751 2914 949 2984 sapuit.

355 3005 460 3073 Qui
482 3007 673 3077 cogitat
705 3004 846 3059 mala
869 3005 1060 3074 facere,
1085 3002 1276 3057 stultus
1301 3003 1587 3057 vocabitur.
1620 3003 1699 3059 Ne
1719 3012 1869 3073 puta-

284 3113 373 3152 res
401 3095 622 3151 stultum
660 3093 1037 3151 aestimandum
1077 3091 1243 3149 fuisse
1273 3109 1394 3148 eum
1434 3109 1593 3163 quem
1621 3093 1870 3148 hebetem

289 3191 607 3259 tardumque
633 3188 846 3260 ingenio
874 3188 1110 3252 videres,
1139 3188 1315 3258 palam
1343 3188 1599 3250 ostendit,
1629 3188 1755 3257 quia
1782 3187 1870 3244 ille

287 3283 481 3338 stultus
507 3283 578 3336 sit
607 3281 898 3346 vocandus,
941 3281 1031 3350 qui
1065 3279 1148 3334 vel
1192 3279 1246 3333 in
1287 3279 1616 3350 cogitatione
1661 3280 1869 3348 peccati

290 3372 723 3446 suggestionibus
752 3344 1050 3435 consentit,
1082 3370 1296 3425 tametsi
1327 3344 1455 3425 acer
1485 3344 1698 3438 ingenio
1725 3371 1871 3424 vide-
1899 3344 1942 3407 C

288 3473 375 3519 tur
419 3465 676 3529 existere,
710 3479 816 3518 non
863 3471 1044 3517 autem
1093 3461 1181 3516 ille
1226 3461 1338 3531 qui,
1373 3461 1474 3516 etsi
1515 3461 1680 3516 hebes
1709 3477 1873 3517 sensu

288 3566 539 3628 apparet,
569 3555 670 3610 Dei
711 3565 890 3610 tamen
919 3554 1162 3624 imperiis
1188 3569 1307 3623 qua:
1340 3553 1548 3608 discere
1578 3553 1752 3623 potuit
1778 3554 1876 3609 ob-

290 3657 592 3720 temperare
622 3647 904 3716 disposuit.

360 3739 419 3796 Si
445 3738 797 3809 desperaveris
823 3735 994 3790 lassus
1022 3737 1074 3790 in
1101 3735 1190 3789 die
1223 3733 1504 3804 angustias,
1534 3733 1876 3787 imminuetur

292 3829 545 3896 fortitudo
565 3837 676 3881 tua.
707 3825 848 3881 Nihil
871 3825 1260 3881 exsccrabilius
1287 3823 1686 3893 desperatione,
1710 3837 1873 3892 quam

290 3921 379 3990 qui
412 3919 687 3982 habuerit,
711 3926 765 3973 et
789 3919 840 3972 in
871 3916 1212 3989 generalibus
1242 3915 1400 3985 hujus
1429 3914 1550 3968 vita:
1579 3913 1873 3976 laboribus,

287 4020 360 4076 et,
392 4011 538 4080 quod
569 4010 804 4064 maxime
834 4016 1010 4073 nocet,
1054 4008 1108 4061 in
1139 4006 1262 4062 ﬁdei
1295 4005 1590 4060 certamine
1618 4011 1872 4058 constan-

290 4105 420 4159 tiam
456 4102 788 4158 fortitudinis
822 4103 1017 4174 perdit.

355 4195 504 4249 Erue
529 4212 615 4250 eos
639 4197 728 4266 qui
754 4195 1020 4249 ducuntur
1049 4195 1118 4248 ad
1141 4203 1380 4259 mortem,
1405 4203 1452 4247 et
1479 4195 1569 4264 qui
1593 4192 1875 4245 trahuntur

286 4289 354 4343 ad
373 4289 645 4342 interitum
667 4288 885 4341 liberare
909 4305 970 4341 ne
991 4304 1174 4342 cesses.
1201 4286 1387 4341 Potest
1417 4285 1646 4356 mystice
1676 4283 1873 4351 accipi,

285 4395 414 4435 erue
446 4395 540 4434 eos
566 4379 655 4448 qui
685 4380 753 4433 ab
776 4379 1044 4434 haereticis
1075 4379 1448 4448 decipiuntur,
1478 4385 1682 4432 rectam
1714 4376 1872 4428 tidem

285 4469 650 4540 praedicando,
680 4469 847 4524 libera
877 4471 1140 4523 bonorum
1187 4485 1410 4538 operum
1446 4466 1691 4536 exempla
1719 4481 1873 4521 mon-

287 4559 513 4612 strando
555 4574 685 4624 eos,
717 4559 864 4628 quia
894 4559 1032 4611 male
1082 4558 1387 4612 viventibus
1433 4557 1712 4612 catholicis
1765 4565 1873 4610 tra-

289 4649 492 4702 huntur
541 4650 610 4703 ad
651 4649 950 4715 interitum,
984 4649 1076 4703 sed
1115 4659 1171 4703 et
1213 4649 1258 4703 si
1303 4664 1440 4718 quos
1478 4649 1532 4702 in
1579 4647 1872 4702 certamine

289 4743 680 4811 persecutionis
707 4741 886 4812 lapsos
921 4741 1006 4796 vel
1031 4741 1276 4810 lapsuros
1316 4740 1611 4811 aspexeris,
1643 4739 1870 4794 sollicita

289 4833 389 4888 hos
416 4833 791 4888 exhortatione
816 4835 882 4888 ad
903 4833 1067 4887 vitam
1094 4842 1398 4888 restaurare
1426 4842 1639 4904 satage;
1667 4833 1712 4888 si
1735 4849 1870 4903 quos

290 4920 434 4978 fame
462 4923 755 4992 perituros,
784 4924 829 4979 si
861 4940 997 4995 quos
1027 4925 1210 4995 algore
1237 4923 1460 4989 videris,
1493 4923 1614 4978 illos
1639 4922 1765 4977 dato
1793 4923 1872 4977 vi-

291 5022 382 5067 ctu
409 5029 473 5067 ac
507 5014 703 5068 vestitu
734 5029 940 5069 recrea.

362 5106 606 5170 Comede,
630 5107 731 5175 ﬁli,
760 5107 882 5172 mel,
910 5109 1033 5178 quia
1064 5107 1252 5161 bonum
1281 5115 1379 5170 est,
1403 5117 1462 5159 et”
1479 5105 1656 5174 favum
1685 5105 1878 5159 dulcis-

293 5197 484 5251 simum
521 5198 720 5267 gutturi
759 5209 846 5251 tuo
871 5211 888 5248 :
912 5200 985 5251 sic
1013 5206 1060 5250 et
1085 5197 1322 5250 doctrina
1368 5195 1637 5265 sapientia:
1684 5196 1874 5248 animm

294 5297 418 5341 ture.
446 5287 600 5343 Patet
623 5289 895 5355 facillime,
920 5303 1086 5359 quare
1107 5288 1408 5343 doctrinam
1434 5286 1709 5355 sapientia:
1731 5287 1874 5341 melli

294 5391 572 5452 comparet
598 5392 650 5437 et
677 5381 818 5447 favo,
851 5383 975 5452 quia
1019 5381 1276 5436 nimirum
1308 5381 1447 5435 sicut
1473 5380 1564 5434 illa
1613 5380 1769 5445 cibis,
1801 5381 1876 5435 ita

297 5472 410 5527 haec
432 5473 690 5528 doctrinis
720 5474 930 5528 caeteris
957 5473 1239 5528 dulcedine
1267 5479 1518 5544 praestat,
1549 5473 1640 5527 sed
1669 5474 1770 5526 hoc
1796 5473 1877 5526 in-

299 5571 378 5616 ter
419 5564 702 5633 utriusque
745 5563 1158 5632 signiﬁeantiam
1197 5564 1382 5619 distat.
1433 5560 1566 5628 Quia
1600 5562 1703 5616 mel
1733 5563 1874 5632 quod

298 5654 348 5706 in
394 5665 645 5724 promptu
695 5665 778 5711 est
830 5655 897 5710 ad
943 5657 1327 5712 comedendum
1377 5654 1635 5710 moralem
1681 5653 1876 5708 littera:

295 5747 633 5816 superficiem
659 5749 917 5813 insinuat,
941 5748 1094 5804 favus
1120 5759 1300 5805 autem
1322 5750 1372 5804 in
1397 5765 1503 5820 quo
1530 5748 1633 5803 mel
1657 5749 1721 5803 de
1751 5763 1874 5803 cera

294 5837 634 5907 exprimitur,
667 5839 1007 5909 allegoricam
1037 5840 1364 5894 locutionem
1398 5841 1623 5911 figurate
1664 5839 1875 5893 denun-

297 5929 438 5994 tiat,
471 5931 560 5984 ubi
612 5933 872 5988 sublurto
924 5935 1113 5988 litterae
1163 5934 1426 5986 velamine
1468 5932 1704 5986 suavitas
1749 5947 1874 5986 scn-

1899 4691 1950 4750 D

1971 2095 2301 2160 cessitatem,
2335 2110 2431 2164 per
2478 2094 2827 2166 fragilitatem
2859 2095 3042 2150 carnis
3086 2095 3312 2164 singulis
3361 2095 3551 2149 diebus

1971 2187 2054 2243 vel
2084 2187 2236 2241 inviti
2261 2194 2315 2241 et
2340 2185 2580 2241 volentes
2621 2184 2932 2256 frequenter
2960 2193 3170 2238 reatum
3203 2183 3546 2244 incurrimus,

1969 2285 2026 2334 et
2064 2287 2244 2332 tamen
2289 2277 2523 2346 resurgit
2559 2275 2759 2346 justus,
2785 2276 3039 2332 videlicet
3085 2276 3210 2346 quia
3237 2274 3418 2344 justus
3447 2283 3550 2340 est,

1971 2385 2072 2424 nec
2097 2367 2373 2438 injustitize
2405 2367 2520 2436 ejus
2547 2367 2860 2439 prtejndicat
2903 2367 3084 2437 lapsus
3111 2365 3420 2436 fragilitatis
3449 2367 3550 2420 hu-

1971 2474 2160 2525 manae,
2191 2460 2332 2514 unde
2361 2459 2498 2514 bene
2527 2474 2650 2514 eum
2672 2459 2738 2513 de
2761 2457 2894 2527 justi
2921 2473 3050 2512 casu
3074 2457 3406 2528 loqueretur,
3442 2471 3548 2512 non

1972 2548 2179 2606 addidit
2203 2550 2256 2604 in
2285 2549 2482 2604 malum
2515 2569 2526 2603 :
2555 2549 2680 2619 quia
2710 2549 2810 2604 étsi
2841 2547 3039 2602 malum
3061 2555 3144 2602 est
3163 2547 3305 2616 quod
3330 2548 3549 2609 cadunt,

1971 2657 2040 2696 ne
2088 2648 2266 2694 tamen
2296 2640 2348 2694 in
2382 2640 2523 2694 malo
2553 2640 2694 2710 quod
2740 2639 3038 2694 inciderant
3083 2639 3290 2694 hmrere
3337 2637 3549 2709 possint

1971 2729 2132 2784 citius
2159 2731 2488 2801 resurgendo
2511 2738 2822 2800 procurant.
2855 2730 2962 2784 Aut
2981 2736 3166 2784 contra
3189 2730 3253 2784 de
3283 2729 3549 2798 reprobis.

1972 2819 2130 2890 Impii
2161 2829 2355 2887 autem,
2387 2821 2579 2891 inquit,
2612 2829 2852 2874 corruent
2896 2821 2949 2874 iu
2993 2820 3212 2886 malum,
3243 2821 3368 2890 quia
3409 2820 3554 2875 vide-

1972 2915 2097 2970 licet
2129 2915 2276 2985 impii
2305 2931 2425 2970 cum
2462 2914 2785 2980 ceciderint,
2808 2923 2862 2969 et
2891 2917 3032 2986 quod
3074 2924 3158 2970 est
3190 2915 3407 2984 gravius
3435 2927 3556 2969 oor—

1974 3007 2203 3072 ruerint,
2232 3016 2291 3060 ut
2317 3005 2598 3076 Scriptura
2638 3005 2787 3070 dicit,
2821 3005 2874 3060 id
2901 3014 2983 3060 est
3011 3021 3134 3060 cum
3164 3005 3413 3075 capitalia
3441 3005 3549 3060 eri-

1974 3096 2120 3151 mina
2149 3097 2533 3166 perpetrarint,
2567 3095 2639 3149 ita
2670 3110 2767 3149 suo
2796 3095 2944 3149 casui
2975 3095 3290 3150 delectando
3317 3109 3550 3150 consen-

1976 3188 2141 3252 tiunt,
2177 3196 2236 3241 ut
2264 3187 2331 3241 ab
2356 3188 2459 3242 hoc
2487 3186 2799 3257 pmnitendo
2830 3186 3058 3240 relevari
3089 3185 3405 3256 despiciant.

2045 3279 2178 3335 Cum
2205 3279 2442 3334 ceciderit
2466 3279 2707 3332 inimicus
2727 3287 2946 3342 luus,ne
2975 3277 3224 3348 gaudeas,
3250 3285 3296 3330 et
3324 3277 3378 3330 in
3403 3275 3558 3330 ruina

1976 3373 2090 3443 ejus
2123 3389 2184 3426 ne
2207 3371 2425 3425 exsultet
2451 3387 2541 3425 cor
2566 3381 2738 3436 tuum,
2771 3386 2832 3424 ne
2861 3370 2993 3439 forte
3023 3369 3190 3422 videat
3222 3367 3479 3422 Dominus
3508 3376 3555 3420 et

1977 3465 2248 3537 displiceat
2279 3466 2356 3532 ei,
2386 3474 2432 3518 et
2461 3464 2668 3535 auferat
2696 3463 2758 3517 ab
2791 3480 2848 3517 eo
2878 3463 3012 3516 iram
3055 3477 3226 3516 suam.
3279 3459 3452 3530 Supra
3479 3455 3562 3528 ju-

1976 3565 2060 3612 sto
2088 3555 2312 3612 insidias
2340 3555 2560 3610 tendere
2587 3554 2794 3620 vetuit,
2821 3568 2965 3608 nunc
2995 3561 3174 3607 autem
3207 3559 3265 3605 ut
3296 3559 3345 3605 te
3377 3548 3558 3619 perfe-

1975 3659 2120 3706 ctum
2152 3649 2339 3704 reddat
2371 3649 2423 3703 in
2455 3648 2725 3713 omnibus,
2753 3647 2915 3702 etiam
2940 3647 3191 3710 inimicis,
3221 3661 3342 3700 cum
3369 3658 3562 3716 pecca«

1975 3740 2172 3805 verint,
2202 3748 2295 3794 aut
2322 3739 2522 3809 aliquid
2549 3737 2894 3793 adversitatis
2920 3736 3268 3797 incurrerint,
3302 3734 3560 3789 insultare

1973 3831 2240 3903 prohibet,
2274 3845 2342 3884 ne
2370 3830 2506 3885 forte
2531 3831 2574 3885 si
2604 3831 2894 3884 miserante
2924 3829 3150 3882 Domino
3187 3827 3253 3882 ad
3294 3826 3564 3896 pmniten-

1976 3923 2106 3976 tiam
2144 3921 2480 3990 salutemque
2511 3921 2701 3974 animae
2738 3919 3021 3982 redierint,
3054 3934 3116 3972 ac
3145 3925 3318 3972 tecum
3348 3917 3560 3972 fidelem

1977 4011 2270 4066 amicitiam
2294 4012 2492 4064 habere
2513 4010 2797 4079 coeperint,
2816 4017 2941 4063 tunc
2962 4009 3270 4072 erubescas,
3289 4011 3414 4076 quia
3442 4007 3564 4062 illos

1975 4101 2264 4172 aliquando
2307 4101 2635 4171 despexeris,
2661 4116 2797 4169 quos
2847 4100 3017 4171 gratia
3061 4099 3241 4152 divina
3283 4099 3349 4152 ad
3392 4097 3559 4151 vitam

1976 4202 2312 4256 servaverat,
2340 4191 2433 4246 sed
2483 4199 2744 4261 quantum
2773 4199 2928 4260 potes
2962 4187 3268 4260 jacentibus
3312 4185 3556 4248 condole,

1975 4302 2175 4357 eosque
2217 4295 2275 4340 ut
2324 4299 2608 4355 resurgere
2666 4283 2897 4338 debeant
2942 4282 3156 4350 adjuva,
3191 4289 3245 4334 et
3285 4280 3330 4334 si
3377 4287 3560 4332 votum

1976 4389 2337 4448 conatumque
2364 4393 2520 4432 suum
2554 4375 2798 4444 sequitur
2822 4373 3068 4439 elfeetus,
3102 4371 3360 4443 gaudebis
3389 4371 3454 4424 de
3482 4385 3564 4424 sa-

1975 4479 2121 4535 nato,
2150 4485 2308 4539 quem
2354 4467 2492 4522 male
2546 4465 2831 4520 habentem
2874 4463 3142 4528 dolueras,
3169 4464 3251 4517 sin
3283 4464 3416 4516 alias
3454 4469 3558 4515 tum

1975 4571 2154 4618 tamen
2196 4559 2578 4616 benevolentiae
2605 4557 2746 4628 apud
2778 4556 3064 4611 Dominum
3104 4554 3278 4609 fructu
3326 4569 3432 4608 non
3471 4569 3562 4608 ca-

1979 4653 2221 4719 rebis,ct
2269 4660 2418 4706 certe
2464 4651 2536 4704 ita
2585 4649 2891 4713 dicendum,
2929 4663 2998 4702 ne
3041 4647 3274 4717 gaudeas
3323 4647 3388 4701 de
3430 4660 3560 4701 casu

1980 4743 2205 4808 inimici,
2236 4757 2302 4797 ne
2347 4741 2486 4796 forte
2514 4739 2774 4795 Dominus
2799 4738 3103 4808 superbiam
3132 4745 3300 4801 tuam,
3333 4752 3452 4806 qute
3485 4735 3559 4790 illi

1979 4833 2183 4903 absque
2207 4831 2370 4886 dubio
2399 4830 2648 4901 displicet
2677 4830 2778 4884 hoc
2804 4827 2992 4882 ordine
3021 4825 3276 4895 dejiciens
3305 4824 3554 4879 humiliet

1982 4937 2041 4982 ut
2083 4934 2137 4982 te
2181 4927 2407 4982 cadente
2459 4926 2511 4978 in
2555 4933 2838 4994 peccatum
2887 4921 2976 4976 ille
3024 4919 3350 4990 resipiscens
3398 4929 3556 4970 sane-

1983 5025 2088 5072 ιυΓ.

2051 5105 2195 5160 Time
2224 5104 2520 5168 Dominum,
2545 5101 2626 5171 ﬁli
2658 5101 2750 5166 mi,
2777 5109 2824 5153 et
2852 5114 3041 5168 regem.
3067 5095 3227 5152 Juxta
3270 5091 3415 5164 quod
3449 5091 3563 5161 ipse

1979 5200 2090 5255 ait:
2121 5197 2337 5251 Reddite
2381 5211 2503 5264 ergo
2535 5192 2734 5248 Cresari
2766 5208 2882 5263 qua:
2928 5188 3153 5242 Cwsaris
3201 5194 3342 5248 sunt,
3367 5194 3415 5237 et
3445 5199 3558 5253 qaaz

1978 5299 2099 5346 sunt
2136 5288 2231 5341 Dei
2257 5287 2362 5340 Deo
2403 5286 2606 5358 (Marc.
2643 5284 2782 5358 xu);
2830 5296 3004 5352 neque
3047 5278 3248 5350 aliquid
3288 5278 3468 5333 obstat
3503 5277 3554 5330 in

1983 5377 2210 5434 Domino
2231 5386 2285 5430 et
2305 5391 2430 5446 rege
2449 5387 2658 5446 patrem
2683 5383 2737 5428 et
2757 5373 2923 5426 filium
2949 5369 3245 5440 intelligere
3268 5366 3562 5437 designari,

1984 5469 2076 5541 qui
2109 5482 2215 5522 uno
2255 5467 2551 5535 eodemque
2581 5472 2707 5518 sunt
2741 5461 3036 5518 divinitatis
3074 5462 3278 5514 honore
3305 5457 3513 5512 colendi
3545 5475 3556 5510 :

1983 5559 2074 5630 qui
2102 5558 2246 5613 enim
2281 5572 2386 5611 non
2415 5554 2739 5609 lionoritieat
2767 5551 2932 5606 ﬁliuni
2965 5568 3071 5607 non
3101 5548 3424 5606 honoriﬁeat
3449 5546 3553 5602 Pa-

1980 5663 2117 5708 trem
2146 5651 2237 5721 qui
2268 5649 2414 5704 misit
2444 5648 2609 5702 illum.

1957 5754 1962 5762 '
2053 5743 2118 5797 Et
2148 5759 2263 5796 cum
2297 5738 2675 5794 detractoribus
2709 5755 2772 5792 ne
2801 5737 3205 5793 commiscearis.
3236 5735 3343 5790 lllis
3371 5731 3561 5788 videli-

1979 5847 2065 5892 cet
2089 5837 2177 5908 qui
2214 5837 2454 5892 dicentes
2483 5851 2541 5889 se
2566 5834 2734 5889 Deum
2767 5833 2982 5888 Patrem
3015 5847 3195 5897 nosse,
3230 5830 3427 5885 Filium
3462 5827 3565 5882 Dei

1980 5929 2032 5984 in
2064 5944 2226 5982 carne
2254 5938 2597 5996 apparentem
2626 5925 2910 5981 noluerunt
2942 5926 3202 5996 recipere.
