3962 6198
389 507 491 562 763

1053 497 1115 551 Β.
1161 491 1416 550 RABANI
1455 489 1675 546 MAURl
1712 483 2034 543 ARCHIEP.
2075 481 2384 539 MOGUNT.
2425 475 2711 535 OPERUM
2749 472 2930 528 PARS
2967 470 3057 527 lll.

3575 464 3681 522 765

391 620 640 680 adversa,
671 627 791 682 quae
813 611 908 666 tibi
935 623 1033 679 pro
1053 606 1294 677 peccatis
1315 606 1644 674 irrogantur,
1672 598 1982 671 pertuleris,
2012 597 2065 657 Α
2091 595 2236 650 tinus
2262 603 2316 650 et
2341 593 2565 650 ebullit:
2595 601 2650 647 et
2672 603 2929 660 perversa
2953 601 3107 641 mens
3137 585 3352 656 quando
3373 599 3471 656 per
3501 584 3682 639 inene-

395 679 706 776 bumiliqne
750 702 1120 758 satisfactione
1153 697 1409 753 duritiam
1465 694 1740 751 domueris
1792 700 1986 747 contu-
2083 691 2356 761 pationem
2379 687 2670 758 corripitur
2691 695 2781 739 aut
2806 698 2901 754 per
2922 679 3320 776 przedicationis
3341 679 3687 776 dulcedinem

393 801 584 857 maciae
609 796 825 869 prioris.

468 888 574 945 Mel
613 883 875 947 invenisti,
924 879 1132 935 comede
1165 877 1306 950 quod
1357 876 1543 946 sufﬁcit
1581 873 1694 938 tibi,
1745 888 1810 926 ne
1855 870 1988 940 forte

395 987 666 1036 saturatus
710 990 914 1029 evomas
964 971 1116 1025 illud.
1171 967 1520 1024 Dulcedinem
1568 964 1822 1020 invenisti
1877 977 1989 1018 cte-

396 1071 584 1126 lestem
607 1065 910 1121 intellectus
924 1077 1043 1130 quae
1063 1060 1382 1130 spiritalium
1404 1067 1617 1128 patrum
1638 1055 1814 1110 ollicio
1835 1053 1988 1124 quasi

397 1158 942 1230 prudentissimarum
971 1154 1151 1223 apium
1182 1153 1275 1206 tibi
1322 1151 1503 1205 labore
1549 1150 1851 1204 ministrata
1885 1156 1986 1211 est,

397 1251 519 1304 vide
546 1263 674 1319 ergo
703 1262 769 1301 ne
805 1245 858 1299 in
899 1259 962 1299 ea
992 1243 1112 1313 plus
1141 1258 1333 1312 sapere
1380 1250 1605 1310 appetas
1643 1256 1805 1310 quam
1832 1254 1994 1309 opor-

400 1348 475 1394 tet
500 1352 708 1408 sapere,
757 1351 826 1391 ne
860 1335 986 1390 dum
1043 1347 1250 1387 summa
1308 1331 1606 1401 intelligere
1661 1330 1798 1382 ultra
1851 1330 1994 1384 vires

401 1432 619 1501 quaeris,
645 1430 808 1485 etiam
840 1442 958 1497 quae
997 1426 1132 1480 bene
1162 1423 1506 1477 intellexeras
1532 1421 1748 1475 amittas
1775 1438 1787 1473 :
1818 1424 1996 1489 potest

400 1531 581 1576 autem
609 1521 662 1574 in
691 1520 794 1574 hoc
832 1515 1099 1572 versiculo
1127 1515 1304 1586 typice
1335 1514 1538 1568 dictum
1570 1511 1819 1580 intelligi,
1851 1510 1994 1579 quod

401 1615 457 1669 in
482 1613 723 1682 sequenti
747 1611 1029 1679 subjicitur
1053 1627 1066 1660 :

454 1704 739 1773 Subtrahe
787 1702 967 1772 pedem
1018 1710 1165 1753 tuum
1214 1701 1279 1752 de
1329 1699 1482 1751 domo
1532 1697 1757 1766 proximi
1811 1696 1905 1756 tui,
1937 1711 1997 1748 ne

402 1796 611 1867 quando
641 1793 864 1846 satiatus
896 1791 1061 1844 oderit
1091 1798 1159 1842 te.
1208 1788 1319 1841 Etsi
1353 1787 1496 1841 enim
1549 1785 1779 1855 proximi
1824 1782 1999 1852 cujus~

403 1887 534 1941 libet
581 1883 958 1938 allocutionem
1007 1880 1089 1934 vel
1117 1879 1477 1933 visitationem
1525 1876 1681 1931 melle
1707 1875 1998 1929 dulciorem

405 1976 633 2038 invenis,
668 1973 860 2027 melius
896 1981 1074 2025 tamen
1103 1977 1186 2023 est
1232 1978 1291 2022 ut
1336 1968 1511 2021 rarius
1540 1965 1809 2020 veniendo
1831 1964 1999 2018 facias

407 2085 528 2123 eum
580 2081 790 2134 semper
842 2073 991 2117 tuum
1047 2061 1268 2131 diligere
1330 2059 1656 2114 adventum.
1718 2071 1879 2125 quam
1941 2063 2000 2108 ut

410 2157 490 2211 vel
517 2173 621 2210 una
649 2156 766 2208 vice
792 2152 993 2206 tamdiu
1044 2165 1166 2204 cum
1217 2149 1308 2202 illo
1356 2162 1598 2212 maneas,
1630 2145 1712 2200 vel
1745 2146 1904 2201 toties
1933 2147 1999 2201 ad

406 2261 527 2300 eum
567 2245 774 2308 venias,
799 2243 970 2297 donec
1001 2249 1052 2294 te
1098 2240 1281 2294 videre
1329 2237 1568 2294 fastidiat
1591 2244 1646 2292 et
1673 2252 1740 2292 ne
1788 2238 1997 2301 redeas,

405 2343 630 2407 quaerat.

475 2427 615 2482 Dens
634 2426 898 2497 putridas,
926 2433 973 2479 et
995 2443 1080 2492 pes
1104 2423 1292 2490 lassus,
1309 2424 1398 2495 qui
1419 2431 1590 2493 sperat
1618 2439 1774 2492 super
1801 2421 2000 2490 inﬁdeli

411 2517 573 2570 indie
619 2519 895 2586 angustia’,
926 2525 974 2570 et
1002 2515 1193 2568 amittit
1218 2514 1438 2582 pallium
1467 2515 1520 2566 in
1543 2514 1626 2567 die
1664 2514 1896 2583 frigoris.
1936 2513 2001 2566 Et

408 2607 674 2663 Jeremias
704 2609 779 2661 ait
806 2627 817 2660 :
852 2606 1164 2661 Maledictus
1186 2607 1274 2676 qui
1318 2623 1458 2676 spem
1481 2624 1633 2660 suam
1654 2608 1798 2676 ponit
1823 2607 1879 2658 in
1902 2607 2000 2659 ho-

410 2701 570 2763 mine,
593 2709 638 2752 et
662 2699 809 2765 ponit
835 2715 1042 2751 carnem
1070 2697 1338 2750 brachium
1360 2714 1532 2750 suum.
1557 2696 1655 2763 Qui
1686 2705 1831 2752 recte
1854 2699 2001 2752 denti

408 2790 626 2860 putrida
655 2797 708 2844 et
739 2790 858 2858 pedi
886 2788 1029 2844 lasso
1060 2796 1424 2858 comparatur,
1452 2788 1579 2857 quia
1611 2788 1698 2856 qui
1733 2787 1861 2843 illud
1885 2787 2004 2842 uni-

411 2896 533 2935 cum
562 2881 798 2936 hominis
822 2881 1042 2946 bonum,
1071 2880 1175 2934 hoc
1200 2889 1304 2946 est,
1333 2879 1608 2935 adluerere
1637 2880 1766 2946 Deo,
1801 2895 2003 2951 ponere

410 2975 465 3028 in
492 2974 720 3028 Domino
742 2973 852 3028 Deo
881 2989 1029 3044 spem
1054 2989 1206 3028 suam
1253 2973 1448 3038 nescit,
1474 2973 1575 3028 iste
1611 2988 1710 3028 nec
1737 2973 1861 3028 vita:
1889 2988 2004 3042 per-

411 3065 592 3134 cipere
618 3065 817 3129 cibum,
847 3079 948 3119 nec
975 3065 1042 3119 ad
1081 3065 1418 3119 mansionem
1465 3074 1642 3136 potest
1683 3066 2005 3120 desiderata:

413 3154 605 3209 salutis
628 3155 955 3225 pertingere,
988 3162 1041 3210 et
1072 3155 1194 3209 talis
1225 3155 1426 3210 amittit
1452 3157 1669 3226 pallium
1711 3158 1762 3211 in
1804 3156 1888 3211 die
1913 3157 2008 3210 tri-

414 3246 584 3316 goris,
607 3247 734 3316 quia
778 3247 878 3299 etsi
909 3246 962 3300 in
1015 3246 1308 3300 serenitate
1355 3246 1478 3301 vita:
1508 3248 1790 3316 praesentis
1819 3246 2002 3301 habitu

416 3336 692 3407 religionis
723 3336 935 3392 videtur
962 3337 1200 3402 indutus,
1244 3337 1333 3391 ubi
1365 3345 1543 3391 tamen
1588 3338 1856 3393 districtio
1873 3338 2003 3407 justi

409 3427 600 3497 judicii
633 3429 896 3498 ingruerit
923 3429 1098 3483 nudus
1128 3429 1451 3484 omnimodis
1475 3431 1542 3484 ab
1567 3438 1757 3484 ornatu
1784 3431 2007 3501 justitize

413 3518 646 3589 parebit,
678 3535 780 3573 nec
804 3534 990 3574 eorum
1021 3520 1294 3575 consortio
1322 3521 1536 3590 dignus,
1569 3523 1633 3576 de
1663 3523 1858 3592 quibus
1882 3525 2009 3578 scri-

416 3618 565 3681 ptum
594 3619 714 3664 est:
760 3608 955 3664 Beatus
985 3612 1074 3681 qui
1122 3609 1298 3680 vigilat
1342 3621 1390 3664 et
1436 3611 1658 3666 custodit
1705 3615 2006 3667 vestimenta

418 3718 539 3768 sua,
575 3719 638 3756 ne
685 3703 857 3757 nudus
899 3702 1126 3757 ambulet
1155 3713 1202 3757 et
1247 3705 1450 3758 videant
1493 3707 1867 3777 turpitudinem
1892 3707 2006 3776 ejus

421 3791 606 3862 (Apoc.
628 3793 761 3862 xvi).

495 3882 710 3936 Acetum
740 3883 796 3936 in
818 3885 977 3951 nitro,
1013 3886 1100 3954 qui
1124 3894 1300 3938 cantat
1324 3887 1560 3940 carmina
1583 3887 1728 3941 cordi
1762 3889 2002 3958 pessimo.

421 3971 632 4028 Nitrum
657 3989 686 4027 a
714 3972 888 4028 Nitria‘
915 3976 1216 4044 provincia,
1263 3976 1353 4031 ubi
1397 3978 1632 4033 maxime
1677 3981 1824 4034 nasci
1852 3980 2008 4045 solet,

421 4079 615 4118 nomen
643 4064 860 4132 accipit,
889 4080 985 4119 nec
1011 4064 1235 4119 multum
1258 4080 1286 4118 a
1312 4066 1441 4121 salis
1465 4067 1800 4122 Ammoniaci
1829 4068 2009 4137 specie

423 4157 608 4210 distat.
635 4156 767 4210 Nam
797 4157 936 4213 sicut
968 4157 1136 4210 salem
1167 4158 1220 4210 in
1259 4157 1442 4212 littore
1469 4160 1638 4214 maris
1669 4158 1851 4215 fervor
1875 4177 2006 4216 con-

423 4251 537 4304 ﬁcit
581 4250 730 4315 solis,
766 4249 1010 4304 durando
1057 4249 1108 4302 in
1142 4259 1351 4319 petram
1395 4265 1564 4320 aquas
1612 4253 1847 4306 marinas
1875 4268 2012 4322 quas

425 4343 600 4413 major
631 4344 712 4396 vis
735 4351 1038 4408 ventorum,
1067 4343 1150 4396 vel
1196 4343 1363 4412 ipsius
1404 4345 1570 4400 maris
1607 4344 1810 4411 fervor,
1843 4348 1896 4401 in
1927 4347 2014 4402 lit-

427 4443 545 4487 tora
577 4433 834 4488 ulterior-:1
882 4434 1215 4504 projecerit;
1260 4435 1332 4489 ita
1383 4437 1435 4490 in
1466 4436 1660 4502 Nitria,
1689 4438 1779 4492 ubi
1822 4445 2012 4494 aestate

427 4523 620 4594 pluviae
647 4525 966 4593 prolixiores
1014 4525 1258 4580 tellurem
1288 4526 1599 4592 infundunt,
1647 4528 1828 4582 adurit
1851 4529 2014 4582 ardor

427 4611 620 4666 sideris
636 4621 835 4679 tantus,
851 4614 940 4682 qui
961 4614 1106 4682 ipsas
1117 4631 1284 4684 aquas
1299 4615 1559 4685 pluvialcs
1567 4631 1664 4685 per
1678 4617 2012 4671 latitudinem

430 4717 720 4756 arenarum
751 4712 1054 4772 concoquat
1089 4705 1144 4758 in
1164 4713 1398 4774 petram,
1425 4705 1522 4760 sali
1549 4707 1766 4774 quidem
1794 4706 1875 4760 vel
1899 4706 2012 4777 gla-

429 4793 535 4849 ciei
564 4803 786 4862 aspectu
817 4794 1176 4862 simillimam,
1225 4797 1322 4851 sed
1361 4796 1435 4852 nil
1481 4798 1642 4868 gelidi
1693 4799 1907 4870 rigoris,
1936 4801 2012 4854 nil

428 4884 547 4941 falsi
573 4886 780 4955 saporis
808 4885 1137 4952 habentem;
1169 4902 1289 4956 qua:
1331 4896 1531 4953 tamen,
1562 4889 1718 4958 juxta
1763 4899 2011 4946 naturam

430 4978 559 5034 salis
603 4978 656 5032 in
687 4983 936 5032 caumate
964 4976 1182 5042 durare,
1230 4985 1287 5031 at
1335 4978 1390 5032 in
1419 4978 1668 5034 nubiloso
1695 4995 1821 5034 aere
1848 4979 2014 5036 ﬂuere

431 5084 495 5124 ac
525 5067 790 5138 liqueﬁeri
817 5066 989 5122 solet:
1023 5067 1161 5122 banc
1188 5067 1450 5139 indigena:
1472 5076 1747 5125 sumentes
1767 5083 2011 5134 servant,

429 5168 486 5214 et
519 5160 613 5214 ubi
657 5175 792 5230 opus
838 5159 1114 5214 exstiterit
1158 5175 1258 5229 pro
1296 5159 1544 5231 jumento
1590 5168 1834 5216 utuntur.
1868 5163 2020 5219 Unde

432 5246 615 5306 Judeaa
644 5251 890 5320 peccanti
915 5250 1046 5305 dicit
1070 5252 1332 5321 propheta
1361 5270 1373 5305 :
1402 5249 1462 5306 Si
1500 5251 1691 5306 laveris
1720 5264 1768 5307 te
1791 5255 1945 5320 nitro,
1971 5264 2018 5309 et

432 5343 859 5414 multiplicaveris
911 5344 1005 5398 tibi
1053 5344 1268 5398 herbam
1317 5345 1510 5409 borith,
1562 5345 1829 5399 maculata
1879 5363 1933 5401 es
1963 5347 2018 5400 in

433 5433 708 5503 iniquitate
751 5446 867 5502 tua,
910 5436 1035 5490 dicit
1069 5437 1326 5491 Dominus
1358 5437 1516 5490 Deus.
1557 5437 1797 5507 Crepitat
1835 5448 2014 5494 autem

434 5523 488 5578 in
525 5541 664 5598 aqua
694 5527 962 5596 quomodo
987 5527 1106 5581 calx
1128 5527 1272 5591 viva,
1303 5535 1358 5581 et
1384 5527 1498 5596 ipsa
1521 5528 1734 5596 quidem
1759 5529 2014 5597 disperit;

435 5614 529 5668 sed
558 5631 750 5683 aquam
801 5617 1058 5670 lavationi
1111 5617 1342 5671 habilem
1396 5618 1590 5672 reddit.
1627 5618 1790 5689 Cujus
1825 5629 2018 5674 natura

437 5705 520 5756 cui
549 5705 621 5757 sit
648 5715 769 5772 apta
794 5707 978 5775 ﬁgurae
1007 5722 1236 5762 cernens
1280 5707 1553 5776 Salomon,
1582 5712 1693 5764 ait:
1727 5713 1940 5764 Acetum
1964 5712 2020 5766 in

441 5795 597 5853 nitro,
621 5803 669 5845 et
698 5795 786 5862 qui
830 5803 1008 5848 cantat
1039 5797 1275 5851 carmina
1313 5801 1458 5853 cordi
1490 5801 1711 5870 pessimo
1736 5819 1755 5866 ;
1805 5811 2017 5858 acetum

443 5881 637 5949 quippe
667 5880 713 5934 si
751 5882 999 5937 mittatur
1026 5883 1078 5937 in
1108 5884 1326 5950 nitrum,
1361 5885 1616 5944 fervescit
1651 5892 1852 5948 nitrum
1892 5909 2018 5963 pro-

2031 3295 2079 3360 C

2042 4656 2093 4715 D

2086 784 2228 838 bona
2259 781 2538 844 suadetur,
2563 779 2629 833 de
2655 773 2997 843 correptione
3025 770 3084 824 tit
3108 770 3369 834 deterior,
3395 777 3452 823 et
3479 768 3611 822 inde
3633 767 3691 822 in

2087 871 2533 929 murmurationis
2563 868 2904 938 iniquitatem
2936 860 3282 917 succenditur
3320 860 3463 914 unde
3501 857 3695 913 debuit

2089 968 2156 1021 ab
2185 966 2467 1035 iniquitate
2496 961 2792 1031 compesci.

2161 1055 2219 1110 Si
2239 1055 2508 1109 esuriverit
2543 1053 2786 1106 inimicus
2827 1059 2972 1116 tuus,
3005 1051 3123 1105 ciba
3153 1048 3302 1102 illum
3327 1088 3342 1111 ,
3397 1044 3442 1098 si
3470 1043 3691 1106 sitierit,

2091 1147 2161 1200 da
2191 1146 2267 1200 illi
2296 1162 2486 1215 aquarii
2511 1143 2700 1197 bibere.
2734 1142 2801 1196 Et
2821 1142 2889 1196 de
2919 1139 3293 1211 corporalibus
3316 1134 3616 1198 alimentis,
3639 1141 3696 1188 et

2093 1240 2161 1294 de
2193 1236 2527 1308 Spiritalibus
2555 1243 2736 1305 potest
2767 1234 3012 1302 intelligi.

2167 1327 2378 1382 Prunas
2421 1328 2559 1381 enim
2599 1326 2935 1396 rongregabis
2967 1340 3122 1394 super
3151 1329 3306 1389 caput
3345 1321 3482 1390 ejus,
3509 1328 3559 1372 et
3583 1317 3700 1372 Do-

2095 1421 2268 1473 minus
2295 1419 2468 1472 reddet
2513 1418 2627 1470 tibi.
2663 1415 2778 1470 Non
2815 1416 2881 1470 de
2910 1414 3176 1470 incendiis
3225 1427 3506 1482 poenarum
3537 1409 3697 1473 dicit,

2097 1527 2272 1580 neque
2300 1510 2443 1565 enim
2468 1508 2692 1564 doceret
2717 1515 2769 1562 te
2790 1505 3052 1576 sapientia
3079 1513 3140 1558 ut
3159 1504 3297 1557 bona
3323 1502 3549 1556 inimico
3574 1516 3702 1569 per-

2099 1604 2320 1659 ditionis
2369 1600 2487 1671 ejus
2539 1616 2702 1655 causa
2755 1599 3114 1660 ministrares,
3165 1595 3257 1650 sed
3303 1608 3504 1664 prunas
3534 1607 3700 1660 super

2100 1701 2261 1764 caput
2291 1691 2428 1761 ejus,
2462 1691 2713 1746 ardorem
2763 1687 3048 1743 cbaritatis
3095 1686 3149 1740 in
3178 1685 3342 1740 corde
3386 1682 3506 1750 ejus
3535 1682 3702 1752 signi-

2105 1784 2248 1850 ficat,
2273 1784 2332 1838 tit
2353 1783 2495 1838 enim
2519 1795 2903 1851 nonnunquam
2941 1787 3000 1832 ut
3021 1778 3272 1833 inimicus
3292 1775 3500 1830 crebris
3522 1775 3700 1828 victus

2102 1877 2379 1933 beneﬁciis
2407 1877 2654 1931 odiorum
2685 1877 2864 1945 rigore
2906 1873 3112 1929 mollito
3153 1872 3388 1927 calorem
3430 1871 3481 1924 in
3513 1877 3700 1924 mente

2031 1946 2073 2004 Β
2102 1970 2385 2026 cbaritatis
2412 1969 2664 2038 excipiat.
2715 1983 2780 2022 ac
2829 1967 2896 2021 de
2946 1965 3166 2020 inimico
3215 1963 3424 2017 amicus
3467 1961 3610 2022 fieri,
3644 1968 3700 2014 et

2103 2078 2225 2117 eum
2250 2077 2408 2130 quem
2440 2058 2635 2128 injuste
2656 2059 2869 2123 oderat,
2899 2058 3046 2128 justo
3071 2056 3356 2110 redamare
3381 2053 3626 2121 incipiat.

2185 2153 2376 2209 Ventus
2399 2151 2574 2224 aquilo
2603 2153 2820 2222 dissipat
2853 2150 3076 2221 pluvias,
3107 2157 3156 2202 et
3187 2147 3347 2218 facies
3391 2147 3559 2199 tristis
3599 2144 3704 2197 Iin—

2103 2262 2260 2316 guam
2291 2245 2670 2298 detrahentem.
2735 2242 2791 2295 Si
2841 2240 3002 2295 hilari
3056 2239 3205 2293 vultu
3239 2237 3475 2292 audieris
3521 2237 3704 2289 detra-

2105 2338 2342 2398 hentem,
2394 2344 2449 2388 tu
2497 2335 2571 2388 illi
2623 2333 2720 2387 das
2768 2332 3010 2386 fomitem
3059 2327 3419 2392 detrahendi;
3476 2328 3520 2382 si
3571 2342 3705 2381 vero

2104 2429 2242 2484 tristi
2304 2428 2448 2481 vultu
2481 2429 2595 2481 bare
2642 2425 2845 2488 audias,
2899 2424 2958 2478 u't
3003 2424 3138 2478 dixit
3183 2423 3399 2492 quidam
3450 2421 3536 2475 vir
3581 2420 3704 2484 Dei,

2105 2521 2265 2574 discit
2310 2534 2414 2573 non
2461 2518 2692 2572 libenter
2726 2517 2945 2581 dicere,
2997 2515 3140 2584 quod
3187 2514 3436 2569 didicerit
3490 2527 3599 2567 non
3631 2510 3704 2566 li-

2103 2611 2298 2666 benter
2327 2609 2521 2663 audiri.

2179 2698 2370 2754 Melius
2412 2709 2486 2753 est
2519 2699 2697 2753 sedere
2749 2701 2803 2752 in
2855 2697 3048 2767 angulo
3099 2697 3324 2749 demotis
3378 2711 3535 2766 quam
3582 2712 3704 2749 cum

2107 2790 2321 2844 muliere
2366 2789 2590 2859 litigiosa
2621 2791 2675 2842 in
2725 2789 2878 2842 domo
2909 2789 3188 2842 communi.
3240 2787 3478 2840 Domatis
3523 2796 3579 2840 et
3603 2802 3704 2839 cx-

2105 2880 2284 2935 celsus
2305 2888 2360 2934 et
2389 2889 2632 2933 secretus
2659 2888 2742 2933 est
2773 2879 2942 2943 locus,
2969 2878 3110 2947 quod
3141 2878 3282 2933 enim
3308 2878 3465 2932 doma
3488 2876 3703 2943 Grzeee,

2107 2973 2296 3027 Latine
2345 2973 2542 3027 dicitur
2565 2981 2791 3037 tectum,
2832 2972 3064 3039 denique
3113 2971 3166 3024 in
3217 2970 3443 3025 Actibus
3489 2978 3706 3038 aposto-

2107 3062 2279 3117 lorum
2310 3063 2401 3116 ubi
2431 3061 2625 3116 Petrus
2652 3062 2702 3114 in
2729 3062 3007 3130 superiora
3038 3060 3103 3113 ad
3134 3061 3398 3114 orandum
3431 3059 3702 3122 ascendit,

2106 3171 2205 3225 pro
2227 3154 2601 3225 superioribus
2623 3154 2673 3207 in
2697 3152 2887 3207 Graeco
2913 3153 3070 3205 doma
3094 3152 3352 3220 scriptum
3377 3161 3478 3209 est,
3511 3151 3706 3204 melius

2108 3256 2193 3302 est
2239 3262 2369 3319 ergo
2396 3247 2449 3301 in
2507 3245 2789 3300 alti:udiue
2836 3246 3094 3300 virtutum
3129 3261 3348 3299 manere
3394 3246 3703 3313 quempiam

2114 3338 2342 3392 liberum
2369 3354 2399 3391 a
2427 3337 2658 3391 vinculis
2682 3337 2920 3399 uxoreis,
2965 3345 3018 3391 et
3042 3351 3070 3388 a
3106 3336 3286 3390 saeculi
3324 3335 3485 3405 hujus
3525 3351 3708 3389 secre-

2110 3437 2222 3484 tum
2255 3428 2559 3490 desideriis,
2611 3442 2772 3496 quam
2826 3441 2947 3482 cum
2979 3427 3213 3480 carnalis
3265 3441 3361 3480 usu
3410 3425 3708 3495 voluptatis

2109 3519 2438 3588 quotidianis
2463 3517 2681 3572 nefariae
2710 3517 2951 3572 mulieris
2974 3517 3313 3572 contumeliis
3342 3516 3505 3571 allici.

2181 3610 2329 3680 Aqua
2373 3609 2564 3679 frigida
2607 3609 2799 3662 animm
2848 3609 3063 3672 sitienti,
3103 3617 3151 3661 et
3184 3610 3396 3661 nuntius
3438 3609 3606 3662 bonus
3637 3610 3704 3663 de

2109 3709 2249 3754 terra
2279 3701 2582 3769 longinqua.
2615 3700 2750 3753 Dicit
2775 3698 3064 3752 Psalmista
3093 3712 3107 3750 :
3152 3698 3302 3752 Sicut
3347 3715 3529 3752 cervus
3568 3699 3704 3752 desi-

2110 3789 2256 3843 derat
2283 3789 2352 3843 ad
2393 3790 2559 3858 fontes
2591 3805 2868 3859 aquarum,
2894 3790 2967 3840 ita
2997 3787 3257 3841 desiderat
3280 3789 3458 3841 anima
3495 3806 3612 3842 mea
3638 3790 3704 3842 ad

2111 3889 2176 3944 te,
2208 3879 2368 3934 Deus.
2419 3880 2569 3949 Aqua
2609 3895 2737 3949 ergo
2786 3876 2976 3946 frigida
3007 3893 3127 3947 qum
3179 3877 3413 3931 sitientis
3454 3881 3702 3933 ardorem

2114 3972 2426 4038 restringat,
2477 3977 2531 4023 et
2584 3970 2803 4023 nuntius
2841 3971 2932 4037 qui
2981 3969 3046 4023 de
3097 3969 3250 4038 longe
3298 3969 3521 4024 veniens
3569 3986 3705 4024 nova

2112 4060 2368 4130 quielibet
2400 4069 2456 4114 et
2506 4059 2778 4128 inopinata
2836 4058 3027 4129 gaudia
3083 4067 3258 4127 portet
3313 4059 3705 4114 assimilantur.

2116 4150 2248 4216 Quia
2278 4159 2334 4204 et
2360 4149 2585 4204 dulcedo
2621 4151 2817 4204 divinte
2841 4149 3062 4204 visionis
3097 4149 3329 4203 animam
3376 4150 3466 4203 diu
3498 4149 3710 4207 deside-

2115 4252 2326 4296 rantem
2352 4242 2678 4306 consolatur,
2709 4251 2870 4312 atque
2893 4243 2960 4296 ab
2990 4250 3122 4296 testu
3149 4242 3496 4310 przcsentium
3536 4243 3710 4297 tribu-

2114 4335 2377 4391 lationum
2427 4337 2651 4390 liberam
2679 4336 2876 4398 reddit,
2902 4343 2956 4389 et
2983 4334 3156 4404 angeli
3197 4334 3436 4402 quotidie
3467 4336 3534 4390 de
3561 4344 3706 4390 terra

2113 4426 2425 4498 longinqua,
2461 4429 2561 4483 hoc
2601 4437 2706 4493 est,
2736 4429 2802 4482 de
2835 4442 3066 4497 superna
3097 4426 3270 4496 patria
3313 4427 3710 4484 descendentes

2115 4521 2170 4576 in
2216 4523 2496 4586 mundum,
2531 4522 2707 4592 justos
2749 4521 2835 4575 vel
2885 4522 3025 4575 inter
3056 4522 3380 4576 tentationes
3415 4536 3511 4590 spe
3545 4523 3708 4576 cmic-

2120 4613 2280 4666 stium
2311 4612 2567 4668 roborant
2595 4612 2680 4667 vel
2723 4613 2888 4667 finitis
2916 4614 3272 4668 tentationnm
3318 4613 3709 4668 certaminibus

2119 4705 2184 4759 ad
2211 4704 2442 4776 palmam
2470 4713 2741 4773 perpetuae
2773 4705 3144 4759 retributionis
3170 4705 3451 4758 inducunt.

2190 4793 2337 4848 Fons
2361 4795 2601 4847 turbatus
2625 4793 2774 4864 pede,
2805 4804 2852 4848 et
2874 4811 3002 4848 vena
3030 4804 3296 4864 corrupta,
3311 4793 3494 4863 justus
3515 4794 3707 4848 cadens

2120 4902 2298 4938 coram
2319 4885 2500 4953 impio.
2522 4884 2666 4939 Fons
2693 4894 2748 4939 et
2778 4901 2912 4940 vena
2935 4886 3058 4940 vita:
3083 4895 3166 4940 est
3193 4900 3254 4939 os
3277 4895 3331 4939 et
3351 4885 3532 4954 lingua
3553 4884 3705 4953 justi,

2120 4978 2211 5046 qui
2244 4978 2590 5032 meditabitur
2620 4978 2938 5048 sapientiam
2973 4987 3027 5032 et
3065 4977 3309 5047 loquetur
3344 4977 3632 5047 judicium,
3656 4988 3711 5032 et

2123 5068 2168 5122 si
2205 5069 2348 5122 hunc
2375 5069 2650 5122 adiabolo
2704 5069 2945 5138 superari
2991 5078 3153 5137 atque
3198 5069 3251 5122 in
3304 5082 3491 5122 casum
3538 5067 3706 5137 redigi

2123 5159 2431 5230 contigerit,
2471 5160 2664 5214 merito
2708 5159 2828 5215 fons
2860 5161 3106 5215 turbatus
3149 5157 3459 5214 adversario
3487 5157 3707 5212 concul-

2123 5259 2280 5305 cante
2323 5259 2378 5304 et
2422 5265 2556 5303 vena
2604 5249 2800 5305 dicitur
2843 5264 2964 5304 esse
3013 5258 3286 5319 corrupta.
3323 5248 3517 5302 Evenit
3563 5247 3706 5302 enim

2123 5356 2282 5410 Stepe,
2327 5348 2388 5394 ut
2435 5341 2526 5409 qui
2560 5340 2752 5409 majori
2784 5341 3010 5395 scientia
3059 5339 3268 5409 prtcditi
3315 5337 3612 5409 fulgebant,
3642 5338 3704 5390 ad

2121 5435 2369 5490 ultimum
2400 5434 2521 5504 plus
2554 5433 2795 5488 volentes
2825 5446 3040 5501 sapere,
3069 5446 3229 5499 quam
3277 5429 3556 5499 fragilitati
3613 5431 3704 5484 bu-

2127 5543 2300 5582 manae
2321 5542 2638 5581 concessum
2667 5533 2768 5590 est,
2813 5525 2868 5578 in
2907 5523 3227 5591 insipientia:
3254 5521 3466 5575 foveam
3490 5520 3703 5575 decide-

2127 5627 2268 5683 rent,
2293 5619 2433 5672 unde
2455 5625 2845 5684 consequenter
2872 5614 3183 5684 adjungitur
3213 5627 3228 5665 :

2198 5709 2346 5765 Sicut
2366 5711 2455 5780 qui
2481 5709 2578 5763 mel
2610 5707 2829 5762 comedit
2857 5706 3098 5770 multum,
3145 5719 3248 5758 non
3276 5714 3350 5756 est
3391 5703 3439 5755 ei
3474 5701 3703 5761 bonum;

2125 5801 2200 5855 sic
2225 5802 2314 5870 qui
2353 5807 2617 5853 scrutator
2637 5807 2714 5852 est
2751 5797 3062 5866 majestatis,
3105 5795 3425 5864 opprimetur
3452 5811 3483 5846 a
3516 5792 3702 5862 gloria.

2128 5891 2362 5948 Dulcedo
2401 5890 2548 5946 enim
2594 5888 2769 5945 mellis
2810 5888 2854 5944 si
2899 5886 3182 5959 plusquam
3230 5898 3451 5940 necesse
3480 5893 3587 5949 est,
3616 5899 3700 5938 su.
