3962 6198
287 441 404 500 ’163

1085 438 1450 498 EXPOSITIO
1491 438 1556 494 IN
1593 436 1982 496 PROVERBIA
2025 435 2434 496 SALOMONlS.
2473 472 2545 484 -—
2582 444 2705 500 LIB.
2749 447 2834 502 Ill.

3483 453 3585 508 766

287 562 482 625 mitur,
505 557 652 613 unde
679 556 913 614 delectat
938 573 1000 613 os
1051 559 1174 614 inde
1205 560 1312 613 vita
1361 559 1698 614 comedentis
1734 573 1888 613 neca-
1914 557 1968 616 Α
1993 558 2150 611 ciaris
2177 561 2223 612 ei
2243 561 2448 616 similis.
2475 563 2743 626 Responde
2761 566 2921 620 stulto
2935 568 3096 637 jua'ta
3115 567 3390 624 stultitiam
3410 588 3584 636 suam,

288 659 402 716 tur,
432 647 611 704 dulcis
637 649 838 718 quippe
867 656 952 703 est
993 649 1274 718 requisitio
1319 648 1439 717 maj:
1463 650 1640 712 statis,
1670 649 1762 702 sed
1798 648 1890 717 qui

286 740 410 810 plus
431 739 578 794 hanc
612 738 848 792 scrutari
880 738 1101 808 appetit,
1127 753 1290 808 quam
1315 738 1664 793 humanitatis
1690 737 1893 808 agnitio

287 829 581 899 permittit,
600 829 716 898 ipsa
742 829 886 882 hunc
905 826 1022 896 ejus
1042 827 1212 899 gloria
1227 829 1426 899 premit
1444 851 1455 880 ;
1476 829 1600 898 quia
1625 827 1769 883 velut
1789 826 1893 880 mel

288 932 566 993 sumptum
598 922 952 977 immoderate
972 925 1366 992 perscrutantis
1391 941 1608 980 sensum
1631 923 1758 978 dum
1787 940 1892 978 nox

289 1016 505 1084 capitur
531 1014 753 1084 rumpit.
781 1013 898 1068 Non
919 1013 1021 1068 hoc
1046 1023 1224 1068 autem
1243 1015 1414 1069 solum
1432 1016 1660 1085 quisque
1680 1015 1894 1085 sapiens

293 1106 578 1162 attendere
616 1107 794 1171 debet,
841 1122 909 1163 ue
937 1107 1128 1162 altiora
1153 1123 1210 1163 se
1238 1119 1464 1177 qumrat,
1493 1119 1548 1163 et
1571 1125 1637 1162 ne
1669 1109 1891 1162 fortiora

292 1214 348 1253 se
405 1207 691 1254 scrutatus
738 1201 829 1264 sit,
894 1214 1083 1253 verum
1131 1199 1296 1254 etiam
1342 1216 1410 1256 ne
1464 1216 1527 1256 ea
1565 1215 1700 1270 qua:
1747 1211 1892 1255 recte

295 1293 496 1347 utiliter
525 1294 671 1347 scire
692 1293 887 1362 potuit,
913 1293 1283 1347 immoderatis
1309 1294 1648 1347 sermonibus
1678 1293 1894 1347 sibimet

294 1389 470 1443 minus
512 1387 669 1440 utilia
719 1385 930 1449 reddat,
970 1386 1109 1439 unde
1136 1385 1312 1439 adhuc
1357 1395 1479 1455 apte
1525 1387 1886 1440 subnectitur:

363 1480 515 1536 Sicut
563 1481 688 1534 urbs
735 1490 918 1549 patens
943 1489 989 1532 et
1035 1479 1226 1548 absque
1271 1495 1543 1532 murorum
1573 1478 1792 1540 ambitu,
1818 1481 1892 1531 ita

299 1576 368 1627 rir
387 1575 477 1643 qui
512 1589 618 1626 non
646 1581 808 1642 potest
833 1573 885 1625 in
913 1571 1168 1636 loquendo
1191 1571 1427 1624 cohibere
1449 1572 1688 1640 spiritum
1714 1588 1888 1624 suum.

301 1665 445 1720 Sicut
473 1666 621 1719 enim
657 1679 869 1718 murum
899 1663 1099 1718 silentii
1141 1679 1246 1717 non
1277 1665 1456 1727 habet,
1504 1672 1656 1732 patet
1688 1663 1889 1717 inimici

293 1756 486 1824 jaculis
537 1755 738 1809 Civitas
789 1756 1005 1818 mentis,
1063 1764 1119 1810 et
1167 1770 1290 1810 cum
1323 1771 1381 1810 se
1427 1769 1524 1822 per
1552 1756 1714 1810 verba
1739 1765 1894 1808 extra

300 1849 648 1917 semetipsum
680 1847 850 1916 ejicit.
878 1857 1120 1916 apertam
1171 1862 1229 1900 se
1282 1845 1593 1900 adversario
1635 1845 1891 1909 ostendit,

301 1957 452 2008 quatn
487 1949 643 1995 tanto
679 1939 766 1993 ille
799 1939 917 1993 sine
947 1937 1129 1992 labore
1175 1945 1416 2005 superat,
1458 1945 1662 2006 quanto
1691 1944 1747 1990 et
1775 1935 1890 2004 ipsa

299 2046 411 2101 quas
438 2031 684 2085 vincitur
733 2039 924 2084 contra
977 2029 1324 2098 semetipsum
1369 2044 1464 2098 per
1492 2026 1889 2096 multiloquium

298 2130 515 2190 pugnat.

879 2231 1106 2288 CAPUT
1143 2232 1332 2286 XXVI.

367 2326 649 2392 Quomon
679 2326 770 2378 nix.
802 2325 854 2378 in
882 2333 1060 2378 a’state
1093 2336 1140 2377 et
1175 2323 1363 2390 plurim
1392 2324 1447 2376 in
1491 2338 1674 2379 messe.
1709 2323 1784 2374 sic
1811 2322 1893 2374 in-

299 2421 482 2473 decens
506 2429 582 2472 est
616 2417 775 2471 stulto
799 2415 984 2487 gloria.
1019 2416 1085 2469 Et
1112 2416 1199 2470 hic
1228 2414 1527 2468 versiculus
1557 2430 1624 2468 ne
1664 2412 1893 2468 indoctis

301 2512 472 2565 honor
505 2508 738 2562 docendi
769 2507 1139 2561 committatur
1174 2512 1491 2575 praemonet,
1537 2504 1624 2557 uix
1659 2518 1893 2572 namque

300 2610 512 2665 :rstate,
540 2607 596 2654 et
643 2598 835 2668 pluvia:
866 2605 992 2652 sunt
1039 2597 1090 2650 in
1143 2610 1318 2650 messe
1345 2595 1748 2664 persecutiones
1776 2595 1894 2648 iuli-

301 2695 524 2756 delium,
570 2692 624 2746 in
653 2702 896 2760 tempore
942 2690 1340 2758 prtedicationis
1381 2687 1737 2758 Evangelicze,
1775 2704 1894 2756 quae

301 2795 420 2840 dum
450 2784 738 2856 graviores
787 2781 924 2836 forte
974 2782 1228 2836 insistunt
1275 2789 1329 2835 et
1358 2781 1592 2836 calorem
1624 2780 1676 2834 in
1710 2781 1895 2835 multis

301 2875 605 2945 impediunt
653 2871 978 2935 dilectionis,
1037 2880 1092 2925 et
1147 2871 1326 2940 fruges
1375 2870 1513 2925 bene
1563 2870 1896 2939 operationis

301 2963 526 3020 fcedant.
559 2963 767 3029 Quibus
812 2970 959 3016 recte
1008 2961 1194 3033 gloria,
1244 2977 1362 3030 qua:
1411 2963 1574 3017 stulto
1599 2962 1893 3027 confertur,

303 3069 419 3108 esse
468 3052 668 3107 similis
699 3057 1066 3115 asseveratnr,
1105 3051 1228 3120 quia
1275 3053 1318 3106 si
1375 3053 1587 3107 indocto
1635 3051 1893 3108 cathedra

303 3144 524 3199 docendi
560 3143 818 3196 tribuitur
863 3157 1015 3211 aeque
1055 3158 1151 3211 per
1198 3143 1300 3197 hoc
1329 3143 1568 3198 Ecclesia
1595 3153 1654 3198 ut
1703 3145 1894 3199 inlide-

303 3234 427 3289 lium
481 3232 862 3303 persecutione
913 3231 1140 3295 laeditur,
1180 3233 1322 3301 quod
1377 3247 1497 3287 esse
1549 3233 1890 3287 verissimum

301 3328 513 3382 Arianae
554 3325 894 3395 tempeStatis
917 3323 1196 3379 calamitas
1225 3325 1495 3394 probavit.

371 3418 520 3475 Sicut
553 3420 664 3473 avis
693 3418 760 3471 ad
814 3417 920 3470 alia
962 3417 1313 3482 transvolans,
1363 3427 1410 3471 et
1443 3435 1626 3486 passer
1669 3419 1894 3488 quolibet

302 3514 516 3575 radens,
541 3511 616 3564 sic
642 3509 970 3563 meledictum
994 3509 1192 3578 {rustra
1219 3507 1480 3578 prolatum
1517 3510 1570 3562 in
1601 3512 1894 3580 quempiam

303 3603 650 3669 superveniet.
680 3599 852 3654 Verba
876 3600 1092 3668 quidem
1115 3607 1258 3654 recte
1282 3600 1470 3654 avibus
1493 3610 1891 3670 comparantur,

303 3695 424 3764 quia
455 3691 702 3748 sanando
751 3705 848 3760 per
891 3707 1016 3745 aera
1060 3690 1394 3746 transvolant
1437 3691 1504 3745 ab
1525 3707 1619 3746 ore
1649 3691 1898 3746 videlicet

304 3786 578 3856 loquentis
603 3785 669 3838 ad
699 3799 858 3838 aures
879 3799 1047 3852 usque
1067 3784 1355 3848 audientis,
1385 3784 1480 3840 sed
1510 3785 1710 3838 distant
1737 3785 1893 3849 ineo,

309 3880 431 3949 quia
461 3887 645 3948 potest
676 3877 818 3937 fieri,
843 3884 899 3929 ut
923 3877 1036 3930 avis
1059 3875 1302 3944 qu'olibet
1326 3876 1512 3949 volans
1541 3893 1604 3930 eo
1635 3877 1736 3930 loci
1766 3877 1898 3930 resi-

308 3943 580 4034 deat,-ubi
626 3967 697 4020 nil
739 3966 788 4020 ei
819 3973 982 4020 certae
1006 3943 1348 4020 necessitatis
1375 3943 1745 4020 aut‘utilitatis
1774 3982 1898 4034 sup-

308 4068 478 4130 petat,
505 4058 671 4114 verba
702 4065 881 4110 autem
925 4073 1045 4125 qua:
1096 4056 1370 4125 loquimur
1409 4071 1514 4110 non
1545 4055 1784 4125 quolibet
1811 4057 1895 4110 di-

307 4168 493 4222 spersa
525 4151 581 4204 in
610 4159 828 4203 ventum
861 4148 1106 4203 dillluunt
1152 4157 1313 4218 atque
1339 4157 1688 4209 evanescunt,
1716 4150 1809 4202 sed
1842 4149 1894 4203 in

307 4251 585 4296 auctorem
614 4255 767 4293 suum
799 4246 990 4293 cuncta
1020 4245 1378 4301 revertuntur,
1409 4245 1464 4292 et
1487 4237 1568 4292 vel
1608 4237 1743 4292 bene
1770 4254 1896 4308 pro-

309 4333 415 4386 lata
442 4331 643 4399 juvant
687 4329 1014 4398 loquentem,
1060 4328 1146 4383 vel
1190 4329 1330 4382 male
1355 4329 1498 4382 edita
1543 4339 1790 4396 gravant,
1824 4328 1896 4382 ita

308 4434 368 4478 ut
396 4438 497 4494 pro
527 4421 676 4475 omni
707 4420 870 4474 etiam
901 4421 1074 4474 otioso
1119 4419 1284 4474 verbo
1333 4419 1594 4474 rationem
1623 4420 1676 4474 in
1712 4421 1796 4474 die
1812 4417 1898 4487 ju-

308 4517 434 4571 dicii
464 4515 691 4568 reddere
721 4526 994 4579 cogamur,
1045 4521 1246 4581 quanto
1297 4520 1476 4566 autem
1527 4513 1696 4582 magis
1733 4513 1898 4566 male-

309 4608 475 4670 dicta,
497 4621 606 4659 non
630 4603 806 4658 solum
829 4618 890 4656 ea
912 4618 1032 4672 qum
1054 4603 1319 4657 malitiosa
1348 4613 1526 4658 mente
1547 4605 1598 4658 in
1627 4605 1893 4659 insontem
1923 4637 1975 4697 Β

304 4695 640 4766 iaculantur,
669 4709 856 4750 verum
887 4695 1051 4749 etiam
1102 4693 1210 4754 illa,
1264 4709 1383 4762 qua:
1428 4695 1590 4748 stulta
1618 4695 1894 4765 negligen-

312 4788 441 4841 tium
468 4784 859 4840 consuetudine
884 4784 1086 4854 passim
1143 4784 1196 4836 in
1229 4784 1497 4853 quoslibet
1525 4785 1892 4853 proferuntur,

312 4892 418 4931 non
446 4877 612 4930 aiium
641 4875 734 4930 sed
769 4875 941 4944 ipsum
972 4871 1339 4944 [maledicum]
1370 4874 1701 4941 opprimunt,
1729 4890 1901 4944 neque

311 4969 453 5022 enim
503 4965 753 5021 maledici
795 4980 1020 5034 regnum
1050 4965 1144 5018 Dei
1179 4963 1548 5032 possidebunt.
1580 4964 1691 5018 Non
1719 4974 1897 5019 autem

314 5058 429 5112 sine
456 5072 622 5112 causa
649 5056 802 5119 dicit,
835 5055 1179 5110 maledictum
1212 5053 1411 5107 frustra
1440 5053 1727 5122 prolatum,
1773 5054 1899 5122 quia

312 5156 396 5201 est
421 5156 477 5201 et
497 5145 840 5200 maledictum
882 5161 988 5198 non
1031 5143 1228 5198 frustra
1265 5143 1552 5212 prolatum,
1583 5143 1674 5196 sed
1693 5141 1902 5210 justitia

313 5237 508 5290 divina:
538 5235 896 5290 districtionis
924 5236 1002 5288 ira
1035 5233 1085 5287 in
1119 5232 1312 5302 impios
1341 5233 1618 5295 emissum,
1650 5239 1706 5284 ut
1729 5239 1816 5286 est
1841 5231 1905 5285 il-

315 5329 404 5383 lud
431 5327 540 5382 divi
587 5325 738 5380 Petri
789 5325 842 5379 in
896 5325 1171 5379 Simonem
1225 5323 1476 5392 Magum:
1531 5319 1764 5375 Pecunia
1810 5331 1902 5374 tua

315 5428 480 5474 tecum
525 5417 590 5470 sit
639 5417 696 5469 in
743 5415 1083 5486 perditionem
1112 5413 1249 5484 (Act.
1295 5411 1433 5482 vm).
1477 5411 1542 5464 Et.
1582 5425 1644 5463 ea
1690 5426 1808 5479 qua:
1847 5411 1899 5463 in

316 5517 591 5579 apostatas
649 5506 935 5561 haereticos
1005 5503 1383 5558 Ecclesiaslica
1435 5501 1901 5556 animadversione

316 5599 667 5672 proferuntur
704 5599 1071 5652 anathemata.
1102 5595 1176 5649 De
1205 5595 1400 5664 quibus
1444 5591 1702 5646 Dominus
1726 5592 1900 5646 eidem

319 5692 573 5748 Ecclesia:
595 5691 724 5746 dicit
749 5708 761 5742 :
816 5689 1150 5757 Qumcunque
1174 5685 1470 5756 alligaveris
1495 5699 1650 5754 super
1685 5693 1902 5748 terram,

319 5795 470 5842 erunt
497 5783 662 5855 ligata
693 5792 740 5836 et
764 5783 819 5836 in
847 5780 1008 5835 caelis.

394 5877 479 5938 Ne
505 5877 814 5948 respondeas
838 5872 995 5929 stulto
1013 5874 1174 5943 juxta
1197 5871 1474 5926 stultitiam
1501 5887 1675 5935 suam,
1711 5885 1772 5923 ne
1792 5869 1900 5939 elﬁ-

1924 1905 1971 1964 B

2001 665 2061 702 ne
2083 650 2182 702 sibi
2208 653 2414 720 sapiens
2442 665 2552 708 esse
2579 657 2835 710 videatur.
2876 657 2993 713 Non
3043 660 3154 714 lucc
3185 661 3414 716 invicem
3457 663 3586 718 sibi-

1998 752 2108 797 met
2139 747 2411 800 coutraria
2439 748 2640 804 debent
2682 750 2872 815 videri,
2903 767 3009 805 non
3058 754 3383 821 respondere
3425 754 3590 808 stulto

1991 832 2147 902 juxta
2177 836 2461 892 stultitiam
2489 838 2630 908 cjus,
2657 848 2710 895 et
2745 844 3070 910 respondere
3095 844 3262 898 stulto
3284 845 3437 915 juxta
3463 846 3589 900 stul-

1997 927 2170 981 titiam
2200 928 2336 998 ejus,
2385 940 2676 1001 utrumque
2704 934 2848 987 enim
2891 950 2989 1004 pro
3035 944 3337 1006 temporum
3367 945 3422 992 et
3467 952 3590 1007 per—

1995 1037 2250 1076 sonarum
2276 1024 2590 1080 diversitate
2617 1027 2933 1090 concordat,
2965 1028 3090 1081 dum
3141 1037 3196 1082 et
3235 1029 3431 1084 stultus
3459 1044 3588 1083 con—

1995 1111 2274 1176 temnitur,
2308 1114 2430 1175 quia
2474 1131 2579 1169 non
2609 1116 2798 1185 recipit
2827 1117 3168 1184 sapientiam,
3197 1127 3251 1172 et
3291 1118 3458 1172 stulta
3494 1134 3585 1172 su-

1991 1204 2178 1268 perbia
2203 1205 2310 1258 alia
2347 1205 2622 1260 decutitur
2665 1207 2912 1270 stultitia,
2957 1205 3111 1275 juxta
3161 1209 3300 1277 quod
3337 1217 3392 1263 et
3437 1207 3590 1278 Apo-

1993 1295 2164 1351 stolus
2192 1296 2321 1350 dicit
2348 1314 2360 1348 :
2413 1294 2611 1350 Factus
2658 1314 2772 1351 sum
2817 1299 3087 1368 insipiens,
3125 1315 3209 1352 vos
3239 1315 3320 1352 me
3350 1298 3586 1369 caegistis

1995 1391 2081 1465 (II
2105 1392 2229 1446 Cor.
2255 1394 2374 1463 xu).

2064 1482 2298 1536 Claudus
2335 1484 2568 1552 pedibus,
2616 1493 2664 1537 et
2705 1485 3030 1554 iniquitatem
3075 1485 3270 1549 bibens,
3302 1484 3391 1554 qui
3428 1485 3586 1538 mittit

1995 1573 2146 1627 verba
2190 1589 2282 1644 per
2323 1574 2560 1627 nuntium
2612 1573 2848 1628 stultum.
2879 1573 3064 1628 Potest
3107 1573 3248 1628 forte
3284 1575 3504 1629 evenire
3527 1584 3590 1630 ut

1995 1664 2212 1734 sapiens
2241 1664 2470 1732 quilibet
2507 1663 2730 1718 stultum
2788 1665 2839 1718 in
2889 1664 3211 1732 legationem
3261 1665 3459 1728 mittat,
3493 1681 3589 1720 ne-

1996 1755 2173 1810 sciens
2205 1755 2330 1823 quia
2379 1755 2576 1810 stultus
2608 1764 2711 1817 est.
2762 1770 2862 1810 nec
2917 1764 3096 1812 tamen
3147 1757 3260 1826 ipse
3312 1757 3590 1826 sapientiae

1999 1863 2110 1902 sua:
2138 1847 2363 1918 gloriam
2419 1848 2628 1916 perdat,
2666 1848 2718 1901 in
2765 1861 2831 1901 eo
2877 1849 3020 1916 quod
3050 1850 3116 1903 de
3171 1849 3354 1917 ignoto
3387 1849 3586 1904 bonum

1999 1937 2140 2005 quod
2179 1937 2424 1992 audierat
2463 1937 2712 1992 credidit.
2753 1936 2988 1992 Claudus
3021 1946 3102 1993 est
3147 1939 3374 2008 pedibus
3399 1946 3453 1993 et
3486 1939 3588 1992 ini-

1993 2028 2253 2096 quitatem
2284 2028 2501 2091 bibens,
2523 2027 2649 2097 quia
2681 2035 2735 2081 et
2762 2029 2944 2096 operis
2989 2028 3112 2082 boni
3158 2027 3291 2083 foris
3315 2029 3586 2083 incessum

1995 2118 2196 2181 amisit,
2258 2127 2314 2173 et
2381 2119 2640 2173 interiora
2700 2119 2782 2174 sui
2845 2133 3038 2174 sensus
3087 2121 3284 2175 haustu
3342 2120 3592 2176 stultitiae

1996 2205 2248 2264 inebriat.

2066 2299 2211 2355 Sicut
2233 2302 2320 2372 qui
2351 2303 2509 2354 mittit
2555 2301 2779 2372 lapidem
2819 2303 2873 2356 in
2921 2320 3158 2358 acervum
3201 2304 3474 2370 Mercurii,
3508 2305 3587 2358 ita

1993 2393 2082 2464 qui
2107 2393 2286 2445 tribuit
2330 2393 2592 2462 insipienti
2630 2392 2897 2448 honorem.
2926 2394 3026 2461 Qui
3057 2395 3352 2466 insipienti,
3385 2396 3438 2450 id
3475 2403 3589 2465 est,

1995 2486 2252 2542 haeretico
2279 2487 2536 2541 honorem
2565 2487 2791 2542 docendi
2815 2486 3048 2554 oonfert,
3073 2503 3178 2542 non
3207 2489 3384 2544 minus
3409 2487 3584 2544 delin-

1996 2577 2131 2646 quit,
2157 2592 2315 2646 quam
2357 2577 2450 2647 qui
2478 2578 2607 2633 deos
2637 2593 2701 2632 ac
2731 2577 2952 2634 delubra
2977 2565 3218 2650 gentium
3247 2579 3393 2636 cultu
3421 2594 3587 2635 vene-

1998 2677 2150 2722 ratur
2176 2668 2344 2722 inani.

2069 2757 2343 2825 Quomodo
2359 2759 2584 2828 si_spina
2615 2770 2864 2814 nascatur
2903 2763 2958 2814 in
2988 2777 3148 2815 manu
3186 2761 3473 2828 temulenti,
3508 2763 3587 2816 sic

1997 2847 2248 2919 parabola
2289 2849 2343 2901 in
2375 2865 2462 2902 ore
2501 2847 2802 2902 stultorum.
2852 2849 3014 2919 Spiua
3045 2851 3099 2903 in
3151 2866 3313 2904 manu
3343 2851 3587 2906 nascitur

1999 2937 2296 3000 temulenti,
2328 2952 2450 2992 cum
2481 2938 2535 2991 in
2578 2939 2833 3006 operibus
2859 2939 2976 3008 ejus
3013 2939 3102 3008 qui
3131 2939 3440 2994 carnalibus
3463 2955 3582 2994 ser-

1995 3030 2075 3083 vit
2101 3028 2367 3084 illecebris
2396 3029 2714 3096 punctiones
2767 3029 3018 3083 oriuntur
3067 3029 3356 3092 scelerum,
3387 3029 3582 3097 quibus

2000 3129 2146 3175 recte
2187 3119 2462 3188 parabola,
2496 3133 2657 3188 quam
2705 3118 2902 3173 stultus
2941 3120 3194 3188 proponit
3228 3119 3583 3174 assimilatur.

1999 3212 2135 3278 Quia
2157 3211 2256 3266 etsi
2281 3212 2444 3266 verba
2473 3209 2772 3280 prudentiae
2795 3209 2990 3264 stultus
3009 3211 3192 3265 dicere
3222 3211 3386 3274 novit,
3418 3212 3470 3264 in
3494 3208 3585 3265 his

1920 3278 1964 3337 Ο
2000 3314 2178 3360 tamen
2207 3278 2830 3373 vitiorumipunctiones,
2863 3302 3057 3370 quibus
3083 3301 3164 3356 vel
3207 3302 3464 3372 seipsum,
3496 3301 3584 3359 vel

1996 3396 2300 3466 proximum
2327 3394 2548 3459 laceret,
2575 3393 2748 3448 vitare
2775 3408 2884 3446 non
2929 3392 3118 3457 novit;
3163 3407 3306 3463 ssepe
3343 3409 3578 3463 namque

1997 3487 2185 3540 doctor
2208 3485 2522 3554 imprudens
2556 3484 2609 3537 in
2647 3499 2713 3538 eo
2744 3484 2887 3552 quod
2934 3483 3075 3538 bona
3114 3483 3261 3546 dicit,
3302 3491 3395 3537 aut
3424 3497 3580 3537 suam

1996 3577 2206 3632 occulte
2255 3576 2464 3632 laudem
2514 3577 2582 3631 ab
2631 3574 2943 3631 hominibus
2989 3582 3084 3630 aut
3130 3575 3578 3646 vituperationem

1995 3668 2189 3738 quaerit
2210 3667 2461 3722 aliorum.

2068 3761 2216 3815 Sicut
2263 3762 2412 3814 canis
2451 3762 2540 3830 qui
2583 3761 2855 3814 revertitur
2884 3759 2952 3813 ad
2999 3759 3246 3814 comitum
3285 3773 3457 3820 suum,
3504 3757 3584 3811 sic

1995 3851 2295 3920 imprudens
2314 3851 2404 3920 qui
2447 3853 2598 3904 iterat
2632 3850 2910 3905 stultitiam
2937 3866 3106 3904 suam.
3138 3849 3300 3904 Canis
3338 3864 3460 3903 cum
3481 3864 3576 3902 vo-

1997 3941 2095 3994 mit
2133 3939 2374 4009 profecto
2416 3941 2595 3994 cibum
2645 3942 2736 4010 qui
2768 3949 2956 4010 pectus
3000 3939 3357 4008 deprimebat,
3401 3936 3575 4006 jecit;

1997 4033 2090 4086 sed
2123 4047 2245 4086 cum
2271 4031 2338 4084 ad
2368 4031 2629 4085 vomitum
2666 4033 2955 4086 revertitur
2991 4031 3134 4085 unde
3169 4029 3432 4099 levigatus
3467 4027 3581 4081 fue-

1998 4131 2102 4187 rat,
2129 4137 2316 4176 rursus
2351 4130 2632 4186 oneratur,
2663 4133 2720 4176 et
2761 4121 2854 4192 qui
2896 4121 3094 4174 amissa
3144 4119 3427 4190 plangunt,
3456 4133 3583 4188 pro—

1997 4212 2139 4267 fecto
2169 4213 2464 4282 nequitiam
2491 4213 2557 4268 de
2584 4228 2691 4282 qua
2721 4212 2861 4267 male
2885 4211 3064 4267 satiati
3109 4209 3343 4276 fuerant,
3379 4218 3434 4265 et
3459 4225 3579 4280 qua:

1997 4307 2194 4360 mentis
2244 4307 2458 4359 intima.
2487 4304 2862 4375 deprimebat,
2916 4303 3223 4358 conﬁtendo
3269 4300 3580 4372 projiciunt,

1997 4411 2156 4465 quam
2181 4404 2299 4465 post
2323 4394 2716 4450 confessionem
2739 4395 2864 4449 dum
2896 4401 3156 4464 appetunt
3180 4402 3483 4448 resumuut.

2081 4487 2264 4541 Vidisti
2296 4487 2552 4539 hominem
2571 4487 2854 4555 sapientem
2899 4485 3000 4538 sibi
3023 4485 3208 4549 uideri,
3251 4486 3420 4555 magis
3474 4483 3571 4540 illo

1999 4596 2138 4650 spem
2167 4578 2372 4633 habebit
2422 4579 2692 4646 insipiens.
2730 4577 2842 4632 Hoc
2871 4591 3151 4646 exponens
3175 4576 3436 4632 Dominus
3463 4576 3574 4631 ait:

2003 4674 2068 4728 In
2087 4673 2342 4742 judicium
2379 4688 2473 4741 ego
2497 4671 2551 4724 in
2573 4672 2711 4725 hunc
2740 4669 2994 4724 mundum
3020 4671 3156 4734 veni,
3179 4678 3237 4723 ut
3256 4671 3345 4740 qui
3370 4685 3474 4724 non
3502 4670 3583 4723 vi-

2004 4763 2127 4817 dent
2175 4762 2404 4827 videant,
2432 4771 2481 4816 et
2503 4762 2592 4832 qui
2627 4761 2799 4816 vident
2823 4762 2947 4815 αεεὶ
2973 4760 3107 4830 ﬁant
3139 4759 3324 4832 (Joan.
3355 4758 3453 4828 lx).
3488 4757 3586 4811 Di-

2003 4856 2070 4909 cit
2091 4836 2237 4925 piger
2261 4867 2280 4906 :
2303 4853 2492 4908 Laena
2515 4853 2569 4906 in
2591 4853 2692 4918 via,
2716 4852 2796 4907 leo
2818 4852 2871 4906 in
2884 4851 3179 4906 itineribus.
3213 4848 3366 4904 Sicut
3388 4848 3580 4901 ostium

2003 4949 2220 5001 vertitur
2249 4947 2304 5000 in
2331 4946 2542 4999 cardine
2579 4962 2698 5010 suo,
2752 4944 2828 4998 ita
2853 4945 2998 5014 piger
3030 4944 3088 4996 in
3125 4940 3256 4995 lecto
3281 4954 3397 4992 suo.
3431 4935 3581 4990 Multi

2007 5056 2130 5094 cum
2153 5039 2376 5093 verbum
2399 5035 2792 5091 exhortationis
2812 5032 3035 5086 audiunt
3056 5035 3351 5085 causantur
3378 5025 3445 5080 de
3471 5024 3583 5078 dia-

2007 5132 2128 5188 bolo
2145 5173 2159 5194 ,
2184 5131 2443 5189 dicentes,
2477 5127 2610 5182 velle
2630 5127 2845 5195 quidem
2867 5137 2924 5178 se
2943 5123 3086 5175 viam
3101 5118 3326 5188 justitia:
3369 5116 3582 5187 incipe-

2005 5239 2085 5285 re,
2113 5223 2206 5277 sed
2236 5220 2482 5290 impediri
2511 5235 2542 5273 a
2571 5218 2792 5281 Satana,
2810 5229 2877 5268 ne
2893 5215 3030 5268 hanc
3065 5210 3325 5281 perlicere
3352 5209 3579 5279 possint,

2005 5315 2190 5383 sicque
2232 5309 2536 5381 hujusmodi
2585 5304 2949 5363 excusationis
2994 5299 3336 5357 sermonibus
3367 5315 3581 5370 semper

2005 5410 2058 5463 in
2089 5406 2228 5460 lecto
2255 5403 2338 5457 sui
2378 5401 2612 5470 torporis
2637 5399 2777 5452 sicut
2800 5395 2996 5450 ostium
3025 5394 3076 5447 in
3107 5389 3327 5446 cardine
3364 5399 3584 5446 vertun-

2009 5505 2190 5561 tur,ct
2215 5495 2374 5549 modo
2398 5493 2548 5546 exire
2569 5491 2637 5544 ad
2658 5487 3012 5556 operaudum,
3027 5484 3186 5540 modo
3209 5485 3274 5537 ad
3296 5483 3583 5553 quiescen-

2010 5592 2135 5646 dum
2167 5589 2342 5643 redire
2366 5589 2746 5657 proponentes,
2785 5581 2839 5634 in
2866 5579 2980 5634 suis
3005 5579 3188 5650 jacere
3228 5576 3587 5646 pravitatibus

2011 5694 2284 5749 nunquam
2328 5675 2611 5730 desistunt.

2084 5770 2384 5841 Sapientior
2403 5763 2501 5820 sibi
2552 5763 2696 5833 piger
2730 5755 2934 5817 videtur
2961 5770 3152 5834 septem
3179 5759 3302 5814 uiris
3326 5758 3585 5829 loquenti-

2012 5864 2105 5918 bus
2127 5859 2426 5916 sententias.
2471 5853 2689 5923 Septem
2715 5853 2862 5908 viros
2892 5850 3174 5922 loquentes
3199 5847 3501 5906 sententias
3523 5843 3582 5899 il-
