3962 6198
381 514 473 571 πυτ

1018 509 1081 567 Β.
1127 508 1382 567 MBAN!
1418 508 1641 567 MAURI
1679 508 2007 568 ARCHIEP.
2043 502 2356 567 MOGUNT.
2396 505 2682 566 OPERUM
2718 498 2898 562 PARS
2933 505 3021 561 IIl.

3542 502 3669 560 78$

374 634 453 688 los
506 632 655 697 dicit,
689 630 779 701 qui
804 627 1105 699 septiformi
1129 626 1352 698 spiritus
1392 628 1565 698 gratia
1595 628 1741 698 pleni
1787 629 2035 689 sacraeA
2064 628 2140 684 cit
2213 627 2495 693 illicitum,
2559 636 2619 682 ut
2677 634 2764 681 est
2829 640 2983 680 amor
3042 623 3377 680 adulterinus
3429 625 3525 695 qui
3586 628 3663 680 ob

376 724 670 789 Scriptum:
692 719 843 774 nobis
866 717 1150 773 scientiam
1186 718 1646 781 ministraverunt,
1675 716 1871 787 quibus
1897 730 1957 771 se

375 815 758 883 Sapientiorem
788 811 989 867 stultus
1015 811 1336 876 arbitratur,
1383 812 1513 881 quia
1542 824 1684 882 saepe
1707 810 1951 865 nonnulli

375 905 510 960 adeo
533 913 766 959 mentem
793 903 861 957 ab
886 902 1108 973 agendis
1144 902 1228 957 his
1276 916 1397 971 quae
1423 901 1687 958 Dominus
1707 902 1956 974 praecipit

376 998 700 1067 desipientes
726 1002 997 1059 avertunt,
1052 1003 1112 1048 ut
1141 1009 1208 1048 ne
1232 994 1348 1049 bare
1377 996 1596 1064 quidem
1632 996 1817 1050 omnia
1865 994 1953 1050 vel

376 1104 536 1159 posse
587 1087 656 1141 ab
702 1086 943 1151 homine,
985 1084 1072 1140 vel
1104 1086 1300 1141 debere
1344 1086 1555 1156 impleri
1602 1087 1951 1151 contendant,

372 1186 432 1231 et
496 1177 650 1247 quasi
713 1176 1068 1245 sapientiores
1129 1176 1250 1241 bis,
1327 1176 1418 1245 qui
1490 1176 1673 1232 divina
1738 1176 1954 1246 eloquia

376 1268 731 1337 scripserunt,
788 1282 853 1321 ea
890 1266 1164 1321 hominem
1214 1265 1396 1321 facere
1440 1281 1547 1321 non
1587 1281 1748 1337 posse
1800 1275 1958 1320 autu-

375 1368 561 1426 mant,
608 1374 728 1430 quae
772 1359 846 1413 illi
898 1359 1137 1414 dictante
1182 1356 1387 1428 Spiritu
1438 1366 1627 1413 sancto
1682 1358 1955 1413 hominem

374 1451 555 1509 facere
607 1449 919 1519 jusserunt,
983 1451 1091 1506 imo
1139 1452 1301 1505 etiam
1350 1466 1471 1521 qum
1536 1450 1736 1506 multos
1785 1451 1953 1506 homi-

371 1558 472 1602 nes
507 1544 731 1614 juvante
758 1543 993 1614 Spiritus
1023 1542 1263 1612 ejusdem
1289 1542 1462 1611 gratia
1486 1541 1778 1613 perfecisse
1802 1557 1959 1597 mon-

371 1642 635 1692 stramnt.

442 1720 592 1778 Sicut
611 1723 702 1795 qui
722 1722 1060 1795 apprehendit
1087 1724 1306 1778 auribus
1331 1739 1535 1787 canem,
1574 1740 1652 1778 sic
1692 1725 1784 1795 qui
1809 1733 1960 1778 tran-

369 1813 439 1868 sit
477 1823 527 1867 et
570 1814 843 1884 impatiens
883 1815 1249 1869 commiscetur
1306 1815 1437 1868 rixae
1500 1814 1738 1869 alterius.
1817 1815 1961 1869 Dicit

372 1902 665 1972 Apostolus
700 1921 714 1957 :
751 1901 878 1957 Noli
917 1904 1085 1958 verbis
1107 1905 1439 1970 contendere,
1466 1904 1537 1958 ad
1569 1903 1702 1958 nihil
1725 1914 1798 1958 est
1831 1905 1958 1958 utile

2060 720 2142 777 sui
2216 719 2602 790 turpitudinem
2652 718 2859 773 .merito
2922 717 3257 787 sapientibus
3326 732 3395 773 ne
3455 718 3661 773 redar-

2059 818 2256 883 guatur
2309 810 2676 865 absconditur.
2730 808 2827 863 Cui
2877 808 3002 879 jure
3046 806 3334 864 manifesta
3371 810 3664 880 correptio

2056 901 2367 973 praefertur,
2446 902 2571 973 quia
2616 902 2819 969 absque
2886 898 2992 953 ulla
3048 900 3477 956 contradictione
3531 916 3665 956 me-

2059 995 2163 1050 lius
2193 1003 2278 1050 est
2316 994 2624 1066 quempiam
2652 991 2920 1047 desiderio
2944 991 3252 1062 corrigendi
3280 991 3531 1048 clanculo
3576 993 3665 1048 di-

2060 1086 2245 1159 ligere.

2132 1177 2355 1233 Meliora
2374 1187 2495 1233 sunt
2527 1177 2740 1232 vulnera
2768 1175 3053 1247 diligentis,
3096 1191 3255 1247 quam
3302 1173 3663 1245 fraudulenta

2060 1269 2279 1323 odientis
2326 1270 2525 1324 oscula.
2564 1268 2756 1323 Melius
2799 1275 2884 1321 est
2917 1281 2948 1321 a
2999 1266 3249 1332 Domino,
3299 1266 3390 1335 qui
3434 1280 3541 1319 nos
3598 1273 3663 1319 ut

2060 1358 2200 1415 filios
2244 1368 2403 1429 pater
2443 1360 2662 1415 erudire
2710 1358 2994 1413 consuevit
3036 1357 3262 1413 vulnera
3295 1355 3661 1411 afﬂictionum

2059 1452 2287 1523 perpeti,
2310 1466 2472 1521 quam
2494 1450 2691 1506 diaboli
2716 1449 3105 1505 blandimentis
3132 1448 3327 1517 decipi,
3344 1448 3436 1517 qui
3462 1455 3523 1502 ut
3552 1462 3665 1502 nos

2060 1543 2268 1599 ctelesti
2298 1544 2615 1598 btereditate
2642 1543 2841 1613 privet,
2856 1542 3057 1597 nostris
3085 1541 3271 1597 favere
3295 1541 3433 1596 solet
3455 1542 3665 1595 errati-

2060 1631 2180 1694 bus,
2204 1629 2359 1699 quasi
2390 1628 2508 1683 leve
2528 1630 2599 1684 sit
2620 1628 2841 1695 malum,
2871 1629 3015 1699 quod
3045 1628 3275 1700 agimus,
3299 1638 3354 1682 et
3379 1628 3525 1682 ultra
3544 1643 3665 1682 mo-

2060 1717 2187 1771 dum
2215 1725 2559 1786 peccatorum
2579 1728 2894 1772 nostrorum
2925 1718 3153 1773 saeviens
3176 1716 3457 1772 tribulatio
3486 1732 3659 1787 quam

2061 1809 2290 1864 Domino
2320 1809 2665 1881 dispensante
2695 1810 3009 1865 toleramus.

2129 1899 2321 1953 Anima
2346 1908 2587 1953 saturata
2616 1899 2842 1954 calcabit
2866 1900 3064 1970 favum,
3107 1908 3156 1955 et
3205 1901 3387 1955 anima
3411 1902 3660 1957 esuriens

370 1995 475 2049 nisi
512 1994 580 2047 ad
621 1994 1004 2048 subversionem
1029 1996 1359 2049 audientium
1411 1993 1499 2065 (ll
1547 1994 1684 2049 Tim.
1707 1996 1789 2067 ιι).
1822 1993 2213 2062 Qui-Betiam
2277 2006 2516 2045 amarum
2568 2007 2663 2061 pro
2710 1990 2861 2044 dulce
2916 2000 3105 2045 sumet.
3169 1991 3363 2046 Anima
3420 1992 3662 2048 divitum

374 2099 589 2154 cunque
654 2099 785 2156 ergo
831 2084 1059 2155 simplex
1105 2095 1189 2141 est
1245 2100 1407 2140 sensu
1459 2093 1515 2140 et
1559 2085 1769 2141 duobus
1813 2086 1958 2140 inter

374 2189 437 2231 se
478 2175 822 2245 iurgantibus
867 2176 1108 2231 mordaci
1157 2188 1407 2230 sermone
1453 2183 1614 2245 capta
1665 2174 1826 2230 fuerit
1861 2190 1960 2228 au-

374 2265 544 2322 ricula
573 2266 710 2338 ejus,
750 2268 860 2322 cito
912 2267 1103 2338 incipit
1134 2276 1190 2323 et
1214 2268 1327 2337 ipse
1376 2268 1532 2337 quasi
1581 2268 1732 2323 canis
1756 2268 1961 2322 latrare

374 2368 431 2414 et
446 2358 823 2415 contentiones
843 2373 1125 2428 generare,
1162 2359 1256 2414 sed
1281 2358 1386 2414 boc
1408 2359 1625 2429 sapiens
1647 2360 1957 2415 omnimodo

372 2450 529 2506 vitat.

456 2538 621 2595 Verba
655 2541 960 2596 susurronis
1013 2542 1167 2612 quasi
1208 2540 1489 2613 simplicia,
1542 2552 1592 2597 et
1625 2544 1739 2614 ipsa
1779 2560 1958 2615 perce-

376 2631 528 2686 niunt
589 2632 658 2686 ad
710 2633 969 2687 interiora
1009 2634 1226 2687 uentris.
1279 2631 1644 2692 Susurronem
1714 2634 1958 2691 incento-

373 2739 489 2779 rem
528 2723 639 2779 litis
687 2733 742 2780 et
806 2724 1099 2795 bilinguem
1154 2725 1411 2796 appellat,
1452 2726 1544 2795 qui
1596 2725 1814 2780 simulat
1839 2727 1960 2780 lau-

372 2815 497 2870 dem
535 2817 846 2885 verborum,
878 2826 934 2873 et
974 2818 1170 2888 quaerit
1206 2817 1417 2884 audire,
1466 2817 1610 2872 unde
1658 2818 1836 2889 jurgia
1871 2833 1957 2874 se-

372 2907 559 2964 minet.

925 3000 1154 3058 CAPUT
1191 3001 1403 3058 XXVII.

444 3085 531 3143 Ne
561 3089 801 3160 glorieris
823 3092 877 3146 in
909 3093 1218 3159 crastinum,
1244 3093 1492 3163 ignorans
1519 3094 1644 3165 quid
1672 3110 1955 3163 superven-

373 3189 495 3239 κτα
522 3185 693 3256 pariat
717 3186 848 3238 dies.
878 3183 954 3238 Ne
977 3200 1202 3240 securus
1243 3186 1320 3241 sis
1349 3186 1639 3255 aliquando
1673 3187 1742 3241 de
1768 3185 1954 3242 futuro

375 3289 636 3347 tempore,
655 3277 779 3346 quia
808 3276 909 3330 etsi
931 3276 1093 3330 hodie
1115 3284 1168 3330 te
1186 3277 1413 3331 Domino
1437 3278 1642 3332 servire
1658 3278 1951 3348 conspicis,

2062 2084 2151 2154 qui
2193 2083 2394 2138 habent
2435 2083 2860 2138 consolationem
2905 2098 3060 2137 suam
3101 2091 3156 2137 et
3204 2083 3401 2152 quibus
3446 2084 3662 2139 dicitur

2060 2191 2092 2229 a
2122 2170 2350 2229 Domino
2380 2190 2393 2226 :
2432 2172 2525 2227 Va:
2552 2174 2693 2227 vobis
2714 2175 2802 2244 qui
2832 2175 3057 2228 saturali
3078 2177 3223 2239 estis,
3252 2176 3377 2245 quia
3406 2176 3663 2231 esurietis

2062 2264 2212 2338 (Luc.
2269 2263 2365 2337 vn),
2414 2264 2624 2334 spernit
2657 2265 2897 2319 auditam
2927 2264 3170 2319 cmlcstis
3196 2266 3349 2337 regni
3397 2266 3658 2321 dulcedi-

2061 2372 2220 2423 nem;
2250 2357 2431 2413 auima
2462 2364 2644 2411 autem
2672 2371 2881 2421 eorum,
2931 2358 3024 2427 qui
3067 2359 3316 2412 esuriant
3371 2370 3426 2413 et
3458 2359 3660 2413 sitiunt

2054 2449 2341 2521 justitiam,
2383 2449 2549 2505 etiam
2603 2450 2829 2505 adversa
2877 2450 3057 2505 saeculi
3115 2466 3213 2521 pro
3260 2434 3489 2507 Domino
3545 2454 3660 2508 imo

2062 2540 2231 2611 ipsam
2260 2549 2489 2595 mortem
2516 2540 2723 2610 perpeti
2746 2539 2903 2595 dulce
2927 2540 3111 2607 habet,
3142 2542 3323 2596 sciens
3345 2558 3407 2598 se
3434 2558 3533 2611 per
3557 2558 3661 2613 po-

2061 2633 2240 2688 culum
2276 2632 2651 2688 amaritudinis
2676 2632 2745 2687 ad
2774 2632 2970 2703 gaudia
2992 2642 3268 2703 perpetua:
3307 2635 3505 2690 salutis
3528 2651 3657 2691 esse

2059 2731 2223 2778 ventu
2232 2737 2365 2778 ram.

2131 2812 2283 2868 Sicut
2308 2813 2418 2867 avis
2443 2814 2827 2883 transmigrans
2855 2813 2919 2868 de
2941 2814 3064 2869 nido
3086 2831 3205 2881 suo,
3230 2817 3306 2870 sic
3348 2817 3427 2871 vir
3452 2819 3547 2888 qui
3571 2834 3658 2872 re-

2059 2901 2247 2975 linquit
2290 2903 2461 2958 locum
2508 2920 2682 2958 suum.
2734 2902 2887 2960 Sicut
2930 2906 3047 2960 avis
3087 2921 3208 2975 quae
3248 2907 3434 2961 nidum
3485 2923 3652 2964 suum

2059 2994 2302 3066 negligtt,
2327 3009 2429 3050 ova
2467 2995 2580 3051 sive
2611 2994 2786 3065 pullos
2804 3011 2942 3067 quos
2961 2995 3171 3051 foverat
3203 2996 3432 3052 aliarum
3462 2999 3649 3055 avium

2059 3086 2146 3142 vel
2191 3087 2547 3143 animantium
2583 3088 2764 3157 raptui
2798 3088 3043 3154 dimittit,
3100 3089 3181 3144 sic
3222 3089 3482 3145 nimirum
3531 3091 3649 3157 ille,

2060 3181 2153 3251 qui
2181 3181 2482 3236 custodiam
2505 3182 2766 3236 virtutum
2788 3182 2841 3237 in
2866 3182 3060 3252 quibus
3080 3183 3400 3253 proficiebat
3417 3185 3649 3251 deserit,

2061 3277 2370 3333 earumdem
2402 3277 2666 3332 virtutum
2692 3292 2829 3348 quas
2859 3277 3062 3333 habere
3090 3279 3373 3334 videbatur
3400 3279 3644 3336 immun-

376 3367 552 3437 qualis
565 3380 686 3422 esse
722 3367 773 3419 in
799 3364 1037 3419 futurum
1065 3366 1263 3434 possis,
1295 3365 1569 3434 quomodo
1598 3366 1767 3421 vitam
1797 3365 1955 3423 finire
1983 3363 2028 3425 C
2062 3368 2144 3425 dis
2171 3367 2449 3438 spiritibus
2484 3369 2598 3439 ipse
2625 3369 2870 3439 proditor
2893 3369 3095 3431 existit,
3129 3371 3271 3426 unde
3311 3371 3448 3427 alias
3472 3372 3645 3428 dicit:

373 3469 596 3522 prorsus
622 3456 920 3527 praevidere
954 3470 1061 3510 non
1080 3456 1246 3511 vales.
1281 3455 1480 3512 Beatus
1505 3456 1651 3512 enim
1673 3458 1835 3514 homo
1861 3460 1955 3530 qui

371 3560 587 3617 semper
617 3556 702 3603 est
738 3548 985 3617 pavidus.

444 3635 611 3693 Graue
638 3648 714 3692 est
764 3645 974 3705 saxum,
1015 3645 1064 3693 et
1102 3654 1325 3694 onerosa
1354 3655 1536 3705 arena,
1581 3640 1671 3695 sed
1696 3641 1779 3696 ira
1807 3642 1957 3697 stulti

374 3738 592 3801 utroque
639 3730 869 3801 gravior.
918 3730 1094 3788 Grave
1131 3732 1349 3802 quidem
1403 3731 1537 3788 satis
1569 3740 1654 3787 est
1687 3748 1960 3807 quemque

377 3819 458 3875 vel
487 3835 594 3875 uno
637 3820 818 3889 aliquo
844 3821 1074 3877 crimine
1102 3822 1319 3892 capitali
1364 3823 1517 3893 quasi
1548 3822 1794 3893 pondere
1838 3814 1957 3873 saxi

373 3917 617 3986 reprimi,
645 3918 727 3973 vel
763 3918 921 3987 quasi
956 3919 1140 3990 granis
1162 3933 1342 3975 arente
1394 3920 1694 3975 innumeris
1721 3918 1959 3989 peccatis

376 4006 664 4065 lcvioribus
687 4009 937 4075 onerari,
965 4010 1061 4064 sed
1084 4017 1316 4080 utroque
1342 4009 1560 4081 gravior
1584 4010 1663 4065 ira
1675 4018 1759 4065 est
1780 4008 1955 4075 stulti,

376 4096 497 4160 quia
523 4097 777 4151 nimirum
803 4099 917 4153 haec
944 4112 1050 4167 quo
1077 4099 1280 4154 certius
1318 4114 1477 4169 quam
1504 4099 1616 4154 sint
1636 4100 1775 4153 mala
1804 4108 1960 4171 pate-

374 4193 549 4252 scunt,
592 4202 661 4243 eo
704 4187 884 4244 acrius
934 4188 1174 4244 animum
1208 4198 1270 4244 ut
1313 4189 1647 4260 castigentur
1699 4205 1958 4259 compun—

379 4287 521 4343 sunt,
574 4278 653 4333 ira
694 4293 825 4336 vero
864 4280 990 4350 quia
1047 4296 1155 4335 non
1213 4280 1513 4351 corporale,
1573 4282 1666 4337 sed
1711 4282 1957 4352 spiritale

373 4374 458 4423 est
504 4369 716 4435 vitium,
754 4384 862 4439 quo
895 4370 1076 4425 minus
1108 4371 1555 4442 deprehenditur,
1615 4387 1683 4428 eo
1724 4374 1955 4443 amplius

378 4467 586 4526 gravat,
642 4461 783 4515 unde
822 4476 933 4515 non
985 4462 1230 4517 absolute
1277 4463 1434 4529 iram,
1492 4464 1585 4519 sed
1631 4464 1768 4519 iram
1805 4465 1954 4519 stulti

375 4548 505 4602 dicit
532 4588 547 4612 ,
600 4562 732 4604 saxo
790 4559 849 4605 et
901 4565 1066 4605 arena
1108 4553 1453 4623 graviorem,
1508 4570 1631 4608 nam
1683 4554 1957 4625 sapientes

376 4640 650 4708 quomodo
712 4651 867 4696 actus
919 4657 1047 4697 suos
1109 4658 1174 4697 ac
1226 4659 1514 4699 sermones
1539 4686 1554 4710 ,
1621 4647 1694 4700 ita
1753 4648 1953 4702 mentis

2061 3456 2121 3515 Si
2143 3458 2357 3529 spiritus
2382 3468 2689 3529 potestatem
2715 3460 2955 3514 habentis
2979 3461 3269 3516 ascenderit
3294 3479 3452 3533 super
3471 3472 3546 3529 te,
3563 3462 3648 3519 la-

2060 3565 2177 3603 cum
2214 3558 2361 3603 tuum
2391 3566 2453 3603 ne
2481 3549 2765 3615 dimiseris,
2792 3550 2937 3619 quod
2966 3558 3052 3605 est
3090 3559 3276 3621 aperte
3322 3553 3510 3608 dicere
3538 3570 3555 3607 :
3583 3550 3648 3611 Si

2059 3640 2320 3712 principis
2350 3640 2553 3704 mundi,
2582 3642 2636 3696 id
2660 3649 2745 3696 est
2762 3641 2982 3706 diaboli,
3006 3643 3234 3698 tentatio
3266 3643 3364 3698 tibi
3387 3642 3529 3700 forte
3560 3644 3648 3701 in-

2061 3731 2279 3796 stiterit,
2303 3740 2493 3786 caveto
2517 3731 2780 3787 sollicitus
2804 3746 2873 3787 ne
2901 3748 2933 3786 a
2958 3733 3099 3789 bona
3112 3734 3427 3804 operatione
3448 3736 3538 3790 cui
3562 3735 3643 3789 in-

2061 3826 2295 3882 sudabas
2322 3825 2577 3891 desistas.

2132 3917 2322 3973 Melior
2334 3926 2410 3972 est
2436 3919 2633 3989 vicinus
2649 3917 3019 3989 juxta:un
3038 3919 3204 3988 frater
3226 3920 3430 3989 paocul.
3457 3919 3647 3975 Melior

2065 4008 2156 4064 tibi
2210 4017 2295 4065 est
2338 3984 2550 4065 vicinius
2577 3984 2790 4079 aliquis,
2850 3984 2945 4080 qui
2985 3984 3084 4065 tibi
3121 3984 3365 4066 animum
3394 4010 3643 4067 fraterna

2061 4102 2320 4156 societate
2342 4102 2636 4167 connectit,
2658 4117 2819 4172 quam
2849 4116 3139 4174 germanus
3162 4100 3353 4167 frater,
3404 4104 3498 4173 qui
3520 4102 3648 4171 jura

2060 4190 2184 4247 ﬁdei
2226 4200 2282 4246 et
2332 4192 2551 4262 pietatis
2598 4193 2907 4248 communia
2966 4201 3145 4250 tecum
3202 4194 3406 4249 habere
3462 4193 3645 4265 negle-

2059 4281 2178 4336 xit:
2213 4282 2355 4352 quod
2404 4282 2665 4338 Dominus
2716 4283 2769 4338 in
2814 4283 3073 4353 parabola
3102 4284 3368 4338 vulnerati
3413 4298 3444 4337 a
3478 4282 3649 4339 latro-

2060 4372 2221 4429 nibus
2272 4373 2389 4443 ejus
2416 4374 2511 4442 qui
2558 4374 2918 4430 descendebat
2965 4373 3035 4429 ab
3090 4373 3429 4429 Hierusalem
3468 4374 3524 4428 in
3553 4372 3647 4430 Je-

2062 4464 2236 4530 ricbo,
2266 4472 2321 4519 et
2343 4463 2671 4520 Samaritani
2695 4466 2786 4535 qui
2823 4480 3008 4520 curam
3035 4465 3145 4534 egit
3181 4464 3327 4519 illius
3354 4464 3647 4521 manifeste

2058 4558 2325 4628 probavit.
3648 4538 3659 4643 ζ

2133 4644 2237 4712 Qui
2266 4646 2520 4701 benedicit
2565 4646 2803 4715 proximo
2832 4663 2953 4711 suo,
2998 4663 3116 4701 voce
3149 4645 3341 4717 grandi
3373 4646 3442 4701 de
3497 4656 3644 4701 nocte

377 4742 594 4799 quoque
630 4738 811 4787 motus
856 4732 1086 4788 solerter
1124 4735 1437 4790 examinare
1466 4743 1522 4790 et
1554 4737 1821 4808 castigare
1845 4746 1958 4793 sat-
1985 4711 2036 4772 Β
2060 4752 2375 4809 consurgens
2419 4711 2751 4795 maledicenti
2788 4738 2976 4792 similis
3005 4747 3102 4793 est.
3128 4711 3273 4793 iloce
3305 4738 3496 4807 grandi
3518 4753 3643 4808 pro-

373 4829 559 4894 agunt.

440 4913 535 4968 Ira
574 4931 679 4969 non
709 4915 862 4971 liabet
896 4917 1337 4983 misericordiam,
1370 4934 1463 4972 nec
1497 4934 1770 4989 erumpens
1806 4920 1959 4990 furor

367 5013 417 5061 et
441 5006 689 5076 impetum
721 5008 968 5061 concitati
994 5007 1132 5078 ferre
1165 5007 1282 5079 quis
1310 5009 1538 5080 poterit?
1566 5008 1682 5064 Non
1711 5010 1779 5064 de
1804 5011 1952 5065 omni

369 5095 454 5153 ira
478 5097 628 5152 dicit.
666 5096 802 5152 Nam
851 5098 919 5152 de
944 5098 1234 5154 mitissimo
1269 5114 1333 5155 ac
1383 5100 1630 5155 modesto
1678 5100 1797 5155 viro
1822 5102 1956 5156 serio

367 5194 522 5261 ptum
548 5199 650 5253 est,
678 5189 805 5261 quia
831 5190 955 5245 exiit
976 5207 1010 5244 a
1038 5188 1320 5246 Pharaone
1358 5193 1528 5245 iratus
1558 5193 1716 5246 nimis
1753 5192 1950 5265 (Exod.

370 5278 472 5350 an),
512 5280 608 5335 sed
630 5280 711 5334 ira
757 5280 929 5348 stulti,
974 5281 1132 5353 cujus
1171 5281 1226 5336 in
1254 5281 1437 5351 priore
1463 5282 1734 5338 versiculo
1762 5284 1955 5338 memi-

368 5382 543 5437 nerat,
590 5387 714 5441 quae
756 5372 849 5428 ubi
887 5372 1242 5428 excanduerit
1287 5387 1411 5429 mox
1467 5374 1677 5430 viscera
1727 5373 1954 5443 pietatis

370 5464 571 5518 amittit
607 5472 662 5517 et
682 5462 855 5519 furori
870 5474 1079 5519 tantum
1107 5480 1206 5521 suo
1234 5467 1384 5522 novit
1406 5466 1561 5522 frena
1580 5467 1786 5521 laxare.
1811 5466 1957 5521 Alio-

374 5554 503 5621 quin
534 5554 602 5609 (ιε
627 5552 745 5609 utili
770 5571 835 5610 ac
863 5558 1171 5612 necessaria
1192 5558 1271 5613 ira
1302 5554 1506 5613 dictum
1534 5565 1639 5623 est,
1654 5557 1849 5613 melior
1868 5567 1954 5613 est

369 5642 453 5696 ira
481 5644 618 5709 risu,
645 5646 769 5714 quia
796 5660 898 5716 per
922 5646 1196 5701 tristitiam
1224 5648 1405 5705 vultus
1424 5649 1721 5718 corrigitur
1740 5649 1956 5705 animus

372 5737 753 5808 delinquentis.
1111 5810 1121 5820 .

441 5829 634 5884 Melior
660 5841 733 5884 est
752 5828 1039 5903 manifesta
1068 5835 1324 5906 correptio
1355 5852 1514 5907 quam
1554 5853 1706 5892 amor
1744 5838 1959 5893 abscon-

370 5922 531 5980 ditus.
581 5917 838 5977 Amorem
865 5923 1240 5980 absconditum
1284 5925 1388 5983 hoc
1432 5925 1555 5983 loco
1583 5940 1822 5984 amorem
1845 5930 1957 6003 _di-

2060 4831 2210 4887 xime
2231 4830 2525 4895 benedicit,
2547 4830 2637 4899 qui
2669 4845 2794 4884 cum
2823 4829 3009 4883 favore
3029 4826 3315 4899 superﬂue
3345 4828 3521 4884 laudis
3543 4844 3640 4884 ex-

2061 4921 2220 4985 tollit,
2258 4921 2342 4976 vel
2373 4921 2532 4976 malis
2565 4919 2815 4976 videlicet
2854 4920 3066 4975 actibus
3099 4920 3216 4990 ejus
3246 4928 3441 4975 contra
3480 4918 3643 4988 justi-

2059 5016 2190 5070 tiam
2219 5012 2465 5075 favendo.
2503 5012 2589 5068 vel
2614 5014 2755 5068 bona
2804 5011 2925 5082 plus
2939 5013 3089 5083 justo
3106 5011 3403 5077 laudando,
3434 5012 3531 5067 sed
3555 5012 3642 5066 hic

2058 5106 2401 5161 maledicenti
2430 5105 2782 5171 assimilatur,
2812 5105 2938 5175 quia
2989 5104 3284 5175 plurimum
3310 5103 3463 5159 laedit
3491 5120 3637 5167 eum,

2058 5199 2144 5252 cui
2172 5196 2442 5252 laudando
2462 5197 2577 5252 sive
2605 5197 2660 5250 in
2708 5195 2849 5251 mala
2893 5195 3105 5250 actione
3130 5195 3522 5250 confidentiam
3549 5195 3642 5248 tri-

2057 5287 2196 5351 buit,
2241 5301 2336 5341 seu
2370 5285 2422 5339 in
2452 5300 2615 5356 opere
2650 5291 2799 5339 recto
2839 5283 3240 5354 simplicitatem
3281 5283 3405 5354 puri
3460 5282 3640 5338 cordis

2056 5377 2273 5441 minuit,
2304 5384 2365 5430 ut
2392 5375 2644 5430 videlicet
2680 5374 2879 5430 bonum
2906 5373 3050 5444 quod
3075 5388 3327 5444 supernae.
3368 5371 3645 5427 mercedis

2056 5468 2252 5522 intuitu
2304 5468 2588 5523 inchoaret
2642 5466 2971 5522 transitoria:
3036 5465 3212 5520 laudis
3268 5480 3456 5520 amore
3507 5479 3640 5519 con—

2056 5566 2306 5615 summet.

2127 5651 2352 5706 Ferrum
2378 5652 2518 5723 ferro
2540 5650 2769 5717 acuitur,
2790 5660 2838 5705 et
2850 5650 3006 5704 Itonia
3030 5659 3249 5704 exacuet
3270 5648 3461 5718 faciem
3485 5643 3643 5699 altrici

2056 5745 2160 5801 sui.
2187 5743 2336 5800 Satis
2377 5744 2517 5799 bona
2550 5750 2637 5799 est
2670 5741 2968 5800 consolatio
2996 5750 3051 5796 et
3094 5740 3382 5796 consilium
3422 5738 3639 5808 sapiet)-

2058 5845 2192 5901 tum,
2224 5836 2315 5905 qui
2342 5835 2541 5905 ubique
2588 5849 2646 5890 se
2685 5834 2915 5889 invicem
2965 5832 3297 5889 consulendo
3339 5832 3641 5893 instruunt,

2059 5926 2286 5982 Ferrum
2334 5928 2474 5997 ferro
2504 5928 2735 5983 acuitur.
2787 5925 3036 5982 lni‘crnus
3063 5933 3119 5980 et
3147 5923 3384 5995 perditio
3410 5937 3519 5978 non
3550 5930 3638 5979 re-
