3962 6198
329 254 432 313 769

1078 249 1451 307 EXPOSlTlO
1488 247 1555 304 ΙΝ
1595 248 1990 305 PROVERBIA
2032 248 2443 307 SALOMONIS.
2485 284 2550 294 —-
2590 253 2719 309 LIB.
2759 254 2846 309 ill.

3494 264 3600 321 ’ΠΟ

323 372 638 444 plcbuntnr,
685 366 936 423 similiter
963 372 1021 420 et
1046 363 1189 420 oculi
1218 364 1498 418 hominum
1524 361 1893 429 insatiabiles;
1926 365 1979 424 Α
2003 361 2135 417 locis
2153 361 2401 417 excelsis.
2428 360 2761 433 Sequestrati
2790 372 2914 418 sunt
2934 366 3058 435 agni
3077 367 3144 422 ad
3170 367 3468 440 dexteram,
3485 374 3596 432 iue-

324 458 523 517 inferni
562 464 836 513 tormenta
887 470 995 509 non
1038 453 1393 523 replebantur
1439 452 1731 508 terminum
1769 454 1909 510 acci-

321 552 538 625 piendo,
575 550 828 607 similiter
848 556 904 604 et
923 547 1256 602 intentiones
1276 560 1396 615 qnte
1415 546 1651 601 humana
1669 545 1905 616 rapiunt,

322 642 659 700 insatiabiles
702 650 829 697 sunt
857 640 914 695 in
958 639 1233 695 desiderio
1270 637 1667 708 peccandi,qni
1710 638 1907 693 etidco

319 735 437 789 sine
493 733 599 786 ﬁne
642 745 836 801 pcenas
880 729 1055 794 luunt,
1079 728 1206 798 quia
1234 728 1568 784 voluntatem
1600 728 1908 785 habuerunt

317 826 436 883 sine
457 822 565 877 ﬁne
591 821 874 891 peccandi,
906 820 953 874 si
984 826 1235 874 naturam
1263 819 1527 873 baberent
1551 819 1668 873 sine
1696 818 1800 873 line
1823 820 1906 873 vi-

313 914 496 971 vendi.
544 912 836 983 Diligenter
864 925 1086 980 agnosce
1140 908 1342 963 vultum
1363 909 1563 979 pecoris
1586 909 1661 963 tui
1688 919 1906 981 tuosque

313 1021 495 1078 greges
540 1003 838 1060 considera.

385 1098 513 1153 Non
539 1098 680 1152 enim
717 1094 930 1150 habebis
968 1092 1170 1165 jugiter
1219 1102 1547 1164 potestatem,
1591 1093 1683 1147 sed
1707 1111 1901 1150 corona

312 1192 575 1246 tribuetur
600 1191 657 1244 in
691 1187 1025 1261 generatione
1058 1187 1475 1257 generationum.
1508 1185 1722 1241 Pastori
1768 1188 1902 1243 dici-

310 1292 402 1337 tur
438 1280 711 1336 Ecclesiaa.
752 1279 1056 1350 Diligenter
1086 1275 1287 1333 adhibe
1337 1292 1524 1332 curam
1571 1278 1653 1332 eis
1705 1279 1903 1347 quibus

311 1379 366 1426 te
412 1384 647 1441 praeesse
695 1369 1005 1441 contigerit,
1068 1381 1305 1440 agnosce
1372 1369 1583 1423 animos
1639 1378 1898 1440 aeuisque

309 1463 674 1535 singulorum,
739 1471 794 1518 et
854 1464 899 1518 si
946 1463 1079 1533 quid
1134 1463 1190 1517 in
1257 1464 1338 1519 eis
1393 1463 1516 1518 vitii
1567 1465 1899 1521 sordidantis

310 1556 600 1618 inveneris,
640 1556 804 1611 citius
843 1556 1114 1627 castigare
1152 1565 1449 1620 memento,
1502 1572 1609 1612 non
1652 1557 1795 1612 enim
1838 1568 1896 1614 tu

2012 455 2064 510 di
2096 454 2164 510 ad
2209 455 2507 519 sinistram,
2535 455 2659 525 agni
2710 456 2790 510 ad.
2830 457 3208 513 vestimentum
3254 463 3416 532 regis,
3467 467 3590 535 quia

2012 544 2128 615 ipse
2182 546 2319 600 dixit
2348 562 2361 598 :
2390 543 2704 599 Inhabitabo
2752 546 2809 599 iu
2863 547 2938 601 eis
2996 548 3083 618 (ΙΙ
3139 547 3262 603 Cor.
3306 554 3404 621 vn),
3448 556 3588 613 medi

2009 651 2107 705 pro
2135 638 2308 713 pretio
2333 647 2665 704 sanctorum,
2685 655 2821 708 quos
2845 652 3129 709 noverunt,
3153 645 3366 715 ignibus
3390 664 3593 706 venum

2010 728 2221 782 dantur.
2696 732 2703 745 ’

2565 820 2793 878 CAPUT
2828 821 3061 878 XXVIII.

2082 907 2240 979 Fugit
2281 910 2473 980 impius
2521 913 2726 967 nemine
2763 927 3119 984 persequente.
3162 916 3263 984 Qui
3289 933 3397 974 non
3425 922 3591 976 estin

2008 1000 2112 1055 ﬁde
2145 1000 2321 1065 fortis,
2371 1005 2581 1060 etiamsi
2619 1005 2795 1060 nullus
2818 1018 3136 1075 persecutor
3176 1010 3412 1078 insistat,
3456 1029 3593 1069 nun-

2004 1106 2165 1161 quam
2202 1090 2505 1163 [Redumtat
2554 1111 2857 1165 nunquam,
2909 1097 2990 1151 vel
3026 1099 3302 1169 tegendum
3338 1118 3583 1158 nonnun-

2003 1181 2189 1254 quam]
2216 1193 2413 1253 sponte
2450 1184 2608 1239 ﬁdem
2650 1187 2869 1252 deserit,
2900 1188 3117 1258 quando
3144 1189 3225 1245 vel
3264 1190 3583 1263 latrociniis,

2002 1270 2085 1326 vel
2145 1271 2436 1343 perjuriis,
2493 1275 2577 1328 vel
2629 1274 3111 1343 fornicationibus,
3168 1279 3254 1333 vel
3305 1281 3581 1339 veneficiis

2001 1361 2230 1431 aliisque
2269 1363 2575 1433 huiusmodi
2602 1366 2902 1422 sceleribus
2930 1383 2989 1423 se
3033 1369 3085 1422 in
3111 1370 3316 1425 inﬁdeli
3352 1372 3585 1427 similem

2000 1452 2197 1514 reddit.

2069 1542 2257 1598 Justus
2299 1554 2473 1603 autem
2509 1547 2661 1616 quasi
2706 1545 2785 1600 leo
2831 1546 3097 1615 conﬁdens
3149 1548 3342 1619 absque
3389 1559 3587 1606 terrore

310 1663 524 1718 semper
577 1662 713 1703 oves
741 1646 1048 1702 Βοωξιιίαιε
1078 1648 1339 1718 pascendi
1363 1657 1687 1718 ροιρειαιθιη
1727 1651 1892 1707 habe.
1920 1713 1957 1718 _
1997 1637 2115 1693 erit.
2160 1637 2219 1695 In
2258 1654 2542 1695 occursum
2594 1640 2891 1698 bestiarum
2933 1642 3140 1697 idcirco
3181 1642 3267 1697 leo
3314 1659 3422 1698 non
3479 1653 3583 1699 tre-

306 1739 409 1804 bis,
429 1713 442 1718 ⁷
469 1741 567 1795 sed
622 1747 825 1794 ωιεινηει
877 1748 961 1794 εει
1016 1713 1242 1805 οοὶιοητι,
1294 1713 1465 1810 εἰη-λη)
1507 1745 1794 1815 percipies,
1843 1747 1889 1801 si
1919 1713 1966 1772 Β
1995 1727 2166 1798 pidat,
2195 1730 2320 1797 quia
2348 1731 2639 1800 praevalere
2663 1746 2722 1787 se
2757 1731 3010 1787 omnibus
3046 1747 3152 1787 non
3183 1732 3414 1803 ignorat,
3441 1736 3587 1791 unde

307 1831 659 1889 conlatissum
685 1831 782 1885 tibi
808 1831 1037 1901 gradum
1060 1838 1154 1887 tuo
1179 1839 1422 1902 tempore
1450 1833 1589 1891 bene
1616 1837 1894 1893 ministra-

306 1937 466 1978 VBI‘IS.
1322 1936 1325 1941 ’

372 2009 565 2080 Aperta
593 2019 713 2065 sunt
759 2018 913 2080 prata
937 2020 985 2064 et
1008 2024 1364 2081 apparuerunt
1420 2014 1591 2068 herba:
1638 2016 1886 2083 virentes,

304 2110 348 2155 et
371 2100 587 2155 collecta
613 2110 736 2155 sunt
771 2101 895 2170 [eno
915 2102 980 2155 de
1008 2104 1290 2157 montibus.
1323 2104 1523 2175 Aperta
1570 2116 1697 2161 sunt
1732 2111 1890 2165 modo

304 2206 501 2261 pascua
537 2200 1003 2247 sacramentorum
1030 2177 1355 2261 cmlestium,
1405 2211 1528 2265 quae
1557 2197 1647 2252 diu
1673 2198 1890 2256 fuerant

303 2283 443 2354 typis
470 2283 733 2352 praeclusa
758 2285 1037 2355 legalibus,
1071 2289 1324 2357 apparuit
1346 2304 1519 2346 novus
1542 2291 1692 2347 viror
1707 2292 1887 2348 Evan-

301 2374 485 2447 gelica":
511 2375 758 2430 veritatis
782 2384 837 2430 et
860 2378 1073 2446 gratim,
1104 2377 1330 2433 collecta
1360 2389 1493 2435 sunt
1540 2381 1594 2435 in
1631 2383 1884 2451 palantum

300 2465 481 2536 gregis
496 2464 762 2521 Dominici
786 2467 989 2538 scripta
1013 2467 1236 2523 Patrum
1263 2477 1525 2526 veterum.
1550 2472 1743 2528 Abla-ta
1761 2475 1887 2544 qui-

301 2556 423 2610 dem
445 2553 647 2611 Judteis
674 2557 1134 2625 superbientibus,
1159 2559 1296 2616 falce
1317 2561 1510 2616 divinae
1541 2564 1893 2621 animadver-

298 2649 469 2704 sionis
494 2656 553 2703 et
579 2648 874 2704 humilibus
893 2649 1147 2705 Ecclesia:
1167 2652 1379 2722 populis
1396 2654 1463 2707 ad
1487 2655 1732 2724 spiritale
1757 2658 1884 2713 sub-

297 2743 498 2798 sidiam
553 2744 702 2798 data.
732 2743 892 2799 Juxta
915 2746 1057 2814 quod
1083 2745 1340 2801 Dominus
1372 2747 1502 2813 illis,
1554 2749 1827 2819 auferetur
1852 2768 1886 2805 α

294 2833 460 2898 nobis,
493 2833 687 2903 inquit,
736 2851 949 2904 regnum
973 2833 1092 2899 Dei,
1136 2845 1185 2889 et
1238 2835 1451 2890 dabitur
1500 2839 1641 2909 genti
1670 2838 1887 2908 facienti

297 2923 502 2993 [ructus
536 2924 651 2994 ejus
682 2922 899 2995 (Matth.
941 2926 1082 2997 nt).

364 3014 503 3084 Agni
531 3013 601 3069 ad
628 3014 991 3068 vestimentum
1030 3025 1199 3080 tuum,
1235 3025 1286 3069 et
1312 3016 1455 3072 hwdi
1498 3017 1570 3070 ad
1617 3018 1733 3088 agri
1759 3035 1879 3089 pre-

1987 1817 2119 1886 justi
2131 1816 2230 1871 viri
2253 1818 2427 1873 securi
2436 1829 2517 1873 tas
2538 1818 2677 1875 leoni
2701 1827 2847 1874 recte
2868 1828 3232 1889 comparatur,
3250 1820 3375 1889 quia
3390 1831 3581 1878 contra

1991 1920 2053 1961 se
2080 1920 2203 1959 cum
2233 1907 2504 1983 quoslibet
2528 1908 2810 1978 insurgere
2835 1910 3120 1978 conspicit,
3146 1910 3212 1963 ad
3243 1911 3440 1965 mentis
3467 1926 3581 1967 suae

1991 1994 2371 2051 conﬁdentiam
2396 1992 2555 2075 redit,
2590 2006 2646 2054 et
2667 1998 2791 2063 scit,
2821 1997 2946 2066 quia
2980 2008 3208 2053 cunctos
3232 1999 3579 2058 adversantes

1990 2094 2233 2155 superat,
2259 2088 2382 2158 quia
2401 2080 2553 2143 illum
2581 2089 2757 2145 solum
2787 2088 2941 2162 digit,
2967 2103 3125 2160 quem
3152 2089 3379 2146 intuitus
3407 2091 3579 2149 nullo-

1990 2176 2150 2232 modo
2186 2178 2422 2232 amittat.

2072 2266 2185 2321 Viri
2229 2268 2354 2323 mali
2379 2287 2489 2325 non
2515 2272 2743 2341 cogitant
2758 2271 3026 2341 judicium
3057 2288 3076 2327 :
3100 2274 3187 2344 qui
3207 2284 3380 2330 autem
3412 2277 3577 2348 requi-

1990 2368 2109 2412 runt
2135 2358 2441 2426 Dominum,
2464 2362 3097 2418 animadvertuntomnia.
3115 2364 3306 2419 Omnia
3329 2366 3576 2423 animad-

1989 2458 2204 2505 vertunt
2235 2450 2415 2517 electi,
2441 2453 2542 2508 hoc
2572 2462 2675 2520 est,
2723 2464 2779 2509 et
2822 2454 3065 2510 futurum
3113 2470 3234 2512 esse
3279 2457 3570 2514 discrimen:

1990 2542 2315 2601 universalis
2328 2543 2540 2612 judicii,
2559 2555 2613 2600 et
2637 2547 2832 2617 quibus
2843 2548 3100 2619 operibus
3118 2550 3351 2620 requies,
3371 2552 3570 2623 quibus

1989 2649 2154 2706 pmna
2183 2637 2516 2693 rctribuatur
2542 2648 2765 2697 aeterna.

2060 2728 2163 2794 Qui
2184 2729 2372 2800 decipit
2392 2732 2567 2801 justas
2588 2733 2643 2789 in
2678 2734 2763 2788 via
2803 2734 2971 2800 mala,
3003 2736 3060 2791 in
3090 2737 3305 2793 interitu
3327 2755 3424 2794 suo
3447 2756 3567 2795 cor-

1987 2828 2123 2883 ruet,
2153 2828 2200 2875 et
2250 2820 2509 2890 simplices
2537 2823 2869 2892 possidebunt
2896 2825 3032 2881 bona
3060 2828 3194 2897 ejus.
3224 2826 3326 2894 Qui
3355 2846 3452 2901 per
3476 2829 3574 2887 do-

1987 2908 2217 2963 ctrinam
2267 2910 2579 2966 baereticam
2622 2914 2822 2984 decipit
2859 2921 3131 2972 amatores
3155 2914 3402 2985 justitite,
3451 2929 3511 2975 ut
3536 2936 3573 2977 ιι

1987 2997 2217 3051 veritate
2246 2998 2483 3065 devient,
2508 3001 2622 3071 ipse
2648 3004 2865 3071 quidem
2894 3020 2994 3075 pro
3033 3006 3191 3062 malis
3213 3008 3328 3062 suis
3344 3024 3565 3078 ptenam

296 3107 447 3161 tium.
472 3106 659 3179 Agnos
677 3106 1018 3174 innocentes,
1065 3106 1254 3166 bardos
1302 3110 1628 3181 ptenitentes
1672 3125 1882 3167 nuncu-

1998 3101 2149 3159 1uam
2178 3097 2416 3145 meretur
2434 3069 2680 3148 incurrit
2701 3109 2714 3148 :
2739 3091 2881 3151 bona
2894 3069 3083 3153 autem
3124 3095 3169 3153 si
3199 3112 3307 3169 qua
3344 3069 3572 3170 gerebat

220 3186 229 3200 “”
294 3209 409 3272 pat.
466 3200 746 3272 Agnorum
795 3215 925 3271 ergo
962 3201 1160 3257 vellere
1210 3204 1483 3270 vestieris,
1545 3205 1670 3259 dum
1722 3204 1880 3260 bonis

292 3292 662 3349 obedientium
695 3292 1082 3363 discipulorum
1125 3295 1368 3350 moribus
1393 3305 1579 3366 pastor
1607 3298 1721 3369 ipse
1746 3312 1876 3368 pro-

293 3382 513 3451 feceris,
534 3400 833 3456 eorumque
875 3386 1163 3441 laudabilia
1192 3386 1331 3442 facta
1356 3404 1605 3456 cernens,
1638 3400 1694 3445 et
1716 3392 1767 3446 in
1789 3408 1880 3446 or-

294 3482 427 3528 natu
456 3473 741 3538 virtutum,
776 3483 830 3529 et
866 3474 919 3529 in
951 3474 1132 3530 calore
1176 3475 1481 3532 dilectionis
1517 3479 1631 3547 ipse
1673 3480 1876 3549 glorio-

294 3566 406 3621 sior
446 3564 747 3621 exstiteris.
782 3564 1043 3622 Haedibus
1092 3580 1281 3636 agrum
1332 3569 1696 3639 comparabis,
1749 3572 1876 3626 dum

295 3669 613 3731 peccatores
648 3660 718 3714 ad
763 3660 1141 3729 pmnitentiam
1187 3659 1454 3724 vocando,
1502 3661 1874 3719 sublimiorem

296 3751 387 3809 tibi
410 3752 463 3805 in
502 3759 647 3806 terra
691 3752 986 3806 viventium
1014 3750 1191 3806 locum
1216 3752 1472 3821 acquiris.

361 3842 596 3914 Suﬂ‘iciat
628 3843 722 3897 tibi
743 3839 848 3897 'lac
872 3858 1154 3910 caprarum
1195 3845 1250 3899 in
1286 3843 1425 3899 cibos
1449 3854 1569 3900 tuos
1616 3855 1664 3900 et
1696 3848 1749 3900 in
1779 3865 1873 3903 ne-

293 3937 523 3991 cessaria
548 3935 737 3990 domus
761 3943 888 4001 tua',
930 3945 979 3990 et
1002 3936 1071 3989 ad
1100 3937 1288 3990 rictum
1319 3936 1528 3991 ancillis
1547 3938 1669 3991 tuis.
1699 3938 1872 3992 Tanta

294 4026 550 4081 instantia
592 4040 762 4094 pecus
806 4025 903 4080 tibi
949 4026 1301 4081 commissum
1327 4040 1512 4096 pasce,
1572 4040 1640 4081 ne
1671 4027 1765 4083 tibi
1794 4028 1875 4083 lac

293 4126 481 4174 astate
505 4131 728 4182 novum,
758 4133 825 4171 ne
849 4116 1053 4189 frigore
1081 4117 1240 4180 desit,
1265 4116 1365 4172 sed
1386 4117 1482 4172 tibi
1505 4131 1719 4187 semper
1740 4118 1873 4172 tuis-

291 4226 394 4281 que
424 4209 680 4275 suliiciat,
725 4209 781 4264 id
817 4217 907 4264 est
946 4217 1057 4264 tam
1092 4207 1279 4264 sedulo
1326 4210 1586 4265 doctrina:
1636 4210 1779 4264 insta
1815 4218 1876 4264 ut

288 4303 452 4357 etiam
492 4301 763 4371 quondam
786 4301 1115 4371 pmnitentes
1140 4300 1208 4355 ad
1237 4299 1469 4356 udicium
1493 4300 1721 4356 docendi
1750 4316 1875 4370 pro-

290 4393 478 4457 vehaS,
526 4399 796 4462 Quatenus
828 4405 925 4460 per
972 4390 1115 4457 illos,
1146 4390 1239 4461 qui
1268 4389 1479 4459 pridem
1502 4404 1605 4461 pro
1632 4387 1875 4445 foeditate

289 4487 551 4543 vitiorum
575 4484 643 4539 ad
692 4484 969 4540 sinistram
999 4482 1204 4553 judicia
1249 4484 1575 4538 videbantur
1621 4498 1741 4538 esse
1771 4498 1868 4554 po-

288 4578 477 4645 nendi,
497 4577 661 4633 modo
686 4576 1009 4632 rationabile
1036 4583 1091 4630 et
1112 4576 1233 4632 sine
1259 4576 1382 4630 dolo
1402 4575 1487 4630 lac
1511 4575 1657 4631 verbi
1679 4590 1872 4646 parvu-

287 4669 358 4726 lis
384 4682 550 4724 sensu
576 4668 947 4723 ministretur:
977 4665 1040 4722 iis
1064 4674 1245 4721 autem
1271 4665 1354 4720 lac
1375 4680 1662 4736 caprarum
1693 4666 1761 4722 ad
1782 4667 1865 4721 vi-

293 4773 444 4815 ctum
467 4758 699 4824 ancillis,
728 4758 972 4831 quando,
1001 4758 1080 4823 bi,
1110 4757 1203 4826 qui
1223 4756 1465 4812 nondum
1490 4770 1675 4811 amore
1691 4755 1870 4827 perfe-

294 4860 407 4917 cto,
446 4851 541 4906 sed
567 4850 742 4906 adhuc
785 4850 981 4905 timore
1043 4847 1224 4904 servili
1260 4847 1488 4903 Domino
1538 4848 1869 4912 deserviunt,

286 4958 387 5014 per
404 4941 717 5013 exemplum
732 4941 819 4997 vel
840 4940 1006 4997 verba
1025 4953 1234 5004 eorum,
1258 4939 1351 5009 qui
1376 4952 1473 5009 per
1494 4940 1870 5009 pmnitentiam

289 5032 426 5089 salvi
450 5031 579 5086 facti
598 5041 745 5096 sunt,
769 5031 1005 5087 viviﬁcis
1028 5031 1181 5086 verbi
1219 5030 1394 5100 epulis
1421 5030 1762 5095 reﬁciuntur,
1790 5039 1871 5083 at-

288 5140 394 5195 que
414 5132 475 5180 ut
488 5125 557 5179 ad
580 5123 788 5193 majora
816 5125 1077 5179 virtutum
1098 5120 1389 5193 proﬁciant
1414 5122 1750 5178 incrementa
1776 5122 1866 5191 ju-

288 5224 506 5270 vantur.
566 5213 797 5282 Quidam
825 5213 930 5269 hoc
976 5215 1121 5283 quod
1157 5213 1363 5269 dictum
1407 5224 1511 5278 est,
1546 5222 1725 5279 aperta
1748 5222 1868 5267 sunt

285 5315 438 5376 prata
460 5316 511 5359 et
539 5314 891 5376 apparuerunt
913 5304 1086 5360 herba:
1123 5307 1368 5368 virentes,
1414 5314 1463 5358 et
1489 5304 1706 5358 collecta
1747 5313 1871 5359 sunt

288 5396 408 5466 {sua
430 5397 496 5450 de
522 5394 821 5461 montibus;
841 5397 962 5467 agni
983 5397 1051 5451 ad
1080 5398 1445 5451 vestimentum
1465 5406 1637 5462 tuum,
1663 5406 1709 5450 et
1733 5396 1872 5449 Im'di

286 5487 402 5557 agri
419 5490 664 5558 pretium,
698 5489 772 5542 ita
800 5489 1050 5559 exposuit
1081 5508 1094 5543 :
1120 5488 1320 5559 Aperta
1355 5496 1481 5543 sunt
1502 5500 1868 5555 monumenta,

288 5590 660 5650 apparuerunt
716 5597 943 5653 corpora
993 5584 1269 5650 rediviva,
1340 5583 1669 5653 sequestrati
1746 5592 1874 5638 sunt

284 5680 601 5743 peccatores
647 5686 677 5726 a
713 5673 942 5738 sanctis,
980 5672 1160 5729 fenum
1200 5672 1283 5754 ad
1330 5671 1754 5729 comburendum
1805 5672 1872 5727 de

1900 4421 1953 4484 D

1984 3179 2069 3233 vel
2098 3180 2247 3235 utilia
2274 3183 2578 3247 scribendo,
2603 3184 2686 3240 vel
2713 3187 3058 3243 continenter
3084 3190 3335 3257 vivendo,
3361 3191 3482 3251 aliis
3508 3192 3564 3249 in

1984 3269 2314 3342 adiutorium
2342 3274 2558 3340 cedunt,
2584 3276 2652 3331 iis
2670 3277 2929 3332 nimirum
2941 3280 3033 3349 qui
3058 3282 3174 3337 hate
3192 3281 3433 3354 legentes
3451 3285 3569 3341 sive

1985 3363 2269 3417 audientes
2296 3365 2542 3434 exempla
2570 3367 2672 3422 sibi
2693 3367 2884 3425 salutis
2904 3371 3068 3425 etiam
3099 3371 3171 3426 ab
3196 3386 3263 3428 eo
3285 3387 3445 3443 quem
3469 3389 3568 3445 pe-

1985 3451 2122 3507 risse
2142 3460 2342 3507 norunt
2369 3464 2670 3510 assumunt.

2055 3544 2125 3598 In
2150 3546 2500 3603 exsultatione
2512 3549 2784 3618 justorum
2814 3552 2981 3608 multa
3001 3553 3190 3625 gloria.
3211 3555 3348 3624 Quia
3376 3556 3569 3614 videli-

1983 3644 2069 3692 cet
2093 3653 2202 3693 non
2225 3640 2291 3694 de
2322 3644 2682 3710 prmsentibus
2702 3645 2927 3712 divitiis,
2948 3647 3043 3703 sed
3064 3649 3133 3703 de
3156 3650 3376 3706 aeternis
3400 3650 3458 3706 in
3478 3650 3564 3705 fu-

1980 3739 2102 3786 turo
2149 3733 2305 3788 bonis
2348 3735 2624 3790 exsultant
2652 3754 2664 3789 :
2690 3752 2797 3794 non
2840 3740 2907 3793 de
2952 3740 3115 3796 rebus
3152 3744 3360 3808 mundi,
3406 3758 3567 3814 quem

1979 3823 2186 3889 vident,
2218 3825 2312 3879 sed
2337 3826 2404 3880 de
2431 3836 2677 3884 creatore
2706 3830 2916 3897 mundi,
2955 3832 3110 3902 cujus
3146 3834 3408 3890 visionem
3446 3851 3567 3907 spe-

1979 3924 2104 3969 rant
2129 3915 2402 3983 lmtantur,
2447 3918 2662 3973 dicente
2699 3921 3120 3992 Psalmographo
3147 3942 3160 3978 :
3186 3923 3466 3980 Lmtamini
3509 3928 3566 3981 in

1978 4005 2206 4061 Domino
2251 4015 2302 4060 et
2349 4007 2628 4074 exsultate,
2672 4010 2808 4081 justi
2857 4009 3030 4083 (Psal.
3066 4012 3250 4087 xxxi);
3306 4016 3390 4070 vel
3419 4025 3567 4073 certe

1979 4095 2036 4151 in
2091 4094 2456 4151 exsultatione
2525 4098 2796 4168 justorum
2859 4101 3027 4156 multa
3081 4102 3141 4156 ﬁt
3194 4103 3386 4173 gloria,
3435 4107 3566 4176 quia

1978 4188 2193 4256 qu0ties
2238 4190 2444 4247 electos
2478 4192 2534 4247 in
2573 4194 2677 4249 bac
2710 4194 2819 4250 vita
2855 4211 2955 4266 pro
2982 4197 3268 4252 eventibus
3308 4200 3564 4255 Ecclesia:

1977 4280 2254 4348 prosperis
2293 4282 2569 4340 exsultare
2622 4286 2930 4353 contigerit,
2969 4288 3137 4343 multa
3169 4286 3396 4349 Domino
3448 4292 3564 4362 glo-

1982 4368 2065 4423 ria
2108 4385 2176 4425 ex
2207 4371 2564 4442 plurimorum
2596 4375 2701 4431 ﬁde
2748 4391 2815 4432 ac
2862 4378 2966 4449 piis
2991 4381 3247 4450 operibus
3274 4381 3454 4436 datur.

2051 4461 2416 4533 Regnaruibus
2456 4467 2630 4536 impiis
2678 4469 2845 4522 ruime
2894 4470 3187 4525 hominum.
3220 4470 3375 4527 Sicut
3404 4476 3560 4530 multi

1980 4555 2207 4627 gloriam
2235 4555 2351 4615 Deo
2384 4558 2515 4612 dare
2543 4559 2823 4629 incipiunt,
2856 4575 2980 4617 cum
3003 4560 3179 4631 iustos
3220 4564 3274 4617 in
3314 4564 3562 4634 proiectu

1979 4649 2239 4705 virtutum
2296 4652 2532 4721 gaudere
2580 4653 2940 4722 conspiciunt,
2969 4656 3043 4709 ita
3085 4658 3298 4727 quoties
3346 4660 3562 4730 reprobi

1977 4758 2203 4814 regnum
2227 4752 2432 4809 tenent,
2452 4744 2651 4799 multos
2688 4759 2801 4800 sua:
2830 4745 3071 4815 perﬁdiae
3093 4748 3384 4818 complices
3403 4751 3562 4804 exhi—

1976 4839 2124 4894 bent.
2158 4838 2314 4906 Quod
2339 4838 2484 4894 etde
2507 4839 2750 4909 paganis,
2778 4848 2834 4893 et
2860 4839 2925 4895 de
2948 4839 3219 4897 luereticis
3241 4841 3385 4895 etde
3405 4842 3562 4895 malis

1983 4930 2265 4987 catholicis
2282 4938 2430 4986 recte
2456 4938 2634 4998 potest
2653 4930 2847 5001 accipi.

2048 5020 2244 5077 Beatus
2270 5022 2424 5076 homo
2446 5022 2537 5090 qui
2556 5038 2760 5091 semper
2780 5031 2857 5075 est
2883 5021 3104 5092 pauidus
3129 5036 3147 5074 :
3167 5021 3255 5089 qui
3283 5035 3398 5073 vero
3421 5035 3562 5075 men-

1976 5111 2042 5163 tis
2086 5121 2160 5164 est
2211 5112 2361 5165 durae
2401 5120 2607 5164 corruet
2641 5112 2697 5163 in
2752 5109 2970 5163 malum.
3014 5109 3315 5178 Sequentis,
3356 5110 3435 5162 ira
3474 5109 3561 5179 jn-

1978 5202 2103 5255 dicii
2149 5209 2297 5255 tanto
2329 5210 2457 5256 tunc
2483 5200 2783 5256 districtior
2820 5199 3146 5269 portabitnr,
3185 5208 3387 5267 quanto
3417 5214 3562 5253 nunc

1977 5303 2029 5347 et
2082 5293 2221 5346 inter
2258 5297 2445 5360 culpas
2495 5292 2717 5347 minime
2765 5292 3006 5353 timetur,
3062 5289 3206 5343 unde
3257 5290 3382 5345 alibi
3428 5293 3562 5346 scri-

1977 5395 2128 5455 ptum
2161 5391 2245 5438 est
2272 5401 2283 5436 :
2310 5382 2376 5436 In
2408 5383 2492 5437 die
2513 5383 2767 5437 bonorum
2798 5398 2861 5435 ne
2887 5382 3160 5435 immemor
3182 5384 3254 5435 sis
3275 5383 3555 5445 malomm,

1975 5486 2022 5531 et
2052 5476 2106 5531 in
2131 5476 2218 5533 die
2240 5473 2499 5528 malorum
2539 5490 2599 5527 ne
2624 5473 2895 5526 immemor
2918 5474 2990 5526 sis
3014 5472 3283 5528 bonorum.
3320 5473 3410 5530 Sic
3431 5490 3559 5547 ergo

1974 5578 2208 5635 utraque
2226 5564 2602 5636 coniungenda
2621 5572 2764 5630 sunt,
2799 5572 2860 5620 ut
2881 5579 3048 5621 unum
3068 5580 3282 5638 semper
3293 5582 3357 5627 es
3385 5569 3559 5626 altero

1974 5664 2250 5721 fulciatur.
