3962 6198
371 277 468 335 ττι

1005 270 1068 326 Β.
1112 267 1362 325 RABANI
1402 264 1620 323 MAUR!
1658 261 1976 320 ARClllEP.
2020 262 2325 320 MOGUNT.
2370 265 2648 322 OPERUM
2692 265 2870 320 PARS
2908 267 2991 320 ΙΙΙ.

3535 269 3638 322 7ῗέ

443 389 547 445 Leo
570 388 778 460 rugiens
807 394 854 441 et
889 401 1044 439 ursus
1067 384 1322 448 esuriens,
1353 384 1595 454 princeps
1622 379 1810 449 impius
1855 392 1948 430 su-
1978 375 2028 434 Α
2057 372 2198 430 Nam
2228 378 2314 449 qui
2355 377 2487 446 fodit
2518 377 2719 448 foveam
2755 381 2995 449 proximo
3025 395 3143 446 suo,
3189 382 3382 437 incidet
3431 384 3484 436 in
3523 400 3635 437 eam

369 497 462 554 per
495 477 743 552 populum
760 490 1058 546 pauperem.
1093 473 1160 528 Et
1206 473 1272 527 de
1309 470 1642 544 principibus
1703 467 1954 540 paganis,

374 581 432 627 et
461 570 527 626 de
552 566 821 624 btereticis
851 573 1030 634 potest
1067 563 1292 634 intelligi
1340 563 1431 633 qui
1461 561 1641 632 populi
1678 561 1952 631 pauperis,

371 661 428 717 id
474 667 580 723 est,
629 664 829 711 sanctae
865 653 1120 709 Ecclesia:
1150 653 1235 707 vel
1275 653 1590 723 patientiam
1634 651 1716 707 vel
1744 651 1954 722 sapien-

375 753 505 806 tiam
537 750 707 804 feriua
745 747 950 802 saevitia
980 754 1208 800 tentant.

449 838 727 893 Hominem
771 835 859 906 qui
901 833 1259 888 calumniatur
1305 835 1497 888 animte
1534 836 1860 906 sanguinem,
1910 837 1956 889 si

375 945 536 1000 usque
573 927 641 980 ad
694 925 866 979 lacum
912 923 1091 994 fuerit,
1139 941 1288 978 nemo
1313 926 1558 991 sustinet,
1591 938 1615 966 ι
1647 928 1735 996 qui
1769 944 1956 998 opera-

373 1034 460 1075 tur
483 1032 677 1074 terram
723 1032 874 1070 suam
944 1015 1271 1068 saturabitur
1329 1016 1572 1085 panibus,
1612 1017 1700 1086 qui
1731 1026 1961 1071 sectatur

374 1117 538 1169 otium
605 1110 886 1182 replebitur
939 1119 1184 1179 egestate.
1240 1108 1364 1164 Sive
1413 1117 1614 1164 terram
1681 1111 1792 1179 agri
1845 1109 1960 1164 sive

375 1217 576 1260 terram
630 1198 958 1271 corpusculi,
1011 1199 1104 1268 qui
1167 1208 1406 1266 exercet,
1467 1201 1815 1264 saturabitur,
1868 1201 1961 1256 ille

375 1294 669 1357 frumento,
700 1293 802 1347 iste
824 1290 1135 1356 virtutibus,
1161 1289 1253 1361 qui
1290 1301 1518 1360 utraque
1542 1291 1753 1362 Spernit
1788 1291 1960 1362 reple-

374 1383 520 1438 bitur
538 1389 800 1452 egestate.

452 1473 547 1528 Vir
587 1475 677 1545 qui
729 1473 939 1542 festinat
985 1473 1166 1540 ditari,
1217 1481 1264 1527 et
1317 1472 1437 1527 aliis
1489 1473 1699 1539 invidet,
1750 1475 1956 1544 ignorat

373 1566 512 1636 quod
566 1574 765 1636 egestas
811 1565 1138 1634 superveniat
1196 1567 1263 1618 ei.
1315 1564 1566 1620 Profecto
1633 1565 1780 1620 enim
1867 1565 1958 1634 qui

375 1671 574 1726 augere
627 1670 756 1724 opes
781 1656 968 1720 ambit,
1007 1664 1285 1725 peccatum
1313 1656 1552 1725 negligit,
1585 1669 1733 1710 more
1775 1656 1954 1709 avium

2057 466 2182 536 ipse,
2216 475 2274 520 ut
2299 467 2427 522 alibi
2457 467 2660 522 dictum
2688 477 2790 524 est.

2139 555 2246 622 Vir,
2276 559 2483 629 sapiens
2511 560 2556 613 si
2587 576 2702 614 cum
2733 561 2892 614 stulto
2917 563 3235 616 contenderit
3260 603 3274 628 ,
3299 564 3404 618 sive
3437 565 3638 619 irasca-

2057 656 2163 713 tur,
2189 647 2296 703 sive
2322 649 2510 714 rideat,
2545 666 2646 704 non
2673 651 2893 706 inveniet
2922 654 3168 724 requiem.
3199 654 3400 710 Doctor
3428 656 3646 724 sapiens

2061 738 2105 792 si
2135 753 2256 792 cum
2287 737 2488 795 inﬁdeli
2523 749 2579 794 et
2621 742 2926 796 contumaci
2980 744 3344 808 contenderit,
3385 745 3498 800 sive
3531 755 3645 799 tor-

2059 837 2238 883 menta
2275 830 2628 899 reproborum
2657 871 2671 896 ,
2726 847 2818 886 seu
2870 833 3062 900 gaudia
3115 843 3302 889 narret
3331 835 3599 892 bonorum
3630 876 3645 902 ,

2060 915 2260 973 frustra
2309 933 2439 989 erga
2473 919 2808 975 insensatum
2847 921 3092 990 laborat,
3121 924 3236 978 sive
3272 923 3506 979 lamenta
3535 942 3653 995 pte-

2061 1010 2301 1064 nitentiaa
2331 1009 2582 1076 suadeat,
2639 1026 2732 1065 seu
2787 1012 2940 1066 home
2998 1014 3328 1084 operationis
3381 1031 3502 1085 qua:
3539 1017 3650 1071 sint

2060 1099 2283 1169 praemia
2312 1099 2475 1165 dicat,
2511 1116 2618 1154 non
2651 1101 2870 1156 auditur
2891 1118 2921 1155 a
2951 1103 3149 1158 stulto:
3174 1104 3302 1158 hinc
3323 1113 3377 1158 et
3401 1105 3651 1175 Apostoli

2060 1190 2260 1247 Judzeis
2284 1193 2566 1247 dicebant:
2587 1193 3009 1249 Lamentavimus
3036 1196 3194 1260 vobis,
3221 1207 3269 1250 et
3292 1214 3394 1251 non
3414 1198 3656 1267 planxis-

2061 1284 2130 1338 tis
2153 1301 2170 1347 ;
2193 1284 2472 1338 cecinimus
2495 1283 2638 1338 vobis
2655 1324 2669 1349 ,
2701 1294 2750 1337 et
2776 1301 2881 1338 non
2903 1285 3135 1340 saltastis
3159 1285 3374 1357 (Matth.
3402 1285 3503 1359 ιι).

2137 1371 2322 1425 Totum
2353 1373 2592 1443 spiritum
2634 1389 2789 1426 suum
2815 1374 3011 1443 profert
3052 1373 3264 1428 stultus.
3310 1374 3655 1444 lmpatientia

2063 1463 2375 1534 impellente
2405 1464 2584 1535 agitur
2610 1475 2671 1520 ut
2699 1474 2843 1522 totus
2867 1465 3015 1521 foras
3057 1467 3280 1537 spiritus
3320 1468 3651 1538 proferatur.

2062 1553 2233 1620 Quem
2279 1555 2484 1610 idcirco
2514 1556 2674 1611 citius
2723 1558 3058 1627 perturbatio
3093 1557 3239 1628 ejicit
3274 1600 3289 1625 ,
3320 1559 3446 1629 quia
3504 1562 3654 1616 nulla

2065 1643 2292 1699 interius
2317 1645 2602 1716 disciplina
2631 1648 2911 1718 sapientia:
2941 1650 3335 1706 circumcludit.

375 1758 600 1818 captus,
671 1763 794 1802 cum
854 1762 1033 1802 escam
1070 1757 1431 1814 “terrenarum
1511 1762 1692 1801 rerum
1762 1747 1953 1804 avidus
1984 1721 2030 1780 B
2131 1734 2352 1806 Sapiens
2408 1746 2591 1793 autem
2660 1739 2835 1809 differt
2888 1750 2935 1794 et
2981 1751 3205 1796 reservat
3264 1744 3320 1797 in
3358 1755 3650 1814 posterum.

377 1841 594 1910 inspicit
683 1855 789 1908 quo
872 1840 1240 1911 stranguletur
1311 1842 1517 1911 peccati
1597 1841 1787 1910 laqueo
1845 1859 1953 1896 non

376 1933 639 2003 agnoscit,
671 1948 792 1987 cum
823 1932 1048 2000 quilibet
1093 1934 1371 2001 praesentis
1398 1933 1581 1987 mundi
1629 1933 1770 1987 bona
1819 1932 1958 1988 desi-

375 2024 550 2088 derat,
600 2031 655 2077 et
703 2038 823 2091 quae
855 2022 920 2076 de
953 2021 1134 2076 futuro
1182 2023 1378 2076 damna
1427 2023 1666 2092 patiatur
1720 2023 1952 2094 ignorat.

447 2114 580 2170 Cum
631 2126 972 2170 surrexerunt
1018 2117 1186 2187 impii,
1242 2115 1628 2170 abscondentur
1676 2116 1952 2170 homines:

378 2225 498 2264 cum
529 2208 606 2262 illi
655 2209 929 2278 perierint,
985 2206 1478 2278 multiplicabuntur
1517 2207 1673 2277 justi.
1721 2207 1953 2263 Eosdem

376 2297 647 2364 homines,
676 2312 812 2368 quos
830 2297 1006 2368 justus
1031 2296 1284 2367 appellat,
1329 2297 1454 2367 quia
1482 2297 1729 2353 videlicet
1750 2295 1958 2366 justum

380 2399 754 2460 statutumque
801 2405 833 2443 a
871 2389 983 2444 Deo
1037 2389 1286 2445 humanas
1329 2391 1658 2446 conditionis
1714 2390 1960 2444 ordinem

377 2491 616 2547 servent,
642 2479 783 2535 unde
813 2480 866 2534 in
898 2479 1036 2535 libro
1067 2480 1209 2535 beati
1255 2479 1356 2536 Joh
1401 2482 1466 2536 de
1503 2483 1799 2552 ptenitente
1823 2495 1960 2551 quo-

375 2573 506 2628 libet
555 2586 809 2642 perverso
858 2570 1086 2634 dicitur,
1146 2569 1397 2641 Respiciet
1438 2572 1672 2626 homines
1705 2582 1753 2626 et
1780 2572 1960 2625 dicet:

379 2659 604 2717 Peccavi
635 2660 776 2730 (Job.
802 2658 1018 2729 xxxul).
1038 2659 1192 2726 Quod
1215 2669 1300 2714 est
1324 2670 1507 2730 aperte
1531 2661 1710 2716 dicere
1745 2680 1756 2715 :
1783 2661 1963 2731 respi-

381 2752 492 2807 ciet
517 2765 631 2815 eos,
661 2751 754 2819 qui
781 2751 1031 2802 naturam
1062 2748 1315 2804 humanae
1338 2750 1630 2805 creationis
1660 2758 1808 2804 recte
1839 2763 1963 2804 cus-

381 2841 610 2904 todiunt,
647 2849 702 2894 et
737 2854 796 2894 se
839 2838 1120 2908 peccando
1156 2841 1416 2910 jumeutis
1470 2840 1797 2896 assimilatas
1843 2854 1963 2896 esse

380 2938 730 3002 cognoscent.
755 2930 915 2984 Patet
945 2944 1075 2999 ergo
1105 2945 1314 2994 sensus,
1349 2929 1474 2999 quia
1504 2929 1745 2985 fervente
1775 2929 1965 3001 impio-

381 3037 501 3078 rum
533 3022 912 3093 persecutione
954 3023 1352 3077 abscondentur
1391 3037 1533 3092 smpe
1575 3021 1789 3088 ﬁdeles,
1822 3035 1963 3092 saepe

381 3114 467 3168 vel
481 3129 588 3168 non
611 3114 727 3168 ausi
759 3114 842 3168 vel
859 3128 964 3168 non
992 3114 1241 3184 permissi
1266 3111 1340 3169 ad
1353 3114 1624 3184 publicum
1646 3115 1963 3184 procedere,

381 3205 594 3260 dicente
637 3205 864 3260 Domino
898 3223 910 3258 :
943 3202 1001 3259 Si
1022 3222 1110 3260 vos
1132 3205 1386 3275 persecuti
1411 3205 1606 3274 fuerint
1651 3207 1707 3259 in
1759 3207 1967 3271 civitate

383 3301 503 3364 ista,
537 3299 700 3370 fugite
725 3299 780 3351 in
807 3297 966 3350 aliam
1000 3296 1214 3369 (Matth.
1247 3296 1324 3368 ι).
1360 3297 1463 3352 Ubi
1491 3306 1670 3352 autem
1700 3339 1715 3363 ,
1743 3298 1968 3368 perditis

383 3389 695 3444 auctoribus
721 3429 736 3454 ,
797 3389 1105 3458 persecutio
1157 3389 1493 3454 cessaverit,
1544 3389 1820 3459 augustior
1849 3397 1970 3458 post

382 3493 668 3548 pressuras
692 3477 930 3532 ﬁdelium
955 3479 1125 3547 gloria
1149 3477 1419 3533 clarescit.
1451 3477 1562 3533 Sed
1591 3486 1646 3533 et
1673 3477 1968 3533 inﬁdelium

380 3571 622 3642 plurimi,
650 3571 767 3625 visa
797 3570 1131 3626 inﬁdelitatis
1169 3571 1514 3626 damnatione
1535 3612 1550 3636 ,
1579 3570 1704 3625 ﬁdei
1739 3571 1968 3641 gratiam

386 3659 725 3730 suscipiunt,
763 3659 919 3730 juxta
950 3659 1004 3714 id
1043 3658 1184 3730 quod
1233 3659 1490 3730 scriptum
1519 3668 1602 3714 est
1642 3657 1970 3715 :Pestilente

381 3749 668 3822 flagellato,
693 3751 980 3821 sapientior
1005 3751 1102 3804 erit
1129 3751 1377 3820 parvulus
1413 3749 1595 3823 (Prov.
1628 3750 1764 3823 nl).

932 3883 1160 3941 CAPUT
1202 3884 1393 3940 XXIX.

451 4018 626 4074 Homo
667 4019 758 4090 qui
805 4016 1012 4072 blandis
1063 4017 1300 4088 fictisque
1361 4017 1685 4088 sermonibus
1739 4015 1972 4087 loquitur

379 4113 548 4166 amico
607 4129 723 4177 suo,
757 4120 863 4164 rete
915 4109 1164 4180 expandit
1209 4109 1468 4179 gressibus
1509 4109 1643 4177 ejus.
1695 4107 1797 4175 Qui
1829 4108 1971 4164 ﬁctis

382 4202 724 4260 sermonibus
753 4201 1056 4272 proximum
1085 4199 1270 4253 laudat
1289 4239 1303 4265 ,
1340 4198 1414 4252 illi
1448 4198 1664 4267 quidem
1693 4206 1845 4268 parat
1887 4199 1971 4252 in-

382 4293 548 4348 sidias
564 4293 758 4364 quibus
779 4293 833 4347 in
855 4292 1155 4362 periculum
1177 4292 1380 4346 incauti
1403 4292 1584 4362 operis
1602 4300 1694 4347 aut
1713 4293 1863 4347 verbi
1886 4307 1970 4347 se-

2059 1827 2250 1883 Lmsns
2312 1829 2461 1883 enim
2527 1830 2582 1883 in
2638 1845 2877 1899 prmsens
2931 1831 3116 1887 ulcisci
3173 1847 3233 1888 se
3286 1851 3394 1892 non
3444 1836 3658 1892 deside-

2068 1929 2174 1982 rat,
2208 1921 2333 1989 quia
2389 1920 2556 1976 etiam
2605 1921 2842 1977 tolerans
2889 1924 3039 1992 parci
3087 1933 3270 1993 optat;
3323 1927 3418 1981 sed
3471 1936 3653 1983 tamen

2060 2009 2326 2065 vindicari
2409 2011 2592 2064 omnia
2684 2020 2930 2067 extremo
2995 2012 3202 2082 judicio
3258 2031 3364 2070 non
3418 2015 3652 2088 ignorat.

2063 2098 2220 2154 Hunc
2256 2099 2436 2156 locum
2468 2102 2691 2172 antiqua
2732 2103 3014 2158 translatio
3057 2105 3138 2160 sic
3188 2106 3354 2162 habet
3406 2125 3419 2160 :
3469 2107 3656 2162 Totans

2065 2187 2206 2244 iram
2229 2207 2382 2245 suam
2411 2191 2605 2261 profert
2641 2191 2830 2262 impius
2857 2231 2872 2260 ,
2924 2193 3129 2264 sapiens
3159 2205 3335 2250 autem
3368 2213 3485 2251 eam
3524 2215 3661 2270 pau-

2071 2283 2222 2339 latim
2247 2284 2512 2356 dispensat
2533 2301 2624 2354 per
2648 2295 2843 2354 partes.
2891 2284 3028 2353 Quia
3059 2287 3314 2342 nimirum
3346 2289 3546 2345 stultus
3589 2291 3657 2348 ad

2065 2376 2330 2433 ultionem
2358 2378 2443 2432 sui
2472 2377 2567 2432 ira:
2596 2378 3006 2449 perturbatione
3026 2381 3404 2448 succenditur;
3440 2385 3660 2454 sapiens

2066 2480 2251 2526 autem
2277 2471 2537 2540 paulatim
2565 2486 2686 2525 eam
2715 2471 3031 2526 maturitate
3075 2472 3289 2528 consilii
3313 2489 3376 2528 ac
3407 2477 3660 2532 modern-

2072 2561 2237 2616 tionis
2260 2569 2524 2616 extenuat
2550 2569 2604 2615 et
2631 2561 2870 2630 expellit.

2137 2649 2352 2722 Pauper
2375 2661 2425 2705 et
2452 2653 2678 2706 creditor
2699 2652 3032 2708 obviaverunt
3058 2654 3180 2720 sibi,
3227 2657 3500 2728 utriusque
3533 2657 3657 2714 illu-

2066 2745 2296 2799 minator
2318 2753 2392 2798 est
2423 2744 2700 2798 Dominus.
2736 2743 2950 2816 Pauper
2987 2755 3074 2801 est
3123 2747 3340 2802 humilis
3375 2729 3527 2804 verbi
3559 2748 3656 2806 Dei

2068 2834 2314 2899 auditor,
2354 2834 2592 2889 creditor
2615 2843 2794 2888 autem
2827 2835 2917 2905 qui
2947 2835 2998 2890 ei
3024 2837 3173 2892 verbi
3220 2835 3463 2905 ejusdem
3492 2855 3659 2910 pecu-

2069 2923 2216 2978 niam
2243 2924 2588 2994 praedicando
2624 2925 2944 2993 committit,
2995 2927 3085 2996 qui
3130 2925 3350 2983 obvia'nt
3380 2931 3484 2984 sibi
3531 2947 3657 2986 cum

2070 3015 2124 3070 in
2149 3030 2309 3068 unam
2340 3015 2698 3084 eamdemque
2723 3015 2941 3086 pietatis
2973 3019 3204 3088 gratiam
3234 3022 3582 3087 conveniunt,
3604 3031 3659 3078 et

1991 3075 2039 3140 C
2071 3106 2356 3174 utriusque
2389 3075 2742 3161 illuminator.
2755 3115 2840 3162 est
2889 3075 3182 3176 Dominus,
3213 3111 3337 3179 quia
3367 3126 3542 3181 neque
3569 3075 3658 3168 ille

2073 3199 2191 3255 sine
2221 3199 2416 3254 divina:
2468 3215 2693 3254 munere
2719 3200 2938 3269 pietatis
2972 3202 3270 3270 [medicare
3293 3244 3308 3268 ,
3346 3219 3523 3274 neque
3557 3205 3659 3260 iste

2070 3290 2247 3358 potuit
2281 3288 2524 3344 credere.
2570 3287 2819 3344 Veridica
2875 3305 3113 3360 namque
3164 3301 3348 3347 manet
3413 3294 3658 3349 veritatis

2078 3379 2347 3434 sententia
2376 3420 2391 3445 ,
2448 3395 2554 3448 qua
2583 3378 2732 3445 dicit,
2771 3379 2894 3451 quia
2931 3380 3044 3434 sine
3069 3396 3150 3435 me
3177 3381 3309 3435 nihil
3340 3383 3556 3452 potestis
3584 3383 3660 3452 fa-

2073 3487 2185 3526 cere
2207 3470 2387 3541 (Joan.
2419 3471 2532 3542 xv).

2145 3561 2258 3617 Rex
2293 3563 2384 3634 qui
2403 3563 2613 3633 judicat
2640 3580 2894 3635 pauperes
2933 3565 2989 3618 in
3014 3565 3250 3631 veritate,
3278 3567 3501 3621 thronus
3546 3567 3659 3638 ejus

2072 3655 2127 3708 in
2177 3665 2429 3710 ceternum
2479 3654 2809 3724 fundabitur.
2861 3655 2931 3710 Et
2983 3655 3268 3712 Psalmista
3320 3658 3386 3712 de
3442 3657 3660 3714 Christo

2071 3762 2200 3817 rege
2248 3764 2261 3800 :
2294 3746 2454 3801 Sedes
2496 3758 2618 3813 tua,
2660 3747 2838 3814 Deus,
2884 3749 2940 3803 in
2967 3749 3220 3804 steculum
3261 3750 3467 3817 stvculi,
3515 3753 3656 3823 virga

2071 3838 2367 3908 tequitatis,
2391 3839 2537 3909 virga
2570 3841 2713 3909 regni
2741 3841 2818 3892 tui
2845 3837 3018 3911 (Psal.
3047 3841 3216 3911 xuv).

2153 3926 2310 3999 Virga
2341 3939 2495 3999 atque
2518 3929 2773 3998 correptio
2805 3930 2994 3984 tribuet
3027 3933 3372 4002 sapientiam;
3409 3951 3541 4004 puer
3565 3951 3660 3988 au-

2071 4032 2174 4076 tem
2199 4023 2291 4093 qui
2317 4022 2598 4076 dimittitur
2635 4021 2886 4077 voluntati
2924 4039 3066 4086 suas,
3109 4026 3391 4094 confundet
3442 4037 3659 4082 matrem

2071 4133 2244 4170 suam.
2291 4117 2367 4171 De
2414 4115 2518 4170 hac
2562 4115 2716 4186 virga
2742 4115 3033 4186 Apostolus
3071 4117 3147 4171 ait
3180 4118 3246 4171 ad
3282 4117 3598 4174 Corinthios
3642 4135 3657 4173 :

2072 4207 2154 4261 An
2190 4206 2341 4261 vultis
2366 4208 2420 4260 in
2448 4206 2592 4276 virga
2636 4206 2838 4260 veniant
2861 4207 2930 4260 ad
2956 4223 3074 4272 vos,
3108 4224 3177 4261 an
3211 4207 3266 4260 in
3293 4207 3485 4276 spiritu
3514 4225 3662 4262 man-

2074 4297 2408 4351 suetudinis?
2452 4294 2503 4366 (I
2536 4294 2659 4349 Cor.
2705 4295 2805 4367 IV.)
2853 4295 2994 4350 Puer
3043 4310 3299 4365 namque,
3349 4310 3514 4364 quem
3559 4297 3662 4352 fre-

381 4384 568 4438 curior
610 4382 786 4438 factus
837 4383 1056 4438 incidat.
1108 4381 1214 4436 Sed
1265 4381 1548 4438 videamus
1597 4391 1778 4437 utrum
1831 4384 1966 4439 retia
1992 4422 2047 4481 Β
2075 4388 2431 4458 quentissime
2457 4387 2857 4456 corripiendum
2884 4395 2940 4441 et
2976 4387 3329 4442 erudiendum
3381 4387 3659 4452 admonet,

380 4475 709 4530 fraudulenti
747 4491 868 4530 eum
915 4476 1068 4546 cujus
1114 4475 1391 4546 gressibus
1441 4476 1858 4548 expanduntur,
1897 4494 1966 4534 an

381 4569 564 4638 potius
604 4569 754 4622 illum
784 4583 814 4623 a
842 4583 949 4638 quo
978 4569 1362 4639 expanduntur
1394 4571 1674 4627 involvam
1706 4613 1721 4638 ,
1787 4572 1970 4641 sequi-

379 4667 489 4713 tur.

453 4750 765 4805 Peccantem
788 4752 956 4806 virum
983 4755 1220 4824 iniquum
1247 4755 1468 4810 involvet
1509 4755 1748 4826 laqueus,
1779 4764 1826 4810 et
1844 4755 1970 4826 jus-

381 4853 467 4898 tus
495 4841 733 4896 laudabit
761 4853 917 4914 atque
947 4846 1210 4914 gaudebit.
1241 4846 1356 4901 Non
1385 4863 1516 4918 ergo
1549 4845 1698 4914 justo
1740 4849 1965 4919 laqueus

380 4934 726 5007 peccantium
753 4935 965 4990 etiamsi
991 4937 1342 5006 corporaliter
1362 4939 1593 5008 perimat
1614 4947 1789 5005 nocet,
1820 4941 1966 5010 ipsos

382 5034 560 5082 autem
593 5026 852 5096 reprobus
901 5027 1130 5093 insidiaz,
1178 5045 1312 5098 quas
1366 5031 1630 5099 proximis
1667 5041 1880 5100 parant,
1910 5032 1966 5086 in

381 5127 702 5188 perpetuum
735 5118 995 5174 damnant
1025 5121 1382 5191 gaudentibus
1411 5122 1594 5192 justis,
1645 5138 1709 5178 ac
1756 5133 1964 5176 rectum

383 5211 680 5268 conditoris
695 5213 959 5284 judicium
987 5213 1332 5270 laudantibus
1354 5215 1438 5269 vel
1467 5216 1534 5270 de
1563 5231 1659 5270 sua
1689 5217 1964 5285 ereptione

384 5299 467 5353 vel
515 5302 581 5356 de
632 5304 936 5370 perditione
988 5321 1302 5375 pravorum.
1378 5306 1621 5376 Denique
1671 5307 1966 5362 clausulam

387 5391 580 5459 prioris
621 5395 889 5457 versiculi,
944 5397 1164 5466 antiqua
1204 5398 1369 5452 editio
1419 5398 1704 5454 manifeste
1745 5400 1964 5470 posuit,

393 5483 521 5533 retia
586 5483 885 5538 circumdat
933 5487 1047 5541 suis
1103 5487 1361 5558 pedibus,
1401 5506 1470 5543 ex
1523 5491 1774 5562 ambiguo
1823 5493 1968 5546 enim

391 5570 574 5629 Graeco
602 5579 744 5646 quod
779 5589 863 5633 est
889 5583 1050 5636 αὐτοῦ
1087 5591 1374 5653 utrumque
1401 5584 1744 5654 interpretari
1767 5593 1966 5656 potest.

462 5680 485 5707 α
515 5666 650 5722 Erat
674 5671 776 5726 hoc
798 5671 918 5728 loco
938 5688 1167 5729 vacuum
1194 5675 1408 5748 aliquod
1436 5676 1488 5730 in
1522 5693 1622 5731 ms.

2072 4477 2300 4550 populus
2325 4477 2423 4532 Dei
2447 4477 2657 4547 est,qui
2686 4477 2731 4532 si
2766 4493 2873 4532 non
2899 4477 3130 4532 assiduis
3160 4477 3378 4533 monitis
3406 4489 3462 4532 et
3488 4480 3660 4534 incre-

2071 4570 2383 4642 pationibus
2435 4569 2773 4624 sacerdotum
2823 4568 2988 4623 fuerit
3026 4570 3341 4639 castigatus,
3388 4571 3663 4628 confusio-

2072 4678 2196 4718 nem
2249 4670 2472 4732 generat
2508 4661 2784 4726 Ecclesiae,
2815 4660 3228 4716 detralientihus
3253 4661 3340 4716 his
3392 4663 3486 4731 qui
3532 4663 3664 4720 foris

2072 4762 2198 4809 sunt
2230 4752 2476 4823 religioni
2505 4751 2628 4806 ﬁdei
2679 4750 3022 4819 Christianae,
3053 4753 3196 4807 unde
3236 4759 3384 4809 recte
3432 4753 3662 4823 subjun-

2072 4847 2215 4917 gitur
2247 4864 2260 4900 :

2146 4937 2280 4991 Cum
2320 4937 2589 5007 prophetia
2636 4935 2900 5006 defecerit,
2929 4936 3268 5006 dissipabitur
3292 4939 3545 5008 populus,
3572 4940 3662 5012 qui

2073 5029 2299 5084 custodit
2327 5029 2490 5099 legem
2522 5028 2701 5082 beatus
2723 5037 2818 5082 est.
2844 5027 2979 5094 Quia
3006 5028 3264 5083 nimirum
3301 5045 3426 5085 cum
3481 5047 3662 5086 cessa-

2073 5121 2212 5175 verit
2241 5119 2594 5175 sacerdotalis
2631 5119 2889 5184 eruditio,
2913 5119 3152 5174 solvetur
3187 5119 3444 5174 continuo
3492 5121 3658 5176 disci-

2072 5213 2220 5284 plina
2251 5212 2442 5266 divinae
2471 5210 2623 5280 legis,
2653 5226 2760 5280 qua
2785 5210 3012 5280 populus
3041 5211 3109 5265 ad
3143 5210 3496 5267 beatitudinis
3521 5225 3662 5283 prae-

2073 5307 2180 5361 mia
2208 5306 2515 5376 pertingere
2542 5305 2822 5359 debuerat.

2152 5395 2338 5450 Vidisti
2385 5397 2647 5450 hominem
2693 5395 2914 5450 velocem
2969 5395 3039 5449 ad
3066 5395 3401 5466 loquendum,
3431 5397 3655 5452 stultitia

2072 5489 2240 5558 magis
2265 5486 2524 5558 speranda
2552 5497 2624 5540 est
2648 5503 2804 5558 quam
2828 5487 2970 5541 illius
2999 5490 3276 5558 correptio.
3326 5491 3504 5543 Grave
3531 5489 3654 5557 qui-

2071 5580 2192 5637 dem
2218 5579 2406 5635 vitium
2435 5577 2698 5645 stultitiaz,
2723 5579 2817 5636 sed
2840 5592 2947 5635 non
2976 5579 3146 5636 levius
3167 5588 3252 5636 est
3287 5578 3653 5643 verbositatis,
