3962 6198
327 245 422 278 οι..)

1079 218 1438 274 EXPOSITIO
1477 217 1542 272 IN
1582 217 1974 274 PROYERBIA
2012 218 2418 278 SALOMONlS.
2456 254 2523 261 —-
2561 223 2686 276 LIB.
2729 223 2811 278 111.

3477 229 3580 284 774

317 354 442 397 nam
466 351 607 405 saepe
629 335 872 404 contigit,
907 342 965 387 ut
992 333 1156 388 hebes
1187 333 1382 402 aliquis
1415 339 1468 386 et
1495 331 1729 400 ipsarum
1757 343 1894 399 quo-
1924 333 1973 392 Α
2001 329 2115 384 Νοη
2142 330 2328 385 didicit
2351 332 2601 387 Salomon
2632 334 2699 386 ab
2731 334 2945 386 homine
2967 335 3283 403 sapientiam
3303 376 3318 401 ,
3345 336 3438 392 sed
3466 337 3577 395 Deo

313 445 416 500 que
445 425 658 481 nescius
685 424 1005 489 litterarum,
1031 423 1189 478 citius
1215 424 1373 477 verba
1399 421 1686 476 salutifera:
1714 435 1894 475 corre-

312 519 513 592 ptionis
535 516 783 586 accipiat,
810 515 1058 585 quamvis
1080 515 1171 585 qui
1198 512 1468 568 afﬂuentia
1500 513 1759 582 praeditus
1784 527 1895 565 ser-

314 609 490 664 monis
515 607 686 678 magis
715 621 809 660 sua
844 621 962 674 qua:
995 606 1142 659 novit
1170 605 1253 660 vel
1284 619 1403 674 qua:
1443 619 1502 658 se
1531 618 1689 658 nosse
1733 612 1890 657 autu-

312 707 423 752 mat
446 696 720 765 jactanter
747 694 1014 765 proferre,
1043 711 1205 764 quam
1245 696 1386 749 dicta
1418 693 1742 762 sapientium
1792 710 1888 747 au-

311 791 428 845 dire
456 788 752 842 contendit.

383 881 487 947 Qui
523 881 741 934 delicate
765 898 796 934 a
833 879 1057 949 pueritia
1086 879 1249 932 nutrit
1273 896 1474 934 servum
1502 896 1653 933 suum
1675 919 1689 944 ,
1715 890 1892 948 postea

307 973 458 1026 illum
493 971 676 1025 sentiet
700 981 1074 1023 contumacem.
1105 967 1205 1035 Qui
1233 969 1460 1025 delicate
1482 986 1512 1023 a
1535 971 1762 1040 puerilia
1794 985 1894 1022 nu-

312 1065 405 1119 trit
429 1078 630 1131 corpus
657 1077 837 1127 suum,
869 1061 1011 1131 quod
1059 1061 1238 1114 animo
1278 1060 1541 1115 debuerat
1579 1061 1886 1130 subjugare,

307 1157 356 1211 is
391 1156 480 1210 ubi
523 1153 591 1208 ad
637 1169 808 1208 annos
857 1153 1234 1208 adolescentia:
1263 1154 1586 1222 pervenerit,
1631 1153 1890 1208 lascivum

310 1247 432 1310 hoc,
455 1253 510 1299 et
537 1242 861 1298 indomabile
889 1242 1104 1308 sentiet,
1122 1243 1264 1296 hunc
1288 1256 1503 1297 versum
1531 1242 1634 1295 alia
1661 1240 1892 1296 transla-

311 1337 382 1390 tio
405 1335 628 1405 pulchre
655 1334 844 1399 habet;
873 1333 960 1403 qui
986 1331 1238 1385 delicatus
1265 1349 1296 1384 a
1321 1332 1547 1402 pueritia
1568 1347 1746 1385 servus
1768 1331 1885 1396 erit,

310 1426 582 1479 novissime
611 1434 783 1478 autem
812 1423 1208 1476 contristabitur
1246 1424 1301 1475 in
1345 1438 1419 1475 se.
1467 1420 1890 1477 Contristabitur

310 1531 542 1584 namque
567 1530 692 1570 sero
719 1513 981 1569 malorum
1013 1513 1284 1584 pwnitens
1314 1514 1368 1567 in
1413 1528 1503 1578 se,
1530 1512 1619 1582 qui
1667 1527 1724 1566 se
1768 1527 1885 1566 me-

311 1606 465 1659 minit
493 1605 730 1659 noluisse
756 1605 808 1658 in
840 1612 1021 1658 tenera
1058 1604 1234 1658 adhuc
1266 1613 1424 1658 aetate
1451 1619 1479 1656 a
1505 1603 1617 1657 suis
1642 1601 1886 1670 volupta-

311 1698 450 1752 tibus
477 1698 543 1751 ad
568 1697 807 1766 regulam
845 1697 1122 1750 continere
1145 1696 1504 1765 prudentium.

390 1785 481 1838 Vir
501 1786 789 1839 iracundus
813 1797 1056 1855 provocat
1087 1787 1228 1838 rixas
1253 1800 1270 1836 :
1298 1795 1344 1838 et
1371 1787 1458 1856 qui
1497 1785 1564 1837 ad
1604 1785 1884 1856 indignan-

307 1877 429 1928 dum
479 1876 654 1946 facilis
696 1888 790 1942 est,
845 1877 943 1929 erit
991 1877 1060 1929 ad
1105 1886 1317 1945 peccata
1373 1876 1669 1947 proclivior.
1713 1877 1886 1931 Janua

306 1967 544 2022 omnium
579 1967 833 2020 vitiorum
863 1967 1141 2021 iracundia
1169 1976 1272 2032 est,
1299 1981 1403 2037 qua
1435 1968 1636 2036 clausa,
1667 1968 1884 2023 virtuti-

308 2060 406 2113 bus
433 2057 761 2111 intrinsecus
788 2056 1003 2110 dabitur
1028 2056 1200 2126 quies.

375 2146 479 2210 Qui
517 2162 634 2198 cum
679 2145 794 2212 fure
830 2145 1074 2216 partitur,
1099 2147 1207 2198 odit
1239 2147 1469 2199 animam
1491 2163 1675 2213 suam;
1730 2148 1889 2217 adiu-

308 2247 508 2290 rantem
547 2237 654 2289 odit
684 2245 732 2289 et
761 2253 861 2289 non
890 2235 1107 2289 indicat.
1137 2236 1452 2290 Auditorem
1485 2252 1641 2292 suum
1672 2238 1885 2307 sapien-

306 2327 378 2382 tia
402 2343 508 2381 non
537 2325 708 2381 solum
741 2342 770 2378 a
800 2327 1035 2394 peccatis
1067 2327 1358 2392 abstinere,
1387 2327 1479 2381 sed
1509 2342 1537 2380 a
1565 2336 1884 2396 peccantum

302 2435 360 2476 se
406 2418 762 2473 contubernio
811 2418 968 2472 docet
1015 2417 1289 2482 cohibere,
1311 2433 1380 2472 ne
1407 2417 1544 2471 forte
1572 2433 1602 2471 a
1640 2417 1885 2472 districto

297 2508 479 2580 judice
529 2515 803 2562 mereatur
844 2507 1032 2561 audire
1071 2525 1083 2559 ε
1131 2505 1188 2560 Si
1235 2506 1441 2560 videbas
1483 2507 1684 2575 furem,
1727 2505 1885 2560 simul

301 2599 545 2652 currebas
572 2615 688 2650 cum
708 2614 788 2660 eo,
813 2606 857 2651 et
886 2613 1003 2650 cum
1031 2597 1284 2650 adulteris
1307 2597 1594 2666 portionem
1621 2608 1764 2652 tuam
1790 2614 1885 2668 po-

303 2689 476 2742 nebas.
513 2687 627 2742 Non
659 2688 801 2742 enim
835 2688 918 2740 fur
947 2687 1305 2752 solummodo,
1325 2688 1420 2741 sed
1449 2687 1613 2741 etiam
1641 2687 1729 2741 ille
1756 2703 1884 2742 reus

303 2790 535 2844 tenetur,
567 2779 658 2848 qui
684 2779 933 2833 conscius
969 2777 1121 2844 furti,
1152 2787 1427 2848 qumrente
1458 2793 1768 2848 possessore
1791 2794 1882 2848 pe-

302 2873 516 2926 cuniam
549 2887 709 2942 quam
741 2872 993 2942 perdidit,
1020 2887 1127 2925 non
1155 2871 1269 2924 vult
1295 2871 1534 2925 indicare
1564 2887 1687 2924 cum
1715 2870 1878 2926 valet.

301 2966 500 3021 Verum
527 2980 595 3019 ne
615 2965 734 3033 quis
757 2972 1008 3018 causelur
1039 2971 1182 3017 metu
1211 2978 1269 3017 se
1291 2977 1535 3031 persona:
1559 2963 1881 3030 potentioris

301 3071 476 3127 neque
514 3072 543 3109 a
595 3054 772 3108 furum
820 3055 1092 3109 consortio
1141 3053 1403 3123 separari,
1435 3068 1610 3124 neque
1653 3054 1881 3124 prodere
1910 3023 1955 3086 C

301 3165 460 3219 posse
481 3149 624 3218 quod
651 3149 818 3213 novit,
849 3157 974 3219 apte
1002 3146 1278 3203 subditur:

376 3239 480 3305 Qui
509 3241 653 3292 timet
683 3239 962 3302 hominem,
997 3240 1096 3291 cito
1126 3245 1366 3302 corruet;
1392 3237 1665 3307 quisperat
1694 3235 1747 3291 in
1775 3234 1886 3288 Do-

303 3331 443 3383 mino
473 3328 846 3382 sublevabitur.
881 3327 977 3382 Cui
1009 3328 1255 3398 congruit
1284 3326 1412 3380 illud
1445 3327 1825 3396 Evangelicum
1865 3345 1878 3380 :

304 3417 482 3473 Nolite
517 3419 700 3472 timere
727 3419 817 3489 qui
838 3419 1076 3472 occidunt
1099 3418 1553 3487 corpus,animam
1585 3425 1759 3470 autem
1780 3432 1883 3470 non

304 3518 519 3580 possunt
548 3508 781 3561 occidere
821 3507 1036 3577 (Matth.
1067 3507 1144 3578 ιι).

871 3597 1097 3653 CAPUT
1135 3597 1303 3652 XXX.

378 3691 548 3746 Verba
577 3690 949 3762 Congregantis
992 3691 1089 3759 ﬁlii
1131 3689 1412 3745 Vomentis.
1452 3689 1569 3744 Huc
1588 3705 1759 3758 usque
1784 3703 1881 3759 pa-

305 3784 500 3839 rabola:
527 3783 831 3838 Salomonis
869 3798 1004 3853 quas
1046 3782 1436 3837 transtulerunt
1484 3780 1585 3835 viri
1636 3781 1882 3834 Ezechia:

303 3878 444 3948 regis
493 3876 649 3932 Juda.
700 3876 838 3930 Hinc
879 3891 1069 3930 rursus
1111 3873 1276 3930 verba
1323 3873 1628 3928 Salomonis
1670 3873 1738 3927 ab
1765 3872 1881 3942 ipso

302 3967 435 4023 alias
464 3967 628 4031 dicta,
665 3974 718 4020 et
741 3965 922 4020 forsan
955 3965 1069 4035 ipse
1094 3963 1162 4018 ab
1191 3979 1256 4019 eo
1283 3964 1426 4034 quod
1465 3962 1652 4017 Grmce
1698 3962 1885 4016 Eccle-

299 4061 492 4114 siastes
513 4059 730 4123 dicitur,
747 4073 913 4122 nunc,
939 4057 1291 4126 interpretato
1309 4056 1362 4108 in
1386 4053 1636 4109 Latinum
1665 4054 1882 4107 nomine

301 4149 411 4213 illo,
435 4164 754 4218 congregans
775 4145 1089 4216 appellatur.
1119 4144 1362 4199 Ecclesia
1377 4143 1522 4198 enim
1551 4139 1880 4211 congregatio

302 4248 547 4294 vocatur.

381 4325 525 4381 Visio
550 4343 708 4398 quam
734 4327 937 4381 locutus
964 4335 1036 4381 est
1063 4327 1142 4380 vir
1163 4342 1278 4378 cum
1301 4342 1401 4395 quo
1431 4333 1503 4377 est
1525 4322 1665 4376 Deus
1682 4363 1695 4387 ,
1727 4331 1772 4374 et
1794 4321 1881 4392 qui

304 4415 412 4472 Deo
451 4435 625 4471 secum
670 4427 905 4471 morante
951 4417 1293 4487 confortatus,
1340 4417 1432 4470 ait.
1478 4414 1648 4480 Visio,
1685 4415 1878 4484 inquit,

299 4524 460 4580 quam
489 4507 692 4560 locutus
721 4515 814 4570 est,
847 4507 970 4576 quia
1001 4508 1143 4576 quod
1175 4507 1307 4561 vidit
1333 4506 1471 4576 apud
1502 4505 1668 4560 Deum
1699 4520 1881 4559 secre-

303 4601 444 4655 tiora
491 4597 904 4668 eontemplando
961 4598 1213 4668 patefecit
1258 4598 1567 4652 hominibus
1612 4595 1758 4650 foras
1808 4595 1884 4650 lo-

299 4689 540 4760 quendo,
576 4688 823 4757 quisquis
844 4688 987 4742 enim
1015 4688 1109 4742 Dei
1146 4687 1336 4757 spiritu
1385 4685 1740 4750 confortatur,
1768 4684 1884 4738 inec

302 4797 426 4852 quae
452 4788 752 4848 sequuntur
773 4777 963 4832 humili
990 4777 1154 4832 corde
1173 4777 1419 4848 profatur
1447 4795 1461 4830 :

377 4869 731 4926 Stultissimus
781 4883 896 4922 sum
943 4869 1193 4932 virorum,
1221 4875 1270 4920 et
1309 4867 1564 4936 sapientia
1611 4865 1879 4920 hominum

303 4975 409 5012 non
437 4968 510 5012 est
546 4974 766 5011 mecum.
791 4987 862 4996 —
891 4953 1022 5009 Filii
1049 4957 1190 5011 enim
1228 4955 1406 5009 steculi
1444 4955 1602 5025 hujus
1647 4957 1879 5026 pruden-

302 5053 464 5106 tiores
488 5049 768 5120 ﬁliislucis
793 5050 847 5102 in
881 5048 1208 5118 generatione
1240 5064 1338 5101 sua
1377 5057 1498 5101 sunt
1542 5045 1693 5118 (Luc.
1733 5048 1879 5121 xvx);

301 5151 362 5196 et
383 5140 653 5210 apostolus
686 5157 699 5193 :
734 5138 795 5193 Si
824 5140 941 5210 quis
961 5179 976 5204 ,
1002 5139 1206 5207 inquit,
1234 5138 1434 5192 videtur
1463 5138 1668 5206 sapiens
1693 5155 1803 5192 esse
1826 5139 1881 5192 in

305 5234 404 5286 hoc
429 5231 640 5296 steculo,
677 5230 866 5284 stultus
895 5231 990 5298 ﬁat
1019 5239 1075 5282 ut
1101 5230 1165 5283 sit
1192 5230 1396 5300 sapiens
1422 5229 1472 5302 (Ι
1505 5229 1627 5284 Cor.
1653 5230 1769 5303 tu);
1827 5241 1884 5287 et

308 5323 425 5392 ipse
452 5320 518 5375 de
545 5335 603 5375 se
635 5320 853 5390 suisque
875 5319 1172 5386 similibus,
1204 5319 1259 5373 in
1287 5321 1483 5390 quibus
1529 5319 1672 5376 Deus
1706 5341 1718 5375 :
1771 5320 1884 5380 Nos

309 5420 482 5466 autem
509 5412 856 5480 pra’dicamus
877 5409 1142 5464 Christum
1169 5411 1477 5480 cruciﬁxum
1495 5452 1508 5476 ,
1532 5412 1736 5467 Judteis
1765 5415 1884 5485 qui-

309 5508 425 5559 dem
443 5503 775 5570 scandalum,
812 5504 1046 5574 gentibus
1073 5515 1244 5558 autem
1267 5504 1541 5558 stultitiam
1569 5504 1621 5576 (I
1662 5504 1783 5560 Cor.
1821 5505 1883 5578 ι).

382 5595 505 5652 Non
535 5595 694 5650 didici
713 5595 1042 5670 sapientiam,
1058 5604 1108 5650 et
1134 5595 1250 5650 novi
1271 5603 1571 5651 sanctorum
1591 5596 1885 5652 scientiam.

1996 421 2164 492 gratis
2204 421 2464 476 offerente
2508 421 2770 492 percepit,
2824 431 2882 475 ut
2929 431 3239 477 sanctorum
3292 426 3574 481 scientiam

1996 521 2200 579 nosset,
2228 514 2322 569 sed
2348 523 2402 568 et
2439 513 2749 582 Apostolus,
2777 515 2867 583 qui
2898 515 2974 568 ait
3003 533 3015 567 :
3049 515 3162 569 Nos
3193 520 3339 570 stulti
3367 533 3576 590 propter

1995 599 2260 657 Christum
2293 603 2378 674 (II
2399 602 2521 657 Cor.
2548 602 2654 674 tv),
2689 604 2800 672 ipse
2827 603 3020 658 iterum
3049 605 3177 658 dicit
3209 623 3220 657 :
3252 605 3573 675 Sapientiam

1995 702 2167 745 autem
2191 693 2451 763 loquimur
2479 694 2612 747 inter
2637 693 2886 763 perfectos
2918 691 2968 762 (Ι
2999 693 3118 747 Cor.
3147 693 3228 766 ιι),
3253 697 3573 765 sapientiam

1994 803 2122 842 vero
2146 803 2249 842 non
2279 787 2439 857 hujus
2460 788 2662 855 saeculi,
2679 803 2854 857 neque
2878 788 3181 858 principum
3209 788 3369 858 hujus
3391 793 3570 848 saeculi

1994 879 2086 948 qui
2113 883 2484 934 destruantur.

2065 990 2196 1056 Quis
2222 991 2452 1044 ascendit
2481 991 2534 1044 in
2564 988 2747 1043 caelum
2781 999 2933 1060 atque
2957 990 3240 1045 descendit.
3274 991 3414 1048 Haec.
3442 1006 3572 1048 san-

1993 1089 2202 1135 ctorum
2243 1080 2468 1135 scientia
2495 1093 2615 1148 quae
2645 1094 2676 1132 a
2719 1079 3054 1148 sapientibus
3106 1079 3286 1134 saaculi
3343 1080 3570 1139 stultitia

1990 1180 2232 1241 putatur,
2267 1173 2394 1241 quia
2414 1173 2664 1228 videlicet
2694 1174 2789 1230 Dei
2818 1175 2986 1231 Filius
3013 1176 3066 1229 in
3099 1184 3372 1245 assumpta
3409 1193 3572 1233 carne

1991 1272 2112 1333 post
2137 1273 2367 1320 mortem
2414 1273 2470 1320 et
2518 1267 2973 1322 resurrectionem
3026 1283 3179 1323 suam
3225 1269 3471 1322 ascendit
3513 1269 3569 1324 in

1991 1354 2213 1420 coelum,
2245 1370 2310 1408 ac
2334 1365 2533 1410 nostra:
2566 1357 2982 1411 resurrectionis
3010 1366 3253 1426 tempore
3287 1357 3572 1412 descensu-

1994 1459 2086 1498 rus
2113 1451 2195 1497 est
2229 1443 2295 1497 de
2325 1444 2463 1498 caelo
2503 1445 2567 1499 ad
2591 1445 2912 1514 judicandos
2938 1446 3090 1500 vivos
3113 1455 3169 1500 et
3193 1455 3460 1500 mortuos.

2061 1553 2193 1619 Quis
2220 1556 2472 1609 continuit
2519 1558 2761 1626 spiritum
2796 1558 2850 1612 in
2897 1559 3136 1612 manibus
3181 1559 3329 1612 suis?
3383 1557 3571 1615 Omnis

1916 1677 1964 1737 Β
1993 1645 2217 1713 spiritus
2246 1655 2302 1700 et
2328 1647 2614 1711 humanus,
2639 1656 2695 1701 et
2722 1648 3022 1718 angelicas,
3047 1657 3100 1703 et
3142 1649 3455 1703 animalium
3474 1691 3487 1712 ,
3517 1660 3570 1703 et

1991 1737 2374 1806 procellarum,
2397 1753 2466 1793 ne
2495 1739 2730 1805 deﬁciat,
2759 1740 2854 1794 Dei
2880 1741 3116 1810 potentia
3143 1741 3468 1796 continetur.

2061 1850 2191 1914 Quis
2214 1851 2473 1921 colligavit
2504 1869 2688 1922 aquas,
2716 1855 2867 1923 quasi
2891 1855 2944 1907 in
2972 1855 3308 1908 vestimento?
3345 1855 3420 1909 De
3454 1856 3569 1924 ipso

1989 1951 2043 1994 et
2081 1940 2368 1996 Psalmista
2401 1960 2412 1995 :
2446 1941 2776 2013 Congregans
2804 1943 2935 1997 sicut
2962 1945 3017 1997 in
3051 1954 3217 1998 utrem
3259 1962 3421 2016 aquas
3453 1964 3566 2000 ma-

1991 2035 2063 2088 ris
2089 2033 2259 2105 (Psal.
2291 2035 2508 2107 χχχιιι).

2060 2149 2190 2214 Quis
2211 2150 2478 2203 suscitavit
2509 2165 2684 2206 omnes
2710 2151 2958 2206 terminos
2978 2151 3170 2206 terrm?
3197 2159 3252 2206 et
3279 2167 3421 2208 nunc
3447 2169 3564 2208 om-

1988 2241 2098 2308 nia,
2128 2256 2247 2310 quce
2276 2256 2376 2311 per
2416 2242 2602 2298 orbem
2651 2243 2838 2298 vivunt
2878 2252 2933 2299 et
2977 2252 3251 2310 crescunt,
3297 2245 3563 2310 homines,

1989 2333 2304 2398 animantia,
2337 2333 2604 2403 germina,
2630 2335 2890 2390 Dominus
2934 2344 2994 2390 ut
3039 2351 3138 2390 sua
3183 2350 3407 2405 quaeque
3449 2336 3565 2391 vita

1988 2422 2289 2476 subsistant
2325 2424 2560 2486 excitat,
2590 2433 2645 2478 et
2682 2424 2735 2476 in
2766 2424 2852 2478 die
2875 2423 3066 2495 judicii
3093 2433 3347 2480 cunctum
3373 2441 3402 2478 a
3427 2441 3566 2496 qua-

1988 2523 2114 2569 tuor
2136 2515 2311 2570 ventis
2335 2515 2458 2570 cmli
2483 2531 2650 2585 genus
2671 2517 2964 2570 humanum
2994 2531 3024 2570 a
3055 2524 3227 2571 morte
3257 2515 3559 2573 suscitabit.

2059 2602 2211 2669 Quod
2237 2621 2419 2658 nomen
2447 2604 2644 2674 ejus,et
2665 2606 2804 2675 quod
2832 2621 3016 2659 nomen
3046 2605 3146 2673 ﬁlii
3168 2606 3301 2676 ejus,
3320 2605 3365 2659 si
3394 2604 3570 2660 nosti?

1987 2693 2063 2748 De
2092 2693 2185 2747 Dei
2215 2693 2390 2748 Patris
2415 2704 2470 2748 et
2493 2694 2613 2748 Filii
2645 2695 2862 2749 nomine
2890 2695 3042 2760 dicit,
3068 2695 3222 2765 cujus
3250 2697 3567 2765 mysterium

1987 2785 2262 2840 saecularis
2317 2785 2578 2854 sapientia
2629 2785 2946 2839 naturaliter
2993 2785 3134 2840 scire
3186 2799 3293 2839 non
3345 2795 3562 2854 potest,

1986 2875 2233 2944 quamvis
2259 2891 2423 2928 unum
2452 2891 2571 2930 esse
2597 2875 2786 2941 Deum,
2812 2877 2903 2945 qui
2931 2876 3108 2932 omnia
3147 2875 3335 2930 fecerit
3359 2891 3456 2946 per
3478 2891 3562 2941 ea,

1987 2982 2106 3036 qua:
2154 2967 2474 3021 mirabiliter
2516 2967 2656 3022 facta
2705 2969 2881 3033 videt,
2915 2968 3215 3039 intelligere
3259 2977 3455 3038 potest.
3507 2967 3566 3023 Si

1990 3058 2154 3124 nosti,
2192 3059 2384 3128 inquit,
2427 3059 2766 3127 subauditur,
2797 3070 2850 3116 tu
2880 3061 2971 3130 qui
3005 3062 3070 3116 de
3118 3069 3208 3114 tua
3261 3069 3312 3114 te
3348 3058 3567 3128 jactans

1989 3150 2274 3226 sapientia,
2303 3160 2500 3205 nostra:
2537 3149 2657 3205 fidei
2702 3152 2977 3223 mysteria,
3025 3151 3310 3205 stultitiam
3365 3167 3567 3205 nuncu-

1987 3257 2117 3312 pare
2147 3243 2448 3311 prmsumis.

2061 3329 2242 3385 Omnis
2268 3348 2435 3384 sermo
2472 3331 2568 3386 Dei
2591 3332 2786 3401 ignitus
2821 3330 3028 3404 clypeus
3056 3341 3129 3387 est
3159 3332 3482 3403 sperantibus
3509 3332 3566 3386 in

1985 3438 2060 3476 se.
2090 3420 2214 3475 Ilaec
2235 3430 2288 3473 et
2314 3428 2424 3474 tota
2467 3420 2664 3474 Christi
2693 3419 2931 3476 Ecclesia
2955 3420 3120 3486 novit,
3144 3429 3198 3475 et
3224 3420 3298 3474 illi
3334 3419 3565 3475 maxime

1987 3513 2225 3567 sentiunt
2246 3513 2335 3581 qui
2361 3511 2470 3566 Deo
2499 3527 2683 3566 secum
2714 3519 2959 3566 morante
3011 3519 3239 3566 terrena:
3287 3511 3565 3582 sapientiae

1986 3601 2181 3657 fastum
2223 3611 2593 3666 contemnunt,
2623 3601 2750 3670 quia
2790 3601 3045 3655 nimirum
3072 3602 3249 3657 omnis
3273 3617 3453 3656 sermo
3483 3602 3565 3656 di-

1984 3693 2125 3748 vina:
2153 3693 2492 3748 auctoritatis
2515 3693 2678 3747 corda
2700 3692 2996 3748 electorum
3033 3701 3087 3746 et
3114 3693 3234 3762 igne
3277 3693 3562 3747 charitatis

1987 3784 2252 3848 accendit,
2279 3792 2334 3837 et
2375 3783 2599 3838 scientia
2626 3782 2870 3838 veritatis
2914 3781 3166 3847 illustrat,
3211 3789 3265 3836 et
3308 3783 3564 3837 vitiorum

1985 3875 2193 3939 sordes,
2217 3875 2261 3928 si
2283 3889 2418 3944 quas
2447 3875 2499 3927 in
2526 3875 2606 3928 eis
2632 3874 2922 3938 invenerit,
2952 3873 3253 3937 consumit,
3286 3882 3339 3927 et
3365 3875 3432 3927 ab
3466 3874 3564 3927 ho-

1985 3965 2146 4019 stium
2179 3964 2387 4018 insidiis
2409 3971 2689 4032 sperantes
2712 3963 2764 4017 in
2787 3977 2846 4017 se
2871 3963 3188 4031 cunctisque
3214 3961 3450 4016 defendit
3471 3963 3564 4016 ad-

1983 4055 2172 4109 versis.
2208 4055 2407 4109 Verum
2449 4053 2701 4108 solertius
2745 4052 3082 4117 intuendum,
3111 4052 3237 4122 quia
3263 4055 3564 4122 proprieta-

1987 4154 2093 4199 tem
2123 4143 2294 4199 δι’ωοὶ
2322 4145 2587 4199 sermonis
2619 4145 2762 4214 quod
2808 4152 2892 4199 est
2937 4145 3325 4218 πεπυρωμένον,
3370 4143 3561 4199 Latina

1984 4234 2266 4289 translatio
2294 4249 2401 4287 uno
2426 4235 2590 4288 verbo
2616 4250 2720 4288 non
2766 4233 3016 4303 explicat.
3069 4231 3222 4288 Unde
3273 4233 3561 4302 aliquando

1985 4327 2226 4396 ignitum,
2252 4325 2542 4394 aliquando
2572 4325 2690 4395 igne
2714 4326 3069 4379 examinatum
3097 4325 3420 4379 transfertur
3438 4368 3452 4390 ,
3479 4335 3558 4393 ut,

1985 4416 2202 4485 ignitum
2233 4414 2492 4486 eloquium
2521 4424 2668 4468 tuum
2708 4415 3042 4481 uehementer,
3065 4423 3121 4470 et
3143 4425 3413 4484 argentum
3445 4416 3560 4485 igne

1985 4506 2341 4559 examinatum
2373 4503 2546 4576 (Psal.
2576 4521 2763 4570 cxvm,
2791 4489 2935 4558 Psal.
2967 4504 3044 4569 ιιι)
3065 4546 3078 4568 ,
3103 4506 3245 4574 quod
3274 4515 3562 4574 utrumque

1987 4595 2040 4649 in
2069 4594 2258 4650 Grarco
2287 4611 2392 4649 uno
2419 4596 2583 4650 verbo
2623 4597 2820 4650 dicitur
2861 4596 2918 4652 τὸ
2959 4597 3346 4670 πεπυρωμένον,
3384 4597 3563 4652 ethoc

1986 4684 2129 4754 quod
2184 4685 2309 4739 huic
2356 4684 2658 4740 Salomonis
2701 4686 2966 4739 sententia
3007 4687 3338 4740 simillimum
3381 4696 3560 4752 sonat,

1989 4778 2214 4849 Eloquia
2252 4778 2465 4832 Domini
2495 4780 2613 4848 igne
2647 4779 2966 4843 examinata,
3004 4778 3056 4832 id
3085 4787 3192 4844 est,
3217 4781 3558 4855 πεπυρωμένα

1986 4877 2246 4938 protector
2263 4877 2338 4922 est
2362 4868 2592 4922 omnium
2616 4869 2936 4938 sperantium
2971 4869 3026 4922 in
3071 4886 3125 4923 se
3176 4867 3361 4940 (Psal.
3392 4869 3558 4938 xvu).

1989 4961 2346 5034 nsnopwpc’vw
2369 4974 2496 5027 ergo
2522 4959 2788 5028 significat
2813 4959 2954 5029 quod
2984 4967 3237 5028 tanquam
3274 4958 3560 5013 conflatum

1990 5050 2113 5119 igne
2141 5058 2423 5120 purgatum
2450 5050 2539 5103 sit.
2571 5048 2722 5103 Sicut
2770 5050 2916 5104 enim
2971 5063 3301 5118 quzecunque
3345 5047 3560 5102 metalla

1991 5143 2113 5214 igne
2136 5142 2364 5198 conflata
2395 5143 2606 5197 sordem
2637 5143 2692 5195 in
2738 5157 2795 5196 se
2840 5142 3068 5196 alienam
3117 5150 3275 5209 atque
3318 5140 3560 5194 inutilem

1990 5246 2096 5285 non
2121 5233 2416 5297 continent,
2446 5238 2618 5286 totum
2647 5231 2904 5300 quidquid
2930 5231 2982 5283 in
3009 5229 3086 5284 eis
3131 5229 3334 5282 residet
3374 5245 3558 5282 verum

1987 5329 2043 5374 et
2061 5318 2356 5389 perfectum
2385 5327 2439 5372 et
2460 5319 2604 5373 omni
2637 5319 2886 5372 vitiorum
2939 5318 3096 5373 sorde
3137 5326 3418 5386 purgatum
3458 5327 3556 5380 est,

1988 5411 2062 5466 ita
2084 5410 2352 5479 eloquium
2373 5409 2583 5464 Domini
2607 5419 2932 5464 aeternorum
2959 5411 3012 5462 in
3037 5424 3094 5463 se
3116 5411 3378 5463 bonorum
3405 5409 3561 5463 iidem

1989 5507 2215 5565 testans,
2247 5499 2374 5554 hinc
2402 5499 2528 5553 illud
2557 5508 2641 5553 est
2682 5499 2892 5553 Domini
2918 5515 2930 5551 :
2962 5497 3081 5552 Iota
3112 5517 3296 5565 unum,
3321 5510 3408 5553 aut
3431 5516 3563 5554 unus

1989 5609 2140 5667 apex,
2156 5609 2259 5649 non
2274 5593 2556 5664 prteteribit
2572 5610 2602 5646 a
2617 5591 2725 5664 lege
2736 5592 2898 5648 donec
2913 5592 3087 5648 omnia
3105 5596 3231 5664 ﬁant
3257 5592 3473 5668 (Matth.
3494 5592 3543 5664 γ)
