3962 6198
349 279 460 336 773

1001 270 1064 324 B.
1103 266 1356 323 RABANI
1397 263 1612 321 MAURl
1650 262 1970 319 ARCIIIEP.
2014 257 2320 315 MOGUNT.
2359 254 2643 312 OPERUM
2684 252 2862 309 PARS
2899 252 2985 307 lll.

3506 252 3610 307 776

348 388 489 442 Vera
513 384 658 440 enim
684 378 864 437 omnia
898 385 1026 434 sunt
1067 386 1124 431 et
1156 384 1311 431 extra
1350 388 1564 429 omnem
1607 372 1925 444 ambiguita-
1954 374 2005 435 Α
2031 383 2171 425 neno
2208 382 2389 437 pravae
2436 365 2773 421 allocutionis
2824 364 2981 419 morti
3019 372 3292 434 perpetua:
3338 354 3614 433 subjugari

352 486 460 535 tem
487 471 768 545 superﬂuat
791 469 1073 524 inanitatis
1093 466 1282 537 ignita.

423 566 550 621 Non
574 562 741 617 addas
770 560 1053 633 quidquam
1082 557 1248 611 verbis
1270 554 1397 618 illis,
1423 563 1471 607 et
1500 553 1766 623 argueris,
1796 552 1937 605 inve-

352 659 620 726 niarisque
648 653 895 707 mendax.
920 649 998 703 Ne
1023 662 1340 716 corrumpas
1373 646 1585 714 eloquia
1625 652 1933 699 sanctarum

357 748 783 819 Scripturarum,
813 742 958 813 quod
1003 741 1221 809 quidam
1272 736 1537 801 bairetici,
1566 750 1635 790 ne
1682 734 1768 789 his
1811 748 1939 788 con-

362 841 728 899 vincerentur,
756 831 950 887 fecisse
986 837 1305 885 noscuntur.

432 929 549 982 Duo
591 925 766 995 rogavi
796 932 866 986 te,
897 937 959 975 ne
989 919 1206 988 deneges
1245 916 1374 970 milii
1415 923 1692 985 antequam
1719 911 1936 965 moriar.

372 1022 668 1077 Vanitatem
689 1026 735 1071 et
755 1013 908 1070 verba
927 1011 1203 1066 mendacia
1231 1009 1382 1080 longe
1406 1008 1492 1078 [ac
1518 1024 1552 1060 a
1578 1021 1681 1059 me.
1712 1002 1940 1057 Menda-

364 1113 573 1168 citatam
596 1117 643 1161 et
664 1106 873 1160 divitias
901 1119 966 1156 ne
986 1102 1190 1156 dederis
1212 1100 1362 1165 mihi,
1381 1098 1548 1157 tribue
1568 1105 1771 1151 tantum
1787 1094 1944 1148 victui

362 1218 477 1256 meo
525 1196 856 1261 necessaria,
909 1201 1014 1249 etc.
1065 1191 1193 1246 Hinc
1233 1191 1409 1246 adhuc
1453 1189 1538 1243 vir
1575 1203 1697 1243 eum
1726 1200 1835 1256 quo
1861 1190 1946 1238 est

364 1292 529 1352 Deus,
558 1285 827 1344 sermonis
855 1281 972 1353 eius
998 1283 1119 1353 igne
1145 1281 1411 1345 radiatus,
1433 1278 1509 1333 ad
1540 1277 1719 1345 ipsum
1764 1271 1947 1328 Domi.

367 1397 495 1438 num
524 1392 784 1434 conversa
807 1390 939 1430 voce
961 1373 1224 1445 profatur,
1247 1371 1537 1425 obsecrans
1557 1381 1627 1420 ne
1649 1366 1945 1421 vanitatem

370 1474 551 1532 saeculi
578 1484 853 1540 nunquam
881 1467 967 1524 vel
1004 1467 1171 1521 verba
1214 1463 1495 1520 mendacia
1538 1460 1755 1515 veritati
1789 1457 1949 1513 cccle-

372 1567 533 1622 stium
564 1567 845 1633 praeponat
869 1558 1294 1628 Scripturarum,
1323 1568 1424 1609 nec
1446 1567 1660 1607 rursum
1683 1549 1768 1604 vel
1792 1547 1947 1618 copia

371 1657 455 1711 vel
482 1654 658 1724 inopia
687 1649 1082 1707 transeuntium
1108 1660 1290 1703 rerum
1313 1646 1368 1699 in
1388 1642 1712 1701 oblivionem
1733 1637 1946 1695 decidat

374 1755 718 1800 teternorum.

448 1834 723 1889 Generatio
743 1849 858 1905 qua:
879 1831 1018 1903 patri
1043 1845 1140 1883 suo
1161 1825 1447 1890 maledicit,
1464 1834 1511 1880 et
1532 1823 1691 1878 matri
1714 1837 1826 1877 sua:
1848 1837 1953 1877 non

377 1924 649 1979 benedicit.
678 1920 811 1976 Cum
833 1919 1081 1990 superius
1100 1916 1389 1988 puritatem
1407 1914 1508 1969 sibi
1529 1914 1654 1967 vitae
1675 1928 1706 1967 a
1727 1911 1955 1967 Domino

379 2014 497 2069 dari
519 2020 731 2085 peteret
760 2017 1081 2066 convertens
1102 2007 1278 2062 subito
1306 2003 1558 2059 intuitum
1604 2002 1669 2056 ad
1717 2008 1958 2057 contem.

377 2103 627 2176 plandam
652 2116 941 2173 pravorum
971 2117 1021 2153 m
1040 2098 1262 2168 quitiam
1292 2094 1510 2164 quantis
1546 2094 1659 2148 haec
1702 2093 1775 2147 sit
1813 2091 1961 2145 invo-

376 2193 490 2249 luta
520 2192 770 2257 miseriis,
794 2206 963 2261 quam
978 2189 1135 2259 longe
1162 2201 1192 2241 a
1220 2184 1465 2240 veritatis
1492 2183 1673 2248 distet,
1698 2180 1955 2236 insinuat.

379 2283 494 2346 Est,
518 2282 788 2352 inquiens,
819 2279 1082 2350 generatio
1132 2276 1510 2346 nefandorum,
1541 2287 1659 2343 qua:
1696 2271 1795 2325 etsi
1825 2269 1962 2323 bona

376 2372 618 2445 qualibet
648 2371 778 2442 agit,
799 2369 987 2439 perdit.
1011 2367 1138 2422 Haec
1164 2367 1215 2420 in
1235 2380 1300 2421 eo
1320 2365 1467 2435 quod
1489 2365 1748 2419 honorem
1767 2374 1961 2430 paren-

379 2464 524 2518 tibus
560 2476 667 2516 non
696 2460 886 2517 defert.

451 2552 731 2608 Generatio
764 2567 885 2622 quae
910 2549 1010 2604 sibi
1040 2547 1238 2602 munda
1270 2545 1476 2600 videtur
1497 2583 1512 2612 ,
1538 2552 1585 2598 et
1635 2548 1809 2597 tamen
1859 2557 1966 2595 non

380 2654 455 2701 est
486 2645 594 2698 lota
621 2661 653 2697 a
681 2641 923 2697 sordibus
950 2641 1078 2694 suis.
1103 2640 1179 2694 De
1207 2639 1307 2692 hac
1345 2634 1694 2708 generatione
1730 2632 1967 2703 loquitur

381 2738 690 2812 Rsalmista,
720 2734 982 2801 Quoniam
1017 2733 1156 2789 Deus
1185 2732 1407 2803 dissipat
1435 2747 1553 2784 ossa
1573 2729 1843 2784 hominum
1867 2727 1966 2783 sibi

382 2828 701 2901 placentium
735 2824 908 2898 (Psal.
933 2822 1052 2896 Lit).

455 2920 734 2976 Generatio
756 2920 909 2989 cujus
928 2916 1121 2973 excelsi
1148 2924 1271 2971 sunt
1308 2913 1467 2980 oculi,
1491 2923 1539 2968 et
1565 2912 1827 2984 palpebris
1852 2913 1967 2983 ejus

384 3015 443 3068 in
513 3010 623 3065 alta
682 3019 950 3065 surrectaz.
1011 3006 1181 3078 Hujus
1235 3006 1566 3062 consortium
1604 3003 1970 3077 generationis

384 3106 592 3161 vitabat
635 3103 924 3158 Psalmista
981 3116 1105 3156 cum
1153 3099 1367 3155 dicebat
1415 3116 1429 3152 :

386 3195 676 3251 exaltatum
700 3210 792 3248 cor
817 3207 1174 3263 meum-neque
1192 3189 1319 3245 elati
1338 3198 1458 3244 sunt
1485 3186 1623 3242 oculi
1644 3186 1748 3242 mei
1785 3181 1968 3258 (Psal.

388 3303 526 3342 cxxx
551 3286 595 3360 ).

459 3378 742 3435 Generatto
768 3392 885 3448 qure
908 3389 1001 3446 pro
1026 3371 1265 3427 dentibus
1305 3368 1509 3442 gladios
1535 3368 1708 3434 habet,
1733 3376 1784 3422 et
1828 3383 1975 3422 com-

389 3468 593 3523 mandit
619 3464 906 3520 molaribus
935 3463 1064 3517 suis.
1108 3462 1186 3516 De
1214 3462 1317 3515 hac
1350 3457 1635 3514 Psalmista
1667 3471 1683 3511 :
1714 3454 1846 3510 Filii
1884 3457 1979 3510 ho-

389 3561 613 3624 minum,
635 3557 811 3611 dentes
853 3569 1033 3609 eorum
1071 3568 1222 3606 arma
1259 3560 1308 3605 et
1333 3549 1647 3621 sagittanet
1670 3546 1865 3618 lingua:
1895 3562 1979 3601 eo-

392 3666 534 3716 rum,
564 3648 829 3702 machaera
865 3653 1044 3698 acuta.

469 3738 536 3795 Ut
567 3737 803 3793 comedat
830 3737 1009 3805 inopes
1048 3732 1111 3788 de
1136 3743 1280 3787 terra
1303 3744 1353 3787 et
1376 3744 1627 3802 pauperes
1655 3744 1719 3783 ea;
1747 3728 1978 3783 homini-

397 3833 514 3888 bus.
543 3830 622 3885 Ad
645 3830 751 3885 hoc
784 3829 1021 3899 linguam
1053 3831 1269 3879 armant
1312 3828 1683 3894 persecutores
1726 3820 1982 3883 Ecclesiae

396 3934 458 3981 ut
487 3924 803 3978 innocentes
828 3917 1033 3974 Christi
1053 3923 1107 3972 et
1140 3914 1371 3972 humiles
1409 3913 1701 3969 trucident.
1742 3912 1895 3983 Quod
1935 3911 1982 3967 si

398 4015 686 4083 diligenter
712 4008 1063 4066 considerare
1096 4003 1354 4069 volueris,
1378 4002 1623 4059 invenies
1646 4003 1742 4057 has
1764 4015 1984 4073 genera-

398 4105 574 4160 tiones
603 4098 1052 4171 congregationes
1078 4109 1196 4151 esse
1223 4094 1583 4165 aequissimas
1601 4090 1906 4146 Judaeorum
1929 4097 1985 4145 et

400 4198 803 4260 hrnreticorum,
844 4191 1150 4247 Judzeorum
1201 4202 1332 4259 ergo
1382 4185 1656 4257 generatio
1698 4184 1837 4254 patri
1888 4197 1986 4238 suo

402 4288 709 4353 maledixit,
738 4285 814 4341 illi
838 4283 1093 4338 videlicet
1118 4280 1209 4350 qui
1240 4279 1317 4333 ait
1348 4297 1361 4332 :
1389 4276 1439 4330 F
1442 4276 1562 4332 ilius
1600 4293 1743 4331 meus
1792 4276 1988 4347 primo—

399 4382 604 4454 genitus
627 4375 825 4441 Israel,
851 4372 1067 4446 quando
1089 4369 1255 4425 lilium
1279 4366 1394 4440 ejus
1416 4369 1716 4424 venientem
1742 4367 1796 4422 in
1823 4383 1984 4423 carne

404 4452 646 4541 negavit,
675 4475 729 4523 et
756 4452 917 4521 matri
938 4478 1049 4519 suae
1070 4476 1174 4517 non
1200 4457 1494 4524 benedixit,
1517 4458 1813 4530 Synagogae
1830 4458 1983 4529 cujus

412 4559 537 4614 ﬁdei
567 4557 810 4627 pristina:
840 4554 1125 4628 scientiam~
1154 4549 1207 4604 in
1233 4548 1486 4604 Patribus
1513 4565 1577 4605 ac
1597 4549 1875 4619 prophetis
1915 4547 1983 4606 de

406 4648 622 4705 Christo
659 4647 926 4701 habuerat
961 4641 1214 4698 detraxit.
1257 4638 1679 4715 Novatianorum
1709 4639 1983 4709 generatio

408 4736 606 4794 munda
628 4734 731 4790 sibi
752 4734 982 4797 videtur,
1013 4731 1198 4787 dicens
1234 4743 1292 4783 se
1332 4728 1647 4798 poenitentia
1690 4743 1825 4798 opus
1877 4743 1984 4784 non

407 4830 629 4891 habere,
661 4834 717 4882 et
752 4835 933 4881 tamen
966 4839 1073 4878 non
1102 4827 1279 4891 potest
1301 4820 1500 4875 munda
1528 4835 1647 4876 esse
1675 4834 1707 4875 a
1737 4828 1987 4891 peccato-

410 4937 531 4980 rum
572 4920 840 4982 sordibus,
873 4930 994 4987 quae
1032 4912 1234 4969 fontem
1280 4911 1610 4983 pmnitentirn
1640 4912 1987 4981 peccantibus

409 5013 622 5070 veniam
642 5010 886 5081 negando
910 5003 1212 5076 praecludit,
1229 5003 1355 5059 item
1375 5005 1649 5076 generatio
1661 5005 1987 5061 Arianorum

411 5103 654 5160 excelsos
679 5101 842 5157 habet
865 5097 1073 5162 oculos,
1095 5103 1151 5154 et
1166 5094 1451 5167 palpebras
1486 5110 1649 5166 super
1676 5096 1847 5151 Deum
1870 5113 1990 5154 crc—

413 5204 550 5263 ctas,
581 5195 859 5265 inquirens
895 5188 1022 5261 quid
1054 5187 1155 5242 fuit
1184 5194 1365 5251 antea,
1398 5194 1451 5239 et
1476 5188 1603 5255 quia
1636 5186 1735 5242 lbit
1777 5194 1986 5257 tempus

413 5286 626 5356 quando
656 5300 759 5340 non
805 5282 903 5338 fuit
945 5281 1105 5346 (ilius,
1135 5276 1223 5337 vel
1251 5292 1371 5346 quae
1414 5286 1494 5333 est
1541 5277 1775 5350 Spiritus
1818 5279 1992 5335 sancti

413 5384 654 5445 potestas
676 5375 898 5445 aequalis
935 5374 1230 5445 inaequalis.
1258 5374 1391 5430 ltem
1429 5374 1703 5445 generatio
1744 5388 1865 5443 qua:
1891 5388 1991 5442 pro

422 5468 668 5525 dentibus
689 5466 896 5536 gladios
919 5465 1101 5531 habet,
1116 5465 1205 5519 illa
1220 5472 1302 5520 est
1319 5464 1680 5534 congregatio,
1700 5478 1818 5535 qua:
1839 5478 1991 5517 suam

416 5555 699 5627 perﬁdiam
727 5556 889 5609 etiam
919 5556 1045 5638 aliis
1066 5557 1316 5611 intimare
1341 5554 1554 5624 satagit,
1597 5563 1649 5609 et
1691 5554 1829 5608 sicut
1874 5569 1992 5609 cor-

415 5659 546 5716 pora
573 5646 748 5701 solent
774 5647 967 5718 gladiis
990 5647 1182 5713 sterni,
1211 5648 1284 5701 ita
1307 5646 1514 5699 animas
1542 5646 1870 5700 audientium
1897 5660 1992 5700 vc-

2040 459 2339 515 contendit.

2108 556 2451 628 Sanguisuga:
2473 556 2592 610 dua:
2614 565 2734 609 sunt
2769 554 2927 624 ﬁlim,
2954 553 3180 608 dicentes
3211 567 3229 607 :
3263 554 3437 623 A/fer,
3461 554 3613 624 aﬂ'er.

2039 650 2375 718 Sanguisuga
2402 654 2486 702 est
2528 647 2790 712 diabolus,
2817 646 2908 715 qui
2953 646 3041 701 siti
3086 647 3344 717 peccandi
3384 662 3471 701 ac.
3495 663 3619 716 pec—

2037 747 2160 794 cata
2181 738 2443 794 suadendi
2470 737 2807 793 incessanter
2825 737 3161 792 accenditur.
3190 736 3326 792 Huic
3350 738 3470 792 dua:
3495 747 3622 793 sunt

2039 826 2183 890 ﬁlim,
2205 827 2331 896 quia
2359 826 2477 880 duae
2498 825 2804 895 specialiter
2827 826 3049 881 humani
3085 828 3299 897 generis
3332 828 3620 892 illecebrae,

2042 916 2188 971 hunc
2239 915 2446 983 antiqui
2501 915 2673 970 hostis
2718 913 3004 987 [animum]
3045 916 3344 982 imitantur,
3390 932 3515 971 nam
3568 926 3623 971 et

2041 1004 2267 1059 luxuria:
2295 1018 2401 1072 quo
2433 1002 2655 1058 liberius
2696 1001 2848 1058 frena
2894 1003 3166 1071 laxantur,
3211 1021 3277 1061 eo
3314 1007 3509 1062 noxius
3534 1008 3627 1063 de-

2041 1096 2290 1161 lectatur,
2321 1104 2398 1160 et,
2439 1093 2580 1149 sicut
2609 1091 2829 1162 quidam
2861 1094 2937 1147 ait
2959 1102 3238 1163 poetarum
3257 1136 3273 1161 ,

2167 1226 2353 1279 Crescit.
2374 1237 2505 1275 amor
2532 1223 2711 1273 nummi
2736 1207 2977 1286 quantum
2993 1227 3095 1287 ipsa
3114 1226 3319 1288 pecunia
3341 1226 3539 1276 crescit.
3614 1202 3619 1211 ’

2121 1369 2248 1423 Tria
2270 1378 2390 1437 sunt
2411 1365 2867 1433 insaturabilia,et
2895 1377 3140 1440 quartum
3162 1370 3301 1441 quod
3326 1385 3429 1423 non
3458 1369 3585 1422 dicit
3611 1384 3629 1423 :

2051 1463 2274 1534 Sufficit.
2313 1460 2585 1528 Infernus,
2612 1468 2661 1512 et
2691 1474 2748 1513 os
2776 1460 2960 1522 vulva’,
2988 1472 3035 1514 et
3063 1471 3221 1526 terra,
3250 1478 3365 1531 quin
3406 1478 3513 1515 non
3552 1478 3632 1514 sa-

2049 1554 2211 1608 tiatur
2241 1568 2402 1623 aqua,
2426 1553 2561 1621 ignis
2604 1566 2720 1604 vero
2772 1567 2876 1605 non
2914 1553 3041 1606 dicit
3071 1567 3089 1604 :
3122 1551 3338 1623 Sufﬁcit.
3388 1551 3634 1607 lnl'ernus

2050 1658 2327 1714 nunquam
2373 1642 2679 1699 redundat:
2708 1645 2964 1700 meretrix
3007 1644 3257 1699 similiter
3291 1644 3466 1699 vicina
3495 1645 3631 1715 ejus,

1983 1736 2029 1794 B
2057 1750 2254 1806 corpus
2289 1749 2397 1789 non
2447 1737 2680 1792 satiatur
2724 1737 2960 1801 deliciis;
3008 1744 3062 1791 et
3116 1752 3309 1790 avarus
3359 1751 3635 1806 nunquam

2054 1827 2206 1894 dicit,
2237 1826 2461 1898 Suﬂicit.
2493 1826 2720 1895 Quidam
2753 1828 3027 1884 infernum
3067 1828 3494 1898 interpretantur
3517 1829 3637 1884 dia-

2053 1918 2257 1985 bolum,
2284 1919 2375 1987 qui
2407 1918 2778 1977 insaturabilis
2807 1920 2878 1976 sit
2907 1920 2973 1973 de
3014 1919 3328 1974 seductione
3368 1919 3637 1984 humana;

2056 2023 2118 2064 os
2144 2007 2315 2063 vulvae
2339 2015 2396 2064 et
2419 2016 2621 2065 terram
2652 2025 2771 2081 qua:
2797 2025 2904 2064 non
2927 2009 3157 2064 satiatur
3177 2024 3340 2079 aqua,
3355 2017 3416 2062 ut
3436 2024 3635 2079 supra;

2058 2101 2237 2171 ignem
2265 2101 2356 2169 qui
2388 2114 2495 2155 non
2534 2101 2682 2164 dicit,
2730 2098 2964 2169 Sufﬁcit,
3006 2098 3314 2153 incendium
3360 2099 3640 2168 gehennae,

2060 2192 2201 2261 quod
2228 2207 2500 2261 nunquam
2525 2191 2758 2256 desinat,
2796 2189 2890 2244 sed
2934 2204 3028 2244 eos
3065 2190 3156 2259 qui
3198 2190 3436 2258 peccatis
3481 2190 3644 2244 linem

2060 2299 2260 2357 ponere
2290 2282 2579 2338 noluerunt
2607 2281 2819 2336 infinito
2849 2281 3043 2336 ardore
3070 2282 3371 2334 comburat.

2136 2375 2360 2431 Oculum
2384 2376 2474 2446 qui
2508 2375 2796 2430 subsannat
2835 2384 3035 2444 patrem
3072 2382 3120 2426 et
3173 2371 3389 2443 despicit
3437 2380 3648 2442 partum

2063 2471 2246 2525 matris
2274 2485 2405 2534 sum,
2426 2469 2677 2538 e/fodiant
2705 2468 2842 2523 corvi
2872 2467 2936 2522 de
2961 2467 3275 2521 torrentibus
3299 2477 3346 2520 et
3372 2466 3647 2521 comedunt

2064 2560 2215 2615 illum
2240 2560 2340 2631 filii
2362 2560 2576 2633 aquilw.
2605 2559 2852 2615 Perversi
2876 2560 3003 2614 dum
3036 2560 3215 2614 divina
3235 2559 3440 2629 judicia
3468 2574 3649 2628 repre-

2066 2657 2328 2723 hendunt,
2371 2655 2705 2711 subsannant
2747 2663 2988 2724 patrem;
3037 2662 3093 2707 et
3138 2652 3362 2722 quilibet
3408 2650 3649 2706 haeretici

2067 2749 2198 2805 dum
2221 2747 2658 2819 praedicationem
2690 2755 2892 2802 sanctae
2922 2745 3173 2800 Ecclesiae
3200 2742 3497 2799 deridendo
3525 2757 3651 2797 con-

2067 2848 2334 2905 temnunt,
2365 2848 2581 2910 partum
2635 2839 2826 2893 matris
2879 2837 3202 2906 deSpiciunt,
3253 2834 3379 2907 quia
3422 2835 3490 2889 de
3539 2834 3650 2903 ipsa

2069 2940 2290 2995 exeunt,
2324 2931 2415 2999 qui
2444 2937 2634 2984 contra
2664 2929 2840 2999 ipsum
2869 2927 3187 2996 loquuntur.
3229 2924 3315 2979 Ea:
3355 2924 3525 2989 nobis,
3575 2924 3653 2976 in-

2073 3021 2211 3093 quit,
2235 3021 2490 3085 exierunt,
2519 3020 2610 3074 sed
2632 3035 2735 3074 non
2757 3028 2907 3074 erant
2936 3035 2999 3073 ea:
3022 3018 3185 3076 nobis.
3216 3015 3457 3082 Quorum
3484 3016 3654 3069 inten-

1477 3096 1700 3151 Domine
1716 3136 1731 3161 ,
1760 3111 1866 3149 non
1892 3102 1966 3148 est

2077 3084 2281 3167 tionem
2306 3113 2433 3166 dum
2474 3111 2857 3181 praedicatores
2878 3108 3130 3164 catholici
3157 3108 3223 3162 de
3251 3105 3651 3175 Scripturarum

2074 3202 2378 3257 divinarum
2393 3200 2609 3257 ﬂuentis
2622 3201 2976 3270 procedentes
2997 3200 3324 3269 increpando
3348 3197 3651 3264 revincunt,

2074 3291 2229 3361 quasi
2274 3291 2486 3346 oculum
2536 3290 2824 3346 nefandum
2860 3290 3008 3345 corvi
3049 3290 3116 3345 de
3157 3288 3485 3344 torrentibus
3522 3286 3656 3343 επεν

2074 3382 2250 3436 diunt.
2279 3381 2347 3435 Et
2373 3380 2474 3450 ﬁlii
2501 3381 2692 3453 aquilis
2720 3381 3014 3436 comedunt.
3046 3379 3206 3435 Corvi
3240 3381 3439 3435 etenim
3465 3394 3657 3434 vocan-

2078 3479 2166 3526 tur
2207 3472 2457 3528 doctores
2496 3473 2690 3539 sancti,
2738 3473 2865 3542 quia
2916 3487 3012 3543 per
3064 3471 3383 3527 humilitatis
3426 3471 3657 3542 gratiam

2076 3563 2285 3634 peccati
2318 3563 2372 3617 in
2421 3578 2481 3619 se
2524 3562 2859 3635 nigredinem
2913 3560 3272 3627 conﬁtentur;
3333 3559 3435 3628 ﬁlii
3478 3567 3659 3613 autem

2079 3653 2292 3723 aquilw,
2316 3654 2441 3723 quia
2489 3668 2587 3725 per
2632 3653 2859 3725 gratiam
2916 3651 3033 3721 ejus
3078 3658 3205 3706 sunt
3247 3650 3443 3714 renati,
3471 3649 3565 3719 qui
3607 3649 3661 3701 in

2080 3745 2266 3800 habitu
2302 3753 2595 3814 assumpta:
2620 3743 2971 3799 humanitatis
2999 3742 3065 3796 ad
3108 3739 3354 3796 coelestia
3410 3747 3659 3795 transvo-

2081 3833 2212 3888 lavit
2236 3850 2252 3888 :
2278 3831 2421 3887 unde
2446 3842 2502 3888 et
2526 3832 2652 3886 alibi
2679 3832 2772 3887 lilii
2801 3830 2983 3902 sponsi
3009 3829 3365 3901 appellantur.

2161 3925 2288 3979 Tria
2314 3935 2437 3980 sunt
2465 3924 2715 3995 difﬁcilia
2761 3923 2911 3991 mihi,
2938 3932 2986 3975 et
3013 3930 3259 3993 quartum
3288 3917 3427 3988 quod
3454 3917 3660 3987 penitus

2083 4016 2475 4088 ignoro:viam
2532 4013 2725 4085 aquilae
2776 4014 2830 4067 in
2866 4011 3013 4076 caelo,
3066 4012 3203 4064 viam
3257 4008 3461 4062 colubri
3508 4021 3663 4078 super

2088 4114 2314 4170 terram,
2347 4104 2485 4158 viam
2526 4104 2669 4157 navis
2713 4102 2769 4156 in
2796 4100 2968 4155 medio
3011 4100 3197 4165 maris,
3239 4108 3286 4152 et
3318 4098 3454 4151 viam
3483 4096 3584 4149 viri
3609 4095 3663 4149 in

2085 4196 2444 4252 adolescentia
2495 4212 2615 4249 sua.
2678 4194 2947 4261 Quantum
2996 4194 3064 4248 ad
3106 4192 3390 4247 historiam
3459 4188 3534 4247 ita
3582 4194 3665 4247 εει

2087 4294 2148 4341 ut
2178 4285 2437 4354 scriptum
2467 4290 2572 4351 est,
2625 4285 2717 4338 sed
2765 4283 2893 4353 quia
2942 4298 3038 4352 per
3088 4280 3371 4352 parabolas
3398 4280 3659 4353 loquitur,

2086 4377 2175 4431 via
2209 4376 2401 4447 aquila:
2430 4374 2483 4430 in
2509 4374 2649 4431 coelo
2679 4372 2893 4430 diliicile
2932 4372 3224 4436 invenitur,
3266 4374 3369 4427 hoc
3396 4380 3504 4439 est,
3535 4373 3664 4428 sub-

2090 4468 2255 4524 tilitas
2284 4466 2516 4533 inimici,
2559 4482 2667 4536 qua
2694 4466 2839 4522 circa
2884 4463 3185 4520 cmlestium
3212 4462 3454 4517 virorum
3500 4462 3663 4518 corda

2086 4556 2277 4614 volitat
2301 4571 2495 4626 magno
2525 4571 2651 4610 cum
2698 4555 2880 4610 labore
2918 4552 3361 4624 deprehenditur.
3400 4551 3665 4607 Similiter

2087 4653 2144 4699 et
2168 4644 2254 4699 via
2308 4643 2518 4699 colubri
2569 4657 2732 4713 super
2759 4654 2985 4707 terram,
3018 4644 3073 4697 id
3102 4651 3207 4708 est,
3237 4640 3458 4697 astutiae
3488 4643 3665 4697 hostis

2089 4737 2344 4793 venenati
2370 4734 2567 4805 quibus
2616 4736 2862 4792 insidiari
2888 4750 2996 4792 nou
3049 4735 3247 4791 desinit
3293 4733 3396 4799 eis,
3448 4749 3588 4803 quos
3609 4734 3663 4788 in

2089 4835 2243 4899 petra
2298 4827 2424 4882 lidei
2470 4826 2725 4883 fundatus
2776 4840 2896 4883 esse
2947 4827 3233 4897 conspicit,
3285 4840 3387 4881 nec
3444 4841 3553 4880 non
3611 4833 3664 4879 et

2088 4918 2175 4972 via
2210 4917 2386 4984 navis,
2430 4916 2486 4970 in
2533 4917 2712 4973 medio
2760 4918 2923 4982 mari,
2971 4916 3078 4975 hoc
3103 4927 3205 4981 est,
3239 4918 3328 4972 via
3358 4916 3662 4985 iniquitatis

2089 5022 2208 5079 quae
2237 5020 2333 5077 per
2360 5022 2574 5062 amaras
2620 5005 2803 5062 saeculi
2830 5005 2990 5077 hujus
3019 5007 3210 5070 undas,
3257 5006 3663 5060 immundorum

2089 5095 2373 5166 spirituum
2396 5093 2612 5152 ﬂatibus
2641 5096 2894 5168 agitatas,
2946 5106 3099 5152 tanta
3126 5097 3431 5153 subtilitate
3459 5096 3667 5151 discur-

2092 5186 2201 5250 rit,
2234 5193 2292 5239 ut
2320 5185 2405 5240 vel
2430 5186 2520 5240 vix
2545 5184 2631 5241 vel
2662 5186 2962 5243 nullatenus
3009 5186 3126 5257 ejus
3153 5187 3325 5259 possit
3350 5187 3454 5241 iter
3477 5186 3667 5256 depre-

2094 5276 2274 5330 hendi.
2302 5274 2436 5329 Nam
2465 5277 2610 5347 quod
2644 5277 2823 5347 aquila
2876 5277 3168 5349 malignum
3207 5278 3421 5333 hostem
3460 5272 3667 5347 signiti-

2095 5374 2182 5422 cet
2233 5375 2461 5423 testatur
2516 5368 2800 5439 propheta,
2842 5371 2937 5441 qui
2963 5371 3080 5426 ait:
3125 5368 3414 5426 Velociores
3449 5368 3664 5440 [uerunt

2095 5467 2447 5531 persecutores
2483 5461 2648 5515 nostri
2699 5462 2893 5535 aquilis
2946 5463 3060 5517 casti
3105 5462 3321 5534 (Thren.
3345 5460 3447 5534 Iv),
3476 5460 3532 5514 id
3559 5464 3663 5524 est,

2095 5549 2340 5605 homines
2363 5549 2454 5619 qui
2482 5566 2580 5607 nos
2615 5556 2888 5623 persecuti
2939 5563 3083 5618 sunt,
3114 5562 3227 5611 tam
3270 5553 3398 5609 saevi
3423 5551 3664 5614 fuerunt,

2096 5648 2157 5697 ut
2210 5640 2340 5711 ipsis
2384 5640 2740 5717 daemonibus,
2765 5645 3097 5703 crudeliores
3149 5661 3270 5703 esse
3321 5645 3658 5701 viderentur.
