3962 6198
245 303 344 358 777

993 287 1352 348 EXPOSI'I'IO
1386 287 1454 344 IN
1492 282 1883 343 PROVERBIA
1923 279 2335 339 SALOHONIS.
2376 308 2445 321 --
2482 277 2612 337 LIB.
2653 278 2740 336 III.

3411 271 3515 332 778

244 410 400 480 Quod
432 364 659 465 coluber
703 403 976 461 diabolum
1008 417 1151 474 saepe
1196 401 1457 465 insinuet,
1482 406 1551 456 ‘et
1586 398 1640 454 in
1664 395 1826 469 primi
1858 398 1904 459 Α
1934 409 2069 458 rem,
2119 401 2176 448 et
2217 391 2554 448 herinaceum
2582 406 2612 447 a
2647 396 2842 447 sancto
2880 386 3208 458 Hieronymo
3250 384 3520 457 interpre-

245 498 487 559 hominis
526 494 963 568 transgressione
1020 491 1310 563 probatum
1359 498 1464 553 est,
1490 499 1549 545 et
1592 502 1716 543 cum
1749 485 1832 539 vir

244 594 471 664 sapiens
526 588 727 652 aiebat,
781 585 934 658 quasi
958 600 991 637 a
1018 582 1156 653 facie
1182 580 1384 648 colubri
1412 580 1534 651 fuge
1560 586 1830 645 peccatum

247 681 445 756 (Eccli.
478 680 617 746 xxi).
648 676 811 732 Navis
836 689 1074 746 quoque,
1112 672 1257 743 quod
1284 671 1560 727 levitatem
1585 667 1837 756 designet

248 755 442 831 eorum
477 770 571 842 qui
622 764 1080 823 circumferuntur
1125 761 1275 818 omni
1339 768 1501 815 vento
1547 755 1832 817 doctrinae,

250 869 592 924 demonstrat
639 861 905 932 propheta
933 859 1027 928 qui
1056 857 1136 913 ait
1164 874 1177 911 :
1206 856 1277 910 Et
1309 853 1587 910 Chaldwos
1611 852 1667 908 in
1693 850 1840 906 naui-

252 958 348 1013 bus
390 956 505 1010 suis
549 950 840 1024 gloriantes
868 947 1004 1021 (lsa.
1038 946 1216 1019 mu),
1257 946 1359 1001 hoc
1387 952 1495 1003 est.
1529 941 1840 998 immundos

252 1050 478 1125 spiritus
502 1047 568 1103 de
607 1043 898 1116 fragilitate
927 1049 1089 1112 atque
1128 1037 1482 1095 instalulitate
1515 1033 1724 1125 mentis
1737 1031 1842 1085 hu-

255 1123 432 1197 mana
455 1151 576 1194 sese
597 1133 939 1198 extollentes,
976 1140 1025 1186 et
1047 1131 1113 1186 de
1144 1129 1292 1185 illius
1317 1144 1474 1182 ruina
1500 1124 1653 1199 quasi
1680 1123 1845 1179 uicto-

257 1246 339 1287 res
368 1228 630 1283 lctantes.
664 1224 819 1280 Sicut
846 1238 977 1295 ergo
1023 1222 1113 1277 illa
1148 1228 1257 1276 tam
1285 1218 1480 1276 callida
1515 1224 1644 1274 sunt
1670 1225 1732 1271 ut
1760 1216 1843 1268 in-

257 1322 431 1378 veniri
481 1328 775 1393 nequeant,
822 1319 913 1374 sic-
928 1316 1264 1380 adolescens,
1293 1314 1383 1384 qui
1426 1313 1571 1367 viam
1599 1308 1847 1364 veritatis

261 1413 522 1479 deseruit,
580 1409 798 1467 dillicile
837 1408 1076 1480 cogitatu
1114 1414 1221 1470 est,
1271 1419 1381 1476 quo
1429 1419 1489 1458 se
1534 1416 1630 1472 per
1654 1412 1846 1455 omnes
1890 1442 1897 1447 .

264 1507 449 1571 horas,
480 1505 536 1558 in
559 1510 693 1573 quot
734 1501 1118 1573 cogitamenta,
1145 1511 1338 1553 vecors
1365 1508 1500 1566 vaga
1528 1499 1711 1548 mente
1758 1489 1850 1544 de-

264 1596 448 1653 cliuet.

1936 494 2130 543 talum.

2008 573 2201 645 Regem
2248 570 2453 627 locusta
2504 586 2610 627 non
2655 569 2829 636 habet,
2878 578 2927 624 et
2973 567 3241 639 egreditur
3279 569 3522 624 universa

1935 682 2030 738 per
2053 674 2276 720 turmas.
2332 664 2627 719 Locustam
2668 663 2887 733 quidam
2918 659 3161 733 gentium
3188 658 3403 728 plebem
3434 658 3518 713 in-

1938 762 2329 824 terpretantur,
2373 768 2493 823 quae
2521 753 2791 823 quondam
2823 752 2943 808 sine
2989 764 3137 822 rege,
3174 748 3227 805 id
3277 759 3362 803 est
3403 748 3523 803 sine

1937 844 2176 910 Christo,
2198 844 2316 900 sine
2337 845 2620 915 propheta,
2644 843 2762 898 sine
2789 842 3014 898 doctore
3042 840 3306 903 existens,
3334 855 3441 895 non
3470 839 3525 894 in

1940 933 2203 988 unitatem
2251 932 2379 988 ﬁdei
2430 942 2759 1005 congregata
2814 933 2883 988 ad
2941 932 3246 1002 spiritalem
3291 945 3529 1004 pugnam

1942 1032 2131 1079 contra
2159 1015 2436 1079 diabolum
2480 1032 2758 1096 properat.
2794 1023 2981 1080 Potest
3023 1032 3206 1078 autem
3235 1022 3291 1078 in
3319 1022 3525 1078 locusta

1943 1117 2396 1172 auachoretarum
2449 1130 2680 1173 concors
2739 1116 2922 1172 unitas
2973 1115 3168 1186 accipi,
3222 1129 3346 1186 qua:
3397 1129 3522 1172 cum

1946 1206 2166 1262 homine
2190 1215 2526 1278 praeceptore
2554 1206 2701 1263 nullo
2744 1208 2799 1262 in
2845 1206 2960 1262 suis
2998 1204 3239 1273 latibulis
3287 1214 3530 1278 regatur,

1947 1298 2271 1371 infatigabili
2304 1309 2485 1356 tamen
2533 1300 2793 1356 instantia
2847 1301 2904 1355 in
2955 1299 3070 1355 suis
3127 1313 3354 1369 qumque
3398 1297 3536 1353 locis

1947 1387 2169 1445 Christo
2200 1390 2454 1455 militare,
2483 1400 2539 1446 et
2579 1390 2720 1446 male
2747 1390 3066 1461 pullulantia
3101 1390 3411 1446 carnalium
3438 1404 3538 1446 vo-

1948 1480 2215 1552 luptatum
2243 1482 2489 1553 germina
2511 1483 2797 1538 consuevit
2825 1483 3132 1539 absumere.

2022 1571 2204 1627 Stellio
2229 1571 2472 1628 manibus
2495 1573 2704 1639 nititur,
2733 1584 2783 1629 et
2806 1583 3049 1629 moratur
3066 1575 3124 1629 in
3149 1574 3350 1630 adibus
3381 1575 3535 1645 regis.

335 1703 406 1759 Et
432 1702 556 1758 talis
572 1711 647 1758 est
676 1712 723 1757 et
747 1702 831 1757 ria
858 1697 1096 1754 mulieris
1110 1696 1518 1766 adultertc,quaz
1548 1688 1771 1746 comedit
1800 1696 1848 1742 et

1980 1660 2142 1717 Stellio
2189 1662 2280 1731 qui
2340 1662 2592 1718 manibus
2643 1663 2856 1729 nititur,
2905 1664 3035 1734 quia
3072 1663 3344 1738 nimirum
3398 1664 3533 1761 alas:

266 1797 414 1867 tergit
446 1812 504 1849 os
541 1810 697 1848 suum
723 1802 770 1847 et
808 1792 937 1846 dicit
966 1804 984 1843 :
1021 1789 1147 1844 Non

268 1888 539 1962 Adultera:
559 1901 775 1958 quoque
797 1900 972 1951 mens,
1001 1884 1054 1939 in
1082 1878 1491 1938 similitudinem
1519 1890 1707 1933 eorttm
1731 1888 1852 1943 qua:

269 1978 711 2035 commemoravit
726 1975 995 2047 superius,
1014 1971 1281 2029 instabilis
1296 1981 1509 2038 semper
1522 1973 1577 2020 et
1590 1978 1724 2035 vaga
1735 1968 1818 2017 est
1834 1977 1849 2025 ;

269 2084 389 2140 «pta:
420 2069 514 2122 ubi
554 2067 849 2122 admissum
882 2061 1233 2136 turpitudinis
1257 2074 1369 2117 suae
1392 2058 1573 2115 celare
1593 2053 1853 2126 potuerit,

271 2167 431 2230 negat
459 2173 520 2214 se
558 2156 763 2228 aliquid
783 2164 1026 2228 patrasse
1051 2153 1328 2210 facinoris.

343 2268 593 2336 Quatuor
630 2276 752 2323 sunt
778 2267 997 2322 minima
1043 2275 1219 2327 terra',
1255 2275 1304 2319 et
1353 2266 1466 2335 ipsa
1494 2271 1616 2317 sunt
1645 2261 1855 2331 sapien~

273 2359 409 2414 tiara
454 2357 800 2429 sapientibus.
858 2355 1093 2411 Minores
1147 2355 1399 2410 videntur
1444 2353 1500 2408 in
1538 2361 1685 2406 terra
1714 2362 1861 2419 stupe

273 2449 398 2506 iusti
456 2465 619 2519 quam
668 2448 905 2519 reprobi,
968 2447 1021 2501 id
1072 2454 1175 2511 est,
1242 2445 1579 2510 humiliores,
1618 2450 1674 2497 et
1735 2440 1864 2496 huic

277 2542 481 2597 mundo
514 2540 858 2611 abjectiorcs,
890 2539 985 2595 sed
1029 2548 1207 2593 tamen
1232 2537 1592 2608 sapientiores
1620 2542 1745 2590 sunt
1767 2548 1860 2590 οι-
1884 2604 1887 2605 ν
1914 2587 1919 2592 .

276 2631 553 2702 pientibus
581 2629 787 2696 mundi,
815 2629 869 2683 in
898 2644 963 2684 eo
985 2629 1129 2699 quod
1157 2636 1360 2683 aeterna
1381 2636 1436 2683 et
1456 2626 1699 2682 coelestia
1719 2625 1863 2682 bona

280 2722 517 2792 sapiunt,
546 2736 610 2776 ac
640 2734 739 2791 pro
773 2720 858 2775 his
889 2719 1226 2790 appetendis,
1258 2733 1379 2789 quae
1409 2717 1485 2772 illi
1509 2733 1614 2771 non
1640 2726 1863 2783 norunt,

279 2812 507 2868 adversa
542 2826 771 2882 qumque
789 2811 967 2866 saeculi
1007 2810 1222 2865 fortiter
1254 2809 1367 2880 pati
1405 2808 1734 2865 desiderant.

352 2923 640 2990 Formiae,
662 2923 886 2995 populus
914 2923 1154 2993 inﬁrmus
1189 2924 1278 2995 qui
1302 2932 1571 2995 prteparat
1618 2924 1673 2978 in
1701 2939 1866 2978 messe

283 3014 456 3069 cibum
510 3014 629 3068 sibi.
672 3013 739 3069 Et
786 3013 1043 3070 Ecclesia:
1076 3015 1327 3086 populus,
1382 3024 1445 3070 ut
1492 3014 1864 3070 fortitudinem
1921 3012 1925 3017 ⁷

287 3104 484 3160 mentis
508 3104 799 3171 custodiat,
852 3105 1126 3160 inﬁrmum
1170 3121 1230 3161 sc
1278 3106 1652 3177 temporaliter
1677 3106 1870 3161 adver-
1901 3109 1945 3174 ί]

286 3195 446 3251 sariis
497 3195 851 3251 saevientibus
888 3197 1148 3261 ostendit,
1200 3195 1426 3252 Domino
1475 3212 1575 3267 per
1624 3196 1871 3267 Evange—

287 3286 418 3342 lium
455 3287 671 3343 dicente
703 3286 859 3359 :Ego
907 3298 1082 3342 autem
1132 3288 1250 3343 dico
1305 3288 1446 3343 uobis
1486 3306 1592 3343 non
1633 3289 1873 3343 resistere

288 3380 467 3447 uutlo;
491 3380 584 3435 sed
634 3381 681 3436 si
720 3381 837 3452 quis
867 3389 916 3435 te
948 3381 1264 3451 percusserit
1292 3381 1348 3434 in
1394 3380 1611 3434 dextera
1650 3377 1873 3433 maxilla

290 3481 406 3535 tua,
432 3470 605 3541 prabe
624 3469 704 3524 illi
736 3480 785 3525 et
810 3470 1032 3524 alterum
1055 3467 1274 3540 (Matth.
1313 3468 1389 3540 v).
1423 3468 1524 3536 Qui
1550 3468 1601 3523 in
1633 3468 1734 3522 hac
1764 3466 1872 3522 vita

291 3570 567 3634 pmparat
586 3561 689 3618 sibi
720 3561 927 3618 fructus
953 3561 1216 3616 bonorum
1240 3575 1495 3633 Operum,
1548 3559 1748 3628 quibus
1795 3555 1876 3610 vi-

296 3663 406 3708 tam
432 3660 712 3709 mereatur
736 3653 936 3709 habere
958 3665 1275 3723 perennem.

363 3763 717 3836 Lepusculus,
764 3763 908 3833 plebs
952 3761 1212 3827 invalida,
1265 3759 1357 3831 qui
1405 3757 1626 3813 collocat
1648 3758 1705 3812 in
1730 3765 1880 3827 petra

297 3856 465 3912 cubile
489 3871 668 3911 suum.
700 3855 767 3911 Et
812 3855 903 3912 hic
921 3854 1132 3925 plebem
1177 3850 1435 3908 Ecclesia;
1466 3849 1730 3921 designat,
1759 3861 1880 3917 qua.-

297 3949 533 4006 invalida
572 3949 812 4016 dicitur,
844 3947 932 4004 vel
987 3947 1137 4018 quia,
1167 3954 1228 4002 ut
1256 3959 1419 4015 supra
1466 3942 1726 4005 diximus,
1751 3952 1884 3994 suas

296 4040 535 4112 injurias
580 4040 768 4097 ulcisci
800 4041 916 4111 ipsa
941 4054 1050 4094 non
1090 4037 1305 4108 quierit,
1337 4033 1424 4090 vel
1457 4032 1584 4104 quia
1609 4031 1725 4087 suis
1754 4029 1883 4084 viri—

293 4133 403 4190 bus
437 4131 516 4188 nil
546 4131 736 4195 ﬁdere,
786 4132 882 4187 sed
906 4130 961 4185 in
989 4128 1193 4185 auxilio
1235 4124 1613 4196 Redemptoris
1634 4121 1718 4179 sui
1740 4120 1885 4177 salu-

296 4229 411 4279 teut
446 4238 673 4293 sperare
706 4222 914 4286 didicit,
957 4222 1143 4278 ethoc
1183 4228 1287 4285 est,
1326 4218 1473 4273 illam
1503 4214 1680 4273 cubile
1710 4213 1763 4268 in
1791 4227 1888 4283 pe-

296 4320 386 4368 tra
420 4311 717 4377 collocare,
752 4316 910 4383 cujus
955 4310 1215 4381 praesidio
1250 4309 1510 4364 adversos
1538 4305 1674 4362 vitet
1698 4305 1885 4360 incur-

1875 1756 1923 1815 B
1950 1751 2147 1824 quibus
2172 1751 2402 1818 feratur,
2431 1769 2538 1809 non
2566 1754 2754 1819 habet,
2780 1764 2838 1810 et
2872 1736 3120 1811 moratur
3142 1755 3196 1810 in
3220 1755 3428 1812 aedibus
3453 1736 3538 1811 re1

1957 1845 2061 1916 gis,
2092 1845 2311 1901 illorum
2366 1846 2639 1918 signiﬁcat
2682 1846 3066 1913 humilitatem,
3114 1848 3210 1918 qui
3260 1862 3383 1903 cum
3430 1847 3543 1903 sint

1950 1939 2108 2008 juxta
2137 1945 2390 1994 naturam
2442 1938 2583 1994 tardi
2634 1937 2867 2010 ingenio,
2910 1939 3129 1995 solertia
3178 1949 3357 1995 tamen
3388 1937 3544 1994 indu-

1959 2028 2108 2083 stria:
2154 2042 2288 2092 suae,
2340 2026 2426 2083 vel
2476 2027 2544 2081 ad
2592 2027 2899 2083 divinarum
2938 2024 3187 2083 notitiam
3228 2025 3542 2098 Scriptura-

1886 2188 1893 2192 .
1962 2134 2084 2173 rttm
2110 2118 2197 2173 vel
2225 2118 2293 2173 ad
2319 2117 2582 2174 virtutum
2611 2119 2865 2190 gratiam,
2896 2119 3097 2190 quibus
3121 2118 3423 2190 ingressum
3456 2134 3543 2174 rc—

1961 2208 2053 2278 gni
2074 2207 2311 2264 caelestis
2331 2217 2666 2277 mereantur,
2689 2209 2979 2281 attingunt.
2995 2209 3323 2280 Plerumque
3337 2210 3537 2266 etenim

1964 2318 2093 2359 aves
2115 2320 2253 2375 quas
2278 2305 2346 2361 ad
2371 2305 2665 2361 volandum
2714 2321 2890 2378 penna
2921 2308 3167 2364 sublevat
3203 2307 3257 2362 in
3288 2308 3542 2378 vepribus

1966 2395 2226 2462 resident,
2262 2407 2316 2452 et
2341 2397 2544 2463 stellio,
2575 2398 2667 2469 qui
2714 2399 2784 2453 ad
2813 2398 3051 2455 volatum
3077 2413 3284 2471 pennas
3311 2415 3420 2455 non
3446 2401 3543 2456 ha—

1967 2485 2081 2552 bet,
2104 2488 2286 2543 nitens
2306 2488 2577 2554 manibus,
2608 2488 2753 2560 regis
2782 2488 3066 2545 aedilicium
3095 2497 3263 2544 tenet.
3296 2488 3431 2555 Quia
3464 2493 3546 2544 ni—

1969 2578 2168 2634 mirum
2191 2593 2333 2648 stepe
2356 2578 2624 2651 ingeniosi
2660 2578 2860 2649 quique
2887 2579 3015 2634 dum
3040 2592 3138 2648 per
3165 2578 3543 2651 negligentiam

1971 2678 2207 2741 torpent,
2238 2670 2290 2723 in
2348 2669 2535 2738 pravis
2585 2670 2798 2725 actibus
2840 2676 3146 2734 remanent,
3197 2676 3253 2725 et
3277 2667 3551 2738 simplices

1972 2780 2108 2836 quos
2127 2763 2328 2834 ingenii
2352 2777 2529 2835 penna
2556 2777 2664 2818 non
2704 2760 2924 2832 adjuvat
2949 2762 3018 2818 ad
3046 2761 3341 2818 obtinenda
3361 2759 3550 2817 aeterni

1892 2854 1907 2895 λι
1974 2854 2127 2927 regni
2156 2855 2358 2910 moenia
2391 2854 2567 2910 virtus
2588 2852 2927 2925 operationis
2948 2852 3114 2909 levat.

2049 2946 2172 3000 Tria
2185 2956 2305 3000 sunt
2316 2963 2435 3017 qua:
2447 2945 2573 3001 bene
2582 2945 2921 3018 gradiuntur,
2934 2955 2982 2999 et
2995 2953 3242 3017 quartum
3259 2944 3398 3016 quod
3413 2945 3554 2999 ince-

1975 3037 2051 3092 dit
2073 3036 2296 3108 feliciter
2308 3053 2326 3090 :
2344 3037 2445 3103 leo,
2468 3037 2784 3107 fortissimus
2801 3037 3104 3102 bestiarum,
3119 3037 3188 3091 ad
3202 3036 3397 3091 nullius
3409 3045 3558 3107 pavet

1979 3144 2256 3183 occursum
2280 3147 2300 3194 ;
2328 3126 2502 3200 gallus
2545 3128 2842 3183 succinctus
2890 3127 3092 3184 lumbos
3126 3145 3147 3195 ;
3187 3138 3236 3183 et
3264 3128 3445 3193 aries;
3468 3143 3561 3183 nec

1974 3228 2052 3273 est
2076 3236 2169 3274 rex
2196 3221 2286 3290 qui
2341 3220 2547 3275 resistat
2576 3219 2643 3274 ei.
2676 3218 2794 3290 Ipse
2833 3219 2937 3275 hoc
2965 3218 3086 3275 loco
3112 3219 3196 3275 leo
3222 3219 3463 3289 ponitur,
3492 3219 3560 3274 de

1974 3324 2084 3380 quo
2109 3310 2375 3380 scriptum
2402 3318 2486 3365 est
2518 3327 2532 3364 :
2577 3308 2714 3364 Vicit
2739 3310 2820 3365 leo
2856 3310 2922 3379 de
2949 3310 3087 3364 tribu
3118 3309 3263 3364 Juda
3285 3327 3305 3376 ;
3328 3310 3421 3381 qui
3452 3309 3561 3366 for-

1980 3399 2228 3456 tissimus
2259 3400 2555 3456 bestiarum
2577 3399 2799 3467 dicitur,
2827 3401 2955 3471 quia
2981 3402 3035 3456 in
3060 3401 3152 3457 illo
3183 3402 3288 3457 hoc
3314 3401 3458 3472 quod
3482 3402 3565 3456 in-
3665 3404 3674 3425 '

1978 3491 2197 3547 ﬁrmum
2225 3501 2311 3548 est
2331 3492 2448 3558 Dei,
2480 3491 2678 3549 fortius
2720 3501 2805 3548 est
2850 3492 3181 3549 hominibus.
3217 3491 3321 3561 Qui
3348 3492 3420 3547 ad
3445 3491 3566 3546 nul-

1978 3582 2081 3639 lius
2106 3594 2255 3655 pauet
2286 3600 2604 3652 occursum;
2628 3584 2763 3641 dicit
2786 3585 2931 3641 enim
2959 3599 2977 3640 :
3022 3583 3171 3641 Venit
3195 3587 3437 3657 princeps
3466 3585 3568 3641 Itu-

1969 3674 2066 3745 jus
2086 3675 2270 3729 mundi
2292 3685 2341 3731 et
2361 3677 2417 3730 in
2437 3691 2519 3731 me
2543 3692 2648 3731 non
2691 3674 2845 3731 habet
2872 3676 3160 3748 quidquam
3213 3674 3397 3748 (Joan.
3426 3676 3563 3747 ιιν).

1980 3762 2259 3820 —-—Gallus
2313 3766 2614 3821 succinctus
2670 3764 2895 3833 lumbos,
2928 3767 2983 3822 id
3020 3774 3125 3832 est,
3183 3766 3572 3837 praedicatores

1982 3856 2157 3913 sancti
2192 3855 2335 3912 inter
2357 3855 2520 3926 hujus
2548 3856 2727 3912 noctis
2777 3857 3030 3913 tenebras
3054 3870 3231 3912 verum
3254 3872 3407 3911 mane
3428 3872 3570 3911 nun-

1983 3947 2174 4002 tiantes
2200 3964 2220 4012 ;
2251 3946 2342 4017 qui
2374 3947 2637 4003 succincti
2659 3946 2873 4003 lumbos
2899 3954 3045 4012 sunt,
3072 3946 3199 4017 quia
3230 3955 3286 4002 et
3311 3947 3574 4003 membris

1987 4038 2109 4095 suis
2124 4038 2356 4094 luxuriae
2375 4037 2523 4095 lluxa
2566 4036 3028 4111 restringuunt.Et
3056 4038 3194 4092 aries
3218 4052 3238 4092 :
3260 4053 3352 4092 nec
3376 4050 3452 4092 est
3479 4053 3573 4093 rea;

1985 4132 2075 4203 qui
2110 4134 2316 4188 resistat
2346 4133 2414 4188 ei.
2441 4133 2613 4201 Quem
2650 4131 2814 4188 alium
2857 4132 2962 4188 hoc
3008 4131 3130 4188 loco
3173 4132 3397 4187 arietem
3429 4133 3575 4188 acci-

1985 4224 2166 4296 pimus
2190 4263 2207 4290 ,
2243 4223 2350 4279 nisi
2383 4225 2623 4294 primum
2651 4224 2795 4279 intra
2846 4222 3146 4280 Ecclesium
3196 4223 3443 4278 ordinem
3488 4237 3574 4278 sa-

1990 4315 2277 4370 cerdotum
2299 4315 2324 4369 ?
2348 4315 2417 4371 de
2437 4315 2635 4385 quibus
2662 4313 2926 4385 scriptum
2953 4322 3039 4370 est
3072 4332 3085 4368 :
3120 4313 3319 4384 Alfene
3350 4312 3575 4369 Domino

295 4419 418 4467 sus.
460 4402 692 4459 Domino
738 4403 952 4459 dicente
1003 4418 1128 4458 cum
1160 4394 1449 4456 Psalmista
1477 4417 1490 4453 =
1523 4398 1653 4453 Εειο
1678 4395 1884 4450 ηιίΙιίίη
1918 4460 1967 4480 η
1992 4408 2132 4480 filios
2155 4408 2381 4463 arietum
2435 4407 2610 4480 (Psal.
2658 4408 2874 4480 xxvm).
2923 4406 3025 4475 Qui
3058 4421 3155 4477 per
3203 4405 3447 4477 exempla
3477 4421 3573 4461 sua

296 4495 533 4567 lapidem
556 4494 907 4565 fortissimum
931 4502 980 4548 et
1013 4494 1069 4547 in
1090 4492 1306 4547 domum
1332 4489 1612 4553 munitum,
1636 4496 1692 4542 ut
1719 4485 1888 4541 solves

298 4604 407 4652 me,
429 4588 557 4659 quia
582 4596 733 4658 petra
758 4603 873 4641 mea
896 4595 945 4640 et
968 4584 1195 4639 munitio
1241 4598 1360 4637 mea
1409 4590 1467 4636 tu
1487 4598 1559 4636 es.
1590 4580 1699 4635 Pro
1741 4579 1892 4650 lepu-

301 4677 459 4734 sculo
506 4677 730 4746 antiqua
783 4675 1069 4732 translatio
1112 4672 1490 4745 cltgrogrillum
1549 4673 1752 4742 posuit.
1796 4670 1893 4725 Est

308 4778 491 4827 autem
540 4769 744 4825 animal
793 4784 903 4823 non
935 4767 1112 4839 majus
1157 4767 1347 4830 ericio,
1387 4766 1592 4820 habens
1637 4762 1893 4819 similitu-

305 4866 493 4922 dinem
520 4865 691 4919 muris
717 4873 773 4919 et
795 4863 932 4927 ursi,
969 4861 1124 4932 cujus
1151 4860 1207 4915 in
1258 4858 1556 4914 Palaestina:
1582 4855 1895 4928 regionibus

306 4975 507 5031 magna
544 4968 630 5014 est
659 4956 1010 5022 abundantia,
1059 4964 1384 5025 semperque
1426 4952 1481 5007 in
1510 4951 1760 5008 cavernis
1799 4964 1894 5019 pe—

310 5065 524 5110 trarum
561 5062 619 5106 et
666 5058 828 5106 terra:
858 5049 1030 5105 foveis
1057 5048 1307 5104 habitare
1335 5052 1751 5102 consueverunt.
1791 5043 1895 5098 No-

311 5141 650 5212 tandumque
672 5141 817 5210 quod
841 5141 895 5195 in
922 5134 1134 5211 psalmo
1159 5139 1255 5194 ubi
1304 5154 1406 5193 nos
1434 5137 1701 5202 canimus,
1735 5133 1899 5190 Petra

309 5233 577 5306 refugium
617 5232 931 5298 herinaceis,
980 5231 1034 5287 in
1060 5231 1383 5301 quibusdam
1423 5230 1723 5295 codicibus,
1757 5229 1901 5299 lepa-

312 5328 485 5392 ribus,
527 5327 581 5382 in
610 5326 936 5397 quibusdam
994 5324 1324 5399 cbyrogrillis
1374 5324 1652 5380 invenitur
1678 5341 1692 5377 :
1717 5323 1815 5378 sed
1842 5331 1899 5379 et

313 5418 368 5474 in
406 5418 511 5473 hac
535 5416 847 5473 Salomonis
873 5419 1143 5473 sententia
1173 5417 1418 5487 quaedam
1440 5415 1774 5486 exemplaria
1795 5429 1897 5486 pro

313 5507 586 5580 lepusculo
624 5508 960 5563 lterinaceum
998 5508 1218 5563 habent.
1263 5504 1396 5561 Nam
1431 5514 1489 5562 et
1526 5506 1578 5560 in
1619 5506 1756 5562 libro
1794 5504 1899 5560 Ile-

316 5599 588 5656 bratorum
642 5597 932 5654 Nomiuum
974 5597 1277 5652 invenimus
1315 5595 1458 5652 idem
1506 5596 1733 5652 verbum
1794 5593 1898 5650 Ile-

318 5691 524 5747 brmum
550 5689 775 5762 sapltan,
806 5690 861 5745 in
882 5688 1141 5753 Jeremia,
1170 5697 1226 5744 et
1250 5686 1646 5760 chgrogrillum,
1670 5695 1727 5742 et
1754 5684 1896 5756 lepo-

605 5786 878 5845 ΡΑτιιοι.
925 5783 1085 5847 CXI.

1918 4460 1968 4520 D

1994 4500 2333 4571 gradientem
2388 4501 2647 4572 populum
2701 4500 2858 4570 quasi
2918 4500 3337 4570 subsequentem
3391 4499 3574 4556 ovium

1998 4607 2221 4665 gregem
2252 4594 2499 4659 trahunt,
2523 4593 2722 4664 quibus
2769 4593 3087 4665 spiritaliter
3115 4603 3367 4665 recteque
3394 4594 3583 4651 viven-

1998 4684 2165 4751 tibus,
2190 4683 2370 4740 nullus
2406 4701 2501 4740 rex
2533 4684 2730 4741 sullicit
2759 4687 2982 4743 omnino
3010 4687 3285 4753 resistere,
3311 4686 3436 4758 quia
3463 4687 3572 4741 cui-

1998 4774 2131 4831 libet
2153 4786 2476 4847 persecutor
2500 4776 2702 4844 obviet,
2748 4777 3105 4837 intentionem
3130 4792 3318 4833 eorum
3362 4791 3468 4830 non
3494 4790 3573 4828 va-

1998 4866 2413 4937 letpracpedire.
2444 4867 2511 4922 Et
2536 4868 2662 4939 quia
2691 4876 2817 4939 post
2844 4868 2960 4924 htec
2994 4876 3174 4923 autem
3218 4864 3579 4921 Antichristus

2000 4959 2305 5030 apparebit,
2343 4959 2449 5015 hoc
2472 4967 2725 5029 quartum
2753 4959 3145 5016 subditdicens
3171 4975 3185 5012 :

2070 5049 2169 5104 Est
2193 5050 2284 5117 qui
2319 5049 2509 5104 stultus
2536 5050 2781 5120 apparuit
2802 5058 3077 5121 postquam
3102 5044 3271 5101 elatus
3302 5053 3376 5099 est
3407 5044 3462 5097 in
3497 5060 3581 5098 su-

2001 5143 2156 5198 blime
2177 5161 2196 5197 :
2231 5143 2278 5197 si
2306 5144 2445 5197 enim
2488 5142 2847 5207 intellexisset,
2879 5142 2960 5197 ori
2986 5140 3315 5212 imposuisset
3346 5154 3585 5192 manum.

2001 5235 2121 5308 lpse
2146 5234 2342 5305 quippe
2368 5234 2423 5289 in
2456 5234 2684 5289 sublime
2709 5233 3009 5291 elevabitur
3037 5247 3158 5289 cum
3177 5230 3348 5286 Deum
3376 5244 3435 5285 se
3463 5244 3585 5284 esse

2007 5325 2319 5381 mentietur.
2345 5322 2453 5380 Sed
2473 5324 2717 5380 elevatus
2736 5325 2790 5379 in
2813 5321 3044 5378 sublime
3068 5319 3264 5376 stultus
3283 5318 3586 5391 apparebit,

2011 5416 2139 5486 quia
2167 5414 2221 5470 in
2252 5415 2366 5485 ipsa
2394 5414 2629 5471 elatione
2650 5428 2748 5470 sua
2785 5427 2886 5484 per
2910 5412 3200 5468 adventum
3231 5411 3346 5466 veri
3379 5408 3583 5466 deﬁcit.

2013 5506 2239 5574 Quodsi
2261 5504 2616 5569 intellexisset,
2646 5505 2728 5560 ori
2752 5503 3080 5576 imposuisset
3123 5518 3356 5557 manum.
3389 5500 3448 5558 Id
3481 5511 3585 5570 est,

2011 5597 2058 5652 si
2107 5596 2427 5668 supplicium
2478 5611 2667 5661 suum,
2714 5611 2838 5652 cum
2876 5594 3158 5667 superbire
3200 5609 3429 5653 exorsus
3478 5592 3589 5659 esst,

2012 5688 2369 5761 prmvidisset,
2403 5688 2540 5744 bene
2587 5688 2879 5759 aliquando
2907 5687 3157 5744 conditus
3208 5687 3263 5743 in
3306 5694 3471 5743 tanta:
3501 5684 3615 5755 jac-

3073 5782 3151 5842 9.3
