3962 6198
362 291 465 348 770

1002 292 1355 366 il.JlABANl
1393 291 1613 350 MAI)!“
1650 292 1966 352 ARCIHEP.
2010 294 2318 355 MOGUNT.
2360 300 2646 359 OPERUH
2686 301 2864 363 PARS
2902 301 2989 358 lli.

3526 291 3628 348 780

360 402 566 469 tatimte
588 402 859 474 superbia:
887 417 992 459 non
1021 404 1214 461 finisset
1256 403 1453 484 elatus.
1482 403 1559 460 De
1597 419 1706 475 quo
1738 419 1943 475 nequa-
1968 411 2016 471 Α
2047 410 2140 464 dat
2162 411 2230 466 ad
2252 411 2508 469 delenitos
2537 428 2712 484 reges,
2736 414 2830 483 qui
2858 413 3092 470 terrenis
3116 412 3324 468 deliciis
3350 401 3630 466 hominum

358 510 523 570 quam
550 501 768 551 moveat
810 494 935 564 quia
973 495 1223 564 superius
1254 494 1456 550 dictum
1489 504 1575 550 est
1602 512 1615 548 :
1649 494 1941 562 Quartum,

357 588 498 662 quod
545 588 737 643 incedit
784 586 1027 658 feliciter.
1084 585 1214 642 Tria
1252 587 1452 658 quippe
1499 587 1753 644 incedere
1803 587 1942 643 bene

364 683 518 763 dixit,
546 692 606 737 et
639 688 894 751 quartum
932 679 1164 736 feliciter
1204 699 1219 735 :
1260 696 1368 736 non
1410 681 1559 737 enim
1590 696 1752 737 omne
1799 679 1942 751 quod

360 776 612 842 feliciter,
642 775 816 842 bene;
849 789 1025 845 neque
1068 774 1122 828 in
1145 774 1248 830 hac
1277 774 1388 828 vita
1408 789 1575 830 omne
1593 773 1740 844 quod
1779 771 1939 840 bene,

360 868 625 932 feliciter;
652 882 776 922 nam
805 866 909 930 leo,
938 866 1113 937 gallus
1136 875 1192 922 et
1216 866 1359 921 aries
1379 866 1518 922 bene
1546 865 1823 932 incedunt,
1848 865 1942 919 sed

364 973 470 1015 non
501 958 592 1014 bic
617 956 870 1020 feliciter,
916 957 1043 1027 quia
1079 955 1517 1025 persecutionum
1564 955 1702 1012 bella
1730 953 1944 1025 patiun-

361 1061 482 1117 tur;
517 1058 774 1120 quartum
800 1062 933 1104 vero
956 1048 1186 1105 feliciter
1209 1058 1396 1104 etnon
1421 1049 1560 1103 bene
1580 1048 1799 1113 incedit,
1817 1048 1942 1118 quia

361 1143 417 1198 in
440 1141 650 1197 fallacia
671 1155 769 1199 sua
794 1140 1165 1196 Antichristus
1182 1141 1449 1211 graditur,
1481 1140 1575 1194 sed
1598 1140 1754 1210 juxta
1781 1138 1945 1193 breve

364 1241 580 1303 tempus
602 1231 728 1286 vitae
756 1231 1040 1300 prtesentis
1070 1232 1183 1302 ipsa
1217 1231 1293 1285 illi
1324 1230 1537 1287 fallacia
1566 1240 1940 1302 prosperatur.

432 1322 539 1391 Qui
571 1332 745 1377 autem
774 1322 983 1393 fortiter
1005 1322 1191 1393 premit
1212 1323 1372 1376 ubera
1393 1322 1464 1377 ad
1505 1320 1815 1377 eliciendum
1839 1321 1939 1383 lac,

358 1416 603 1487 exprimit
640 1415 885 1485 butyrum
912 1432 926 1469 :
958 1425 1006 1469 et
1035 1415 1125 1485 qui
1163 1414 1486 1469 uehementer
1509 1414 1759 1485 emuugit,
1804 1411 1943 1468 elicit

360 1512 689 1581 sanguinem.
718 1508 895 1565 Ubera
929 1506 1149 1563 fortiter
1167 1507 1485 1577 premimus,
1510 1521 1635 1563 cum
1657 1506 1823 1561 verba
1852 1519 1944 1559 sa-

361 1602 441 1661 eri
463 1601 663 1673 eloquii
720 1600 903 1655 subtili
949 1599 1225 1655 intellectu
1268 1611 1583 1669 pensamus,
1631 1612 1737 1668 qua
1784 1609 1944 1667 pres-

2043 504 2207 560 corda
2247 505 2566 574 corrumpit,
2604 519 2675 561 ne
2723 504 2966 559 caelestia
3016 504 3158 560 bona
3206 502 3509 572 requirant,
3573 500 3629 555 iu

2044 595 2241 666 quibus
2273 603 2534 666 perpetuo
2571 603 2794 665 possent
2838 610 3068 666 regnare
3092 610 3215 651 cum
3246 592 3497 648 Domino.
3521 590 3628 645 De-

2045 689 2223 743 lentur
2240 687 2384 742 enim
2401 702 2558 758 reges
2575 701 2672 758 per
2691 687 2927 753 divitias,
2943 687 3159 759 quando
3180 685 3406 756 quilibet
3431 681 3630 740 summi

2045 778 2187 847 regis
2231 776 2447 846 corpori
2496 777 2717 831 adunati
2764 792 2862 847 per
2917 775 3102 842 iidem,
3144 772 3494 830 nihilominus
3544 786 3641 840 per

2044 870 2327 926 illecebras
2364 868 2549 945 saeculi
2579 877 2859 925 merentur
2883 867 3151 924 eradicari
3176 865 3245 921 de
3267 875 3412 920 terra
3442 865 3631 920 viven-

2045 962 2199 1015 tium.

2118 1049 2247 1105 Noli
2280 1049 2509 1120 regibus,
2548 1065 2580 1102 o
2611 1047 2859 1113 Lamuel,
2894 1048 3002 1103 noli
3044 1047 3249 1119 regibus
3273 1047 3402 1103 dare
3426 1047 3629 1104 uiuum.

2044 1141 2111 1197 Et
2145 1142 2261 1196 haec
2294 1149 2352 1195 et
2383 1140 2663 1210 sequentia
2698 1148 2887 1211 patent
2924 1140 3079 1211 juxta
3111 1138 3380 1204 litteram;
3429 1138 3639 1211 allego-

2045 1233 2157 1289 rice
2186 1242 2365 1288 autem
2415 1233 2661 1304 prtecipit
2691 1248 2759 1288 ne
2793 1232 2922 1288 vino
2945 1273 2961 1298 ,
3007 1231 3061 1286 in
3100 1247 3209 1302 quo
3245 1242 3332 1286 est
3370 1232 3585 1287 luxuria
3608 1268 3628 1296 ,

2044 1324 2275 1380 inebriet
2317 1334 2530 1380 mentes
2558 1322 2838 1390 fidelium,
2882 1324 2977 1394 qui
3023 1331 3151 1379 sunt
3195 1324 3439 1379 membra
3484 1323 3631 1395 regis

2042 1417 2251 1473 aeterni.
3296 1400 3301 1407 ’

2118 1506 2258 1574 Quia
2287 1506 2490 1563 nullum
2528 1517 2786 1562 secretum
2814 1516 2888 1562 est
2929 1506 3017 1561 ubi
3043 1514 3223 1577 regnat
3252 1504 3494 1560 ebrietas.
3543 1503 3632 1558 Nil

2045 1599 2111 1655 de
2133 1600 2362 1655 secretis
2391 1598 2702 1656 caelestibus
2733 1599 3021 1670 cogitatur,
3051 1597 3141 1651 ubi
3168 1605 3358 1669 regnat
3382 1595 3630 1667 voluptas

360 1696 534 1761 sione,
566 1694 693 1749 dum
719 1693 804 1748 lac
831 1692 1151 1763 quaerimus,
1179 1692 1432 1761 butyrum
1468 1689 1793 1755 invenimus,
1817 1689 1942 1759 quia
1972 1758 2010 1763 _
2045 1688 2304 1758 carnalis,
2333 1689 2428 1746 sed
2459 1704 2526 1745 ea
2554 1697 2763 1744 tantum
2803 1687 3047 1744 carnales
3086 1703 3208 1758 qua:
3241 1696 3367 1744 sunt
3399 1687 3629 1743 visibilis

358 1787 488 1841 dum
518 1758 712 1840 nutriri
740 1784 827 1838 vel
853 1758 1016 1838 tenui
1050 1758 1326 1837 intellectu
1368 1780 1662 1850 quaerimus
1697 1758 1943 1834 ubertate
1972 1758 2018 1819 Β
2046 1788 2342 1835 sectantur.

361 1880 589 1935 interna:
616 1875 965 1948 pinguedinis
1005 1873 1279 1945 angimur,
1321 1871 1464 1942 quod
1493 1885 1593 1926 nec
1634 1869 1799 1925 nimie
1841 1883 1944 1924 nec

248 1962 261 1965 ⁷
360 1983 575 2039 scrupei-
600 1968 865 2039 agendum
895 1974 998 2030 est,
1025 1980 1092 2019 ne
1118 1963 1245 2020 dum
1271 1963 1355 2019 lac
1388 1962 1670 2034 quteritur,
1715 1962 1785 2018 ab
1813 1962 1946 2017 ube-

363 2060 513 2116 ribus
541 2057 760 2130 sanguis
807 2064 1086 2127 sequatur,
1117 2053 1243 2125 quia
1278 2051 1407 2108 duin
1451 2053 1615 2109 verba
1659 2052 1801 2106 sacri
1833 2051 1945 2107 elo-

358 2150 469 2220 quii
505 2149 790 2221 plusquam
825 2147 1026 2202 debent
1050 2145 1371 2210 discutiunt,
1396 2144 1450 2199 in
1481 2143 1755 2199 carnalem
1788 2143 1947 2198 intel-

366 2241 565 2297 lectum
614 2239 843 2305 cadunt;
888 2237 1208 2308 sanguinem
1262 2239 1406 2291 enim
1452 2236 1602 2291 elicit
1649 2235 1741 2305 qui
1783 2235 1949 2290 velte-

360 2339 572 2387 menter
595 2331 858 2400 emungit,
888 2330 1015 2399 quia
1043 2327 1264 2383 carnale
1297 2327 1531 2382 edicitur
1565 2327 1670 2383 hoc
1695 2329 1840 2398 quod
1878 2341 1946 2382 ex

358 2423 525 2477 nimia
556 2421 782 2492 spiritus
810 2420 1146 2476 discursione
1175 2420 1428 2474 sentitur.

435 2511 503 2565 Et
551 2513 643 2581 qui
682 2521 930 2582 provocat
958 2513 1105 2577 iras,
1154 2510 1396 2581 producit
1431 2511 1748 2566 discordias.
1805 2510 1946 2577 Quid

360 2605 698 2675 pnecedente
728 2601 981 2672 parabole
1009 2600 1166 2671 juxta
1189 2600 1424 2657 litteram
1459 2601 1793 2672 signiﬁcaret
1821 2616 1949 2671 ape-

363 2695 451 2759 rit,
481 2694 607 2764 quia
630 2693 725 2764 qui
769 2692 1015 2747 modesto
1038 2705 1291 2748 sermone
1331 2692 1644 2762 proximum
1674 2692 1943 2748 allocutus

359 2795 572 2857 gratum
601 2783 799 2856 accipit
839 2798 1178 2855 responsum,
1201 2784 1355 2853 quasi
1381 2783 1449 2839 de
1473 2782 1730 2839 uberibus
1752 2784 1804 2838 in
1827 2785 1949 2854 qui-

361 2877 463 2932 bus
491 2875 573 2931 lac
606 2874 884 2945 quaerebat
929 2873 1186 2945 butyrum
1226 2874 1505 2945 exprimit.
1534 2873 1605 2927 At
1638 2873 1730 2943 qui
1761 2874 1944 2944 inepto

361 2965 528 3022 verbo
555 2965 690 3020 iram
719 2963 1157 3032 discordiamque
1191 2962 1431 3018 fraterno
1459 2978 1525 3018 ex
1564 2963 1729 3018 corde
1754 2977 1946 3034 provo-

360 3066 450 3112 cat
474 3057 631 3129 quasi
664 3055 810 3112 ultra
848 3053 1069 3110 modum
1091 3069 1390 3125 emungens
1427 3055 1593 3110 ubera
1619 3054 1937 3126 sanguinem

361 3165 461 3221 pro
492 3149 629 3204 lacte
652 3147 876 3217 reperit.

920 3234 1147 3292 CAPUT
1198 3234 1391 3291 XXXI.

437 3344 606 3384 VERBA
647 3340 912 3383 ιιιιιιειιε
944 3340 1116 3380 REGIS.
1157 3340 1298 3379 VISIO
1334 3339 1439 3388 QUA
1475 3340 1732 3380 ειιυυινιτ
1766 3340 1875 3380 ευιι

984 3411 1165 3451 IA'I'ER
1201 3411 1322 3451 ευΑ.

433 3508 662 3566 Lamuel
684 3508 1096 3578 interpretatur,
1124 3507 1181 3562 in
1222 3523 1325 3578 quo
1359 3505 1515 3571 Deus,
1544 3515 1601 3562 et
1630 3506 1743 3578 ipse
1765 3517 1848 3564 est
1880 3510 1948 3566 de

363 3616 473 3672 quo
492 3614 677 3671 supra,
696 3599 896 3673 “eodem
924 3600 1144 3654 nomine
1174 3597 1228 3652 in
1258 3596 1509 3653 Latinum
1540 3613 1723 3665 verso,
1751 3599 1948 3656 dicitur

361 3690 519 3755 visio,
542 3688 668 3759 quia
695 3687 905 3744 locutus
931 3696 1016 3742 est
1038 3702 1163 3742 eum
1190 3701 1302 3757 quo
1331 3695 1417 3743 est
1442 3686 1606 3745 Deus.
1650 3686 1824 3744 Mater
1852 3706 1949 3743 au-

365 3792 473 3839 tem
505 3798 625 3854 qua:
652 3783 794 3837 hanc
816 3796 939 3836 eum
969 3779 1234 3836 visionem
1256 3779 1460 3846 docuit,
1493 3794 1599 3835 non
1623 3780 1729 3835 alia
1757 3780 1950 3837 melius

338 3863 526 3943 'quam
558 3872 745 3928 divina
773 3871 949 3942 gratia
981 3869 1300 3940 intelligitur
1329 3910 1344 3937 ,
1377 3885 1496 3939 qua:
1526 3869 1675 3926 illum
1705 3870 1758 3926 in
1783 3873 1948 3930 corde

364 3963 710 4020 invisibiliter
737 3961 975 4018 erudivit
1000 3959 1278 4017 intellectu
1304 3960 1598 4032 sapientiae,
1627 3966 1791 4032 quam
1812 3961 1948 4019 foris

363 4053 676 4110 hominibus
724 4053 839 4124 ipse
871 4051 1248 4118 ministraret;
1303 4052 1553 4121 quamvis
1586 4061 1641 4106 et
1672 4052 1791 4123 ipsa
1821 4068 1945 4108 car-

362 4145 500 4203 nalis
536 4154 712 4200 mater
749 4141 1059 4199 Salomonis
1086 4142 1202 4199 haec
1235 4156 1359 4197 eum
1386 4141 1670 4213 parvulum
1696 4143 1947 4200 docuisse

360 4243 509 4290 recte
532 4234 706 4306 possit
730 4232 993 4303 intelligi:
1020 4246 1140 4302 qua:
1165 4232 1382 4302 quidem
1407 4232 1542 4303 ipse,
1570 4233 1695 4302 quia
1729 4233 1947 4303 sapien-

362 4334 447 4380 ter
465 4325 608 4385 dicta
637 4323 975 4395 cognoverit,
1004 4322 1152 4392 operi
1181 4321 1572 4378 Parabolarum
1609 4338 1831 4380 suarum
1862 4324 1946 4379 in-

358 4413 507 4469 ferre
530 4414 792 4480 voluerit;
826 4424 881 4468 et
922 4413 1044 4468 ideo
1089 4421 1237 4467 recte
1277 4423 1560 4483 postquam
1612 4414 1816 4470 dictum
1857 4421 1942 4470 est

361 4506 415 4561 in
447 4505 601 4560 titulo
630 4505 783 4560 verba
814 4503 1081 4559 Lautuelis
1102 4504 1259 4574 regis,
1282 4482 1521 4559 additum
1547 4513 1633 4559 est
1659 4504 1938 4571 continuo,
1968 4482 2022 4543 Ῐ)

360 4597 488 4652 uisio
507 4612 611 4667 qua
632 4595 855 4649 erudivit
873 4610 993 4649 eunt
1011 4604 1179 4648 mater
1200 4611 1317 4648 sua.
1333 4592 1469 4660 Quia
1490 4610 1613 4649 cum
1637 4595 1690 4649 in
1714 4610 1940 4666 regnum

359 4695 556 4742 unctus
580 4685 830 4757 spiritum
854 4684 1131 4755 sapientia:
1159 4686 1430 4757 percepit,
1474 4686 1611 4741 vidit
1651 4689 1706 4741 in
1748 4688 1941 4743 eodem

357 4778 548 4850 spiritu
586 4793 748 4849 quam
777 4776 1075 4848 prudenter
1111 4792 1168 4832 se
1202 4786 1377 4833 mater
1399 4778 1540 4834 bona
1566 4777 1831 4833 docuerit.

324 4860 333 4939 ξ
432 4869 595 4938 Quid,
627 4870 786 4923 electa
810 4867 908 4941 pii,
945 4866 1091 4938 quid,
1119 4866 1276 4921 electe
1320 4868 1454 4922 uteri
1474 4869 1596 4922 mei.
1632 4866 1898 4925 Subaudis
1920 4911 1936 4936 ,

357 4961 487 5033 quid
516 4960 611 5015 tibi
633 4960 833 5029 dicam,
849 4957 946 5026 ﬁli,
967 4957 1087 5028 qui,
1108 4956 1174 5014 de
1197 4966 1353 5013 utero
1378 4972 1498 5015 meo
1519 4968 1710 5026 natus,
1734 4958 1940 5017 electus

356 5066 419 5107 es
442 5050 498 5105 in
529 5064 778 5122 regmnm.

431 5142 594 5209 Quid,
628 5140 786 5196 electe
823 5149 1059 5196 votorum
1098 5155 1328 5195 meorum
1354 5139 1379 5194 .9
1404 5140 1460 5196 id
1483 5148 1587 5209 est,
1616 5145 1709 5213 qui
1734 5143 1940 5200 electus

357 5247 419 5287 es
444 5232 497 5287 in
528 5231 632 5288 hoc
660 5230 806 5302 quod
834 5238 946 5287 tota
976 5230 1261 5287 devotione
1287 5231 1680 5290 desiderabam.

431 5321 514 5378 Ne
551 5323 757 5379 dederis
801 5323 1109 5379 mulieribus
1165 5325 1513 5381 substantiam
1562 5336 1728 5382 tuam.
1782 5328 1938 5386 Patet

360 5413 556 5481 littera:
593 5429 805 5481 sensus,
837 5416 931 5472 sed
960 5423 1018 5471 et
1053 5416 1316 5473 virtutum
1340 5428 1652 5473 nostrarum
1680 5419 1938 5476 substan-

358 5504 466 5561 tias
517 5506 957 5577 corruptiouibus
1004 5508 1261 5565 vitiorum
1325 5510 1695 5568 contaminare
1757 5513 1943 5585 probi-

354 5595 569 5678 bet-mr-

427 5681 496 5739 Et
527 5687 737 5744 divitias
767 5699 887 5745 tuas
921 5691 992 5747 ad
1033 5691 1280 5750 delendas
1334 5711 1497 5766 reges.
1547 5696 1773 5755 Divitias
1807 5714 1937 5759 suas

2115 1869 2199 1927 Ne
2224 1869 2360 1939 forte
2387 1867 2527 1923 bibat
2552 1878 2601 1923 et
2625 1867 2963 1923 obliviscatur
2998 1867 3327 1940 judiciorum
3371 1877 3419 1921 ct
3468 1876 3631 1921 mutet

2043 1977 2259 2016 causam
2302 1960 2533 2029 ﬁliorum
2575 1961 2840 2032 pauperis.
2877 1958 2955 2015 Ne
2982 1960 3214 2016 terrenis
3241 1959 3485 2014 ebriatus
3511 1958 3629 2013 ille-

2045 2053 2225 2109 cebris
2267 2052 2618 2108 obliviscatur
2664 2067 2963 2125 pauperum
3011 2052 3237 2119 Christi,
3273 2053 3366 2123 qui
3409 2061 3469 2107 et
3518 2052 3632 2122 ipse

2045 2159 2248 2216 pauper
2276 2152 2359 2198 est
2383 2141 2557 2198 factus
2586 2159 2683 2213 pro
2707 2144 2881 2199 nobis.

2116 2234 2252 2289 Date
2278 2235 2502 2289 siceram
2529 2233 2862 2287 merentibus
2905 2240 2953 2287 et
2997 2234 3173 2287 vinum
3210 2232 3292 2286 his
3329 2233 3421 2304 qui
3446 2249 3632 2287 nutare

2046 2335 2168 2381 sunt
2196 2326 2372 2380 animo
2388 2323 2874 2396 :bibaut,egestatis
2892 2342 3003 2380 sua:
3025 2335 3073 2380 et
3098 2324 3298 2380 doloris
3323 2341 3428 2379 non
3460 2341 3634 2379 recor-

2046 2418 2236 2471 dentur
2260 2415 2506 2486 amplius.
2538 2414 2781 2471 Siceram
2826 2424 2883 2471 et
2921 2416 3108 2471 vinum
3138 2416 3239 2472 hoc
3276 2417 3399 2472 loco
3435 2415 3637 2486 senipio

2047 2518 2257 2564 tcrnam
2289 2508 2483 2563 divinae
2530 2509 2806 2580 sapientia:
2835 2508 3259 2565 consolationem
3287 2507 3419 2564 dicit
3450 2548 3465 2573 ,
3514 2523 3635 2579 qua:

2048 2599 2157 2654 iliis
2185 2607 2270 2654 est
2296 2600 2603 2655 exhibenda
2630 2601 2884 2656 cordibus
2914 2616 3034 2671 qua:
3057 2601 3111 2657 in
3138 2600 3339 2656 inlimis
3359 2600 3631 2656 consolari

2046 2688 2341 2760 relugiunt,
2374 2696 2429 2742 et
2466 2688 2726 2760 quidquid
2773 2691 3006 2745 occurrit
3047 2690 3101 2745 in
3136 2689 3387 2761 praesenti
3442 2705 3636 2744 amaro

2044 2782 2230 2838 animo
2261 2782 2583 2852 suscipiunt,
2611 2781 2762 2848 solis,
2790 2797 2910 2852 qua:
2931 2783 3167 2837 nondum
3191 2781 3392 2847 vident,
3422 2781 3638 2853 gaudiis

2043 2875 2358 2931 cmlestibus
2399 2881 2514 2931 tota
2563 2883 2744 2929 mente
2792 2874 3143 2940 inhmrcntes,
3167 2873 3324 2941 juxta
3375 2887 3503 2928 eum
3543 2872 3636 2944 qui

2044 2964 2179 3023 dixit
2232 2981 2248 3021 :
2310 2964 2531 3038 Negavit
2606 2964 2870 3020 consolari
2937 2966 3118 3020 anima
3184 2982 3299 3020 mea
3354 2978 3375 3017 :
3434 2982 3639 3019 memor

2046 3058 2147 3129 fuit
2191 3057 2329 3123 Dei,
2372 3069 2419 3112 et
2475 3055 2761 3111 delectatus
2810 3073 2947 3112 sum.
3012 3056 3145 3112 Item
3176 3097 3191 3122 ,
3237 3056 3361 3111 date
3404 3052 3636 3111 siceram

2047 3148 2381 3203 maerentibus
2408 3157 2456 3203 et
2486 3148 2663 3203 viuum
2701 3148 2871 3203 bibere
2915 3149 2998 3203 his
3040 3149 3129 3219 qui
3157 3164 3343 3202 amaro
3366 3156 3490 3204 sunt
3515 3148 3637 3203 aui-

2046 3255 2151 3305 mo,
2182 3249 2289 3294 etc.
2315 3239 2410 3294 liis
2431 3239 2521 3309 qui
2555 3254 2654 3309 pro
2673 3239 3007 3310 ptenitudine
3028 3246 3245 3294 actuum
3276 3239 3637 3310 pristinorum

2047 3344 2285 3385 maerore
2316 3336 2479 3400 atque
2507 3330 2729 3385 tristitia
2752 3330 3150 3401 deprimuntur,
3165 3329 3427 3401 spiritalis
3455 3331 3641 3387 scien-

2049 3419 2138 3475 tia:
2179 3420 2575 3491 jucunditatem
2607 3460 2625 3487 ,
2673 3419 2819 3475 velut
2865 3420 3050 3474 vinum
3084 3421 3228 3490 quod
3263 3419 3508 3476 lzetiiicat
3542 3435 3643 3476 eor

2048 3509 2308 3576 hominis,
2341 3509 2627 3565 afﬂuenter
2655 3509 2939 3577 infundite,
2968 3525 3169 3580 eosque
3196 3510 3456 3568 salutaris
3484 3515 3639 3570 verbi

2047 3598 2269 3670 crapula
2294 3599 2554 3666 refovete,
2590 3614 2659 3655 ne
2689 3588 2829 3655 forte
2848 3600 3079 3672 jugitate
3100 3601 3351 3657 maeroris
3388 3617 3456 3658 ac
3479 3602 3637 3658 ltelali

2049 3690 2428 3761 desperatione
2457 3690 2713 3757 demersi,
2743 3691 3136 3747 abundantiore
3168 3692 3386 3747 tristitia
3406 3694 3640 3750 abscon-

2049 3781 2271 3847 dantur,
2309 3780 2401 3851 qui
2436 3780 2700 3849 ejusmodi
2728 3790 2874 3837 sunt.

2118 3871 2279 3944 Aperi
2305 3889 2363 3929 os
2391 3885 2539 3927 tuum
2571 3884 2714 3929 muto
2740 3884 2786 3929 et
2814 3875 2992 3930 causis
3027 3875 3265 3931 omnium
3283 3875 3528 3947 ﬁliorum
3549 3880 3639 3951 qui

2045 3974 2432 4036 pertranseuut.
2465 3963 2572 4018 Pro
2610 3980 2773 4021 causa
2801 3980 3096 4036 pauperum
3120 4007 3139 4034 ,
3164 3969 3258 4038 qui
3286 3984 3388 4039 per
3409 3982 3472 4025 se
3492 3968 3641 4040 loqui

2022 4059 2104 4114 .in
2143 4057 2350 4128 judicio
2392 4073 2499 4112 non
2538 4057 2753 4124 valent,
2786 4057 2902 4128 ipse
2928 4058 3075 4128 loqui
3103 4069 3374 4113 memento
3398 4100 3417 4127 ,
3457 4070 3516 4114 et
3543 4076 3642 4115 eos

2048 4148 2337 4206 defensare
2364 4159 2577 4215 curato,
2620 4149 2713 4220 qui
2757 4149 2949 4220 patria:
2982 4149 3223 4207 cwlestis
3247 4149 3450 4205 intuitu
3476 4152 3640 4222 hujus

2047 4241 2174 4297 vita:
2197 4241 2341 4295 viam
2366 4240 2521 4295 ocius
2553 4241 2784 4315 transjre
2821 4248 3093 4311 satagunt.
3125 4239 3300 4295 Aliter
3320 4255 3386 4295 os
3420 4242 3639 4311 aperire

2047 4342 2200 4390 muto
2225 4332 2487 4404 prtecipit,
2531 4330 2727 4402 populo
2763 4334 3001 4404 gentium
3027 4331 3151 4388 fidei
3177 4331 3405 4388 verbum
3434 4334 3637 4402 pradi-

2047 4439 2197 4491 care,
2222 4425 2314 4495 qui
2354 4423 2537 4479 divina
2566 4424 2776 4494 eloquia
2804 4426 2956 4493 prius
2994 4438 3288 4494 personare
3312 4424 3595 4480 nesciebat
3616 4463 3635 4489 ,

2046 4524 2104 4572 et
2136 4533 2244 4571 nun
2274 4523 2482 4571 tantum
2510 4515 2742 4580 iudicis,
2769 4514 2863 4571 sed
2888 4524 2943 4571 et
2971 4514 3181 4571 cunctis
3200 4529 3300 4585 per
3322 4515 3518 4571 orbem
3538 4531 3637 4570 ua-

2047 4607 2286 4663 tionibus
2315 4622 2500 4662 curam
2528 4606 2718 4661 salutis
2739 4606 3073 4677 impendere.

2117 4697 2276 4768 Aperi
2304 4713 2365 4751 os
2389 4708 2560 4761 tum,
2587 4698 2805 4752 decem
2822 4698 2964 4768 quod
2983 4697 3189 4768 justum
3220 4707 3319 4765 est,
3354 4706 3405 4752 et
3441 4698 3634 4769 judica

2046 4788 2253 4859 inopem
2291 4797 2341 4843 et
2378 4803 2678 4859 pauperem.
2720 4787 2874 4843 Sicut
2915 4787 2969 4843 in
3027 4803 3185 4844 versu
3217 4788 3504 4859 superiore
3534 4805 3633 4859 pro

2045 4892 2209 4933 causa
2239 4889 2297 4933 et
2329 4879 2380 4933 in
2409 4879 2687 4949 ereptione
2709 4878 2961 4949 pauperis
2986 4893 3050 4934 os
3075 4879 3288 4948 aperire
3330 4880 3592 4950 praecepit
3613 4918 3632 4943 ,

2042 4969 2120 5025 ita
2147 4972 2200 5025 in
2227 4971 2333 5027 isto
2357 4971 2529 5040 ipsum
2563 4985 2854 5041 pauperem
2885 4971 2974 5027 ubi
3000 4972 3286 5034 erraverit,
3318 4970 3469 5040 juste
3509 4988 3633 5029 cas-

2044 5065 2215 5135 tigare
2252 5079 2316 5118 ac
2336 5064 2587 5133 judicare
2613 5065 2887 5120 admonet.
2934 5063 3096 5120 Juxta
3126 5067 3270 5136 quod
3312 5074 3367 5121 et
3416 5066 3630 5140 Moyses

2045 5155 2123 5208 ait
2150 5172 2166 5209 :
2196 5153 2264 5209 Et
2292 5157 2536 5227 pauperis
2563 5156 2619 5209 in
2646 5154 2845 5223 judicio
2881 5172 2984 5210 non
3039 5157 3363 5213 miseresz
3425 5158 3626 5230 (Exod.

2046 5246 2267 5319 XXXIII).
2304 5246 2460 5315 Quod
2505 5256 2794 5317 utrumque
2832 5249 3114 5303 Dominum
3141 5248 3324 5307 facere
3361 5253 3628 5323 propheta

2044 5339 2282 5395 insinuat
2303 5338 2491 5395 dicens
2514 5357 2528 5393 :
2554 5337 2658 5395 Sed
2673 5340 2935 5411 judicabit
2978 5342 3034 5397 in
3053 5343 3268 5412 justitia
3294 5360 3553 5415 pauperes
3577 5354 3628 5400 et

2044 5438 2227 5502 arguet
2249 5431 2306 5487 iu
2331 5431 2576 5501 «equitate
2601 5448 2697 5503 pro
2724 5433 3012 5489 mansuetis
3041 5443 3195 5489 terra
3226 5433 3363 5506 (Isa.
3392 5432 3498 5508 ιι).

2431 5520 2552 5577 Huc
2580 5538 2743 5593 usque
2770 5523 2922 5579 verba
2953 5522 3235 5580 Lautulis.

2022 5642 2031 5647 -
2113 5609 2255 5668 Hinc
2269 5612 2703 5684 sapientissimus
2724 5629 2914 5687 regum
2929 5613 3184 5672 Salomon
3209 5616 3399 5675 laudes
3425 5629 3627 5676 sanctis

2041 5701 2300 5773 Ecclesia:
2322 5702 2572 5759 versibus
2591 5705 2803 5775 paucis,
2827 5703 2919 5764 sed
2940 5706 3252 5777 plenissima
3281 5708 3517 5766 veritate
3540 5709 3626 5765 de-
