3962 6198
289 320 389 379 τὸι
1041 319 1407 381 EXPOSITIO
1443 319 1510 375 ΙΝ
1544 315 1961 374 PROVERBIA'
1986 310 2401 369 SALOMONIS.
2443 342 2512 354 -—
2550 311 2677 368 LIB.
2716 311 2801 368 Ill.
3468 311 3571 368 78?.

288 447 500 499 cantm.
529 438 757 497 Constat
802 454 1037 512 namque
1082 439 1224 495 idem
1260 453 1481 494 carmen
1519 436 1766 492 versibus
1794 434 1874 489 vi-
1907 441 1952 497 Α
1982 430 2125 486 unde
2165 438 2222 485 et
2274 428 2567 500 Apostolus
2603 427 2951 483 credentibus
2974 427 3051 482 ait
3080 444 3094 481 :
3129 425 3394 497 Despondi
3427 429 3567 481 enim

288 534 426 607 ginti
454 543 511 591 et
538 534 747 591 duobus
768 531 923 607 juxta
951 533 1195 589 ordinem
1237 531 1485 588 videlicet
1521 529 1875 585 Hebraeorum
1982 536 2074 575 vos
2100 518 2193 574 uni
2219 519 2327 573 viro
2352 518 2605 589 virginem
2626 525 2828 571 castam
2848 516 3089 571 exhibere
3110 513 3319 607 Christo
3341 513 3573 607 (ηοω.

289 606 357 682 ac
382 641 671 683 numerum
700 606 1023 689 litterarum,
1058 624 1132 681 ita
1159 632 1218 680 ut
1245 621 1444 695 singuli
1485 635 1675 676 versus
1696 635 1726 674 a
1767 618 1878 673 siu-
1980 612 2044 682 ι).
2084 609 2241 679 Quod
2267 622 2398 682 ergo
2437 608 2657 673 dieitur.
2689 607 2908 677 οοηΙίάίι
2936 608 2991 663 in
3022 624 3085 662 ϐα
3111 620 3204 662 εον
3236 606 3335 661 VM
3355 606 3473 672 σαί»
3504 607 3575 662 ab

287 720 436 793 gulis
477 719 675 776 litteris
710 719 993 792 incipiant.
1031 717 1196 788 Cujus
1247 717 1437 773 ordine
1483 712 1880 787 perfectissimo

2011 717 2219 758 :umaua
2264 701 2522 756 nimirum
2565 700 2959 756 consuetudine
3000 706 3237 753 tractum
3264 706 3368 754 est.
3418 697 3577 754 Sicut

289 790 571 881 alphaheti
618 809 796 887 typice
824 790 1082 865 Vinnuitur
1113 822 1273 879 quam
1312 805 1627 878 plenissime
1662 802 1754 858 hic
1795 798 1881 855 vel
1982 795 2128 852 enim
2163 795 2209 850 is
2239 794 2333 887 qui
2373 793 2569 887 fortem
2601 792 2924 887 ﬁdelemque
2945 800 3002 846 et
3019 797 3229 887 castam
3254 790 3422 846 habet
3447 803 3580 846 eon-

288 892 495 957 animus
518 901 782 973 cujusque
825 899 1034 966 ﬁdelis,
1077 898 1163 954 vel
1184 898 1351 954 totius
1384 909 1555 951 sacrm
1582 891 1835 948 Ecclesiae
1863 931 1877 955 ,

289 1008 413 1064 qum
435 1008 500 1048 ex
530 991 782 1047 omnibus
803 989 995 1047 electis
1018 989 1302 1045 animabus
1328 1001 1433 1041 una
1458 983 1761 1056 perﬁcitur,
1785 994 1879 1037 ca-

292 1084 510 1139 tholica:
538 1084 765 1139 virtutes
793 1098 857 1138 ac
888 1084 1110 1153 praemia
1131 1078 1531 1138 describantur.

368 1173 646 1229 Mulierem
678 1173 867 1244 fortem
908 1173 1026 1245 quis
1061 1172 1283 1228 inveniet
1309 1170 1335 1225 .’
1358 1167 1556 1224 Procul
1581 1176 1627 1222 et
1667 1166 1732 1220 de
1760 1165 1886 1220 ulti-

290 1267 401 1320 mis.
437 1263 631 1334 ﬁnibus
671 1264 894 1335 pretium
923 1265 1059 1335 ejus.
1092 1261 1282 1318 Mulier
1312 1259 1469 1317 fortis
1508 1257 1751 1313 Ecclesia
1792 1270 1885 1311 ca-

294 1354 494 1410 tholica
520 1364 751 1409 vocatur
777 1372 790 1408 :
820 1355 1018 1410 mulier
1054 1352 1306 1408 videlicet
1335 1366 1456 1422 quae
1480 1348 1752 1421 spiritales
1772 1345 1886 1402 Deo

295 1442 437 1499 ﬁlios
462 1459 528 1498 ex
557 1458 697 1513 aqua
730 1452 787 1499 et
811 1442 1019 1515 Spiritu
1061 1452 1250 1499 sancto
1298 1443 1520 1514 gignere
1561 1437 1882 1501 consuevit;

295 1535 476 1598 fortis,
500 1535 628 1605 quia
654 1543 848 1590 cuncta
875 1534 1057 1590 saeculi
1090 1534 1318 1589 adversa
1346 1530 1509 1588 simul
1540 1538 1595 1585 et
1622 1542 1887 1600 prOSpcra

296 1639 396 1696 pro
422 1624 727 1680 conditoris
755 1624 839 1680 sui
889 1623 994 1680 ﬁde
1035 1623 1334 1680 contemnit
1364 1641 1377 1677 :
1407 1636 1569 1693 quam
1622 1622 1739 1691 ipse
1770 1660 1785 1685 ,
1829 1619 1884 1673 in

298 1730 468 1772 carne
499 1731 788 1787 apparens,
820 1715 1095 1772 infirmam
1144 1716 1364 1788 quidem
1398 1714 1625 1780 invenit,
1669 1714 1761 1770 sed
1804 1712 1888 1767 in-

1978 887 2183 959 ju’gem,
2201 884 2424 943 conﬁdit
2444 884 2500 940 in
2520 898 2585 940 ea
2607 883 2928 947 certissime,
2956 882 3084 955 quia
3105 882 3178 938 nil
3202 891 3396 939 contra
3418 896 3575 938 suam

1982 977 2319 1034 voluntatem
2351 990 2512 1048 agerc
2542 1017 2557 1040 ,
2611 974 2756 1030 nulla
2792 973 3098 1030 adulterina
3142 972 3325 1029 saltim
3372 974 3582 1046 cogita-

1984 1068 2136 1124 tione
2163 1068 2337 1138 possit
2360 1066 2695 1132 attaminari,
2726 1074 2919 1122 cuncta
2948 1080 3049 1135 pro
3079 1078 3179 1121 suo
3202 1079 3389 1121 arnore
3409 1065 3579 1121 etiam

1987 1159 2213 1215 adversa
2260 1157 2497 1215 libenter
2530 1158 2767 1224 toleret,
2821 1164 2876 1213 et
2928 1170 3282 1229 quoscunque
3318 1157 3466 1214 valet
3512 1157 3583 1214 ad

1986 1268 2142 1309 suam
2167 1253 2463 1309 amicitiam
2493 1259 2814 1309 convertere
2840 1251 3147 1308 desideret:
3183 1251 3263 1306 sic
3295 1250 3576 1315 nimirum,

1987 1346 2069 1402 sic
2114 1344 2376 1401 Dominus
2411 1354 2467 1401 et
2496 1344 2827 1414 Redemptor
2863 1350 3052 1398 noster
3096 1342 3150 1397 in
3180 1341 3422 1397 Ecclesia
3448 1350 3583 1396 eou—

1989 1440 2125 1506 ﬁdit,
2159 1439 2311 1495 novit
2334 1439 2479 1495 enim
2511 1437 2765 1509 spiritum
2799 1435 2987 1507 gratiae
3016 1448 3177 1504 quem
3213 1432 3385 1499 dedit,
3432 1432 3585 1488 novit

1987 1531 2243 1588 virtutem
2294 1532 2581 1586 charitatis
2628 1545 2791 1601 quam
2840 1529 2958 1600 ejus
3002 1527 3316 1598 praecordiis
3363 1526 3579 1582 infudit.

1987 1622 2222 1694 Ideoque
2251 1638 2358 1678 non
2391 1622 2602 1705 dubitat
2630 1636 2751 1677 eam
2786 1635 2894 1675 non
2926 1620 3099 1675 solum
3144 1635 3175 1674 a
3206 1634 3316 1675 suae
3346 1618 3469 1674 ﬁdei
3500 1618 3586 1674 in-

1990 1714 2246 1785 tegritate
2301 1728 2644 1783 nequaquam
2707 1727 2866 1783 posse
2921 1711 3230 1781 corrumpi;
3275 1712 3371 1767 sed
3417 1712 3582 1767 etiam

298 1807 558 1865 ventione
589 1820 688 1862 sua
709 1849 725 1875 ,
754 1808 861 1865 hoc
881 1817 964 1864 est
981 1809 1068 1881 pia
1100 1808 1407 1864 visitatione
1431 1848 1446 1873 ,
1488 1805 1685 1863 fortem
1711 1804 1892 1860 reddi-
1919 1800 1967 1861 B
1995 1812 2411 1873 perseveranter
2460 1804 2711 1859 insistere
2748 1811 2807 1858 ut
2847 1802 3031 1873 plures
3065 1803 3133 1858 ad
3172 1802 3413 1873 ejusdem
3457 1802 3581 1858 ﬁdei

296 1899 409 1968 dit;
442 1901 588 1957 unde
614 1906 737 1971 post
762 1899 878 1971 ejus
905 1899 1333 1972 redemptionem
1363 1900 1430 1955 ad
1455 1899 1625 1954 cmlos
1656 1896 1890 1959 rediens,

298 1993 553 2064 supernis
599 1992 813 2049 civibus
857 1992 1099 2065 gaudens
1147 1990 1329 2047 aiebat
1365 2009 1377 2045 :
1436 1986 1894 2061 Congratulamini

297 2083 452 2148 mihi,
490 2082 618 2155 quia
656 2081 830 2138 inveni
863 2098 1007 2137 ovem
1031 2097 1150 2154 quae
1183 2081 1409 2153 perierat
1441 2080 1594 2153 (an.
1642 2078 1755 2149 xv).
1804 2078 1896 2133 Vi-

301 2172 439 2228 dens
463 2186 596 2242 ergo
623 2169 880 2227 Salomon
926 2185 1096 2243 genus
1130 2170 1427 2225 humanum
1464 2169 1764 2224 innumeris
1793 2167 1895 2222 im-

300 2264 560 2335 plicatum
613 2262 920 2329 erroribus,
965 2262 1221 2334 quodque
1274 2263 1343 2318 ad
1389 2261 1507 2332 ejus
1540 2260 1892 2317 salvatiouem

301 2355 485 2410 nullus
519 2354 852 2425 patriarcha,
884 2353 1066 2409 nullus
1098 2354 1363 2425 propheta
1385 2395 1400 2418 ,
1452 2353 1632 2409 nullus
1673 2353 1895 2409 omnino

299 2447 626 2512 electorum,
648 2454 848 2517 praeter
876 2446 1053 2502 solum
1087 2445 1443 2502 mediatorem
1500 2445 1594 2501 Dei
1620 2454 1679 2500 et
1717 2445 1893 2500 homi-

304 2552 460 2602 num,
491 2534 789 2602 sufﬁcerct,
818 2536 896 2592 ait
930 2556 943 2590 :
972 2535 1250 2592 Mulierem
1273 2538 1460 2607 fortem
1486 2537 1606 2609 quis
1635 2537 1900 2592 inveniet’

304 2624 509 2681 Procul
534 2637 585 2682 et
611 2626 678 2681 de
703 2626 902 2682 ultimis
926 2628 1121 2698 finibus
1147 2629 1371 2703 pretium
1391 2629 1542 2700 ejus;
1566 2644 1629 2684 ac
1645 2628 1691 2684 si
1712 2637 1898 2700 aperte

305 2717 546 2773 futuram
604 2716 817 2774 Domini
867 2720 1095 2792 gratiam
1153 2720 1476 2777 admirando
1521 2728 1895 2792 protestetur;

306 2809 442 2878 Quis
481 2819 648 2866 tanta:
676 2810 912 2877 virtutis,
939 2813 1062 2885 quis
1090 2813 1213 2869 talis
1238 2824 1323 2869 est
1349 2813 1528 2869 meriti
1554 2855 1569 2880 ,
1594 2813 1690 2885 qui
1721 2813 1788 2868 de
1821 2820 1901 2868 tot

307 2899 608 2956 incredulis
651 2915 718 2957 ac
758 2902 1002 2960 scelestis
1040 2904 1227 2959 mundi
1266 2904 1575 2960 nationibus
1603 2919 1765 2959 unam
1796 2904 1899 2959 sibi

309 2993 613 3051 electorum
648 2994 950 3052 Ecclesium
998 3007 1293 3071 congreget
1318 3039 1333 3065 ,
1369 3014 1530 3070 quam
1583 3014 1679 3056 sua
1725 2998 1899 3071 gratia

312 3085 509 3144 fortem
553 3095 717 3158 atque
746 3088 1199 3162 inseparabilem,
1225 3091 1643 3148 adversantibus
1688 3090 1901 3147 cunctis

312 3177 534 3235 efﬁciat.
568 3154 687 3235 Non
715 3180 806 3236 hic
830 3154 979 3237 certe
1016 3154 1194 3238 nostri
1227 3180 1442 3247 similis,
1468 3196 1575 3237 non
1610 3188 1798 3236 nostro
1819 3187 1905 3236 est
1931 3154 1976 3218 (ἶ

312 3277 561 3339 tempore
580 3278 870 3337 venturus,
892 3271 986 3328 scd
1012 3271 1066 3328 in
1090 3271 1196 3329 ﬁne
1216 3272 1539 3329 seculorum
1565 3281 1652 3328 est
1679 3272 1746 3328 de
1768 3272 1906 3329 cmlo

314 3359 457 3415 Deus
481 3361 646 3417 homo
670 3362 1054 3431 descensurus,
1110 3364 1203 3434 qui
1252 3380 1352 3421 nos
1392 3380 1491 3420 sua
1538 3365 1790 3435 passione
1842 3380 1908 3420 ac

314 3458 492 3506 morte
530 3450 784 3507 redimat.
828 3451 943 3510 Hoc
978 3462 1063 3510 est
1089 3454 1235 3509 enim
1263 3454 1406 3525 quod
1442 3456 1540 3521 ait,
1569 3453 1754 3526 procul
1775 3464 1823 3509 et
1844 3456 1908 3508 de

314 3538 517 3595 ultimis
563 3539 759 3611 ﬁnibus
789 3544 1015 3614 pretium
1055 3545 1208 3614 ejus;
1238 3544 1456 3615 procul,
1481 3544 1735 3600 videlicet
1761 3553 1906 3600 statu

317 3630 579 3701 temporis
606 3630 750 3701 quod
781 3646 812 3686 a
841 3632 1032 3688 diebus
1060 3633 1373 3689 Salomonis
1400 3649 1573 3705 usque
1596 3631 1663 3690 ad
1689 3642 1907 3705 partum

316 3719 559 3792 Virginis
588 3721 890 3789 intererat;
915 3723 982 3778 de
1007 3723 1208 3779 ultimis
1230 3733 1411 3780 autem
1439 3725 1634 3797 ﬁnibus
1656 3764 1673 3791 ,
1707 3726 1834 3798 quia
1877 3743 1909 3782 a

313 3827 534 3870 mmo
560 3811 703 3869 caelo
728 3814 970 3885 egressio
991 3814 1108 3886 ejus
1131 3853 1148 3881 ,
1178 3814 1269 3885 qui
1298 3831 1407 3871 non
1432 3814 1575 3871 aliud
1599 3830 1701 3886 pro
1722 3824 1909 3872 nostra

315 3903 697 3974 redemptione
732 3903 965 3974 pretium
1000 3920 1164 3977 quam
1206 3906 1444 3977 seipsum
1492 3905 1709 3962 obtulit.
1755 3906 1912 3964 Unde

314 3991 615 4063 Apostolus
638 4009 652 4045 :
683 3991 811 4059 Qui,
835 3992 1029 4063 inquit,
1065 3992 1249 4049 dilexit
1273 4009 1369 4049 nos
1389 4003 1439 4048 et
1468 3993 1690 4048 tradidit
1717 4003 1906 4050 semet-

316 4087 490 4159 ipsum
515 4103 611 4158 pro
637 4086 1140 4154 nobis,oblationem
1161 4097 1209 4143 et
1230 4087 1452 4143 hostium
1481 4086 1589 4142 Deo
1617 4086 1674 4143 in
1699 4087 1914 4143 odorem

318 4177 600 4233 suauitatis
626 4177 846 4249 (Ephes.
879 4179 958 4252 γ).
988 4177 1248 4246 Quamvis
1274 4187 1330 4233 ct
1356 4179 1429 4233 ita
1455 4187 1605 4235 recte
1631 4179 1804 4250 possit
1834 4181 1916 4235 in-

322 4267 494 4339 telligi
520 4267 755 4338 pretium
789 4276 997 4324 sanctae
1024 4267 1282 4323 Ecclesia:
1306 4268 1494 4339 procul
1526 4269 1760 4340 positum
1785 4269 1916 4325 fuis-

320 4376 406 4428 se,
432 4361 562 4432 quia
593 4361 896 4417 incarnatio
919 4359 1073 4416 verbi
1111 4360 1208 4417 Dei
1253 4362 1597 4417 conversatio
1640 4362 1782 4417 inter
1819 4363 1915 4417 ho-

322 4455 528 4520 mines,
578 4453 764 4525 passio
810 4468 875 4509 ac
918 4451 1247 4508 resurrectio
1284 4453 1443 4525 longe
1470 4469 1501 4508 a
1531 4462 1730 4510 nostra:
1770 4464 1916 4509 esset

324 4554 537 4602 natura:
587 4545 898 4601 conditione
946 4544 1203 4600 discreta.
1249 4543 1514 4612 Quoniam
1548 4545 1797 4601 videlicet
1826 4544 1916 4601 ille

325 4646 384 4693 et
410 4637 636 4708 quando
664 4636 834 4693 voluit
859 4645 915 4693 ct
960 4636 1027 4694 de
1055 4652 1161 4709 qua
1208 4636 1380 4693 voluit
1412 4646 1586 4693 matre
1610 4645 1769 4694 natus
1789 4645 1873 4693 est
1898 4678 1916 4703 ,

323 4737 383 4784 ct
406 4727 529 4784 sine
560 4735 786 4798 peccato
826 4727 964 4784 vixit
992 4728 1045 4784 in
1079 4729 1301 4794 mundo,
1334 4736 1389 4785 et
1412 4729 1629 4800 quando
1666 4729 1835 4786 voluit
1863 4739 1919 4786 et

324 4834 440 4891 qua
465 4818 639 4875 voluit
664 4827 838 4875 morte
862 4820 1112 4877 discessit
1134 4835 1166 4875 a
1201 4820 1401 4877 mundo
1420 4862 1435 4887 ,
1465 4828 1680 4891 tempus
1707 4834 1922 4892 quoque

328 4910 754 4968 resurrectionis
778 4919 835 4967 et
860 4911 1196 4967 ascensionis
1217 4926 1329 4967 suae
1349 4911 1404 4966 in
1430 4918 1700 4982 potestate
1711 4911 1920 4978 habuit,

328 5013 387 5060 ct
432 5019 558 5060 cum
599 5003 927 5075 hujusmodi,
959 5007 1013 5062 in
1046 5008 1243 5078 quibus
1292 5017 1402 5064 tam
1446 5024 1478 5065 a
1504 5009 1661 5066 nobis
1688 5010 1916 5082 procul,

332 5111 500 5166 quam
551 5096 748 5152 caelum
795 5097 961 5154 distat
995 5115 1029 5153 a
1073 5109 1249 5166 terra;
1284 5100 1412 5170 quia
1454 5116 1584 5157 vero
1619 5099 1916 5157 Ecclesium

332 5203 498 5257 quam
524 5188 755 5244 redemit
781 5189 1059 5257 Dominus,
1106 5207 1213 5247 non
1260 5191 1435 5247 solum
1463 5192 1687 5248 verbum
1735 5191 1924 5248 salutis

334 5279 634 5352 suscipere,
684 5280 779 5337 sed
815 5289 873 5337 et
898 5290 1214 5338 constanter
1237 5297 1338 5357 pro
1366 5283 1456 5338 illo
1476 5293 1710 5349 certare,
1738 5293 1792 5339 et
1820 5284 1925 5340 hoc

337 5370 515 5441 ipsum
556 5386 656 5443 per
688 5373 947 5429 mundum
984 5374 1286 5445 praedicare
1305 5374 1550 5442 donavit,
1580 5376 1776 5431 merito
1800 5386 1924 5432 sub-

332 5461 584 5535 jungitur
624 5483 638 5519 :

408 5550 646 5623 Conﬁdit
676 5555 731 5609 in
772 5572 835 5610 ea
865 5572 958 5610 cor
984 5558 1083 5612 viri
1102 5560 1210 5626 sui,
1239 5569 1286 5614 et
1312 5560 1493 5632 spoliis
1515 5576 1620 5614 non
1650 5558 1918 5630 indigebit.

344 5641 534 5698 Virum
576 5659 746 5701 sacrm
789 5645 1048 5703 Ecclesia:
1078 5649 1365 5706 Dominum
1405 5665 1471 5706 ac
1509 5648 1924 5721 Redemptorem

342 5733 489 5804 ejus,
520 5735 616 5805 qui
642 5736 807 5793 etiam
836 5738 1073 5810 pretium
1097 5739 1215 5810 ejus
1244 5740 1362 5796 ﬁeri
1389 5742 1642 5814 dignatus
1667 5753 1750 5799 cst
1772 5740 1924 5808 dicit,

1813 5866 1825 5900 Ι

1998 1904 2292 1967 congrcgct
2335 1895 2621 1949 unitatem.
2678 1893 2792 1950 Hoc
2826 1903 2912 1950 est
2950 1896 3094 1950 enim
3119 1895 3261 1965 quod
3289 1895 3539 1966 sequitur
3563 1935 3579 1960 ,

1996 1998 2043 2044 et
2071 1988 2252 2058 spoliis
2295 2004 2398 2042 non
2426 1987 2676 2058 indigebit
2706 2001 2724 2039 :
2757 1987 2954 2056 spoliat
3000 1988 3148 2043 enim
3180 1987 3454 2043 diabolum
3482 1987 3583 2043 Ec-

1996 2078 2184 2144 clesia,
2216 2093 2339 2134 cum
2370 2092 2467 2148 per
2491 2078 2876 2149 praedicatores
2918 2092 3044 2133 suos
3074 2093 3167 2134 eos
3192 2093 3329 2150 quos
3351 2078 3466 2147 ipse
3489 2079 3583 2133 de-

1997 2179 2220 2242 ceperat
2265 2171 2333 2225 ad
2367 2170 2614 2226 veritatis
2664 2170 2768 2227 iter
2813 2179 3055 2237 revocat,
3096 2180 3152 2227 et
3193 2171 3332 2226 bene
3361 2172 3582 2237 dicitur,

1996 2260 2178 2331 spoliis
2202 2277 2305 2316 non
2339 2261 2614 2332 indigebit,
2642 2262 2767 2331 quia
2804 2277 3082 2333 nunquam
3124 2262 3361 2318 cessabit
3390 2261 3582 2317 Eccle-

1998 2352 2076 2407 sia
2114 2350 2373 2407 libcratas
2401 2367 2431 2405 a
2458 2351 2722 2408 diabolica
2754 2352 2944 2410 fraude
2981 2354 3190 2409 animas
3227 2351 3430 2409 Christi
3461 2353 3585 2409 ﬁdei

2000 2444 2325 2508 restituere,
2378 2444 2552 2500 donec
2598 2446 2867 2517 completo
2912 2447 3099 2502 mundi
3144 2461 3306 2503 cursu
3364 2460 3589 2503 suorum

1999 2551 2215 2607 quoque
2256 2536 2521 2609 praeﬁnita
2573 2537 2911 2609 compleatur
2957 2553 3168 2595 summa
3196 2537 3587 2594 membrorum.

2001 2627 2201 2682 Verum
2246 2627 2374 2699 quia
2424 2628 2683 2700 quidquid
2726 2629 2854 2685 boni
2882 2637 3071 2685 sancta
3106 2628 3346 2686 Ecclesia
3370 2628 3454 2685 vel
3476 2628 3599 2684 ani-

2003 2732 2088 2772 ma
2120 2731 2346 2789 quasque
2385 2717 2557 2775 ﬁdelis
2585 2718 2697 2792 agit
2725 2759 2742 2785 ,
2793 2719 2894 2776 hoc
2928 2720 3159 2791 desuper
3189 2719 3409 2790 accipit,
3440 2726 3586 2775 recte

2002 2808 2257 2864 subditur
2286 2827 2297 2861 :
2705 2859 2710 2864 .

2079 2897 2274 2955 Reddet
2318 2903 2367 2956 ei
2406 2901 2598 2956 bonum
2634 2910 2681 2956 et
2731 2918 2835 2956 non
2879 2901 3080 2957 malum
3123 2900 3364 2958 omnibus
3409 2901 3593 2959 diebus

2002 2991 2122 3045 vitae
2150 3004 2280 3045 sum.
2310 2989 2509 3046 Reddit
2531 2993 2733 3063 quippe
2766 2992 2946 3047 anima
2972 2991 3188 3049 Christo
3208 2994 3408 3050 bonum
3425 3036 3441 3062 ,
3471 3009 3598 3051 cum

2003 3081 2274 3152 perceptis
2306 3080 2374 3138 ab
2416 3097 2484 3137 eo
2511 3082 2639 3138 vitae
2683 3082 3004 3138 muneribus
3044 3092 3192 3139 recte
3239 3084 3474 3140 vivendo
3514 3100 3601 3142 re-

2008 3173 2260 3244 spondet,
2292 3187 2415 3228 cum
2460 3187 2525 3228 ea
2575 3188 2697 3244 qua:
2744 3174 2858 3244 ipsa
2891 3173 3032 3229 scire
3052 3174 3138 3230 vel
3181 3173 3364 3231 facere
3401 3174 3469 3230 ab
3504 3174 3601 3232 illo

2010 3268 2193 3340 adjuta
2257 3268 2433 3339 potuit
2500 3269 2663 3325 etiam
2709 3269 2832 3325 aliis
2887 3269 3139 3326 intimare
3189 3272 3406 3344 satagit.
3452 3271 3600 3328 Bene

2010 3367 2192 3413 autem
2229 3372 2353 3412 cum
2396 3356 2621 3412 dixisset
2646 3355 2826 3411 reddet
2858 3356 2907 3411 ei
2952 3356 3166 3424 bonum,
3213 3358 3462 3428 protinus
3506 3360 3603 3414 ad-

2012 3448 2165 3514 didit,
2199 3458 2374 3515 et_non
2404 3446 2630 3511 malum,
2654 3445 2780 3518 quia
2813 3454 2942 3502 sunt
2968 3447 3211 3518 proiecto
3234 3448 3325 3519 qui
3364 3448 3602 3518 acceptis

2012 3560 2043 3598 a
2080 3542 2312 3598 Domino
2333 3542 2491 3598 bonis
2517 3541 2656 3596 mala
2686 3541 3009 3612 rependunt,
3034 3540 3122 3596 vel
3157 3540 3280 3597 ﬁdei
3319 3543 3598 3614 mysteria,

2012 3650 2130 3705 qua:
2162 3639 2519 3705 perceperunt
2548 3631 2804 3686 haeretica
2838 3630 2955 3687 fcce
2996 3631 3271 3698 fmdando,
3304 3632 3388 3687 vel
3438 3633 3600 3688 ﬁdem

2012 3740 2175 3797 quam
2208 3722 2544 3796 professione
2570 3733 2791 3779 servant
2830 3724 3012 3795 pravis
3052 3724 3309 3794 operibus
3348 3725 3603 3795 blasphe-

2015 3819 2228 3879 mando,
2258 3815 2343 3872 vel
2374 3830 2552 3870 mores
2581 3815 2750 3871 bonos
2780 3804 2977 3886 quibus
3005 3829 3130 3869 cum
3171 3814 3275 3870 ﬁde
3316 3824 3464 3870 recta
3508 3815 3603 3873 de-

2012 3910 2257 3966 serviunt
2286 3923 2382 3980 per
2419 3907 2687 3978 colloquia
2722 3907 2864 3962 mala
2914 3907 3330 3978 corrumpendo,
3368 3909 3462 3964 sed
3502 3924 3605 3966 nec

2016 4002 2091 4058 illi
2125 4003 2264 4057 bona
2295 4015 2415 4072 quae
2441 4008 2768 4070 acceperunt
2814 3999 3043 4054 Domino
3090 3999 3341 4065 reddunt,
3367 3999 3459 4070 qui
3492 4016 3601 4056 non

2016 4094 2071 4150 in
2121 4095 2206 4150 his
2260 4109 2382 4166 qua:
2425 4093 2563 4150 bene
2619 4092 2880 4147 inchoant
2939 4106 3112 4161 usque
3157 4092 3226 4146 ad
3268 4090 3429 4148 ﬁnem
3477 4089 3605 4149 vitae

2015 4186 2298 4258 praesentis
2321 4184 2618 4255 persistere
2642 4190 2860 4249 curant,
2891 4184 3033 4239 unde
3072 4183 3269 4239 merito
3297 4198 3420 4239 cum
3442 4183 3611 4241 dixis-

2017 4283 2135 4339 set,
2166 4273 2343 4328 reddet
2384 4273 2433 4327 ei
2469 4272 2661 4329 bonum
2691 4281 2740 4326 et
2771 4289 2876 4327 non
2905 4271 3102 4327 malum
3121 4313 3135 4337 ,
3167 4281 3228 4328 ut
3249 4287 3606 4345 perseveran-

2017 4367 2148 4421 tiam
2176 4364 2301 4420 boni
2324 4362 2690 4420 necessariam
2718 4363 3116 4419 demonstraret
3145 4361 3409 4433 adjunxit,
3439 4364 3610 4419 omni-

2020 4457 2113 4511 bus
2134 4448 2315 4509 diebus
2336 4454 2453 4509 vita)
2474 4469 2587 4507 sua:
2604 4452 2724 4518 ;cui
2756 4452 2934 4508 simile
2953 4463 3037 4508 est
3057 4453 3185 4509 illud
3205 4454 3606 4523 evangelicum:

2024 4543 2325 4602 Serviamus
2379 4541 2459 4597 illi
2507 4543 2564 4597 in
2608 4543 2885 4599 sanctitate
2931 4552 2980 4599 et
3029 4544 3231 4611 iustitia
3277 4561 3456 4600 coram
3494 4544 3610 4618 ipso

2025 4638 2266 4693 Omnibus
2297 4636 2480 4691 diebus
2517 4637 2708 4691 nostris
2736 4633 2888 4710 (Luc.
2920 4636 2980 4709 ι).
3012 4635 3220 4707 Quibus
3259 4652 3393 4695 sane
3435 4640 3613 4710 operi-

2024 4730 2146 4795 bus,
2176 4729 2373 4799 quiius
2389 4728 2616 4800 iustitiae
2644 4730 2728 4786 vel
2758 4731 3060 4788 sanctitatis
3103 4731 3371 4789 fructibus
3393 4732 3615 4804 potissi-

2028 4837 2175 4877 mum
2215 4822 2287 4877 sit
2335 4821 2692 4879 insistendum
2731 4823 2782 4879 ei
2832 4824 2924 4895 qui
2976 4824 3178 4880 bonum
3218 4825 3359 4899 quod
3405 4825 3616 4896 accepit

2029 4914 2260 4970 Domino
2289 4924 2475 4985 gratus
2518 4919 2818 4986 rependere
2856 4918 3057 4990 satagit
3098 4918 3491 4990 subsequenter
3528 4917 3615 4973 in-

2022 5008 2277 5063 ‘sinuatur
2320 5021 2443 5061 cum
2486 5006 2728 5062 dicitur:

2102 5098 2353 5166 Quwsirit
2406 5099 2584 5154 lauant
2615 5110 2663 5153 et
2698 5100 2862 5157 linum
2891 5143 2906 5169 ,
2946 5111 2994 5155 et
3029 5111 3243 5171 operata
3281 5111 3356 5156 est
3397 5102 3613 5158 consilio

2030 5208 2282 5247 manuum
2310 5209 2551 5249 suarum.
2586 5192 2757 5263 Hujus
2799 5193 3122 5267 principium
3169 5195 3419 5250 versiculi
3457 5194 3616 5252 fortis

2033 5282 2250 5349 mulier,
2281 5283 2385 5338 hoc
2423 5290 2508 5339 est
2544 5294 2728 5339 sancta
2755 5285 2994 5340 Ecclesia
3013 5286 3179 5340 etiam
3195 5283 3353 5354 juxta
3378 5286 3615 5344 litteram

2033 5376 2279 5446 accipere
2321 5382 2377 5429 et
2416 5374 2707 5431 observare
2730 5379 3032 5444 consuevit,
3053 5377 3208 5450 juxta
3227 5377 3356 5433 illud
3383 5380 3620 5451 prophe—

2028 5465 2363 5532 ticum:Cum
2423 5468 2615 5522 videris
2665 5467 2888 5535 nudum,
2942 5470 3085 5540 operi
3133 5486 3284 5536 eum;
3325 5480 3374 5526 et
3401 5488 3615 5543 carnem

2035 5571 2181 5615 tuam
2212 5576 2275 5614 ne
2298 5559 2594 5624 despexeris
2635 5557 2770 5631 (Isa.
2803 5558 2973 5634 Lvnt).
3004 5560 3273 5634 Operatur
3296 5572 3475 5620 autem
3509 5582 3620 5631 non

2035 5665 2372 5722 supervacuo
2398 5662 2455 5707 et
2477 5666 2622 5707 crcco
2646 5650 2852 5718 labore,
2884 5652 2980 5709 sed
3001 5668 3068 5711 eo
3088 5654 3274 5726 utique
3301 5652 3527 5712 consilio
3558 5669 3618 5711 ut
3686 5674 3703 5681 ν

2036 5746 2105 5802 ab
2128 5745 2244 5817 ipso
2269 5759 2369 5801 suo
2399 5743 2517 5800 viro
2549 5743 2799 5814 Domino,
2830 5745 3083 5809 videlicet
3115 5745 3353 5818 Christo,
3386 5750 3441 5805 in
3467 5747 3611 5823 judi-
