3962 6198
355 352 458 408 783

1024 343 1085 398 Β.
1125 339 1380 400 RABANI
1419 336 1638 395 MAURi
1673 330 1993 391 ARCHI’EP.
2033 332 2343 388 MOGUNT.
2383 326 2667 385 OPERUM
2706 324 2887 383 PARS
2923 325 3008 383 lll.

3522 318 3629 375 71'“

353 466 443 520 cio
469 467 742 518 mereatur
771 458 1000 516 audire:
1028 453 1222 511 Nudus
1256 453 1334 522 fui
1359 462 1406 506 et
1434 450 1712 522 operuistis
1734 452 1816 502 'me
1841 463 1860 512 ;
1888 454 1939 501 et
1967 452 2014 507 Λ
2040 444 2292 514 qualibus
2329 444 2444 513 ipse
2468 409 2780 498 terribiliter
2812 443 3023 498 intonat
3047 459 3063 495 :
3088 442 3275 510 Amen,
3305 441 3427 496 dico
3457 440 3625 508 vobis,

352 552 607 625 quamdiu
636 549 832 620 fecistis
869 546 961 601 uni
986 545 1056 600 de
1085 545 1167 599 liis
1200 544 1432 599 minimis
1465 542 1594 596 meis
1622 581 1636 606 ,
1690 540 1819 593 mihi
1860 538 1936 607 fs-

355 644 499 702 cistis
522 641 737 716 (Matth.
756 639 906 709 xxv).
931 635 1204 707 Operatur
1224 641 1406 689 autem
1427 630 1654 687 consilio
1680 643 1938 684 manuum

357 747 600 800 suarum,
628 733 733 788 hoc
755 743 843 789 est
870 742 1056 783 earum
1087 739 1466 798 personarum,
1504 736 1605 792 per
1638 734 1774 790 quas
1800 718 1941 774 elee-

359 840 639 898 mosynam
673 820 1006 894 pauperibus
1034 816 1258 884 tribuit,
1283 816 1340 871 in
1369 829 1599 885 quorum
1635 827 1802 884 opere
1847 811 1944 867 de-

356 929 484 977 voto
518 916 608 973 illo
641 911 998 971 saluberrimo
1030 908 1201 963 utitur
1227 905 1455 962 consilio
1485 912 1546 959 ut
1578 917 1702 957 cum
1729 901 1939 971 disper-

358 1011 436 1082 git
454 1049 469 1075 ,
492 1007 586 1063 dat
602 1002 953 1077 pauperibus,
975 1015 1083 1055 non
1109 1000 1226 1069 ipsa
1266 996 1335 1051 ab
1361 994 1671 1065 hominibus
1697 992 1945 1048 laudetur

359 1099 430 1154 ad
460 1106 711 1166 tempus,
757 1092 854 1149 sed
883 1089 1098 1161 justitia
1153 1088 1272 1159 ejus
1321 1093 1537 1141 maneat
1588 1085 1644 1139 in
1688 1082 1945 1139 saeculum

360 1190 568 1257 saeculi.
584 1202 755 1244 cornu
776 1183 897 1253 ejus
913 1181 1184 1238 exaltetur
1207 1181 1262 1235 in
1290 1178 1479 1251 gloria.
1507 1177 1743 1233 Possunt
1764 1183 1944 1231 autem

361 1282 592 1354 mystice
618 1280 675 1335 in
700 1276 941 1345 lana-qui
964 1274 1158 1330 oviuus
1176 1279 1262 1327 est
1281 1271 1497 1326 habitus
1523 1269 1702 1358 omnia
1732 1267 1951 1339 pietatis

361 1382 421 1429 et
466 1367 833 1441 simplicitatis
881 1380 1047 1436 opera
1092 1379 1216 1433 quae
1264 1360 1531 1432 proximis
1590 1358 1950 1430 impendimus

364 1461 538 1533 accipi
570 1479 582 1515 :
628 1466 807 1531 potest
831 1457 887 1511 in
918 1455 1030 1510 lino
1059 1453 1204 1525 quod
1236 1468 1304 1508 ex
1344 1460 1489 1506 terra
1514 1450 1699 1505 virens
1725 1449 1901 1504 oritur
1934 1489 1950 1514 ,

365 1557 464 1613 sed
492 1555 649 1625 longo
683 1567 751 1608 ac
797 1548 1079 1621 multiplici
1129 1547 1391 1603 exercitio
1437 1546 1640 1600 amittit
1669 1544 1950 1599 humorem

367 1648 608 1703 nativum
654 1652 818 1714 atque
847 1642 914 1698 ad
958 1640 1190 1713 gratiam
1227 1638 1359 1697 novi
1407 1636 1659 1692 candoris
1683 1634 1950 1707 pervenit,

370 1736 655 1807 castigatio
684 1742 886 1790 nostra:
918 1732 1098 1788 carnis
1136 1729 1399 1795 iutimari,
1445 1729 1533 1784 cui
1571 1727 1698 1782 dum
1737 1725 1951 1797 ingeni-

2043 545 2343 606 receperunt
2387 536 2673 590 mercedem
2711 550 2863 589 suam
2890 533 3105 605 (Matth.
3136 535 3238 608 vt).

2113 627 2180 681 Et
2213 626 2278 681 de
2308 636 2454 681 nocte
2486 625 2744 690 surrexit,
2774 625 3019 695 deditque
3051 626 3289 696 pristiam
3321 626 3620 683 domesticis

2039 718 2149 771 suis
2170 727 2217 771 et
2238 717 2436 771 cibaria
2457 715 2663 770 ancillis
2685 717 2815 770 suis.
2842 714 2995 769 Sicut
3017 723 3162 770 totus
3186 715 3418 771 labentis
3438 719 3619 774 saeculi

2041 823 2235 864 cursus
2275 807 2499 878 perenni
2528 807 2635 862 diei
2665 821 2729 862 ac
2760 807 2936 861 noctis
2970 806 3327 864 alternatione
3362 808 3628 869 variatur.

2042 907 2099 953 et
2125 898 2242 954 dies
2267 897 2485 969 quidem
2514 896 2582 952 ad
2606 894 2937 967 operandam
2958 936 2973 961 ,
3004 912 3107 950 uox
3140 895 3207 949 ad
3239 897 3625 967 quiescendum

2044 988 2363 1044 naturaliter
2385 987 2603 1044 condita
2627 995 2712 1044 est
2727 1027 2743 1053 ,
2771 986 2851 1043 sic
2872 995 3042 1042 totum
3064 989 3348 1058 praesentis
3374 988 3630 1046 Ecclesia:

2044 1086 2259 1149 tempus
2302 1079 2517 1149 gemino
2555 1078 2789 1149 quodam
2824 1079 3022 1149 quietis
3063 1087 3119 1133 et
3142 1080 3324 1149 operis
3363 1089 3507 1135 statu
3534 1082 3630 1137 de-

2045 1170 2288 1226 cernitur
2331 1187 2344 1223 :
2390 1169 2546 1240 quasi
2589 1170 2735 1225 enim
2784 1154 2944 1226 nocte
2981 1170 3244 1241 quiescit,
3294 1185 3417 1225 cum
3465 1171 3632 1244 aliqui

2048 1263 2286 1320 ﬁdelium
2331 1262 2482 1333 ejus,
2533 1264 2840 1320 intermissa
2888 1266 2957 1320 ad
3006 1274 3219 1336 tempus
3267 1266 3635 1323 sollicitudine

2046 1364 2272 1411 externa
2288 1395 2304 1422 ,
2335 1355 2551 1411 sibimet
2570 1370 2764 1412 vacare
2789 1372 2955 1426 seque
2980 1357 3126 1427 ipsos
3149 1358 3469 1429 spiritaliter
3499 1359 3638 1415 inci-

2048 1445 2204 1515 piunt
2243 1460 2473 1510 curare,
2513 1445 2599 1501 vel
2644 1446 2965 1503 lectionibus
3004 1440 3256 1504 videlicet
3288 1450 3462 1505 sacris
3486 1490 3504 1515 ,
3552 1450 3633 1504 vel

2049 1534 2420 1600 orationibus,
2474 1550 2539 1591 ac
2583 1535 2838 1607 lacrymis
2878 1551 2998 1592 sese
3044 1538 3130 1592 vel
3157 1538 3277 1595 aliis
3325 1540 3635 1616 hujusmodi

2052 1627 2243 1701 studiis
2270 1627 2531 1683 secretius
2560 1629 2879 1684 exercendo.
2923 1627 3109 1700 Surgit
3133 1638 3313 1685 autem
3341 1633 3408 1688 de
3440 1644 3635 1700 nocte,

2052 1734 2177 1774 cum
2224 1719 2278 1774 in
2329 1718 2533 1774 eisdem
2573 1718 2689 1775 suis
2745 1718 2993 1776 ﬁdelibus
3035 1721 3106 1777 ad
3146 1723 3411 1793 agendam
3467 1725 3667 1781 etiam.

371 1838 456 1883 tas
481 1828 736 1883 vitiorum
782 1824 970 1879 sordes
998 1836 1097 1893 per
1123 1818 1510 1876 continentiam
1558 1818 1914 1889 excoquimus
1936 1857 1964 1883 ,
1985 1824 2029 1884 Β
2057 1813 2423 1883 proximorum
2454 1826 2640 1868 curam
2677 1827 2736 1868 se
2766 1812 2995 1868 sollicita
3032 1814 3297 1886 accingit:
3337 1816 3482 1887 quod
3522 1816 3637 1871 ira-

370 1921 589 1991 dignam
617 1916 859 1988 profecto
884 1930 1004 1971 eam
1035 1929 1139 1984 qua
1168 1913 1441 1969 Christum
1476 1913 1760 1967 induamus
1786 1908 1954 1966 cilici-

371 2027 515 2077 mus,
531 2009 687 2080 juxta
713 2009 842 2063 illud
865 2007 1223 2077 apostolicum
1248 2022 1261 2059 :
1294 2004 1558 2075 Quotquot
1582 2019 1702 2074 ergo
1725 2003 1781 2056 in
1803 2000 1956 2057 Chri-

368 2112 449 2157 sto
477 2099 728 2171 baptizati
747 2100 890 2163 estis,
906 2095 1174 2152 Christum
1198 2093 1725 2167 induistis(Gal.m).
1753 2093 1959 2161 Quaerit

369 2206 499 2263 ergo
524 2190 730 2245 mulier
753 2188 909 2243 fortis
941 2187 1121 2243 lanam
1162 2195 1219 2241 et
1255 2185 1421 2240 linum
1465 2193 1521 2239 et
1548 2193 1802 2256 operatur
1829 2199 1956 2238 con-

370 2280 493 2336 silio
537 2294 796 2334 manuum
825 2292 1070 2341 suarum,
1099 2290 1224 2330 cum
1250 2273 1490 2329 Ecclesia
1522 2281 1707 2329 sancta
1731 2272 1958 2329 sollicite

369 2370 660 2442 perquirit,
681 2368 880 2440 quibus
907 2383 966 2423 se
996 2366 1218 2436 pietatis
1245 2365 1510 2421 fructibus
1531 2372 1803 2430 exerceat,
1825 2379 1959 2436 quo-

374 2463 535 2519 modo
562 2477 592 2516 a
617 2460 929 2516 carnalibus
957 2458 1213 2513 emunch
1241 2457 1534 2523 illecebris,
1558 2457 1739 2513 ethoc
1759 2466 1963 2512 utrum-

372 2567 479 2622 quc
508 2550 735 2609 consilio
764 2548 1205 2620 prudentissimo,
1230 2548 1333 2603 hoc
1356 2556 1463 2613 est,
1490 2563 1737 2619 superna:
1758 2549 1963 2604 solum-

376 2644 538 2698 modo
566 2639 942 2696 retributionis
983 2637 1114 2693 facit
1153 2639 1371 2704 intuitu,
1405 2637 1560 2708 cujus
1593 2640 1963 2695 retributionis

379 2747 613 2804 sequens
640 2744 856 2801 quoque
898 2728 1197 2786 versiculus
1242 2729 1489 2800 apertius
1536 2730 1803 2796 meminit,
1835 2731 1964 2786 dum

383 2820 637 2879 subditur
666 2837 678 2873 :

456 2908 622 2963 Facta
651 2917 726 2962 est
753 2906 908 2979 quasi
955 2908 1102 2963 naris
1150 2907 1408 2963 institoris
1454 2908 1520 2963 de
1562 2906 1717 2980 longe
1749 2920 1965 2980 portans

382 3017 572 3075 panem
596 3016 771 3055 suum.
800 2999 1108 3054 lnstitorem
1138 3000 1528 3072 negotiatorem
1562 3002 1716 3067 dicit,
1736 3003 1830 3072 qui
1868 3018 1968 3072 pro

377 3110 445 3151 eo
473 3094 553 3149 sic
578 3099 803 3148 vocatur
833 3091 905 3147 ab
930 3088 1191 3163 antiquis,
1236 3092 1378 3163 quod
1404 3093 1749 3163 acquirendis
1786 3095 1968 3149 multi-

2056 1912 2228 1958 tcrna:
2260 1901 2744 1957 administrationis
2770 1916 2907 1972 Opus
2937 1902 3144 1960 duobus
3177 1904 3352 1960 modis
3376 1919 3641 1962 exercet-2

2055 1992 2338 2049 consuevit
2383 2009 2397 2046 :
2437 1991 2560 2062 quia
2589 2000 2645 2047 et
2680 2008 2776 2048 eos
2812 1994 2905 2064 qui
2947 1992 3081 2049 foris
3118 1996 3377 2051 errabant
3416 1997 3485 2051 ad
3516 1997 3639 2053 ﬁdei

2056 2085 2286 2156 gratiam
2317 2091 2609 2150 convocat,
2642 2092 2696 2139 et
2722 2084 2841 2140 illos
2865 2085 2956 2154 qui
2988 2085 3111 2141 lidei
3139 2088 3498 2144 sacramentis
3528 2088 3642 2160 jam

2056 2183 2182 2230 sunt
2213 2175 2437 2240 imbuti,
2487 2183 2546 2229 ut
2589 2174 2747 2229 bouis
2789 2175 3042 2246 operibus
3076 2177 3307 2247 amplius
3351 2178 3643 2246 insistant,

2058 2267 2300 2322 excitare
2344 2283 2449 2322 non
2480 2266 2708 2333 desinit;
2753 2268 2893 2322 unde
2921 2267 3059 2323 bene
3098 2269 3296 2324 dicitur
3328 2287 3343 2324 :
3385 2270 3646 2342 Deditque

2057 2357 2292 2425 prtrdam
2323 2356 2619 2411 domesticis
2643 2357 2752 2412 suis
2773 2397 2789 2423 ,
2832 2367 2878 2412 et
2908 2359 3111 2414 cibaria
3150 2360 3357 2416 ancillis
3382 2363 3514 2417 suis.
3546 2364 3647 2418 Dat

2060 2462 2293 2517 namque
2349 2448 2591 2518 praedam
2644 2449 2957 2505 domesticis
2993 2442 3107 2506 suis
3132 2490 3148 2517 ,
3203 2467 3327 2506 cum
3367 2468 3463 2508 eos
3510 2469 3647 2524 quos

2062 2539 2286 2609 antiquo
2314 2539 2457 2594 hosti
2494 2540 2737 2595 docendo
2766 2540 2977 2612 eripere
3000 2543 3207 2613 potuit,
3246 2544 3491 2599 societati
3525 2546 3645 2599 illu-

2063 2647 2181 2685 rum
2225 2631 2316 2702 qui
2344 2632 2397 2685 in
2433 2632 2535 2686 [ide
2564 2646 2923 2703 plmcessere,
2967 2633 3314 2701 reconciliat;
3345 2636 3439 2691 dat
3474 2645 3531 2691 et
3555 2654 3652 2690 an-

2063 2721 2202 2776 cillis
2237 2722 2473 2787 cibaria,
2506 2737 2629 2777 cum
2661 2722 2894 2778 humiles
2922 2739 3201 2795 quosque,
3243 2724 3650 2781 debito‘timore

2064 2830 2160 2869 sua
2183 2814 2335 2885 jussa
2373 2824 2684 2881 servantes,
2728 2830 2797 2870 ne
2836 2816 2936 2870 sub
2963 2816 3051 2887 pio
3078 2817 3266 2873 labore
3310 2817 3651 2884 lassescant,

2065 2921 2315 2976 supernae
2336 2908 2602 2963 mercedis
2628 2910 3143 2965 commemoratione
3172 2910 3365 2967 reﬁcit.

2138 2997 2496 3054 Considerarit
2515 3016 2699 3070 agrum
2719 3009 2766 3055 et
2786 3002 2908 3055 emit
2928 3018 3045 3056 eum
3070 3017 3089 3056 :
3111 3003 3174 3057 de
3196 3003 3372 3073 fructu
3397 3021 3652 3061 manuum

2066 3107 2283 3145 suarum
2312 3089 2563 3161 plantavit
2593 3092 2816 3146 vineam.
2862 3093 3066 3163 Agrum
3095 3093 3228 3149 dicit
3255 3096 3653 3163 possessionem

378 3184 752 3259 plicandisque
783 3166 1060 3239 mercibus
1103 3181 1321 3238 sedulus
1375 3183 1607 3240 insistat.
1668 3184 1833 3239 Facta
1881 3178 2035 3242 estC
2068 3194 2313 3251 superna:
2338 3181 2708 3247 haereditatis,
2759 3182 2825 3237 de
2856 3198 2961 3253 qua
2993 3184 3319 3242 benedicens
3360 3185 3528 3242 ﬁlium
3555 3205 3655 3259 pa-

379 3291 511 3348 ergo
541 3274 698 3331 fortis
722 3274 920 3331 mulier
965 3274 1117 3346 quasi
1164 3274 1313 3330 navis
1339 3275 1616 3337 institoris,
1668 3276 1793 3345 quia
1824 3277 1967 3332 sicut

380 3371 537 3426 navis
561 3370 829 3425 institoris
852 3380 1047 3425 onusta
1070 3368 1437 3424 mercimoniis
1460 3384 1580 3438 qua:
1600 3369 1653 3423 in
1673 3384 1770 3425 sua
1788 3371 1965 3441 patria

382 3465 556 3537 magis
587 3462 889 3529 abundant,
920 3477 1084 3532 porro
1113 3476 1210 3532 per
1240 3475 1391 3516 mare
1420 3460 1553 3530 petit
1571 3461 1882 3549 peregrina,
1907 3471 1967 3516 ut

383 3553 494 3610 illic
520 3552 755 3608 venditis
796 3566 917 3621 quae
956 3550 1229 3613 attulerat,
1262 3549 1515 3606 cbariora
1532 3550 1751 3605 domum
1776 3566 1966 3622 repor-

383 3655 497 3713 tet;
535 3647 613 3702 sic
638 3644 898 3700 nimirum
922 3652 1109 3699 sancta
1138 3642 1401 3708 Ecclesia,
1434 3642 1513 3698 sic
1538 3642 1718 3697 anima
1741 3658 1967 3713 quaeque

381 3738 620 3809 perfecta
662 3735 923 3790 virtutum
960 3734 1164 3790 divitiis
1205 3733 1403 3805 gaudet
1450 3734 1720 3800 onustari,
1771 3733 1969 3803 quibus

384 3828 594 3900 majora
640 3826 833 3883 divina:
871 3825 1060 3898 gratiae
1087 3824 1229 3880 dona
1265 3834 1555 3881 mercetur.
1585 3824 1860 3895 Optimum
1886 3835 1971 3881 est

386 3933 622 3990 namque
673 3915 1059 3973 commercium
1083 3955 1099 3981 ,
1149 3930 1274 3970 cum
1302 3915 1444 3971 bona
1472 3954 1489 3983 ,
1531 3930 1652 3986 qua:
1680 3915 1922 3972 valemus
1949 3955 1964 3980 ,

385 4019 709 4084 operantes,
757 4008 934 4079 primo
973 4007 1114 4062 hanc
1159 4021 1191 4059 a
1226 4004 1456 4062 Domino
1489 4007 1795 4063 mercedem
1834 4008 1973 4063 reci-

386 4100 584 4172 pimus,
613 4107 675 4153 ut
699 4097 767 4152 ad
788 4094 1239 4167 majorajsemper
1266 4095 1472 4167 agenda
1495 4095 1864 4166 proﬁciamus,
1881 4097 1973 4153 de-

388 4189 516 4245 hinc
550 4196 608 4244 et
637 4187 803 4242 vitam
846 4183 1181 4257 percipimus
1225 4183 1636 4255 sempiternam.
1675 4185 1840 4242 Facta
1887 4196 1972 4243 est

388 4297 518 4352 ergo
543 4280 725 4335 anima
755 4286 937 4334 sancta
963 4275 1120 4346 quasi
1151 4275 1304 4330 navis
1326 4275 1609 4344 institoris,
1632 4291 1752 4346 quae
1781 4278 1975 4333 transit

389 4370 658 4428 desiderio
693 4367 889 4425 ﬂuctus
916 4365 1096 4422 saeculi
1126 4366 1445 4437 praesentis,
1495 4366 1628 4432 sola,
1677 4383 1797 4438 qua:
1836 4384 1895 4424 se
1918 4369 1972 4423 in

390 4460 546 4517 ctelis
571 4459 818 4530 accipere
847 4466 1049 4528 sperat,
1083 4464 1288 4512 interna
1337 4455 1532 4529 gaudia
1571 4457 1888 4525 meditatur,
1917 4468 1973 4516 et

2069 3274 2306 3330 triarcba
2332 3274 2570 3344 loquitur
2598 3291 2613 3330 :
2646 3273 2784 3329 Ecce
2812 3275 2944 3329 odor
2961 3274 3063 3344 ﬁlii
3092 3278 3194 3331 mei
3218 3277 3352 3331 sicut
3382 3278 3517 3334 odor
3540 3280 3664 3349 agri

2067 3367 2204 3439 pleni
2221 3369 2304 3422 cui
2326 3368 2583 3423 benedixit
2609 3368 2866 3445 Dominus
2893 3365 3044 3440 (Gen.
3061 3370 3257 3440 xxvu).
3287 3368 3437 3427 Odor
3457 3373 3661 3445 quippe

2069 3468 2380 3514 sanctorum
2422 3467 2507 3515 est
2552 3458 2695 3515 sicut
2733 3444 2868 3514 odor
2901 3460 3017 3531 agri
3061 3460 3202 3530 pleni
3254 3462 3340 3516 cui
3382 3462 3665 3519 bettedixit

2070 3549 2362 3613 Dominus,
2406 3550 2530 3619 quia
2587 3558 2697 3607 tota
2742 3552 2937 3606 mentis
2984 3552 3285 3610 intentione
3331 3562 3662 3610 contuentur

2069 3655 2189 3710 qua:
2215 3641 2288 3697 sit
2316 3641 2593 3712 plenitudo
2626 3641 3021 3699 benedictionis
3062 3645 3114 3698 in
3146 3646 3322 3715 patria
3359 3647 3510 3718 regni
3541 3661 3662 3702 cm-

2072 3731 2240 3788 lestis.
2298 3732 2676 3790 Consideravit
2725 3750 2855 3806 ergo
2900 3735 3142 3792 Ecclesia
3185 3753 3375 3809 agrum
3426 3747 3483 3794 et
3526 3740 3663 3794 emit

2070 3839 2192 3880 cum
2210 3865 2226 3891 ,
2257 3826 2381 3895 quia
2412 3826 2653 3882 studiose
2681 3826 2869 3883 didicit
2896 3843 3016 3898 quae
3039 3829 3150 3884 sint
3176 3830 3373 3900 gaudia
3408 3831 3537 3888 vita:
3560 3846 3663 3902 pe-

2074 3916 2294 3983 rennis,
2325 3926 2380 3972 et
2413 3932 2513 3988 pro
2553 3932 2741 3973 eorum
2789 3919 3138 3990 perceptione
3178 3921 3441 3992 quidquid
3486 3923 3667 3994 potuit

2073 4007 2323 4064 laborare
2359 4009 2636 4064 contendit
2666 4027 2679 4063 :
2711 4023 2833 4079 quae
2857 4010 3022 4065 etiam
3067 4010 3136 4065 de
3176 4009 3353 4066 fructu
3398 4027 3665 4068 manuum

2074 4114 2293 4155 suarum
2327 4099 2588 4169 plantavit
2605 4100 2841 4166 vineam,
2865 4102 2992 4171 quia
3020 4102 3087 4157 de
3104 4101 3401 4158 iroctiferis
3421 4102 3665 4160 ﬁdelium

2074 4204 2294 4245 suorum
2325 4187 2482 4245 iactis
2504 4189 2619 4245 sive
2642 4190 2822 4246 verbis
2846 4189 3180 4261 Scriptorum
3208 4202 3453 4249 sanctam
3476 4194 3670 4250 (τουδί-

2075 4279 2176 4345 dit,
2207 4294 2304 4349 per
2325 4293 2484 4348 quam
2507 4289 2716 4335 mentes
2742 4280 3073 4335 audientium
3098 4283 3150 4337 in
3174 4281 3280 4338 ﬁde
3298 4292 3352 4338 et
3372 4283 3667 4341 dilectione

2075 4368 2319 4425 ebriaret
2361 4369 2444 4425 sui
2493 4368 2887 4440 Redemptoris.
2931 4370 3042 4428 Nec
3067 4373 3136 4428 ab
3186 4388 3245 4429 re
3283 4382 3368 4429 est
3396 4375 3444 4430 si
3490 4376 3669 4433 vineae

2080 4458 2297 4514 nomine
2323 4460 2496 4529 ipsam
2529 4459 2844 4528 Ecclesiam,
2880 4478 3001 4533 quas
3028 4478 3127 4534 per
3151 4463 3433 4520 mulierem
3458 4463 3665 4525 fortem

389 4569 491 4628 pro
539 4553 626 4610 his
670 4552 1036 4609 abundantius
1086 4552 1451 4624 adipiscendis
1514 4553 1774 4627 quidquid
1832 4554 1975 4611 valet
1999 4550 2056 4613 Ι)
2080 4560 2164 4607 est
2189 4552 2493 4622 designata,
2530 4554 2828 4610 sentiamus
2854 4569 2976 4611 esse
2997 4554 3306 4626 ﬁguratam,
3331 4564 3386 4611 et
3426 4571 3669 4615 eosessc

393 4647 666 4702 instanter
688 4659 874 4715 agere,
904 4643 1163 4715 quidquid
1192 4645 1480 4701 adversum
1505 4647 1828 4712 occurrerit,
1859 4646 1973 4703 lor-

394 4738 523 4793 titer
559 4749 820 4806 superare
846 4735 1143 4790 contendit.
1190 4734 1267 4789 De
1317 4751 1424 4806 qua
1455 4744 1601 4792 recte
1621 4737 1819 4794 dicitur
1848 4739 1974 4810 quia

394 4829 555 4899 longe
583 4834 762 4898 portat
798 4840 992 4897 panem
1018 4840 1197 4890 suum,
1221 4825 1347 4896 quia
1378 4827 1433 4882 in
1462 4829 1674 4885 cunctis
1696 4844 1817 4900 qua:
1843 4838 1977 4886 temo

393 4918 653 4992 paraliter
677 4917 819 4972 bona
849 4915 991 4986 agit,
1023 4924 1280 4971 aeternam
1312 4915 1648 4975 solummodo
1669 4920 1980 4976 retributio-

395 5027 518 5068 nem
563 5016 862 5082 exspectat.
896 5006 1078 5064 Solam
1114 5007 1223 5062 vivi
1255 5007 1413 5079 panis
1459 5011 1799 5066 saturitatem
1834 5013 1978 5067 desi-

396 5104 573 5169 derat,
601 5099 719 5170 ejus
748 5099 1006 5156 nimirum
1034 5098 1126 5169 qui
1165 5098 1280 5155 suis
1309 5099 1649 5156 auditoribus
1671 5102 1759 5171 pie
1790 5112 1978 5173 poten-

397 5204 587 5267 terque
609 5194 917 5267 promittit:
954 5190 1135 5248 Venite
1170 5192 1239 5246 ad
1273 5208 1387 5259 me,
1412 5208 1588 5247 omnes
1618 5193 1707 5263 qui
1730 5193 1981 5251 laboratis

396 5297 445 5342 et
485 5288 686 5342 onerati
726 5287 869 5351 estis,
919 5292 965 5338 et
1012 5300 1106 5355 ego
1148 5283 1380 5353 reﬁciam
1419 5282 1877 5359 vos,(Mattlt.-x1).
1912 5287 1983 5341 At

399 5386 589 5433 contra
610 5377 664 5431 in
686 5377 935 5446 proximo
962 5389 1158 5445 panem
1187 5387 1345 5429 suum
1372 5374 1584 5445 recipit,
1622 5381 1677 5430 et
1702 5390 1807 5431 non
1835 5376 1979 5433 hunc

401 5470 467 5525 de
510 5470 666 5541 longe
706 5478 855 5524 trans
900 5468 1075 5523 maria
1108 5475 1310 5538 portat,
1340 5467 1432 5537 qui
1474 5467 1530 5522 in
1567 5483 1631 5524 eo
1671 5470 1812 5539 quod
1837 5470 1983 5541 juste

401 5560 582 5616 vivere
622 5556 867 5626 videtur,
909 5560 1369 5615 humanitantum
1408 5557 1615 5617 favoris
1639 5563 1862 5632 prtemia
1891 5579 1986 5618 ex-

403 5653 568 5724 petit,
598 5666 773 5729 neque
817 5652 926 5708 ullo
972 5653 1096 5708 vita:
1129 5656 1498 5723 permanentia
1526 5655 1742 5721 intuitu,
1775 5672 1839 5713 ea
1864 5672 1984 5728 qua!

407 5742 463 5801 iu
503 5744 624 5798 imis
666 5732 922 5798 labuntur
960 5759 1288 5814 exsuperare
1315 5753 1371 5800 et
1396 5746 1609 5804 calcare
1646 5749 1843 5820 satagit
1873 5765 1885 5816 ;
1918 5749 1985 5804 de

2076 4646 2400 4716 propagines
2440 4647 2645 4713 vincte,
2690 4647 2783 4718 qui
2826 4658 2952 4703 sunt
2995 4648 3091 4704 ﬁlii
3122 4649 3365 4706 mulieris
3406 4669 3422 4704 :
3468 4652 3669 4708 mulier

2081 4744 2261 4792 autem
2290 4736 2503 4792 vineam
2550 4737 2840 4809 plantavit,
2888 4754 3012 4795 cum
3057 4739 3296 4796 Ecclesia
3345 4742 3667 4811 primitiva,

2080 4825 2244 4884 latius
2264 4844 2364 4898 per
2390 4831 2576 4886 orbem
2606 4832 2789 4888 missis
2816 4832 3284 4903 praedicatoribus,
3306 4834 3430 4890 ﬁdei
3456 4838 3668 4895 semina

2082 4920 2358 4990 dispersit.
2407 4920 2780 4977 Consideravit
2832 4939 3065 4995 namque
3109 4941 3340 4997 agrum,
3395 4945 3524 4984 cum
3576 4947 3610 5000 p
3643 4945 3671 4985 r

2082 5014 2269 5071 orbem
2323 5015 2635 5071 universum
2665 5055 2680 5079 ,
2724 5015 2979 5071 vitiorum
3025 5018 3252 5087 spinetis
3302 5017 3620 5074 horrentem
3648 5058 3665 5084 ,

2084 5106 2294 5162 cultore
2338 5107 2565 5178 spiritali
2594 5123 2727 5178 opus
2754 5107 2956 5163 habere
2994 5110 3289 5179 perspexit.
3339 5108 3488 5164 Emit
3539 5124 3667 5165 vero

2084 5213 2230 5265 cuni,
2254 5216 2399 5267 eum,
2424 5201 2608 5257 missis
2633 5203 2830 5272 ubique
2855 5203 3199 5269 doctoribus,
3225 5205 3487 5261 talentum
3517 5201 3665 5260 verbi

2087 5289 2353 5346 audituris
2374 5293 2620 5362 contulit,
2641 5302 2806 5349 utcos
2821 5294 3109 5351 credentes
3131 5295 3444 5352 felicissimo
3464 5294 3664 5352 Christi

2088 5381 2416 5451 mancipatui
2444 5384 2714 5440 subderet.
2745 5383 3014 5439 Plautavit
3037 5393 3217 5440 autem
3240 5385 3292 5440 in
3315 5386 3506 5441 eodem
3534 5397 3665 5456 agro

2084 5471 2320 5537 vineam,
2345 5488 2466 5527 cum
2500 5473 2552 5527 in
2583 5474 2734 5529 novis
2763 5474 3097 5529 credentium
3131 5475 3343 5546 populis
3371 5475 3666 5531 Ecclesium

2086 5561 2242 5632 plena
2292 5563 2617 5635 evangelicae
2667 5565 2912 5621 veritatis
2964 5566 3303 5622 institutione
3356 5566 3592 5621 ﬁrmavit
3647 5580 3663 5616 :

2088 5670 2250 5725 quam
2298 5657 2517 5726 quidem
2563 5657 2774 5713 vineam
2819 5658 2887 5713 de
2933 5657 3110 5714 fructu
3141 5673 3399 5714 manuum
3446 5670 3665 5712 suarum

2090 5747 2375 5818 plantavit,
2403 5749 2528 5818 quia
2552 5764 2660 5807 non
2682 5748 2853 5805 solum
2876 5749 3041 5807 verbo
3066 5748 3419 5805 instituebant
3438 5745 3665 5817 apostoli
