3962 6198
235 307 338 366 785

981 296 1341 374 mansuro
1377 316 1444 372 lN
1484 311 1883 371 PROVERBIA
1920 310 2329 369 sanouoms.
2364 340 2433 351 -
2469 310 2599 365 Lm.
2638 310 2724 367 lli.

3399 306 3506 366 τεῦ

232 427 605 500 apostolorum
649 420 991 486 successores
1032 432 1258 501 populos
1295 446 1432 503 quos
1469 428 1816 491 erudiebant,
1850 426 1899 486 A
1928 434 2087 480 noctu
2121 424 2318 495 saepius
2364 438 2595 483 accenso
2635 421 2840 479 lumine
2885 419 3122 479 lucernae
3154 422 3382 496 parilem
3426 427 3507 482 rei

232 535 425 575 verum
462 520 628 574 etiam
661 520 716 574 in
740 521 1113 576 testimonium
1150 522 1304 578 bona;
1342 511 1673 593 operationis
1714 519 1820 575 mi-
1923 516 2206 574 {amiliaris
2232 533 2397 589 agere
2425 533 2635 573 curam.

234 613 542 668 raculorum
569 628 786 685 quoque
817 614 970 684 signa
1008 614 1189 670 verbis
1219 616 1479 671 doctrinm
1500 613 1823 685 iungebant.
1904 610 1913 611 ί

237 704 345 758 Sed
391 710 448 757 et
478 718 653 774 usque
683 703 736 757 in
782 703 902 767 die,
951 704 1059 759 imo
1085 720 1255 776 usque
1299 707 1367 761 ad
1408 705 1571 761 tinem
1620 705 1824 771 saeculi,

238 792 434 848 unilier
452 792 610 849 fortis
635 795 941 850 considerat
963 811 1157 867 agrum
1198 805 1253 852 et
1298 797 1430 853 emit
1454 812 1613 861 cum,
1658 810 1723 851 ac
1763 796 1830 851 de

238 885 420 940 fructu
451 901 709 942 manuum
735 902 955 942 suarum
980 888 1191 959 plantat
1211 890 1454 955 vineam;
1485 888 1613 960 quia
1640 896 1827 944 sancta

238 976 478 1033 Ecclesia
528 992 742 1048 semper
785 980 1013 1035 sollicita
1061 982 1328 1052 perquirit
1372 997 1508 1052 quos
1555 983 1622 1037 ad
1669 982 1829 1036 tidem

239 1075 559 1123 convertere
586 1068 790 1137 possit,
816 1078 872 1123 et
912 1084 1267 1142 quoscunque
1303 1070 1509 1127 dociles
1538 1071 1826 1137 invenerit,

239 1156 374 1224 bos,
414 1157 541 1214 data
567 1159 717 1215 verbi
755 1161 1007 1231 pecunia,
1039 1161 1094 1216 in
1124 1162 1405 1217 servitium
1447 1162 1649 1218 Christi
1677 1163 1829 1227 emit,

245 1258 409 1320 atque
433 1250 488 1305 in
521 1250 601 1305 eis
646 1251 860 1305 vineam
886 1250 1085 1307 Christi
1132 1253 1379 1323 plantare
1410 1253 1494 1309 vel
1520 1255 1701 1323 potius
1740 1270 1834 1309 eos

246 1343 460 1398 vineam
488 1341 689 1398 Christi
722 1341 898 1398 facere
927 1343 1142 1415 satagit.
1172 1342 1237 1407 Et
1264 1344 1389 1415 quia
1415 1344 1660 1415 quisquis
1691 1344 1833 1401 alte-

246 1437 587 1513 rumdocere
605 1434 899 1501 desiderat,
924 1436 1099 1505 primo
1121 1437 1235 1507 ipse
1256 1446 1311 1491 et
1333 1452 1362 1491 a
1384 1436 1539 1492 malis
1560 1436 1835 1493 abstinere

247 1539 301 1582 et
343 1528 503 1583 bonis
525 1543 585 1583 se
621 1527 781 1583 debet
820 1528 1033 1584 actibus
1065 1544 1340 1594 exercere,
1378 1537 1524 1585 recte
1559 1527 1836 1601 subjungi-

251 1627 371 1673 tur:

315 1711 557 1766 Acciuxit
583 1711 892 1781 fortitudine
926 1710 1128 1767 luntbos
1152 1729 1298 1779 suos,
1348 1722 1396 1768 et
1427 1714 1689 1769 roboravit
1717 1715 1836 1790 bra-

247 1800 423 1854 chium
455 1816 632 1856 suum.
681 1801 935 1857 Accinxit
982 1818 1113 1874 ergo
1158 1804 1399 1859 Ecclesia
1452 1804 1666 1861 lumbos
1707 1821 1835 1861 suos

249 1890 603 1956 fortitudine,
672 1907 793 1947 cum
849 1909 1206 1963 supernorum
1254 1895 1537 1951 desideriis
1586 1896 1790 1951 intenta
1819 1938 1834 1960 ,

251 1982 560 2039 carnalibus
590 1982 859 2039 illecebris
885 1985 1241 2041 succumbere
1282 1985 1548 2056 despexit.
1591 1986 1835 2041 Robora-

251 2074 328 2128 vit
382 2074 667 2128 brachium
722 2089 900 2138 suum,
941 2091 1066 2130 cum
1102 2090 1161 2130 se
1207 2076 1275 2130 ad
1321 2075 1526 2147 agenda
1573 2077 1839 2131 virtutum

249 2177 411 2229 opera
441 2164 790 2233 praeparavit.
820 2163 885 2217 Et
908 2163 1044 2219 bene
1078 2166 1255 2234 primo
1287 2164 1497 2221 lumbos
1524 2165 1842 2223 fortitudine

253 2254 554 2323 accingere,
591 2269 655 2309 ac
681 2256 1026 2323 postmodum
1063 2255 1320 2310 roborare
1358 2256 1577 2322 dicitur,
1607 2255 1735 2326 quia
1759 2250 1843 2311 ni-

258 2344 455 2399 mirum
496 2343 643 2399 actio
695 2345 821 2399 boni
852 2346 1033 2415 operis
1061 2346 1412 2416 acceptabilis
1440 2361 1560 2401 esse
1590 2345 1701 2402 Deo
1745 2348 1845 2402 mi-

256 2437 403 2491 nime
436 2436 584 2491 valet
603 2436 649 2492 si
680 2452 785 2491 non
829 2436 972 2493 ﬂuxa
1006 2437 1233 2493 luxuriae
1282 2439 1403 2507 quis
1433 2441 1580 2509 prius
1608 2456 1637 2494 a
1680 2456 1846 2496 carne

257 2528 417 2581 simul
435 2535 492 2582 et
517 2537 698 2585 mente
721 2530 1034 2600 restringat;
1064 2532 1208 2587 unde
1233 2533 1494 2603 propheta
1525 2552 1538 2588 :
1566 2534 1842 2599 Quiescite,

261 2618 455 2687 inquit,
478 2634 633 2688 agere
658 2635 912 2689 perverse,
943 2620 1126 2675 discite
1150 2621 1274 2676 bene
1305 2620 1477 2691 {acere
1506 2622 1661 2694 (Isai.
1693 2623 1765 2696 I);
1794 2634 1851 2682 et

262 2709 523 2764 Dominus
547 2710 662 2779 ipse
689 2728 702 2764 :
732 2710 849 2766 Sint
872 2710 1036 2765 lumbi
1062 2713 1219 2766 vestri
1238 2713 1527 2784 praecincti,
1552 2724 1599 2769 et
1622 2714 1850 2771 lucernae

238 2799 524 2854 ‘ardentes.
577 2799 767 2855 Lumbi
812 2802 1066 2859 videlicet
1119 2804 1439 2873 praecincti,
1489 2821 1558 2861 ne
1621 2806 1851 2863 luxuriae

264 2890 604 2958 subdamini;
630 2892 866 2948 lucernae
892 2908 1019 2948 vero
1042 2894 1315 2960 ardentes,
1342 2903 1402 2949 ut
1424 2896 1580 2952 bonis
1605 2895 1852 2969 l‘ulgeatis

262 2981 541 3049 operibus.

335 3068 577 3127 Gustauit
604 3082 652 3127 et
675 3074 800 3128 uidit
827 3075 952 3145 quia
974 3074 1108 3130 bona
1134 3084 1211 3130 est
1250 3077 1528 3153 negotiatio
1567 3078 1682 3149 ejus
1703 3093 1722 3132 :
1751 3096 1852 3135 non

263 3163 625 3233 exstinguetur
653 3165 710 3219 in
739 3175 887 3220 nocte
906 3165 1120 3221 lucerna
1150 3167 1287 3237 ejus.
1314 3169 1466 3236 Quod
1499 3169 1597 3236 ait,
1621 3173 1854 3242 negotia-

266 3258 340 3309 tio
366 3256 505 3327 ejus,
550 3257 667 3329 agri
699 3258 886 3327 utique
935 3256 1203 3330 signiﬁcat
1243 3259 1387 3315 illius
1427 3261 1492 3316 de
1541 3277 1648 3332 quo
1691 3279 1853 3333 supra

268 3346 345 3400 ait
414 3361 429 3399 :
480 3344 839 3402 Consideravit
895 3365 1079 3419 agrum
1136 3359 1184 3404 et
1246 3351 1369 3405 emit
1415 3368 1553 3407 eum.
1609 3353 1857 3410 Gustavit

268 3434 436 3503 igitur
460 3434 701 3492 Ecclesia
731 3447 934 3503 sancta,
968 3440 1203 3510 gustavit
1232 3441 1422 3501 anima
1465 3455 1693 3512 qumque
1734 3460 1858 3515 per-

270 3527 432 3590 fecta,
463 3526 517 3580 id
542 3535 653 3591 est,
700 3528 892 3583 intimo
921 3529 1118 3585 mentis
1148 3531 1415 3586 desiderio
1455 3534 1706 3604 cognovit
1730 3537 1856 3606 quia

269 3616 413 3669 bona
467 3622 553 3671 est
606 3618 902 3688 negotiatio
948 3618 1105 3674 vitae‘
1134 3619 1618 3689 immarcessibilis,
1666 3642 1852 3695 quam,

270 3706 476 3762 relictis
506 3707 775 3764 illecebris
806 3709 1188 3780 temporalibus
1212 3753 1227 3777 ,
1269 3721 1526 3770 aeternam
1554 3731 1858 3773 mercemur

271 3798 324 3851 in
364 3798 519 3853 caelis
543 3814 559 3863 ;
587 3800 825 3869 gustavit
841 3801 1025 3866 etiam,
1060 3803 1113 3857 id
1153 3812 1252 3867 est,
1283 3814 1468 3874 aperte
1492 3806 1701 3874 didicit,
1729 3811 1856 3880 quia

270 3889 470 3942 bonum
494 3897 583 3943 est
600 3904 697 3960 per
717 3890 1026 3946 instantiam
1047 3893 1374 3962 prtedicandi
1398 3912 1748 3967 quoscunque
1769 3915 1860 3954 va-

271 3976 344 4032 let
364 3979 433 4033 ad
461 3979 627 4034 vitam
655 3981 903 4037 veritatis
927 3983 1213 4050 adducere,
1244 3994 1406 4056 atque
1430 3987 1550 4044 ideo
1579 3990 1738 4045 nullis
1760 3991 1858 4046 tri-

270 4069 607 4125 bulationum
630 4072 887 4139 tenebris,
904 4090 1005 4131 nec
1031 4075 1141 4145 ipsa
1164 4085 1337 4133 morte
1354 4088 1476 4150 post
1497 4089 1580 4135 est
1601 4079 1855 4153 [Forsan,

268 4158 537 4215 retardari
551 4161 771 4235 potest].
790 4163 1033 4219 Lucerna
1048 4173 1206 4220 nocte
1217 4167 1595 4239 exstinguitur,
1613 4173 1858 4239 quamvis

269 4251 324 4305 in
351 4252 440 4306 die
460 4252 675 4307 videtur
692 4254 912 4319 ardere;
935 4255 1082 4326 quia,
1101 4257 1512 4314 sicutDominus
1530 4260 1628 4326 ait,
1642 4261 1712 4314 ad
1731 4270 1859 4315 tem-

267 4359 365 4411 μοι
401 4341 623 4396 credunt
659 4352 708 4397 et
748 4344 803 4398 in
831 4354 1059 4416 tempore
1087 4349 1390 4403 tentatiom’s
1428 4349 1672 4404 recedunt
1702 4350 1853 4422 (Luc.

270 4431 411 4502 VIII),
426 4433 525 4488 sed
544 4443 603 4488 et
620 4433 832 4489 illorum
861 4443 1019 4491 nocte
1044 4438 1217 4492 media
1237 4439 1853 4508 exstinguiturlucerna,

268 4523 359 4594 qui
390 4524 645 4579 veniente
660 4523 845 4594 judice
868 4526 1046 4582 oleum
1067 4528 1349 4584 cbaritatis
1373 4531 1429 4584 in
1449 4531 1594 4586 vasis
1618 4547 1854 4601 praecor-

269 4617 483 4670 diorum
506 4630 730 4674 suorum
752 4634 857 4674 non
878 4619 1132 4677 habuisse
1156 4622 1476 4691 probantur,
1497 4624 1624 4679 dum
1646 4625 1854 4695 perdito

270 4708 532 4765 falsarum
558 4726 776 4768 rumore
800 4713 1083 4781 virtutum,
1108 4731 1238 4771 vera
1265 4718 1677 4773 tenebrosorum
1699 4718 1856 4775 luunt

271 4808 543 4857 lamenta
586 4802 873 4860 factorum.
909 4806 1061 4875 Quod
1098 4810 1144 4864 si
1184 4818 1397 4865 noctem
1438 4811 1543 4866 hoc
1580 4810 1721 4876 loco,
1754 4828 1854 4884 pro

269 4895 453 4964 quiete
482 4894 731 4950 volumus
766 4898 1049 4969 accipere,
1073 4899 1224 4969 juxta
1252 4902 1356 4957 hoc
1390 4903 1534 4973 quod
1575 4918 1739 4973 supra
1774 4904 1855 4960 di-

270 4989 417 5042 citur
442 5005 460 5042 :
485 4985 555 5041 Et
582 4988 649 5043 de
670 4998 818 5044 nocte
837 4992 1097 5059 surrexit,
1126 4993 1179 5048 id
1209 5001 1311 5060 est,
1344 4994 1411 5050 ad
1439 4996 1770 5065 operandam
1799 5012 1859 5052 se

272 5085 391 5147 post
421 5078 663 5148 quietem
689 5082 1035 5151 praeparavit,
1065 5093 1188 5152 apte
1216 5085 1431 5151 dicitur,
1462 5087 1607 5157 quod
1635 5087 1856 5144 lucerna

272 5177 476 5223 sanctae
505 5168 760 5226 Eccleaiae
805 5186 913 5226 non
942 5173 1315 5245 oxstinguatur
1342 5191 1394 5230 in
1423 5184 1581 5235 nocte
1604 5218 1619 5242 ,
1653 5177 1780 5247 quia
1804 5187 1860 5233 et

272 5272 399 5313 cum
427 5274 460 5314 a
495 5260 713 5330 negotio
737 5261 970 5331 quieacit
1017 5263 1246 5337 actionis
1287 5273 1447 5320 vacat
1483 5266 1707 5322 liberius
1750 5268 1856 5323 luci

273 5364 523 5420 superna:
553 5350 1045 5423 contemplationis,
1078 5366 1311 5425 cumque
1357 5370 1388 5410 a
1424 5356 1653 5427 publicis
1679 5366 1858 5413 cessat

271 5442 532 5512 operibus
559 5482 577 5508 ,
632 5452 789 5499 curat
835 5459 895 5500 se
949 5446 1228 5503 ardentius
1271 5448 1354 5503 vel
1406 5450 1609 5504 auditui
1657 5458 1861 5506 sanctae

275 5531 548 5598 lectionis,
569 5533 654 5589 vel
674 5533 922 5591 laudibus
942 5538 1256 5608 mancipare
1276 5538 1492 5605 divinis,
1506 5540 1658 5611 juxta
1679 5556 1864 5597 exem-

278 5625 424 5694 plum
481 5626 733 5683 videlicet
782 5627 1029 5685 mulieris
1056 5630 1362 5696 industriae,
1389 5646 1647 5703 quae‘non
1689 5635 1863 5690 solum

277 5717 516 5777 interdiu
544 5719 872 5777 necessariis
919 5720 1056 5778 solet
1080 5721 1284 5781 instare
1311 5723 1620 5796 laboribus;
1669 5727 1762 5783 sed
1805 5734 1861 5782 et

1997 608 2191 664 Manus
2216 625 2341 664 suas
2366 608 2505 663 misit
2533 607 2602 661 ad
2633 594 2812 677 fortia,
2835 615 2885 661 et
2906 607 3056 678 digiti
3084 607 3200 678 ejus
3227 609 3518 680 apprehen-

1927 702 2117 755 derunt
2142 699 2339 771 fusum.
2368 700 2553 755 Fortia
2580 699 2709 755 dicit
2736 699 2976 768 perlecta
3008 699 3062 754 in
3095 698 3300 756 Christi
3325 701 3503 757 chario

1930 799 2040 845 tate
2055 805 2237 859 opera,
2258 790 2454 859 quibus
2474 804 2532 845 se
2553 789 2796 860 gaudens
2810 789 3074 857 Ecclesia,
3096 799 3247 846 certa
3267 806 3517 862 supernas

1932 883 2305 938 retributionis
2347 882 2773 953 exspectatione,
2809 883 3081 949 subdidit,
3109 884 3259 939 verbi
3290 885 3468 955 gratia
3499 903 3516 940 :

1931 977 2169 1032 Audistis
2203 976 2325 1048 quia
2355 976 2552 1029 dictum
2578 985 2675 1040 est,
2726 974 2921 1046 Diliges
2948 976 3245 1046 proximum
3281 986 3429 1030 tuum
3468 984 3521 1032 et

1933 1067 2053 1121 odio
2082 1067 2293 1121 habebis
2335 1066 2604 1120 inimicum
2640 1076 2820 1129 tuum,
2866 1084 2958 1137 ego
3003 1077 3178 1122 autem
3202 1068 3320 1123 dico
3353 1068 3517 1134 vobis,

1933 1157 2134 1228 diligite
2185 1157 2425 1213 inimicos
2469 1166 2694 1222 vestros,
2746 1157 3034 1226 benefacite
3066 1160 3148 1214 his
3175 1160 3270 1231 qui
3296 1161 3528 1216 oderunt

1936 1264 2044 1314 vos,
2075 1257 2182 1305 etc.
2212 1246 2427 1319 (Matth.
2450 1247 2526 1319 v).
2557 1246 2626 1301 Et
2653 1247 2720 1302 de
2748 1248 3058 1319 virginitate
3077 1249 3343 1306 servanda
3371 1268 3388 1306 :
3415 1249 3524 1317 Qui

1934 1348 2099 1410 potest
2127 1354 2310 1410 capere
2331 1338 2504 1409 capiat
2526 1336 2743 1409 (Matth.
2772 1340 2909 1409 xix).
2941 1340 3009 1395 Et
3025 1340 3091 1394 de
3114 1341 3530 1397 contemnendis

1936 1430 2171 1487 divitiis:
2200 1428 2259 1485 Si
2273 1430 2371 1496 vis,
2395 1429 2591 1501 inquit,
2614 1428 2876 1499 perfectus
2900 1447 3031 1496 esse,
3048 1430 3199 1496 vade,
3222 1432 3381 1487 vende
3405 1446 3527 1504 qua!

1936 1523 2095 1578 habes
2135 1532 2182 1577 et
2226 1522 2296 1578 da
2319 1522 2656 1595 pauperibus,
2698 1530 2807 1578 etc.
2860 1523 3074 1595 (Ibid).
3121 1523 3254 1579 Nam
3295 1525 3524 1597 populus

1939 1614 2255 1685 Synagogre,
2282 1614 2368 1669 cui
2399 1614 2601 1670 dictum
2624 1621 2748 1669 est:
2780 1612 2841 1669 Si
2864 1613 3130 1670 volueritis
3152 1624 3199 1670 et
3227 1617 3523 1684 audieritis,

1940 1706 2075 1760 bona
2119 1715 2273 1760 terra:
2301 1707 2599 1772 comedetis,
2634 1714 2786 1763 tanto
2816 1707 3083 1763 inﬁrmior
3119 1717 3237 1765 erat
3265 1691 3319 1765 in
3362 1723 3528 1781 opere

1892 1771 2176 1869 ‘justitiae,
2214 1807 2419 1868 quanto
2446 1771 2627 1855 minus
2660 1814 2756 1870 spe
2774 1807 3050 1871 perpetua:
3076 1771 3529 1858 remunerationis

1939 1895 2172 1944 erectus.
2187 1887 2254 1943 At
2271 1888 2531 1954 Ecclesia,
2548 1903 2666 1959 quae
2677 1890 2871 1946 audita
2883 1890 3139 1948 Domino:
3159 1889 3524 1948 Paenitentiam

1940 1979 2100 2050 agite,
2149 1979 2584 2050 apprOpiuqnabit
2611 1980 2749 2034 enim
2781 1996 2998 2052 regnum
3027 1981 3276 2036 etelorum
3310 1980 3529 2054 (Matth.

1943 2069 2042 2142 tv),
2099 2070 2292 2124 merito
2340 2085 2439 2140 per
2475 2068 2636 2138 hujus
2675 2071 3096 2141 praeceptionem
3138 2074 3271 2152 dura
3316 2088 3532 2142 quoque

1945 2161 2328 2232 longanimiter
2351 2159 2559 2215 sulfert.
2585 2160 2738 2217 Unde
2764 2174 2977 2216 rursum
3001 2161 3067 2217 de
3082 2160 3198 2231 ejus
3219 2161 3531 2220 fortitudine

1945 2254 2076 2310 dicit
2121 2272 2134 2308 :
2175 2253 2409 2324 Regnum
2438 2252 2687 2307 caelorum
2710 2253 2810 2308 rim
2839 2259 3059 2322 patitur,
3096 2264 3145 2309 et
3182 2256 3393 2311 violenti
3439 2274 3529 2312 ra-

1946 2347 2094 2416 piunt
2121 2342 2256 2397 illud
2286 2342 2503 2416 (Matth.
2535 2343 2614 2410 κ).
2642 2374 2715 2383 -
2742 2342 2812 2397 Et
2845 2343 3018 2415 digiti,
3051 2345 3254 2415 inquit,
3285 2347 3399 2417 ejus
3437 2366 3533 2420 ap-

1946 2436 2331 2508 prehenderunt
2359 2435 2555 2505 fusum.
2582 2434 2770 2490 Solent
2799 2434 3011 2491 femina:
3042 2444 3233 2493 nentes
3260 2436 3439 2494 fusum
3477 2440 3532 2495 in

1950 2527 2190 2589 dextera,
2221 2526 2399 2581 colum
2430 2534 2616 2582 tenere
2645 2526 2698 2580 in
2724 2526 2946 2582 sinistra
2975 2543 2992 2581 :
3020 2527 3075 2582 in
3102 2528 3220 2582 colo
3243 2529 3386 2585 enim
3410 2529 3531 2585 lana

1953 2614 2186 2670 involuta
2217 2622 2333 2682 est,
2375 2629 2496 2685 qua:
2527 2615 2617 2670 illo
2642 2615 2888 2671 ducenda
2921 2624 2977 2673 et
3004 2617 3180 2674 uendo
3206 2628 3450 2676 transeat
3477 2621 3533 2676 in

1953 2704 2131 2761 fusum
2153 2705 2334 2777 tSzepe
2360 2714 2539 2762 autem
2564 2707 2618 2761 in
2647 2705 2943 2778 Scripturis
2967 2711 3185 2764 dextera
3213 2710 3377 2766 vitam
3407 2727 3534 2782 per-

1951 2807 2192 2869 petuam,
2217 2798 2345 2854 laeva
2375 2799 2661 2871 praesentia
2692 2801 2787 2856 Dei
2814 2803 2952 2857 dona
2978 2801 3276 2873 signiﬁcat,
3309 2792 3547 2873 opulen?

1956 2888 2082 2943 tiam
2114 2888 2361 2946 videlicet
2394 2905 2596 2957 rerum,
2639 2907 2826 2963 pacem
2856 2902 3181 2964 temporum,
3223 2897 3536 2967 sospitatem

1955 2995 2264 3052 corporum,
2293 2983 2576 3039 scientiam
2600 3000 2815 3055 quoque
2838 2983 3241 3057 Scripturarum
3268 2996 3321 3043 et
3347 2989 3539 3045 caries-

1958 3071 2088 3126 tium
2123 3073 2521 3142 perceptionem
2566 3083 3050 3130 sacramentorum.
3095 3075 3219 3132 limo
3242 3086 3299 3133 et
3350 3077 3537 3148 hujus-

1957 3163 2099 3218 modi
2116 3162 2255 3218 bona
2278 3179 2426 3230 cum,
2452 3165 2680 3220 Domino
2700 3164 2983 3237 largiente,
3006 3168 3355 3238 percipimus,
3382 3172 3543 3243 quasi

1958 3253 2134 3308 lanam
2167 3252 2286 3309 colo
2315 3254 2616 3310 involutam
2643 3256 2695 3310 in
2733 3256 2863 3312 laeva
2900 3266 3172 3329 gestamus
3203 3278 3215 3315 :
3243 3270 3299 3316 at
3325 3277 3447 3318 cum
3473 3272 3534 3320 et

1956 3360 2055 3414 pro
2080 3361 2268 3402 amore
2289 3346 2592 3402 caelestium
2624 3348 2915 3404 salubriter
2934 3364 3192 3407 exercere
3215 3352 3522 3425 incipimus.

1952 3434 2064 3503 jam
2087 3436 2263 3491 lanam
2288 3438 2411 3509 agni
2434 3438 2766 3494 immaculati
2791 3440 2857 3495 de
2878 3440 2997 3496 colo
3019 3441 3292 3508 infusum,
3313 3443 3381 3499 de
3410 3445 3539 3499 laeva

1960 3528 2011 3580 in
2038 3528 2319 3582 dexteram
2371 3526 2688 3598 trajicimus.
2739 3529 2876 3597 Quia
2923 3531 3174 3589 debonis
3206 3535 3377 3590 nostri
3430 3534 3539 3590 Re-

1958 3616 2253 3684 demptoris
2277 3658 2291 3682 ,
2340 3619 2408 3674 de
2452 3620 2714 3689 exemplis
2757 3635 2982 3691 cperum
3014 3622 3131 3692 ejus
3160 3623 3354 3680 stolam
3387 3627 3541 3680 nobis

1958 3707 2140 3778 gloriae
2165 3707 2401 3764 caelestis
2428 3724 2493 3764 ac
2527 3721 2731 3765 vestem
2762 3710 3048 3767 charitatis
3084 3714 3378 3784 nuptialem
3406 3715 3539 3771 faci-

1957 3814 2097 3853 mus.
2163 3798 2323 3871 Digiti
2372 3814 2606 3870 namque
2655 3801 2851 3870 quibus
2903 3803 3309 3873 apprehendere
3360 3804 3539 3862 fusum

1958 3892 2213 3957 dicimur,
2244 3893 2415 3962 ipsam
2446 3893 2802 3947 intentionem
2832 3894 3198 3962 discretionis,
3245 3912 3350 3966 qua
3390 3900 3539 3967 quis-

1959 4000 2064 4053 que
2108 3994 2387 4053 operatur,
2425 3984 2721 4040 insinuant.
2754 3986 2829 4041 Ea
2860 3986 3114 4041 nimirum
3161 3989 3371 4042 ratione
3416 3991 3541 4059 quia

1960 4075 2105 4129 nulla
2129 4076 2372 4145 corporis
2400 4076 2573 4131 nostri
2602 4077 2842 4133 membra
2870 4076 3112 4147 pluribus
3139 4085 3267 4134 sunt
3290 4078 3538 4135 distincta

1961 4167 2203 4222 articulis
2240 4184 2311 4223 ae
2342 4167 2575 4224 ﬂexibus
2615 4176 2745 4238 apta
2793 4184 2960 4239 quam
2992 4169 3169 4240 digiti.
3223 4168 3547 4242 Quicunque

1959 4275 2089 4331 ergo
2118 4263 2597 4327 veraciterdicere
2623 4278 2747 4318 cum
2775 4264 3034 4335 Apostolo
3068 4274 3245 4335 potest
3276 4283 3289 4321 :
3342 4263 3542 4320 Nostra

1959 4352 2096 4405 enim
2127 4354 2447 4408 conuersatio
2470 4355 2526 4408 in
2565 4354 2706 4409 caelis
2735 4365 2842 4422 est,
2874 4357 3011 4411 unde
3036 4358 3196 4413 etiam
3226 4356 3541 4412 salvatore»:

1960 4442 2317 4511 exspectamus
2390 4444 2676 4500 Dominum
2733 4457 2969 4502 nostrum
3036 4448 3219 4502 Iesum
3276 4444 3542 4501 Christum

1960 4534 2180 4608 (Philip.
2214 4536 2318 4610 In),
2340 4538 2502 4609 hujus
2530 4538 2774 4610 profecto
2799 4539 2953 4610 digiti
2981 4539 3155 4594 dextri
3178 4539 3546 4610 apprehende-

1957 4636 2083 4681 runt
2104 4626 2302 4696 fusum,
2328 4631 2451 4699 quia
2466 4630 2790 4686 discretione
2807 4622 2989 4685 sedula
3013 4643 3112 4700 pro
3140 4629 3360 4684 aeternis
3387 4627 3544 4683 bonis

1956 4720 2209 4777 laborare
2242 4723 2446 4778 didicit.
2479 4720 2546 4778 Bt
2573 4724 2710 4778 bene
2739 4722 2953 4785 dicitur,
2987 4720 3453 4791 apprehenderunt,
3486 4729 3546 4775 ut

1956 4814 2195 4871 vivacius
2239 4816 2649 4871 commrndetur
2672 4822 2877 4886 quanto
2923 4813 3120 4879 studio,
3162 4820 3361 4883 quanta
3392 4811 3547 4865 festi-

1961 4908 2200 4971 natione,
2229 4906 2282 4961 in
2309 4904 2467 4975 hujus
2491 4907 2617 4961 vita:
2649 4907 2858 4962 incerto
2882 4920 2982 4977 pro
3007 4904 3172 4960 certis
3199 4902 3338 4973 apud
3371 4903 3539 4956 Deum

1966 5000 2200 5068 praemiis
2221 5013 2381 5070 agere
2409 5000 2720 5055 debeamus.
2753 4999 2890 5066 Quid
2921 5009 3103 5053 autem
3133 4996 3329 5049 mulier
3362 4992 3551 5057 fortis,

1967 5089 2023 5144 id
2061 5097 2146 5145 est
2170 5089 2409 5145 Ecclesia
2438 5098 2646 5153 sancta,
2685 5091 2773 5145 vel
2801 5090 2977 5144 anima
3014 5081 3506 5156 qumque'pcrl'ecta
3527 5122 3542 5146 ,

1966 5182 2260 5251 perfusum
2308 5181 2726 5238 intellectualem
2755 5181 2827 5237 sit
2850 5188 3112 5249 operata,
3149 5176 3563 5245 subscquenter'

1964 5272 2202 5342 aperitur
2226 5290 2241 5323 :
3142 5274 3149 5281 ’

2038 5363 2259 5417 Manum
2282 5379 2439 5416 suam
2460 5364 2662 5433 aperuit
2684 5361 2845 5432 inopi,
2872 5369 2920 5413 et
2948 5359 3148 5430 palmas
3164 5356 3555 5412 suasextendit

1967 5454 2042 5509 ad
2067 5469 2365 5522 pauperem.
2396 5452 2548 5520 Quod
2583 5461 2639 5508 et
2672 5452 2739 5507 de
2781 5450 3034 5521 operibus
3078 5450 3544 5520 eleemosynamm

1969 5560 2090 5616 quae
2123 5544 2446 5617 generaliter
2471 5544 2605 5599 fiunt
2634 5545 2687 5599 in
2715 5557 2978 5613 pauperes
3006 5543 3175 5612 accipi
3204 5549 3414 5612 potest;
3454 5540 3552 5595 sed

1970 5635 2164 5691 melius
2190 5635 2256 5690 de
2282 5635 2446 5689 verbo
2468 5634 2596 5698 Dei,
2639 5634 2781 5705 quod
2808 5634 3179 5689 indumentum
3210 5633 3402 5689 salutis
3427 5632 3547 5687 ani-

1972 5726 2163 5783 mribus
2199 5722 2429 5791 confert,
2464 5724 2794 5797 intelligitur.
2831 5723 2905 5781 De
2937 5740 3047 5796 quo
3070 5725 3261 5782 beatus
3301 5720 3547 5790 Job’glo-
