  <div class='ocr_page' id='page_1' title='image "/cluster/home/n/w/nwhite01/storage/ocr_20150623/111/hvd.32044054759766/397.png"; bbox 0 0 3962 6198; ppageno 0'>
   <div class='ocr_carea' id='block_1_1' title="bbox 381 301 482 356">
    <p class='ocr_par' dir='ltr' id='par_1_1' title="bbox 381 301 482 356">
     <span class='ocr_line' id='line_1_1' title="bbox 381 301 482 356; baseline -0.02 0"><span class='ocrx_word' id='word_1_1' title='bbox 381 301 482 356; x_wconf 77' lang='grc'><strong>787</strong></span> 
     </span>
    </p>
   </div>
   <div class='ocr_carea' id='block_1_2' title="bbox 1011 282 3107 353">
    <p class='ocr_par' dir='ltr' id='par_1_2' title="bbox 1011 282 3107 353">
     <span class='ocr_line' id='line_1_2' title="bbox 1011 282 3107 353; baseline -0.002 -1"><span class='ocrx_word' id='word_1_2' title='bbox 1011 294 1074 352; x_wconf 88' lang='grc' dir='ltr'><strong>Β.</strong></span> <span class='ocrx_word' id='word_1_3' title='bbox 1114 293 1370 353; x_wconf 79' lang='lat' dir='ltr'><strong>RABANI</strong></span> <span class='ocrx_word' id='word_1_4' title='bbox 1409 293 1627 352; x_wconf 71' lang='lat' dir='ltr'><strong>MAUltl</strong></span> <span class='ocrx_word' id='word_1_5' title='bbox 1662 292 1979 350; x_wconf 77' lang='lat' dir='ltr'><strong>ARCHIEP.</strong></span> <span class='ocrx_word' id='word_1_6' title='bbox 2022 290 2331 352; x_wconf 75' lang='lat' dir='ltr'><strong>MOGUNT.</strong></span> <span class='ocrx_word' id='word_1_7' title='bbox 2372 291 2658 352; x_wconf 77' lang='lat' dir='ltr'><strong>OPERUM</strong></span> <span class='ocrx_word' id='word_1_8' title='bbox 2696 282 2879 349; x_wconf 70' lang='lat' dir='ltr'><strong>PARS</strong></span> <span class='ocrx_word' id='word_1_9' title='bbox 2906 292 3003 349; x_wconf 77' lang='lat' dir='ltr'><strong>lli.</strong></span> <span class='ocrx_word' id='word_1_10' title='bbox 3093 326 3107 339; x_wconf 78' lang='grc' dir='ltr'><strong><em>ο</em></strong></span> 
     </span>
    </p>
   </div>
   <div class='ocr_carea' id='block_1_3' title="bbox 3549 300 3661 359">
    <p class='ocr_par' dir='ltr' id='par_1_3' title="bbox 3549 300 3661 359">
     <span class='ocr_line' id='line_1_3' title="bbox 3549 300 3661 359; baseline 0.045 -5"><span class='ocrx_word' id='word_1_11' title='bbox 3549 300 3661 359; x_wconf 75' lang='lat'><strong>788</strong></span> 
     </span>
    </p>
   </div>
   <div class='ocr_carea' id='block_1_4' title="bbox 360 408 3659 489">
    <p class='ocr_par' dir='ltr' id='par_1_4' title="bbox 360 408 3659 489">
     <span class='ocr_line' id='line_1_4' title="bbox 360 408 3659 489; baseline 0 -18"><span class='ocrx_word' id='word_1_12' title='bbox 360 418 575 481; x_wconf 54' lang='lat' dir='ltr'><strong>&#39;riatur,</strong></span> <span class='ocrx_word' id='word_1_13' title='bbox 612 415 802 472; x_wconf 83' lang='lat' dir='ltr'><strong>dicens</strong></span> <span class='ocrx_word' id='word_1_14' title='bbox 831 432 842 467; x_wconf 96' lang='lat'>:</span> <span class='ocrx_word' id='word_1_15' title='bbox 871 413 1091 470; x_wconf 72' lang='lat' dir='ltr'><strong>Iustitia</strong></span> <span class='ocrx_word' id='word_1_16' title='bbox 1138 410 1353 467; x_wconf 82' lang='lat' dir='ltr'><strong>indutus</strong></span> <span class='ocrx_word' id='word_1_17' title='bbox 1389 429 1507 489; x_wconf 82' lang='lat' dir='ltr'><strong>sum</strong></span> <span class='ocrx_word' id='word_1_18' title='bbox 1533 452 1548 478; x_wconf 89' lang='lat'><strong>,</strong></span> <span class='ocrx_word' id='word_1_19' title='bbox 1591 422 1639 467; x_wconf 90' lang='lat' dir='ltr'><strong>et</strong></span> <span class='ocrx_word' id='word_1_20' title='bbox 1672 411 1846 467; x_wconf 77' lang='lat' dir='ltr'><strong>uestiui</strong></span> <span class='ocrx_word' id='word_1_21' title='bbox 1878 427 1958 466; x_wconf 83' lang='lat' dir='ltr'><strong>me</strong></span> <span class='ocrx_word' id='word_1_22' title='bbox 1985 414 2038 475; x_wconf 75' lang='grc' dir='ltr'>Α</span> <span class='ocrx_word' id='word_1_23' title='bbox 2063 411 2243 467; x_wconf 79' lang='lat' dir='ltr'><strong>vestitu</strong></span> <span class='ocrx_word' id='word_1_24' title='bbox 2277 410 2557 474; x_wconf 89' lang='lat' dir='ltr'><strong>deaurato,</strong></span> <span class='ocrx_word' id='word_1_25' title='bbox 2586 409 2983 465; x_wconf 75' lang='lat' dir='ltr'><strong>circumamicta</strong></span> <span class='ocrx_word' id='word_1_26' title='bbox 3004 409 3255 464; x_wconf 76' lang='lat' dir='ltr'><strong>varietate</strong></span> <span class='ocrx_word' id='word_1_27' title='bbox 3275 408 3449 483; x_wconf 84' lang='lat' dir='ltr'><strong>(Psal.</strong></span> <span class='ocrx_word' id='word_1_28' title='bbox 3481 416 3659 489; x_wconf 76' lang='lat' dir='ltr'><strong>xuv).</strong></span> 
     </span>
    </p>
   </div>
   <div class='ocr_carea' id='block_1_5' title="bbox 375 488 1960 574">
    <p class='ocr_par' dir='ltr' id='par_1_5' title="bbox 375 488 1960 574">
     <span class='ocr_line' id='line_1_5' title="bbox 375 488 1960 574; baseline -0.003 -13"><span class='ocrx_word' id='word_1_29' title='bbox 375 507 512 561; x_wconf 88' lang='lat' dir='ltr'><strong>sicut</strong></span> <span class='ocrx_word' id='word_1_30' title='bbox 538 504 834 561; x_wconf 79' lang='lat' dir='ltr'><strong>vestimento</strong></span> <span class='ocrx_word' id='word_1_31' title='bbox 855 514 902 558; x_wconf 92' lang='lat' dir='ltr'><strong>et</strong></span> <span class='ocrx_word' id='word_1_32' title='bbox 925 503 1225 557; x_wconf 88' lang='lat' dir='ltr'><strong>diademate</strong></span> <span class='ocrx_word' id='word_1_33' title='bbox 1243 488 1451 573; x_wconf 86' lang='lat' dir='ltr'><strong>judicio</strong></span> <span class='ocrx_word' id='word_1_34' title='bbox 1472 519 1584 557; x_wconf 88' lang='lat' dir='ltr'><strong>meo</strong></span> <span class='ocrx_word' id='word_1_35' title='bbox 1608 500 1666 574; x_wconf 75' lang='grc' dir='ltr'><strong>(Ι</strong></span> <span class='ocrx_word' id='word_1_36' title='bbox 1669 504 1752 556; x_wconf 92' lang='lat' dir='ltr'><strong>ob.</strong></span> <span class='ocrx_word' id='word_1_37' title='bbox 1786 500 1960 573; x_wconf 73' lang='lat' dir='ltr'><strong>XXIX).</strong></span> 
     </span>
    </p>
   </div>
   <div class='ocr_carea' id='block_1_6' title="bbox 2061 499 3660 581">
    <p class='ocr_par' dir='ltr' id='par_1_6' title="bbox 2061 499 3660 581">
     <span class='ocr_line' id='line_1_6' title="bbox 2061 499 3660 581; baseline -0.003 -24"><span class='ocrx_word' id='word_1_38' title='bbox 2061 533 2133 542; x_wconf 94' lang='lat'>—</span> <span class='ocrx_word' id='word_1_39' title='bbox 2159 502 2356 572; x_wconf 84' lang='lat' dir='ltr'><strong>Byssus</strong></span> <span class='ocrx_word' id='word_1_40' title='bbox 2381 516 2597 572; x_wconf 88' lang='lat' dir='ltr'><strong>quoque</strong></span> <span class='ocrx_word' id='word_1_41' title='bbox 2624 510 2670 556; x_wconf 90' lang='lat' dir='ltr'><strong>et</strong></span> <span class='ocrx_word' id='word_1_42' title='bbox 2696 517 2933 572; x_wconf 84' lang='lat' dir='ltr'><strong><em>purpura</em></strong></span> <span class='ocrx_word' id='word_1_43' title='bbox 2958 499 3319 556; x_wconf 83' lang='lat' dir='ltr'><strong>indumentum</strong></span> <span class='ocrx_word' id='word_1_44' title='bbox 3344 503 3480 574; x_wconf 87' lang='lat' dir='ltr'><strong>ejus.</strong></span> <span class='ocrx_word' id='word_1_45' title='bbox 3511 505 3660 581; x_wconf 68' lang='lat' dir='ltr'><strong>Byg-</strong></span> 
     </span>
    </p>
   </div>
   <div class='ocr_carea' id='block_1_7' title="bbox 373 593 3659 672">
    <p class='ocr_par' dir='ltr' id='par_1_7' title="bbox 373 593 3659 672">
     <span class='ocr_line' id='line_1_7' title="bbox 373 593 3659 672; baseline -0.002 -16"><span class='ocrx_word' id='word_1_46' title='bbox 373 601 602 672; x_wconf 80' lang='lat' dir='ltr'><strong>Aperuit</strong></span> <span class='ocrx_word' id='word_1_47' title='bbox 633 606 816 654; x_wconf 86' lang='lat' dir='ltr'><strong>autem</strong></span> <span class='ocrx_word' id='word_1_48' title='bbox 842 597 1083 654; x_wconf 82' lang='lat' dir='ltr'><strong>Ecclesia</strong></span> <span class='ocrx_word' id='word_1_49' title='bbox 1116 612 1335 653; x_wconf 76' lang='lat' dir='ltr'><strong>insnum</strong></span> <span class='ocrx_word' id='word_1_50' title='bbox 1362 596 1529 666; x_wconf 84' lang='lat' dir='ltr'><strong>inopi,</strong></span> <span class='ocrx_word' id='word_1_51' title='bbox 1556 610 1678 650; x_wconf 87' lang='lat' dir='ltr'><strong>cmn</strong></span> <span class='ocrx_word' id='word_1_52' title='bbox 1706 594 1963 653; x_wconf 84' lang='lat' dir='ltr'><strong>mvsteria</strong></span> <span class='ocrx_word' id='word_1_53' title='bbox 2064 608 2156 648; x_wconf 90' lang='lat' dir='ltr'><strong>sus</strong></span> <span class='ocrx_word' id='word_1_54' title='bbox 2206 594 2259 648; x_wconf 92' lang='lat' dir='ltr'><strong>in</strong></span> <span class='ocrx_word' id='word_1_55' title='bbox 2311 594 2561 650; x_wconf 87' lang='lat' dir='ltr'><strong>castitate</strong></span> <span class='ocrx_word' id='word_1_56' title='bbox 2601 607 2750 663; x_wconf 71' lang='lat' dir='ltr'><strong>pune</strong></span> <span class='ocrx_word' id='word_1_57' title='bbox 2795 593 3266 661; x_wconf 69' lang='lat' dir='ltr'><strong>conversationis,</strong></span> <span class='ocrx_word' id='word_1_58' title='bbox 3316 610 3561 668; x_wconf 80' lang='lat' dir='ltr'><strong>purpura</strong></span> <span class='ocrx_word' id='word_1_59' title='bbox 3596 600 3659 657; x_wconf 76' lang='lat' dir='ltr'><strong>in</strong></span> 
     </span>
    </p>
   </div>
   <div class='ocr_carea' id='block_1_8' title="bbox 377 683 1960 763">
    <p class='ocr_par' dir='ltr' id='par_1_8' title="bbox 377 683 1960 763">
     <span class='ocr_line' id='line_1_8' title="bbox 377 683 1960 763; baseline -0.008 -12"><span class='ocrx_word' id='word_1_60' title='bbox 377 694 500 751; x_wconf 80' lang='lat' dir='ltr'><strong>fidei</strong></span> <span class='ocrx_word' id='word_1_61' title='bbox 530 687 904 763; x_wconf 78' lang='lat' dir='ltr'><strong>ignorantibus</strong></span> <span class='ocrx_word' id='word_1_62' title='bbox 940 703 1035 760; x_wconf 88' lang='lat' dir='ltr'><strong>per</strong></span> <span class='ocrx_word' id='word_1_63' title='bbox 1075 688 1357 758; x_wconf 82' lang='lat' dir='ltr'><strong>operarios</strong></span> <span class='ocrx_word' id='word_1_64' title='bbox 1384 685 1630 741; x_wconf 78' lang='lat' dir='ltr'><strong>veritatis</strong></span> <span class='ocrx_word' id='word_1_65' title='bbox 1672 683 1960 749; x_wconf 87' lang='lat' dir='ltr'><strong>revelavit;</strong></span> 
     </span>
    </p>
   </div>
   <div class='ocr_carea' id='block_1_9' title="bbox 374 775 1963 859">
    <p class='ocr_par' dir='ltr' id='par_1_9' title="bbox 374 775 1963 859">
     <span class='ocr_line' id='line_1_9' title="bbox 374 775 1963 859; baseline -0.008 -16"><span class='ocrx_word' id='word_1_66' title='bbox 374 787 582 859; x_wconf 78' lang='lat' dir='ltr'><strong>palmas</strong></span> <span class='ocrx_word' id='word_1_67' title='bbox 607 784 855 842; x_wconf 78' lang='lat' dir='ltr'><strong>extendit</strong></span> <span class='ocrx_word' id='word_1_68' title='bbox 897 783 966 838; x_wconf 89' lang='lat' dir='ltr'><strong>ad</strong></span> <span class='ocrx_word' id='word_1_69' title='bbox 1006 796 1297 853; x_wconf 80' lang='lat' dir='ltr'><strong>pauperem</strong></span> <span class='ocrx_word' id='word_1_70' title='bbox 1324 821 1341 843; x_wconf 92' lang='lat'><strong>,</strong></span> <span class='ocrx_word' id='word_1_71' title='bbox 1379 794 1501 836; x_wconf 89' lang='lat' dir='ltr'><strong>cum</strong></span> <span class='ocrx_word' id='word_1_72' title='bbox 1543 778 1702 849; x_wconf 89' lang='lat' dir='ltr'><strong>longe</strong></span> <span class='ocrx_word' id='word_1_73' title='bbox 1746 775 1963 847; x_wconf 80' lang='lat' dir='ltr'><strong>lateque</strong></span> 
     </span>
    </p>
   </div>
   <div class='ocr_carea' id='block_1_10' title="bbox 375 870 1961 952">
    <p class='ocr_par' dir='ltr' id='par_1_10' title="bbox 375 870 1961 952">
     <span class='ocr_line' id='line_1_10' title="bbox 375 870 1961 952; baseline -0.007 -16"><span class='ocrx_word' id='word_1_74' title='bbox 375 880 758 952; x_wconf 60' lang='lat' dir='ltr'><strong>praedicatores</strong></span> <span class='ocrx_word' id='word_1_75' title='bbox 802 879 869 934; x_wconf 91' lang='lat' dir='ltr'><strong>ad</strong></span> <span class='ocrx_word' id='word_1_76' title='bbox 910 877 1230 933; x_wconf 88' lang='lat' dir='ltr'><strong>imbuendas</strong></span> <span class='ocrx_word' id='word_1_77' title='bbox 1255 884 1472 930; x_wconf 77' lang='lat' dir='ltr'><strong>aeternm</strong></span> <span class='ocrx_word' id='word_1_78' title='bbox 1515 871 1704 929; x_wconf 86' lang='lat' dir='ltr'><strong>salutis</strong></span> <span class='ocrx_word' id='word_1_79' title='bbox 1750 870 1961 942; x_wconf 75' lang='lat' dir='ltr'><strong>indiges</strong></span> 
     </span>
    </p>
   </div>
   <div class='ocr_carea' id='block_1_11' title="bbox 373 969 921 1041">
    <p class='ocr_par' dir='ltr' id='par_1_11' title="bbox 373 969 921 1041">
     <span class='ocr_line' id='line_1_11' title="bbox 373 969 921 1041; baseline -0.007 -13"><span class='ocrx_word' id='word_1_80' title='bbox 373 972 621 1028; x_wconf 80' lang='lat' dir='ltr'><strong>nationes</strong></span> <span class='ocrx_word' id='word_1_81' title='bbox 649 969 921 1041; x_wconf 79' lang='lat' dir='ltr'><strong>dispersit.</strong></span> 
     </span>
    </p>
   </div>
   <div class='ocr_carea' id='block_1_12' title="bbox 449 1054 1957 1126">
    <p class='ocr_par' dir='ltr' id='par_1_12' title="bbox 449 1054 1957 1126">
     <span class='ocr_line' id='line_1_12' title="bbox 449 1054 1957 1126; baseline -0.008 -7"><span class='ocrx_word' id='word_1_82' title='bbox 449 1061 571 1119; x_wconf 83' lang='lat' dir='ltr'><strong>Non</strong></span> <span class='ocrx_word' id='word_1_83' title='bbox 606 1063 803 1117; x_wconf 85' lang='lat' dir='ltr'><strong>timebit</strong></span> <span class='ocrx_word' id='word_1_84' title='bbox 852 1060 1032 1114; x_wconf 81' lang='lat' dir='ltr'><strong>domui</strong></span> <span class='ocrx_word' id='word_1_85' title='bbox 1059 1074 1168 1113; x_wconf 81' lang='lat' dir='ltr'><strong>sua:</strong></span> <span class='ocrx_word' id='word_1_86' title='bbox 1208 1075 1241 1111; x_wconf 87' lang='lat' dir='ltr'><strong>a</strong></span> <span class='ocrx_word' id='word_1_87' title='bbox 1278 1055 1559 1126; x_wconf 77' lang='lat' dir='ltr'><strong>frigoribus</strong></span> <span class='ocrx_word' id='word_1_88' title='bbox 1592 1054 1752 1118; x_wconf 79' lang='lat' dir='ltr'><strong>nivis,</strong></span> <span class='ocrx_word' id='word_1_89' title='bbox 1781 1068 1957 1108; x_wconf 84' lang='lat' dir='ltr'><strong>omnes</strong></span> 
     </span>
    </p>
   </div>
   <div class='ocr_carea' id='block_1_13' title="bbox 371 1143 1957 1222">
    <p class='ocr_par' dir='ltr' id='par_1_13' title="bbox 371 1143 1957 1222">
     <span class='ocr_line' id='line_1_13' title="bbox 371 1143 1957 1222; baseline -0.008 -12"><span class='ocrx_word' id='word_1_90' title='bbox 371 1156 513 1213; x_wconf 78' lang='lat' dir='ltr'><strong>enim</strong></span> <span class='ocrx_word' id='word_1_91' title='bbox 536 1153 807 1211; x_wconf 71' lang='lat' dir='ltr'><strong>domestici</strong></span> <span class='ocrx_word' id='word_1_92' title='bbox 848 1150 963 1222; x_wconf 88' lang='lat' dir='ltr'><strong>ejus</strong></span> <span class='ocrx_word' id='word_1_93' title='bbox 1010 1148 1179 1205; x_wconf 76' lang='lat' dir='ltr'><strong>vestiti</strong></span> <span class='ocrx_word' id='word_1_94' title='bbox 1206 1146 1522 1218; x_wconf 72' lang='lat' dir='ltr'><strong>duplicibus.</strong></span> <span class='ocrx_word' id='word_1_95' title='bbox 1557 1144 1777 1215; x_wconf 75' lang='lat' dir='ltr'><strong>Frigora</strong></span> <span class='ocrx_word' id='word_1_96' title='bbox 1818 1143 1957 1198; x_wconf 91' lang='lat' dir='ltr'><strong>nivis</strong></span> 
     </span>
    </p>
   </div>
   <div class='ocr_carea' id='block_1_14' title="bbox 371 1234 1957 1311">
    <p class='ocr_par' dir='ltr' id='par_1_14' title="bbox 371 1234 1957 1311">
     <span class='ocr_line' id='line_1_14' title="bbox 371 1234 1957 1311; baseline -0.009 -8"><span class='ocrx_word' id='word_1_97' title='bbox 371 1244 536 1303; x_wconf 73' lang='lat' dir='ltr'><strong>corda</strong></span> <span class='ocrx_word' id='word_1_98' title='bbox 564 1250 691 1299; x_wconf 90' lang='lat' dir='ltr'><strong>sunt</strong></span> <span class='ocrx_word' id='word_1_99' title='bbox 718 1242 1097 1311; x_wconf 87' lang='lat' dir='ltr'><strong>reproborum,</strong></span> <span class='ocrx_word' id='word_1_100' title='bbox 1122 1236 1361 1309; x_wconf 69' lang='lat' dir='ltr'><strong>perfidiae</strong></span> <span class='ocrx_word' id='word_1_101' title='bbox 1388 1251 1500 1291; x_wconf 72' lang='lat' dir='ltr'><strong>sum</strong></span> <span class='ocrx_word' id='word_1_102' title='bbox 1521 1244 1738 1306; x_wconf 81' lang='lat' dir='ltr'><strong>torpore</strong></span> <span class='ocrx_word' id='word_1_103' title='bbox 1778 1234 1957 1304; x_wconf 86' lang='lat' dir='ltr'><strong>rigen-</strong></span> 
     </span>
    </p>
   </div>
   <div class='ocr_carea' id='block_1_15' title="bbox 373 1325 1955 1403">
    <p class='ocr_par' dir='ltr' id='par_1_15' title="bbox 373 1325 1955 1403">
     <span class='ocr_line' id='line_1_15' title="bbox 373 1325 1955 1403; baseline -0.006 -13"><span class='ocrx_word' id='word_1_104' title='bbox 373 1337 479 1401; x_wconf 85' lang='lat' dir='ltr'><strong>tia;</strong></span> <span class='ocrx_word' id='word_1_105' title='bbox 508 1334 577 1390; x_wconf 90' lang='lat' dir='ltr'><strong>de</strong></span> <span class='ocrx_word' id='word_1_106' title='bbox 607 1333 804 1403; x_wconf 87' lang='lat' dir='ltr'><strong>quibus</strong></span> <span class='ocrx_word' id='word_1_107' title='bbox 831 1332 908 1387; x_wconf 88' lang='lat' dir='ltr'><strong>ait</strong></span> <span class='ocrx_word' id='word_1_108' title='bbox 934 1330 1193 1385; x_wconf 85' lang='lat' dir='ltr'><strong>Dominus</strong></span> <span class='ocrx_word' id='word_1_109' title='bbox 1226 1346 1239 1382; x_wconf 93' lang='lat'>:</span> <span class='ocrx_word' id='word_1_110' title='bbox 1274 1327 1342 1382; x_wconf 89' lang='lat' dir='ltr'><strong>Et</strong></span> <span class='ocrx_word' id='word_1_111' title='bbox 1378 1327 1628 1398; x_wconf 86' lang='lat' dir='ltr'><strong>quoniam</strong></span> <span class='ocrx_word' id='word_1_112' title='bbox 1670 1325 1955 1380; x_wconf 77' lang='lat' dir='ltr'><strong>abundavit</strong></span> 
     </span>
    </p>
   </div>
   <div class='ocr_carea' id='block_1_16' title="bbox 370 1418 1951 1497">
    <p class='ocr_par' dir='ltr' id='par_1_16' title="bbox 370 1418 1951 1497">
     <span class='ocr_line' id='line_1_16' title="bbox 370 1418 1951 1497; baseline -0.005 -16"><span class='ocrx_word' id='word_1_113' title='bbox 370 1426 645 1497; x_wconf 77' lang='lat' dir='ltr'><strong>iniquitas,</strong></span> <span class='ocrx_word' id='word_1_114' title='bbox 669 1423 964 1494; x_wconf 74' lang='lat' dir='ltr'><strong>refrigescet</strong></span> <span class='ocrx_word' id='word_1_115' title='bbox 983 1422 1213 1476; x_wconf 84' lang='lat' dir='ltr'><strong>charitas</strong></span> <span class='ocrx_word' id='word_1_116' title='bbox 1229 1418 1516 1475; x_wconf 83' lang='lat' dir='ltr'><strong>multorum</strong></span> <span class='ocrx_word' id='word_1_117' title='bbox 1538 1418 1755 1491; x_wconf 78' lang='lat' dir='ltr'><strong>(Matth.</strong></span> <span class='ocrx_word' id='word_1_118' title='bbox 1781 1429 1951 1491; x_wconf 75' lang='lat' dir='ltr'><strong>.vnv).</strong></span> 
     </span>
    </p>
   </div>
   <div class='ocr_carea' id='block_1_17' title="bbox 371 1508 1952 1585">
    <p class='ocr_par' dir='ltr' id='par_1_17' title="bbox 371 1508 1952 1585">
     <span class='ocr_line' id='line_1_17' title="bbox 371 1508 1952 1585; baseline -0.005 -14"><span class='ocrx_word' id='word_1_119' title='bbox 371 1517 508 1585; x_wconf 78' lang='lat' dir='ltr'><strong>Quia</strong></span> <span class='ocrx_word' id='word_1_120' title='bbox 526 1515 617 1570; x_wconf 90' lang='lat' dir='ltr'><strong>ille</strong></span> <span class='ocrx_word' id='word_1_121' title='bbox 636 1516 823 1585; x_wconf 85' lang='lat' dir='ltr'><strong>utique</strong></span> <span class='ocrx_word' id='word_1_122' title='bbox 838 1513 959 1570; x_wconf 91' lang='lat' dir='ltr'><strong>nive</strong></span> <span class='ocrx_word' id='word_1_123' title='bbox 971 1510 1063 1585; x_wconf 62' lang='lat'><strong>[1&quot;.</strong></span> <span class='ocrx_word' id='word_1_124' title='bbox 1080 1511 1208 1566; x_wconf 89' lang='lat' dir='ltr'><strong>add.</strong></span> <span class='ocrx_word' id='word_1_125' title='bbox 1226 1508 1563 1582; x_wconf 79' lang='lat' dir='ltr'><strong>designatur]</strong></span> <span class='ocrx_word' id='word_1_126' title='bbox 1576 1510 1843 1581; x_wconf 84' lang='lat' dir='ltr'><strong>pessimus</strong></span> <span class='ocrx_word' id='word_1_127' title='bbox 1855 1508 1952 1580; x_wconf 89' lang='lat' dir='ltr'><strong>qui</strong></span> 
     </span>
    </p>
   </div>
   <div class='ocr_carea' id='block_1_18' title="bbox 368 1600 1951 1676">
    <p class='ocr_par' dir='ltr' id='par_1_18' title="bbox 368 1600 1951 1676">
     <span class='ocr_line' id='line_1_18' title="bbox 368 1600 1951 1676; baseline -0.005 -14"><span class='ocrx_word' id='word_1_128' title='bbox 368 1607 440 1662; x_wconf 93' lang='lat' dir='ltr'><strong>ob</strong></span> <span class='ocrx_word' id='word_1_129' title='bbox 464 1606 657 1676; x_wconf 76' lang='lat' dir='ltr'><strong>prima:</strong></span> <span class='ocrx_word' id='word_1_130' title='bbox 701 1603 968 1675; x_wconf 66' lang='lat' dir='ltr'><strong>superbia:</strong></span> <span class='ocrx_word' id='word_1_131' title='bbox 1007 1602 1263 1658; x_wconf 89' lang='lat' dir='ltr'><strong>meritum</strong></span> <span class='ocrx_word' id='word_1_132' title='bbox 1293 1602 1360 1657; x_wconf 85' lang='lat' dir='ltr'><strong>de</strong></span> <span class='ocrx_word' id='word_1_133' title='bbox 1399 1600 1536 1658; x_wconf 64' lang='lat' dir='ltr'><strong>caelo</strong></span> <span class='ocrx_word' id='word_1_134' title='bbox 1581 1616 1840 1657; x_wconf 88' lang='lat' dir='ltr'><strong>corruens</strong></span> <span class='ocrx_word' id='word_1_135' title='bbox 1896 1601 1951 1657; x_wconf 89' lang='lat' dir='ltr'><strong>in</strong></span> 
     </span>
    </p>
   </div>
   <div class='ocr_carea' id='block_1_19' title="bbox 365 1692 1951 1769">
    <p class='ocr_par' dir='ltr' id='par_1_19' title="bbox 365 1692 1951 1769">
     <span class='ocr_line' id='line_1_19' title="bbox 365 1692 1951 1769; baseline -0.003 -16"><span class='ocrx_word' id='word_1_136' title='bbox 365 1698 630 1769; x_wconf 89' lang='lat' dir='ltr'><strong>profunda</strong></span> <span class='ocrx_word' id='word_1_137' title='bbox 660 1696 1026 1760; x_wconf 87' lang='lat' dir='ltr'><strong>tenebrarum,</strong></span> <span class='ocrx_word' id='word_1_138' title='bbox 1052 1693 1402 1751; x_wconf 87' lang='lat' dir='ltr'><strong>nihilominus</strong></span> <span class='ocrx_word' id='word_1_139' title='bbox 1430 1708 1492 1750; x_wconf 88' lang='lat' dir='ltr'><strong>se</strong></span> <span class='ocrx_word' id='word_1_140' title='bbox 1519 1692 1668 1765; x_wconf 83' lang='lat' dir='ltr'><strong>velut</strong></span> <span class='ocrx_word' id='word_1_141' title='bbox 1700 1692 1951 1764; x_wconf 80' lang='lat' dir='ltr'><strong>angelum</strong></span> 
     </span>
    </p>
   </div>
   <div class='ocr_carea' id='block_1_20' title="bbox 2062 681 3659 755">
    <p class='ocr_par' dir='ltr' id='par_1_20' title="bbox 2062 681 3659 755">
     <span class='ocr_line' id='line_1_20' title="bbox 2062 681 3659 755; baseline 0.001 -15"><span class='ocrx_word' id='word_1_142' title='bbox 2062 681 2322 740; x_wconf 83' lang='lat' dir='ltr'><strong>effusione</strong></span> <span class='ocrx_word' id='word_1_143' title='bbox 2351 682 2573 755; x_wconf 88' lang='lat' dir='ltr'><strong>pretiosi</strong></span> <span class='ocrx_word' id='word_1_144' title='bbox 2606 682 2904 753; x_wconf 77' lang='lat' dir='ltr'><strong>sanguinis.</strong></span> <span class='ocrx_word' id='word_1_145' title='bbox 2936 683 3137 754; x_wconf 84' lang='lat' dir='ltr'><strong>Byssus</strong></span> <span class='ocrx_word' id='word_1_146' title='bbox 3167 699 3401 754; x_wconf 79' lang='lat' dir='ltr'><strong>namque</strong></span> <span class='ocrx_word' id='word_1_147' title='bbox 3430 687 3659 744; x_wconf 84' lang='lat' dir='ltr'><strong>candidi</strong></span> 
     </span>
    </p>
   </div>
   <div class='ocr_carea' id='block_1_21' title="bbox 2061 776 3665 850">
    <p class='ocr_par' dir='ltr' id='par_1_21' title="bbox 2061 776 3665 850">
     <span class='ocr_line' id='line_1_21' title="bbox 2061 776 3665 850; baseline 0.002 -16"><span class='ocrx_word' id='word_1_148' title='bbox 2061 776 2259 834; x_wconf 89' lang='lat' dir='ltr'><strong>coloris</strong></span> <span class='ocrx_word' id='word_1_149' title='bbox 2290 784 2405 842; x_wconf 91' lang='lat' dir='ltr'><strong>est,</strong></span> <span class='ocrx_word' id='word_1_150' title='bbox 2452 791 2755 846; x_wconf 88' lang='lat' dir='ltr'><strong>purpureus</strong></span> <span class='ocrx_word' id='word_1_151' title='bbox 2781 785 2961 831; x_wconf 84' lang='lat' dir='ltr'><strong>autem</strong></span> <span class='ocrx_word' id='word_1_152' title='bbox 3000 776 3151 832; x_wconf 86' lang='lat' dir='ltr'><strong>color</strong></span> <span class='ocrx_word' id='word_1_153' title='bbox 3187 786 3245 832; x_wconf 89' lang='lat' dir='ltr'><strong>et</strong></span> <span class='ocrx_word' id='word_1_154' title='bbox 3290 776 3359 833; x_wconf 85' lang='lat' dir='ltr'><strong>de</strong></span> <span class='ocrx_word' id='word_1_155' title='bbox 3385 779 3665 850; x_wconf 73' lang='lat' dir='ltr'><strong>sanguine</strong></span> 
     </span>
    </p>
   </div>
   <div class='ocr_carea' id='block_1_22' title="bbox 2060 864 3661 944">
    <p class='ocr_par' dir='ltr' id='par_1_22' title="bbox 2060 864 3661 944">
     <span class='ocr_line' id='line_1_22' title="bbox 2060 864 3661 944; baseline 0.004 -24"><span class='ocrx_word' id='word_1_156' title='bbox 2060 866 2351 922; x_wconf 85' lang='lat' dir='ltr'><strong>animantis</strong></span> <span class='ocrx_word' id='word_1_157' title='bbox 2394 866 2538 936; x_wconf 89' lang='lat' dir='ltr'><strong>quod</strong></span> <span class='ocrx_word' id='word_1_158' title='bbox 2570 881 2809 938; x_wconf 87' lang='lat' dir='ltr'><strong>purpura</strong></span> <span class='ocrx_word' id='word_1_159' title='bbox 2840 875 3084 933; x_wconf 75' lang='lat' dir='ltr'><strong>vocatur,</strong></span> <span class='ocrx_word' id='word_1_160' title='bbox 3114 864 3375 935; x_wconf 77' lang='lat' dir='ltr'><strong>efﬁcitur,</strong></span> <span class='ocrx_word' id='word_1_161' title='bbox 3431 878 3491 926; x_wconf 88' lang='lat' dir='ltr'><strong>et</strong></span> <span class='ocrx_word' id='word_1_162' title='bbox 3533 871 3661 944; x_wconf 75' lang='lat' dir='ltr'><strong>ipso</strong></span> 
     </span>
    </p>
   </div>
   <div class='ocr_carea' id='block_1_23' title="bbox 2060 952 3659 1027">
    <p class='ocr_par' dir='ltr' id='par_1_23' title="bbox 2060 952 3659 1027">
     <span class='ocr_line' id='line_1_23' title="bbox 2060 952 3659 1027; baseline 0.004 -17"><span class='ocrx_word' id='word_1_163' title='bbox 2060 954 2337 1025; x_wconf 82' lang='lat' dir='ltr'><strong>sanguinis</strong></span> <span class='ocrx_word' id='word_1_164' title='bbox 2363 954 2524 1009; x_wconf 88' lang='lat' dir='ltr'><strong>habet</strong></span> <span class='ocrx_word' id='word_1_165' title='bbox 2545 955 2803 1026; x_wconf 85' lang='lat' dir='ltr'><strong>speciem.</strong></span> <span class='ocrx_word' id='word_1_166' title='bbox 2834 952 2991 1011; x_wconf 84' lang='lat' dir='ltr'><strong>Unde</strong></span> <span class='ocrx_word' id='word_1_167' title='bbox 3012 956 3239 1027; x_wconf 90' lang='lat' dir='ltr'><strong>pulchre</strong></span> <span class='ocrx_word' id='word_1_168' title='bbox 3262 957 3469 1013; x_wconf 83' lang='lat' dir='ltr'><strong>dictqu</strong></span> <span class='ocrx_word' id='word_1_169' title='bbox 3493 969 3579 1016; x_wconf 90' lang='lat' dir='ltr'><strong>est</strong></span> <span class='ocrx_word' id='word_1_170' title='bbox 3617 975 3659 1016; x_wconf 64' lang='grc' dir='ltr'>δ</span> 
     </span>
    </p>
   </div>
   <div class='ocr_carea' id='block_1_24' title="bbox 2059 1045 3658 1117">
    <p class='ocr_par' dir='ltr' id='par_1_24' title="bbox 2059 1045 3658 1117">
     <span class='ocr_line' id='line_1_24' title="bbox 2059 1045 3658 1117; baseline 0.004 -16"><span class='ocrx_word' id='word_1_171' title='bbox 2059 1045 2310 1102; x_wconf 85' lang='lat' dir='ltr'><strong>Patribus</strong></span> <span class='ocrx_word' id='word_1_172' title='bbox 2347 1047 2473 1117; x_wconf 85' lang='lat' dir='ltr'><strong>quia</strong></span> <span class='ocrx_word' id='word_1_173' title='bbox 2517 1054 2705 1102; x_wconf 87' lang='lat' dir='ltr'><strong>sancta</strong></span> <span class='ocrx_word' id='word_1_174' title='bbox 2750 1045 2991 1101; x_wconf 86' lang='lat' dir='ltr'><strong>Ecclesia</strong></span> <span class='ocrx_word' id='word_1_175' title='bbox 3015 1087 3031 1111; x_wconf 92' lang='lat'><strong>,</strong></span> <span class='ocrx_word' id='word_1_176' title='bbox 3080 1046 3377 1104; x_wconf 85' lang='lat' dir='ltr'><strong>electorum</strong></span> <span class='ocrx_word' id='word_1_177' title='bbox 3424 1047 3658 1107; x_wconf 83' lang='lat' dir='ltr'><strong>ﬂoribus</strong></span> 
     </span>
    </p>
   </div>
   <div class='ocr_carea' id='block_1_25' title="bbox 2058 1136 3653 1213">
    <p class='ocr_par' dir='ltr' id='par_1_25' title="bbox 2058 1136 3653 1213">
     <span class='ocr_line' id='line_1_25' title="bbox 2058 1136 3653 1213; baseline 0.004 -22"><span class='ocrx_word' id='word_1_178' title='bbox 2058 1153 2309 1202; x_wconf 80' lang='lat' dir='ltr'><strong>vernans,</strong></span> <span class='ocrx_word' id='word_1_179' title='bbox 2342 1137 2396 1192; x_wconf 92' lang='lat' dir='ltr'><strong>in</strong></span> <span class='ocrx_word' id='word_1_180' title='bbox 2417 1153 2551 1208; x_wconf 89' lang='lat' dir='ltr'><strong>pace</strong></span> <span class='ocrx_word' id='word_1_181' title='bbox 2572 1136 2732 1194; x_wconf 87' lang='lat' dir='ltr'><strong>habet</strong></span> <span class='ocrx_word' id='word_1_182' title='bbox 2756 1136 2887 1203; x_wconf 86' lang='lat' dir='ltr'><strong>lilia,</strong></span> <span class='ocrx_word' id='word_1_183' title='bbox 2916 1137 2970 1192; x_wconf 91' lang='lat' dir='ltr'><strong>in</strong></span> <span class='ocrx_word' id='word_1_184' title='bbox 2996 1136 3136 1194; x_wconf 89' lang='lat' dir='ltr'><strong>bello</strong></span> <span class='ocrx_word' id='word_1_185' title='bbox 3162 1152 3335 1195; x_wconf 87' lang='lat' dir='ltr'><strong>rosas.</strong></span> <span class='ocrx_word' id='word_1_186' title='bbox 3357 1139 3492 1196; x_wconf 86' lang='lat' dir='ltr'><strong>Item</strong></span> <span class='ocrx_word' id='word_1_187' title='bbox 3520 1143 3653 1213; x_wconf 85' lang='lat' dir='ltr'><strong>quia</strong></span> 
     </span>
    </p>
   </div>
   <div class='ocr_carea' id='block_1_26' title="bbox 2058 1226 3658 1300">
    <p class='ocr_par' dir='ltr' id='par_1_26' title="bbox 2058 1226 3658 1300">
     <span class='ocr_line' id='line_1_26' title="bbox 2058 1226 3658 1300; baseline 0.006 -19"><span class='ocrx_word' id='word_1_188' title='bbox 2058 1226 2248 1300; x_wconf 80' lang='lat' dir='ltr'><strong>byssus</strong></span> <span class='ocrx_word' id='word_1_189' title='bbox 2270 1228 2335 1283; x_wconf 88' lang='lat' dir='ltr'><strong>de</strong></span> <span class='ocrx_word' id='word_1_190' title='bbox 2364 1237 2509 1283; x_wconf 88' lang='lat' dir='ltr'><strong>terra</strong></span> <span class='ocrx_word' id='word_1_191' title='bbox 2537 1227 2715 1284; x_wconf 88' lang='lat' dir='ltr'><strong>virens</strong></span> <span class='ocrx_word' id='word_1_192' title='bbox 2738 1227 2937 1294; x_wconf 91' lang='lat' dir='ltr'><strong>oritur,</strong></span> <span class='ocrx_word' id='word_1_193' title='bbox 2965 1229 3065 1285; x_wconf 89' lang='lat' dir='ltr'><strong>sed</strong></span> <span class='ocrx_word' id='word_1_194' title='bbox 3108 1245 3205 1300; x_wconf 88' lang='lat' dir='ltr'><strong>per</strong></span> <span class='ocrx_word' id='word_1_195' title='bbox 3222 1232 3658 1291; x_wconf 81' lang='lat' dir='ltr'><strong>exercitationes</strong></span> 
     </span>
    </p>
   </div>
   <div class='ocr_carea' id='block_1_27' title="bbox 2056 1317 3655 1390">
    <p class='ocr_par' dir='ltr' id='par_1_27' title="bbox 2056 1317 3655 1390">
     <span class='ocr_line' id='line_1_27' title="bbox 2056 1317 3655 1390; baseline 0.004 -18"><span class='ocrx_word' id='word_1_196' title='bbox 2056 1317 2246 1390; x_wconf 84' lang='lat' dir='ltr'><strong>longas</strong></span> <span class='ocrx_word' id='word_1_197' title='bbox 2265 1327 2319 1375; x_wconf 89' lang='lat' dir='ltr'><strong>et</strong></span> <span class='ocrx_word' id='word_1_198' title='bbox 2343 1318 2666 1375; x_wconf 88' lang='lat' dir='ltr'><strong>multifarias</strong></span> <span class='ocrx_word' id='word_1_199' title='bbox 2686 1319 2888 1376; x_wconf 88' lang='lat' dir='ltr'><strong>amisso</strong></span> <span class='ocrx_word' id='word_1_200' title='bbox 2903 1319 3129 1376; x_wconf 89' lang='lat' dir='ltr'><strong>humore</strong></span> <span class='ocrx_word' id='word_1_201' title='bbox 3156 1336 3222 1378; x_wconf 86' lang='lat' dir='ltr'><strong>ac</strong></span> <span class='ocrx_word' id='word_1_202' title='bbox 3240 1322 3422 1380; x_wconf 89' lang='lat' dir='ltr'><strong>virore</strong></span> <span class='ocrx_word' id='word_1_203' title='bbox 3441 1324 3655 1390; x_wconf 89' lang='lat' dir='ltr'><strong>nativo,</strong></span> 
     </span>
    </p>
   </div>
   <div class='ocr_carea' id='block_1_28' title="bbox 2055 1410 3653 1487">
    <p class='ocr_par' dir='ltr' id='par_1_28' title="bbox 2055 1410 3653 1487">
     <span class='ocr_line' id='line_1_28' title="bbox 2055 1410 3653 1487; baseline 0.004 -21"><span class='ocrx_word' id='word_1_204' title='bbox 2055 1411 2123 1467; x_wconf 90' lang='lat' dir='ltr'><strong>ad</strong></span> <span class='ocrx_word' id='word_1_205' title='bbox 2173 1413 2423 1469; x_wconf 84' lang='lat' dir='ltr'><strong>decorem</strong></span> <span class='ocrx_word' id='word_1_206' title='bbox 2482 1410 2727 1470; x_wconf 67' lang='lat' dir='ltr'><strong>candidae</strong></span> <span class='ocrx_word' id='word_1_207' title='bbox 2771 1412 2937 1469; x_wconf 78' lang='lat' dir='ltr'><strong>vestis</strong></span> <span class='ocrx_word' id='word_1_208' title='bbox 2990 1414 3336 1485; x_wconf 88' lang='lat' dir='ltr'><strong>perdueitur,</strong></span> <span class='ocrx_word' id='word_1_209' title='bbox 3404 1432 3653 1487; x_wconf 80' lang='lat' dir='ltr'><strong>purpura</strong></span> 
     </span>
    </p>
   </div>
   <div class='ocr_carea' id='block_1_29' title="bbox 2055 1503 3651 1578">
    <p class='ocr_par' dir='ltr' id='par_1_29' title="bbox 2055 1503 3651 1578">
     <span class='ocr_line' id='line_1_29' title="bbox 2055 1503 3651 1578; baseline 0.003 -19"><span class='ocrx_word' id='word_1_210' title='bbox 2055 1512 2236 1560; x_wconf 86' lang='lat' dir='ltr'><strong>autem</strong></span> <span class='ocrx_word' id='word_1_211' title='bbox 2265 1503 2462 1575; x_wconf 82' lang='lat' dir='ltr'><strong>regalis</strong></span> <span class='ocrx_word' id='word_1_212' title='bbox 2486 1515 2571 1560; x_wconf 89' lang='lat' dir='ltr'><strong>est</strong></span> <span class='ocrx_word' id='word_1_213' title='bbox 2609 1505 2847 1560; x_wconf 88' lang='lat' dir='ltr'><strong>habitus.</strong></span> <span class='ocrx_word' id='word_1_214' title='bbox 2893 1503 3062 1578; x_wconf 87' lang='lat' dir='ltr'><strong>Bysso</strong></span> <span class='ocrx_word' id='word_1_215' title='bbox 3092 1505 3336 1562; x_wconf 84' lang='lat' dir='ltr'><strong>induitur</strong></span> <span class='ocrx_word' id='word_1_216' title='bbox 3363 1507 3607 1566; x_wconf 72' lang='lat' dir='ltr'><strong>Ecclesia</strong></span> <span class='ocrx_word' id='word_1_217' title='bbox 3631 1551 3651 1575; x_wconf 88' lang='lat'><strong>,</strong></span> 
     </span>
    </p>
   </div>
   <div class='ocr_carea' id='block_1_30' title="bbox 2055 1594 3651 1673">
    <p class='ocr_par' dir='ltr' id='par_1_30' title="bbox 2055 1594 3651 1673">
     <span class='ocr_line' id='line_1_30' title="bbox 2055 1594 3651 1673; baseline 0.004 -23"><span class='ocrx_word' id='word_1_218' title='bbox 2055 1610 2178 1650; x_wconf 89' lang='lat' dir='ltr'><strong>cum</strong></span> <span class='ocrx_word' id='word_1_219' title='bbox 2207 1594 2474 1666; x_wconf 77' lang='lat' dir='ltr'><strong>castigant</strong></span> <span class='ocrx_word' id='word_1_220' title='bbox 2513 1610 2736 1666; x_wconf 88' lang='lat' dir='ltr'><strong>corpora</strong></span> <span class='ocrx_word' id='word_1_221' title='bbox 2772 1611 2868 1651; x_wconf 90' lang='lat' dir='ltr'><strong>sua</strong></span> <span class='ocrx_word' id='word_1_222' title='bbox 2899 1595 3055 1651; x_wconf 88' lang='lat' dir='ltr'><strong>electi</strong></span> <span class='ocrx_word' id='word_1_223' title='bbox 3089 1605 3144 1652; x_wconf 89' lang='lat' dir='ltr'><strong>et</strong></span> <span class='ocrx_word' id='word_1_224' title='bbox 3182 1598 3433 1654; x_wconf 82' lang='lat' dir='ltr'><strong>servituti</strong></span> <span class='ocrx_word' id='word_1_225' title='bbox 3478 1600 3651 1673; x_wconf 83' lang='lat' dir='ltr'><strong>subji-</strong></span> 
     </span>
    </p>
   </div>
   <div class='ocr_carea' id='block_1_31' title="bbox 2054 1688 3647 1758">
    <p class='ocr_par' dir='ltr' id='par_1_31' title="bbox 2054 1688 3647 1758">
     <span class='ocr_line' id='line_1_31' title="bbox 2054 1688 3647 1758; baseline 0.001 -14"><span class='ocrx_word' id='word_1_226' title='bbox 2054 1689 2237 1755; x_wconf 88' lang='lat' dir='ltr'><strong>ciunt;</strong></span> <span class='ocrx_word' id='word_1_227' title='bbox 2284 1702 2521 1758; x_wconf 88' lang='lat' dir='ltr'><strong>purpura</strong></span> <span class='ocrx_word' id='word_1_228' title='bbox 2570 1697 2773 1753; x_wconf 89' lang='lat' dir='ltr'><strong>autem,</strong></span> <span class='ocrx_word' id='word_1_229' title='bbox 2806 1703 2930 1743; x_wconf 90' lang='lat' dir='ltr'><strong>cum</strong></span> <span class='ocrx_word' id='word_1_230' title='bbox 2972 1688 3223 1745; x_wconf 87' lang='lat' dir='ltr'><strong>eamdem</strong></span> <span class='ocrx_word' id='word_1_231' title='bbox 3250 1689 3647 1747; x_wconf 84' lang='lat' dir='ltr'><strong>continentiam</strong></span> 
     </span>
    </p>
   </div>
   <div class='ocr_carea' id='block_1_32' title="bbox 367 1762 3647 1855">
    <p class='ocr_par' dir='ltr' id='par_1_32' title="bbox 367 1762 3647 1855">
     <span class='ocr_line' id='line_1_32' title="bbox 367 1762 3647 1855; baseline -0.001 -11"><span class='ocrx_word' id='word_1_232' title='bbox 367 1762 505 1846; x_wconf 78' lang='lat' dir='ltr'><strong>lucis</strong></span> <span class='ocrx_word' id='word_1_233' title='bbox 526 1789 703 1846; x_wconf 89' lang='lat' dir='ltr'><strong>adhuc</strong></span> <span class='ocrx_word' id='word_1_234' title='bbox 725 1788 906 1846; x_wconf 88' lang='lat' dir='ltr'><strong>stultis</strong></span> <span class='ocrx_word' id='word_1_235' title='bbox 944 1795 1219 1844; x_wconf 78' lang='lat' dir='ltr'><strong>ostentare</strong></span> <span class='ocrx_word' id='word_1_236' title='bbox 1259 1786 1568 1855; x_wconf 73' lang='lat' dir='ltr'><strong>praesumit,</strong></span> <span class='ocrx_word' id='word_1_237' title='bbox 1588 1762 1953 1854; x_wconf 68' lang='lat' dir='ltr'><strong>habitumque</strong></span> <span class='ocrx_word' id='word_1_238' title='bbox 1978 1762 2026 1823; x_wconf 81' lang='grc' dir='ltr'><strong>Β</strong></span> <span class='ocrx_word' id='word_1_239' title='bbox 2054 1795 2159 1834; x_wconf 89' lang='lat' dir='ltr'><strong>non</strong></span> <span class='ocrx_word' id='word_1_240' title='bbox 2187 1778 2257 1834; x_wconf 93' lang='lat' dir='ltr'><strong>ob</strong></span> <span class='ocrx_word' id='word_1_241' title='bbox 2278 1777 2517 1833; x_wconf 79' lang='lat' dir='ltr'><strong>favorem</strong></span> <span class='ocrx_word' id='word_1_242' title='bbox 2534 1774 2697 1848; x_wconf 88' lang='lat' dir='ltr'><strong>vulgi,</strong></span> <span class='ocrx_word' id='word_1_243' title='bbox 2720 1780 2812 1834; x_wconf 89' lang='lat' dir='ltr'><strong>sed</strong></span> <span class='ocrx_word' id='word_1_244' title='bbox 2836 1794 2934 1851; x_wconf 88' lang='lat' dir='ltr'><strong>pro</strong></span> <span class='ocrx_word' id='word_1_245' title='bbox 2955 1780 3283 1851; x_wconf 86' lang='lat' dir='ltr'><strong>acquirenda</strong></span> <span class='ocrx_word' id='word_1_246' title='bbox 3306 1779 3647 1847; x_wconf 82' lang='lat' dir='ltr'><strong>beatitudine</strong></span> 
     </span>
    </p>
   </div>
   <div class='ocr_carea' id='block_1_33' title="bbox 363 1867 3645 1942">
    <p class='ocr_par' dir='ltr' id='par_1_33' title="bbox 363 1867 3645 1942">
     <span class='ocr_line' id='line_1_33' title="bbox 363 1867 3645 1942; baseline 0.001 -7"><span class='ocrx_word' id='word_1_247' title='bbox 363 1881 685 1937; x_wconf 87' lang='lat' dir='ltr'><strong>meritorum</strong></span> <span class='ocrx_word' id='word_1_248' title='bbox 722 1892 941 1934; x_wconf 89' lang='lat' dir='ltr'><strong>suorum</strong></span> <span class='ocrx_word' id='word_1_249' title='bbox 966 1875 1187 1932; x_wconf 87' lang='lat' dir='ltr'><strong>candori</strong></span> <span class='ocrx_word' id='word_1_250' title='bbox 1229 1876 1386 1930; x_wconf 87' lang='lat' dir='ltr'><strong>niveo</strong></span> <span class='ocrx_word' id='word_1_251' title='bbox 1414 1874 1645 1929; x_wconf 86' lang='lat' dir='ltr'><strong>similem</strong></span> <span class='ocrx_word' id='word_1_252' title='bbox 1677 1873 1948 1929; x_wconf 83' lang='lat' dir='ltr'><strong>fraudium</strong></span> <span class='ocrx_word' id='word_1_253' title='bbox 2052 1867 2201 1942; x_wconf 75' lang='lat' dir='ltr'><strong>regni</strong></span> <span class='ocrx_word' id='word_1_254' title='bbox 2225 1869 2481 1940; x_wconf 74' lang='lat' dir='ltr'><strong>perennis</strong></span> <span class='ocrx_word' id='word_1_255' title='bbox 2504 1877 2781 1924; x_wconf 71' lang='lat' dir='ltr'><strong>exercelll-</strong></span> <span class='ocrx_word' id='word_1_256' title='bbox 2808 1868 2920 1925; x_wconf 70' lang='lat' dir='ltr'><strong>Sed</strong></span> <span class='ocrx_word' id='word_1_257' title='bbox 2941 1869 3031 1926; x_wconf 69' lang='lat' dir='ltr'><strong>hic</strong></span> <span class='ocrx_word' id='word_1_258' title='bbox 3055 1870 3314 1928; x_wconf 72' lang='grc' dir='ltr'><strong>νίηυιιιω</strong></span> <span class='ocrx_word' id='word_1_259' title='bbox 3339 1873 3558 1929; x_wconf 58' lang='lat' dir='ltr'><strong>habitus</strong></span> <span class='ocrx_word' id='word_1_260' title='bbox 3584 1874 3645 1930; x_wconf 77' lang='lat' dir='ltr'><strong>in</strong></span> 
     </span>
    </p>
   </div>
   <div class='ocr_carea' id='block_1_34' title="bbox 362 1966 1949 2040">
    <p class='ocr_par' dir='ltr' id='par_1_34' title="bbox 362 1966 1949 2040">
     <span class='ocr_line' id='line_1_34' title="bbox 362 1966 1949 2040; baseline -0.004 -14"><span class='ocrx_word' id='word_1_261' title='bbox 362 1987 587 2029; x_wconf 85' lang='lat' dir='ltr'><strong>suarum</strong></span> <span class='ocrx_word' id='word_1_262' title='bbox 616 1971 815 2027; x_wconf 88' lang='lat' dir='ltr'><strong>nesciis</strong></span> <span class='ocrx_word' id='word_1_263' title='bbox 838 1968 1075 2040; x_wconf 64' lang='lat' dir='ltr'><strong>praefert,</strong></span> <span class='ocrx_word' id='word_1_264' title='bbox 1105 1968 1249 2039; x_wconf 89' lang='lat' dir='ltr'><strong>quod</strong></span> <span class='ocrx_word' id='word_1_265' title='bbox 1278 1968 1495 2038; x_wconf 89' lang='lat' dir='ltr'><strong>quidem</strong></span> <span class='ocrx_word' id='word_1_266' title='bbox 1530 1966 1742 2023; x_wconf 87' lang='lat' dir='ltr'><strong>Domini</strong></span> <span class='ocrx_word' id='word_1_267' title='bbox 1774 1974 1831 2021; x_wconf 90' lang='lat' dir='ltr'><strong>et</strong></span> <span class='ocrx_word' id='word_1_268' title='bbox 1852 1981 1949 2020; x_wconf 85' lang='lat' dir='ltr'><strong>an-</strong></span> 
     </span>
    </p>
   </div>
   <div class='ocr_carea' id='block_1_35' title="bbox 363 2058 1943 2137">
    <p class='ocr_par' dir='ltr' id='par_1_35' title="bbox 363 2058 1943 2137">
     <span class='ocr_line' id='line_1_35' title="bbox 363 2058 1943 2137; baseline -0.004 -17"><span class='ocrx_word' id='word_1_269' title='bbox 363 2064 604 2137; x_wconf 85' lang='lat' dir='ltr'><strong>gelorum</strong></span> <span class='ocrx_word' id='word_1_270' title='bbox 626 2064 743 2135; x_wconf 86' lang='lat' dir='ltr'><strong>ejus</strong></span> <span class='ocrx_word' id='word_1_271' title='bbox 757 2070 842 2127; x_wconf 86' lang='lat' dir='ltr'><strong>est</strong></span> <span class='ocrx_word' id='word_1_272' title='bbox 862 2061 1140 2132; x_wconf 89' lang='lat' dir='ltr'><strong>proprium</strong></span> <span class='ocrx_word' id='word_1_273' title='bbox 1166 2061 1222 2116; x_wconf 92' lang='lat' dir='ltr'><strong>in</strong></span> <span class='ocrx_word' id='word_1_274' title='bbox 1248 2059 1434 2116; x_wconf 90' lang='lat' dir='ltr'><strong>habitu</strong></span> <span class='ocrx_word' id='word_1_275' title='bbox 1457 2059 1614 2115; x_wconf 86' lang='lat' dir='ltr'><strong>niveo</strong></span> <span class='ocrx_word' id='word_1_276' title='bbox 1639 2058 1943 2114; x_wconf 88' lang='lat' dir='ltr'><strong>claritatem</strong></span> 
     </span>
    </p>
   </div>
   <div class='ocr_carea' id='block_1_36' title="bbox 361 2149 1940 2225">
    <p class='ocr_par' dir='ltr' id='par_1_36' title="bbox 361 2149 1940 2225">
     <span class='ocr_line' id='line_1_36' title="bbox 361 2149 1940 2225; baseline -0.004 -15"><span class='ocrx_word' id='word_1_277' title='bbox 361 2169 474 2211; x_wconf 64' lang='lat' dir='ltr'><strong>suae</strong></span> <span class='ocrx_word' id='word_1_278' title='bbox 501 2153 787 2225; x_wconf 85' lang='lat' dir='ltr'><strong>designare</strong></span> <span class='ocrx_word' id='word_1_279' title='bbox 822 2152 1057 2207; x_wconf 88' lang='lat' dir='ltr'><strong>virtutis.</strong></span> <span class='ocrx_word' id='word_1_280' title='bbox 1085 2150 1203 2206; x_wconf 81' lang='lat' dir='ltr'><strong>Non</strong></span> <span class='ocrx_word' id='word_1_281' title='bbox 1243 2150 1453 2206; x_wconf 87' lang='lat' dir='ltr'><strong>timebit</strong></span> <span class='ocrx_word' id='word_1_282' title='bbox 1491 2159 1672 2205; x_wconf 88' lang='lat' dir='ltr'><strong>autem</strong></span> <span class='ocrx_word' id='word_1_283' title='bbox 1699 2149 1940 2206; x_wconf 84' lang='lat' dir='ltr'><strong>Ecclesia</strong></span> 
     </span>
    </p>
   </div>
   <div class='ocr_carea' id='block_1_37' title="bbox 361 2241 1945 2313">
    <p class='ocr_par' dir='ltr' id='par_1_37' title="bbox 361 2241 1945 2313">
     <span class='ocr_line' id='line_1_37' title="bbox 361 2241 1945 2313; baseline -0.003 -13"><span class='ocrx_word' id='word_1_284' title='bbox 361 2243 543 2300; x_wconf 90' lang='lat' dir='ltr'><strong>domui</strong></span> <span class='ocrx_word' id='word_1_285' title='bbox 558 2258 714 2299; x_wconf 71' lang='lat' dir='ltr'><strong>suam</strong></span> <span class='ocrx_word' id='word_1_286' title='bbox 730 2241 1022 2313; x_wconf 83' lang='lat' dir='ltr'><strong>frigoribus</strong></span> <span class='ocrx_word' id='word_1_287' title='bbox 1043 2250 1355 2297; x_wconf 72' lang='lat' dir='ltr'><strong>memorata:</strong></span> <span class='ocrx_word' id='word_1_288' title='bbox 1380 2242 1540 2306; x_wconf 80' lang='lat' dir='ltr'><strong>nivis,</strong></span> <span class='ocrx_word' id='word_1_289' title='bbox 1565 2242 1691 2312; x_wconf 88' lang='lat' dir='ltr'><strong>quia</strong></span> <span class='ocrx_word' id='word_1_290' title='bbox 1716 2241 1945 2297; x_wconf 89' lang='lat' dir='ltr'><strong>Domino</strong></span> 
     </span>
    </p>
   </div>
   <div class='ocr_carea' id='block_1_38' title="bbox 357 2332 1945 2407">
    <p class='ocr_par' dir='ltr' id='par_1_38' title="bbox 357 2332 1945 2407">
     <span class='ocr_line' id='line_1_38' title="bbox 357 2332 1945 2407; baseline -0.003 -15"><span class='ocrx_word' id='word_1_291' title='bbox 357 2335 651 2407; x_wconf 85' lang='lat' dir='ltr'><strong>pollicente</strong></span> <span class='ocrx_word' id='word_1_292' title='bbox 678 2334 853 2391; x_wconf 89' lang='lat' dir='ltr'><strong>credit</strong></span> <span class='ocrx_word' id='word_1_293' title='bbox 879 2335 1022 2407; x_wconf 90' lang='lat' dir='ltr'><strong>quod</strong></span> <span class='ocrx_word' id='word_1_294' title='bbox 1050 2342 1220 2404; x_wconf 74' lang='lat' dir='ltr'><strong>porta:</strong></span> <span class='ocrx_word' id='word_1_295' title='bbox 1244 2332 1402 2388; x_wconf 88' lang='lat' dir='ltr'><strong>inferi</strong></span> <span class='ocrx_word' id='word_1_296' title='bbox 1440 2349 1547 2389; x_wconf 92' lang='lat' dir='ltr'><strong>non</strong></span> <span class='ocrx_word' id='word_1_297' title='bbox 1577 2332 1945 2404; x_wconf 68' lang='lat' dir='ltr'><strong>praevalebunt</strong></span> 
     </span>
    </p>
   </div>
   <div class='ocr_carea' id='block_1_39' title="bbox 357 2409 1942 2493">
    <p class='ocr_par' dir='ltr' id='par_1_39' title="bbox 357 2409 1942 2493">
     <span class='ocr_line' id='line_1_39' title="bbox 357 2409 1942 2493; baseline -0.003 -11"><span class='ocrx_word' id='word_1_298' title='bbox 357 2409 622 2483; x_wconf 82' lang='lat' dir='ltr'><strong>adversus</strong></span> <span class='ocrx_word' id='word_1_299' title='bbox 676 2439 816 2483; x_wconf 88' lang='lat' dir='ltr'><strong>eam.</strong></span> <span class='ocrx_word' id='word_1_300' title='bbox 882 2423 1076 2480; x_wconf 85' lang='lat' dir='ltr'><strong>Omnes</strong></span> <span class='ocrx_word' id='word_1_301' title='bbox 1117 2424 1255 2480; x_wconf 80' lang='lat' dir='ltr'><strong>enim</strong></span> <span class='ocrx_word' id='word_1_302' title='bbox 1299 2423 1570 2478; x_wconf 79' lang='lat' dir='ltr'><strong>domestici</strong></span> <span class='ocrx_word' id='word_1_303' title='bbox 1617 2423 1733 2493; x_wconf 85' lang='lat' dir='ltr'><strong>ejus</strong></span> <span class='ocrx_word' id='word_1_304' title='bbox 1772 2424 1942 2478; x_wconf 83' lang='lat' dir='ltr'><strong>vestiti</strong></span> 
     </span>
    </p>
   </div>
   <div class='ocr_carea' id='block_1_40' title="bbox 354 2511 1940 2587">
    <p class='ocr_par' dir='ltr' id='par_1_40' title="bbox 354 2511 1940 2587">
     <span class='ocr_line' id='line_1_40' title="bbox 354 2511 1940 2587; baseline -0.003 -15"><span class='ocrx_word' id='word_1_305' title='bbox 354 2515 670 2587; x_wconf 87' lang='lat' dir='ltr'><strong>duplicibus,</strong></span> <span class='ocrx_word' id='word_1_306' title='bbox 711 2523 767 2569; x_wconf 91' lang='lat' dir='ltr'><strong>et</strong></span> <span class='ocrx_word' id='word_1_307' title='bbox 791 2513 1054 2585; x_wconf 84' lang='lat' dir='ltr'><strong>sapientia</strong></span> <span class='ocrx_word' id='word_1_308' title='bbox 1088 2513 1341 2568; x_wconf 85' lang='lat' dir='ltr'><strong>videlicet</strong></span> <span class='ocrx_word' id='word_1_309' title='bbox 1369 2514 1436 2567; x_wconf 90' lang='lat' dir='ltr'><strong>ad</strong></span> <span class='ocrx_word' id='word_1_310' title='bbox 1465 2511 1798 2584; x_wconf 81' lang='lat' dir='ltr'><strong>repellendas</strong></span> <span class='ocrx_word' id='word_1_311' title='bbox 1827 2513 1940 2568; x_wconf 78' lang='lat' dir='ltr'><strong>ha:-</strong></span> 
     </span>
    </p>
   </div>
   <div class='ocr_carea' id='block_1_41' title="bbox 355 2604 1942 2673">
    <p class='ocr_par' dir='ltr' id='par_1_41' title="bbox 355 2604 1942 2673">
     <span class='ocr_line' id='line_1_41' title="bbox 355 2604 1942 2673; baseline -0.002 -10"><span class='ocrx_word' id='word_1_312' title='bbox 355 2606 555 2663; x_wconf 88' lang='lat' dir='ltr'><strong>reticas</strong></span> <span class='ocrx_word' id='word_1_313' title='bbox 589 2604 848 2661; x_wconf 90' lang='lat' dir='ltr'><strong>falsorum</strong></span> <span class='ocrx_word' id='word_1_314' title='bbox 900 2604 1129 2660; x_wconf 84' lang='lat' dir='ltr'><strong>fratrum</strong></span> <span class='ocrx_word' id='word_1_315' title='bbox 1158 2604 1464 2670; x_wconf 86' lang='lat' dir='ltr'><strong>doctrinas,</strong></span> <span class='ocrx_word' id='word_1_316' title='bbox 1489 2613 1544 2660; x_wconf 90' lang='lat' dir='ltr'><strong>et</strong></span> <span class='ocrx_word' id='word_1_317' title='bbox 1585 2604 1843 2673; x_wconf 86' lang='lat' dir='ltr'><strong>patientia</strong></span> <span class='ocrx_word' id='word_1_318' title='bbox 1872 2605 1942 2660; x_wconf 88' lang='lat' dir='ltr'><strong>ad</strong></span> 
     </span>
    </p>
   </div>
   <div class='ocr_carea' id='block_1_42' title="bbox 354 2694 1942 2768">
    <p class='ocr_par' dir='ltr' id='par_1_42' title="bbox 354 2694 1942 2768">
     <span class='ocr_line' id='line_1_42' title="bbox 354 2694 1942 2768; baseline -0.001 -14"><span class='ocrx_word' id='word_1_319' title='bbox 354 2698 666 2754; x_wconf 88' lang='lat' dir='ltr'><strong>tolerandas</strong></span> <span class='ocrx_word' id='word_1_320' title='bbox 718 2704 1033 2768; x_wconf 89' lang='lat' dir='ltr'><strong>apertorum</strong></span> <span class='ocrx_word' id='word_1_321' title='bbox 1092 2695 1330 2751; x_wconf 88' lang='lat' dir='ltr'><strong>hostium</strong></span> <span class='ocrx_word' id='word_1_322' title='bbox 1378 2710 1617 2766; x_wconf 87' lang='lat' dir='ltr'><strong>pugnas;</strong></span> <span class='ocrx_word' id='word_1_323' title='bbox 1665 2694 1749 2749; x_wconf 87' lang='lat' dir='ltr'><strong>vel</strong></span> <span class='ocrx_word' id='word_1_324' title='bbox 1792 2704 1942 2752; x_wconf 87' lang='lat' dir='ltr'><strong>certe</strong></span> 
     </span>
    </p>
   </div>
   <div class='ocr_carea' id='block_1_43' title="bbox 352 2786 1942 2859">
    <p class='ocr_par' dir='ltr' id='par_1_43' title="bbox 352 2786 1942 2859">
     <span class='ocr_line' id='line_1_43' title="bbox 352 2786 1942 2859; baseline -0.001 -15"><span class='ocrx_word' id='word_1_325' title='bbox 352 2788 535 2847; x_wconf 86' lang='lat' dir='ltr'><strong>vestiti</strong></span> <span class='ocrx_word' id='word_1_326' title='bbox 567 2797 692 2844; x_wconf 89' lang='lat' dir='ltr'><strong>sunt</strong></span> <span class='ocrx_word' id='word_1_327' title='bbox 738 2787 1073 2859; x_wconf 86' lang='lat' dir='ltr'><strong>duplicibus,</strong></span> <span class='ocrx_word' id='word_1_328' title='bbox 1106 2786 1232 2858; x_wconf 89' lang='lat' dir='ltr'><strong>quia</strong></span> <span class='ocrx_word' id='word_1_329' title='bbox 1276 2786 1692 2857; x_wconf 86' lang='lat' dir='ltr'><strong>promissionem</strong></span> <span class='ocrx_word' id='word_1_330' title='bbox 1738 2786 1942 2843; x_wconf 87' lang='lat' dir='ltr'><strong>habent</strong></span> 
     </span>
    </p>
   </div>
   <div class='ocr_carea' id='block_1_44' title="bbox 353 2877 1941 2953">
    <p class='ocr_par' dir='ltr' id='par_1_44' title="bbox 353 2877 1941 2953">
     <span class='ocr_line' id='line_1_44' title="bbox 353 2877 1941 2953; baseline 0.001 -20"><span class='ocrx_word' id='word_1_331' title='bbox 353 2882 482 2938; x_wconf 72' lang='lat' dir='ltr'><strong>vita:</strong></span> <span class='ocrx_word' id='word_1_332' title='bbox 514 2896 635 2953; x_wconf 81' lang='lat' dir='ltr'><strong>quae</strong></span> <span class='ocrx_word' id='word_1_333' title='bbox 659 2895 804 2936; x_wconf 88' lang='lat' dir='ltr'><strong>nunc</strong></span> <span class='ocrx_word' id='word_1_334' title='bbox 830 2887 943 2946; x_wconf 90' lang='lat' dir='ltr'><strong>est,</strong></span> <span class='ocrx_word' id='word_1_335' title='bbox 973 2887 1024 2934; x_wconf 90' lang='lat' dir='ltr'><strong>et</strong></span> <span class='ocrx_word' id='word_1_336' title='bbox 1056 2878 1251 2935; x_wconf 58' lang='lat' dir='ltr'><strong>futura;</strong></span> <span class='ocrx_word' id='word_1_337' title='bbox 1304 2897 1317 2933; x_wconf 91' lang='lat'><strong>:</strong></span> <span class='ocrx_word' id='word_1_338' title='bbox 1364 2893 1509 2934; x_wconf 91' lang='lat' dir='ltr'><strong>nunc</strong></span> <span class='ocrx_word' id='word_1_339' title='bbox 1536 2877 1590 2933; x_wconf 89' lang='lat' dir='ltr'><strong>in</strong></span> <span class='ocrx_word' id='word_1_340' title='bbox 1629 2879 1941 2950; x_wconf 88' lang='lat' dir='ltr'><strong>peregrina-</strong></span> 
     </span>
    </p>
   </div>
   <div class='ocr_carea' id='block_1_45' title="bbox 356 2966 1935 3040">
    <p class='ocr_par' dir='ltr' id='par_1_45' title="bbox 356 2966 1935 3040">
     <span class='ocr_line' id='line_1_45' title="bbox 356 2966 1935 3040; baseline -0.002 -14"><span class='ocrx_word' id='word_1_341' title='bbox 356 2971 504 3026; x_wconf 87' lang='lat' dir='ltr'><strong>tione</strong></span> <span class='ocrx_word' id='word_1_342' title='bbox 557 2969 840 3040; x_wconf 87' lang='lat' dir='ltr'><strong>temporali</strong></span> <span class='ocrx_word' id='word_1_343' title='bbox 866 3008 880 3034; x_wconf 90' lang='lat'><strong>,</strong></span> <span class='ocrx_word' id='word_1_344' title='bbox 910 2966 1093 3023; x_wconf 88' lang='lat' dir='ltr'><strong>divino</strong></span> <span class='ocrx_word' id='word_1_345' title='bbox 1122 2966 1323 3024; x_wconf 74' lang='lat' dir='ltr'><strong>auxilio</strong></span> <span class='ocrx_word' id='word_1_346' title='bbox 1348 2984 1416 3024; x_wconf 89' lang='lat' dir='ltr'><strong>ne</strong></span> <span class='ocrx_word' id='word_1_347' title='bbox 1442 2966 1697 3023; x_wconf 84' lang='lat' dir='ltr'><strong>deficiant</strong></span> <span class='ocrx_word' id='word_1_348' title='bbox 1726 2967 1893 3038; x_wconf 73' lang='lat' dir='ltr'><strong>adiuti</strong></span> <span class='ocrx_word' id='word_1_349' title='bbox 1921 2988 1935 3023; x_wconf 91' lang='lat'><strong>:</strong></span> 
     </span>
    </p>
   </div>
   <div class='ocr_carea' id='block_1_46' title="bbox 349 3057 1935 3130">
    <p class='ocr_par' dir='ltr' id='par_1_46' title="bbox 349 3057 1935 3130">
     <span class='ocr_line' id='line_1_46' title="bbox 349 3057 1935 3130; baseline -0.001 -15"><span class='ocrx_word' id='word_1_350' title='bbox 349 3068 481 3116; x_wconf 85' lang='lat' dir='ltr'><strong>tunc</strong></span> <span class='ocrx_word' id='word_1_351' title='bbox 522 3059 578 3115; x_wconf 90' lang='lat' dir='ltr'><strong>in</strong></span> <span class='ocrx_word' id='word_1_352' title='bbox 630 3058 821 3129; x_wconf 71' lang='lat' dir='ltr'><strong>patria:</strong></span> <span class='ocrx_word' id='word_1_353' title='bbox 854 3058 1094 3129; x_wconf 86' lang='lat' dir='ltr'><strong>perpetis</strong></span> <span class='ocrx_word' id='word_1_354' title='bbox 1143 3057 1475 3114; x_wconf 88' lang='lat' dir='ltr'><strong>habitatione</strong></span> <span class='ocrx_word' id='word_1_355' title='bbox 1525 3057 1719 3113; x_wconf 79' lang='lat' dir='ltr'><strong>divinat:</strong></span> <span class='ocrx_word' id='word_1_356' title='bbox 1763 3060 1935 3130; x_wconf 85' lang='lat' dir='ltr'><strong>gratia</strong></span> 
     </span>
    </p>
   </div>
   <div class='ocr_carea' id='block_1_47' title="bbox 345 3131 2007 3222">
    <p class='ocr_par' dir='ltr' id='par_1_47' title="bbox 345 3131 2007 3222">
     <span class='ocr_line' id='line_1_47' title="bbox 345 3131 2007 3222; baseline -0.001 -14"><span class='ocrx_word' id='word_1_357' title='bbox 345 3153 573 3210; x_wconf 88' lang='lat' dir='ltr'><strong>visionis</strong></span> <span class='ocrx_word' id='word_1_358' title='bbox 607 3160 667 3208; x_wconf 91' lang='lat' dir='ltr'><strong>ut</strong></span> <span class='ocrx_word' id='word_1_359' title='bbox 707 3151 891 3210; x_wconf 86' lang='lat' dir='ltr'><strong>felices</strong></span> <span class='ocrx_word' id='word_1_360' title='bbox 919 3166 1135 3222; x_wconf 86' lang='lat' dir='ltr'><strong>semper</strong></span> <span class='ocrx_word' id='word_1_361' title='bbox 1156 3153 1339 3208; x_wconf 88' lang='lat' dir='ltr'><strong>vivant</strong></span> <span class='ocrx_word' id='word_1_362' title='bbox 1383 3152 1617 3208; x_wconf 86' lang='lat' dir='ltr'><strong>allevati.</strong></span> <span class='ocrx_word' id='word_1_363' title='bbox 1662 3153 1795 3208; x_wconf 85' lang='lat' dir='ltr'><strong>Item</strong></span> <span class='ocrx_word' id='word_1_364' title='bbox 1839 3153 1935 3207; x_wconf 88' lang='lat' dir='ltr'><strong>do-</strong></span> <span class='ocrx_word' id='word_1_365' title='bbox 1961 3131 2007 3193; x_wconf 67' lang='grc' dir='ltr'><strong>Ο</strong></span> 
     </span>
    </p>
   </div>
   <div class='ocr_carea' id='block_1_48' title="bbox 348 3242 1931 3317">
    <p class='ocr_par' dir='ltr' id='par_1_48' title="bbox 348 3242 1931 3317">
     <span class='ocr_line' id='line_1_48' title="bbox 348 3242 1931 3317; baseline -0.001 -17"><span class='ocrx_word' id='word_1_366' title='bbox 348 3242 561 3300; x_wconf 89' lang='lat' dir='ltr'><strong>mestici</strong></span> <span class='ocrx_word' id='word_1_367' title='bbox 590 3243 708 3317; x_wconf 68' lang='lat' dir='ltr'><strong>ejus</strong></span> <span class='ocrx_word' id='word_1_368' title='bbox 758 3242 932 3299; x_wconf 90' lang='lat' dir='ltr'><strong>induti</strong></span> <span class='ocrx_word' id='word_1_369' title='bbox 962 3253 1114 3298; x_wconf 81' lang='lat' dir='ltr'><strong>veste</strong></span> <span class='ocrx_word' id='word_1_370' title='bbox 1148 3252 1275 3298; x_wconf 91' lang='lat' dir='ltr'><strong>sunt</strong></span> <span class='ocrx_word' id='word_1_371' title='bbox 1303 3242 1534 3313; x_wconf 87' lang='lat' dir='ltr'><strong>duplici,</strong></span> <span class='ocrx_word' id='word_1_372' title='bbox 1585 3260 1689 3297; x_wconf 87' lang='lat' dir='ltr'><strong>una</strong></span> <span class='ocrx_word' id='word_1_373' title='bbox 1728 3243 1931 3314; x_wconf 89' lang='lat' dir='ltr'><strong>operis,</strong></span> 
     </span>
    </p>
   </div>
   <div class='ocr_carea' id='block_1_49' title="bbox 348 3334 1930 3407">
    <p class='ocr_par' dir='ltr' id='par_1_49' title="bbox 348 3334 1930 3407">
     <span class='ocr_line' id='line_1_49' title="bbox 348 3334 1930 3407; baseline 0 -17"><span class='ocrx_word' id='word_1_374' title='bbox 348 3334 518 3390; x_wconf 87' lang='lat' dir='ltr'><strong>altera</strong></span> <span class='ocrx_word' id='word_1_375' title='bbox 547 3334 762 3399; x_wconf 89' lang='lat' dir='ltr'><strong>mentis,</strong></span> <span class='ocrx_word' id='word_1_376' title='bbox 793 3334 918 3391; x_wconf 82' lang='lat' dir='ltr'><strong>fidei</strong></span> <span class='ocrx_word' id='word_1_377' title='bbox 949 3335 1212 3392; x_wconf 84' lang='lat' dir='ltr'><strong>habentes</strong></span> <span class='ocrx_word' id='word_1_378' title='bbox 1234 3334 1612 3407; x_wconf 81' lang='lat' dir='ltr'><strong>factorumque</strong></span> <span class='ocrx_word' id='word_1_379' title='bbox 1643 3336 1930 3401; x_wconf 87' lang='lat' dir='ltr'><strong>velamina,</strong></span> 
     </span>
    </p>
   </div>
   <div class='ocr_carea' id='block_1_50' title="bbox 345 3425 1931 3500">
    <p class='ocr_par' dir='ltr' id='par_1_50' title="bbox 345 3425 1931 3500">
     <span class='ocr_line' id='line_1_50' title="bbox 345 3425 1931 3500; baseline 0 -18"><span class='ocrx_word' id='word_1_380' title='bbox 345 3437 402 3482; x_wconf 88' lang='lat' dir='ltr'><strong>et</strong></span> <span class='ocrx_word' id='word_1_381' title='bbox 424 3427 807 3492; x_wconf 84' lang='lat' dir='ltr'><strong>sacramentis,</strong></span> <span class='ocrx_word' id='word_1_382' title='bbox 837 3425 1087 3482; x_wconf 86' lang='lat' dir='ltr'><strong>videlicet</strong></span> <span class='ocrx_word' id='word_1_383' title='bbox 1118 3427 1199 3482; x_wconf 89' lang='lat' dir='ltr'><strong>sui</strong></span> <span class='ocrx_word' id='word_1_384' title='bbox 1227 3426 1668 3500; x_wconf 80' lang='lat' dir='ltr'><strong>Redemptionis,</strong></span> <span class='ocrx_word' id='word_1_385' title='bbox 1718 3428 1931 3494; x_wconf 88' lang='lat' dir='ltr'><strong>imbuti,</strong></span> 
     </span>
    </p>
   </div>
   <div class='ocr_carea' id='block_1_51' title="bbox 347 3517 1928 3592">
    <p class='ocr_par' dir='ltr' id='par_1_51' title="bbox 347 3517 1928 3592">
     <span class='ocr_line' id='line_1_51' title="bbox 347 3517 1928 3592; baseline 0.001 -19"><span class='ocrx_word' id='word_1_386' title='bbox 347 3529 403 3573; x_wconf 86' lang='lat' dir='ltr'><strong>et</strong></span> <span class='ocrx_word' id='word_1_387' title='bbox 448 3517 724 3575; x_wconf 86' lang='lat' dir='ltr'><strong>informati</strong></span> <span class='ocrx_word' id='word_1_388' title='bbox 767 3520 1066 3592; x_wconf 76' lang='lat' dir='ltr'><strong>exemplis;</strong></span> <span class='ocrx_word' id='word_1_389' title='bbox 1099 3521 1177 3577; x_wconf 89' lang='lat' dir='ltr'><strong>sic</strong></span> <span class='ocrx_word' id='word_1_390' title='bbox 1206 3520 1352 3574; x_wconf 90' lang='lat' dir='ltr'><strong>enim</strong></span> <span class='ocrx_word' id='word_1_391' title='bbox 1397 3518 1456 3573; x_wconf 85' lang='lat' dir='ltr'><strong>fit</strong></span> <span class='ocrx_word' id='word_1_392' title='bbox 1484 3518 1614 3575; x_wconf 91' lang='lat' dir='ltr'><strong>illud</strong></span> <span class='ocrx_word' id='word_1_393' title='bbox 1640 3519 1882 3589; x_wconf 86' lang='lat' dir='ltr'><strong>Apostoli</strong></span> <span class='ocrx_word' id='word_1_394' title='bbox 1916 3538 1928 3575; x_wconf 91' lang='lat'><strong>:</strong></span> 
     </span>
    </p>
   </div>
   <div class='ocr_carea' id='block_1_52' title="bbox 349 3610 1929 3683">
    <p class='ocr_par' dir='ltr' id='par_1_52' title="bbox 349 3610 1929 3683">
     <span class='ocr_line' id='line_1_52' title="bbox 349 3610 1929 3683; baseline 0.002 -20"><span class='ocrx_word' id='word_1_395' title='bbox 349 3610 661 3682; x_wconf 79' lang='lat' dir='ltr'><strong>Quicunque</strong></span> <span class='ocrx_word' id='word_1_396' title='bbox 683 3610 738 3664; x_wconf 86' lang='lat' dir='ltr'><strong>in</strong></span> <span class='ocrx_word' id='word_1_397' title='bbox 760 3610 967 3667; x_wconf 81' lang='lat' dir='ltr'><strong>Christo</strong></span> <span class='ocrx_word' id='word_1_398' title='bbox 994 3612 1242 3683; x_wconf 75' lang='lat' dir='ltr'><strong>baptizati</strong></span> <span class='ocrx_word' id='word_1_399' title='bbox 1265 3612 1410 3677; x_wconf 77' lang='lat' dir='ltr'><strong>estis,</strong></span> <span class='ocrx_word' id='word_1_400' title='bbox 1433 3610 1697 3666; x_wconf 83' lang='lat' dir='ltr'><strong>Christum</strong></span> <span class='ocrx_word' id='word_1_401' title='bbox 1722 3610 1929 3666; x_wconf 87' lang='lat' dir='ltr'><strong>induis-</strong></span> 
     </span>
    </p>
   </div>
   <div class='ocr_carea' id='block_1_53' title="bbox 345 3686 1928 3774">
    <p class='ocr_par' dir='ltr' id='par_1_53' title="bbox 345 3686 1928 3774">
     <span class='ocr_line' id='line_1_53' title="bbox 345 3686 1928 3774; baseline 0.001 -20"><span class='ocrx_word' id='word_1_402' title='bbox 345 3703 413 3755; x_wconf 85' lang='lat' dir='ltr'><strong>tis</strong></span> <span class='ocrx_word' id='word_1_403' title='bbox 441 3698 582 3772; x_wconf 85' lang='lat' dir='ltr'><strong>(Gal.</strong></span> <span class='ocrx_word' id='word_1_404' title='bbox 616 3701 721 3774; x_wconf 85' lang='grc' dir='ltr'>ιιι).</span> <span class='ocrx_word' id='word_1_405' title='bbox 750 3701 985 3760; x_wconf 86' lang='lat' dir='ltr'><strong>Possunt</strong></span> <span class='ocrx_word' id='word_1_406' title='bbox 1012 3713 1193 3759; x_wconf 89' lang='lat' dir='ltr'><strong>autem</strong></span> <span class='ocrx_word' id='word_1_407' title='bbox 1218 3686 1427 3774; x_wconf 34' lang='lat' dir='ltr'><strong>frigora.</strong></span> <span class='ocrx_word' id='word_1_408' title='bbox 1448 3702 1588 3756; x_wconf 91' lang='lat' dir='ltr'><strong>nivis</strong></span> <span class='ocrx_word' id='word_1_409' title='bbox 1621 3702 1786 3757; x_wconf 91' lang='lat' dir='ltr'><strong>etiam</strong></span> <span class='ocrx_word' id='word_1_410' title='bbox 1817 3711 1928 3757; x_wconf 91' lang='lat' dir='ltr'><strong>tor-</strong></span> 
     </span>
    </p>
   </div>
   <div class='ocr_carea' id='block_1_54' title="bbox 347 3793 1932 3868">
    <p class='ocr_par' dir='ltr' id='par_1_54' title="bbox 347 3793 1932 3868">
     <span class='ocr_line' id='line_1_54' title="bbox 347 3793 1932 3868; baseline -0.001 -17"><span class='ocrx_word' id='word_1_411' title='bbox 347 3804 531 3851; x_wconf 77' lang='lat' dir='ltr'><strong>menta</strong></span> <span class='ocrx_word' id='word_1_412' title='bbox 573 3802 777 3852; x_wconf 64' lang='lat' dir='ltr'><strong>eterna</strong></span> <span class='ocrx_word' id='word_1_413' title='bbox 812 3796 1057 3868; x_wconf 74' lang='lat' dir='ltr'><strong>intelligi,</strong></span> <span class='ocrx_word' id='word_1_414' title='bbox 1101 3813 1223 3868; x_wconf 79' lang='lat' dir='ltr'><strong>qua:</strong></span> <span class='ocrx_word' id='word_1_415' title='bbox 1256 3797 1365 3867; x_wconf 88' lang='lat' dir='ltr'><strong>igni</strong></span> <span class='ocrx_word' id='word_1_416' title='bbox 1410 3804 1465 3851; x_wconf 92' lang='lat' dir='ltr'><strong>et</strong></span> <span class='ocrx_word' id='word_1_417' title='bbox 1509 3793 1711 3866; x_wconf 78' lang='lat' dir='ltr'><strong>frigore</strong></span> <span class='ocrx_word' id='word_1_418' title='bbox 1763 3796 1932 3850; x_wconf 83' lang='lat' dir='ltr'><strong>mixta</strong></span> 
     </span>
    </p>
   </div>
   <div class='ocr_carea' id='block_1_55' title="bbox 342 3885 1933 3957">
    <p class='ocr_par' dir='ltr' id='par_1_55' title="bbox 342 3885 1933 3957">
     <span class='ocr_line' id='line_1_55' title="bbox 342 3885 1933 3957; baseline -0.001 -17"><span class='ocrx_word' id='word_1_419' title='bbox 342 3900 465 3941; x_wconf 90' lang='lat' dir='ltr'><strong>esse</strong></span> <span class='ocrx_word' id='word_1_420' title='bbox 511 3885 761 3957; x_wconf 84' lang='lat' dir='ltr'><strong>legimus,</strong></span> <span class='ocrx_word' id='word_1_421' title='bbox 809 3901 931 3943; x_wconf 87' lang='lat' dir='ltr'><strong>eum</strong></span> <span class='ocrx_word' id='word_1_422' title='bbox 961 3888 1161 3943; x_wconf 90' lang='lat' dir='ltr'><strong>dicitur</strong></span> <span class='ocrx_word' id='word_1_423' title='bbox 1189 3906 1202 3941; x_wconf 90' lang='lat'>:</span> <span class='ocrx_word' id='word_1_424' title='bbox 1236 3885 1335 3941; x_wconf 83' lang='lat' dir='ltr'><strong>Ubi</strong></span> <span class='ocrx_word' id='word_1_425' title='bbox 1361 3887 1457 3942; x_wconf 83' lang='lat' dir='ltr'><strong>erit</strong></span> <span class='ocrx_word' id='word_1_426' title='bbox 1483 3887 1634 3956; x_wconf 81' lang='lat' dir='ltr'><strong>ﬂetus</strong></span> <span class='ocrx_word' id='word_1_427' title='bbox 1658 3896 1704 3939; x_wconf 89' lang='lat' dir='ltr'><strong>et</strong></span> <span class='ocrx_word' id='word_1_428' title='bbox 1735 3885 1933 3943; x_wconf 70' lang='lat' dir='ltr'><strong>stridor</strong></span> 
     </span>
    </p>
   </div>
   <div class='ocr_carea' id='block_1_56' title="bbox 342 3975 1931 4050">
    <p class='ocr_par' dir='ltr' id='par_1_56' title="bbox 342 3975 1931 4050">
     <span class='ocr_line' id='line_1_56' title="bbox 342 3975 1931 4050; baseline 0.001 -19"><span class='ocrx_word' id='word_1_429' title='bbox 342 3976 578 4035; x_wconf 82' lang='lat' dir='ltr'><strong>dentium</strong></span> <span class='ocrx_word' id='word_1_430' title='bbox 620 3975 837 4049; x_wconf 78' lang='lat' dir='ltr'><strong>(Matth.</strong></span> <span class='ocrx_word' id='word_1_431' title='bbox 868 3978 1010 4050; x_wconf 86' lang='lat' dir='ltr'><strong>vm),</strong></span> <span class='ocrx_word' id='word_1_432' title='bbox 1056 3977 1239 4033; x_wconf 85' lang='lat' dir='ltr'><strong>fletum</strong></span> <span class='ocrx_word' id='word_1_433' title='bbox 1281 3978 1481 4050; x_wconf 89' lang='lat' dir='ltr'><strong>quippe</strong></span> <span class='ocrx_word' id='word_1_434' title='bbox 1508 3978 1679 4033; x_wconf 87' lang='lat' dir='ltr'><strong>oculis</strong></span> <span class='ocrx_word' id='word_1_435' title='bbox 1707 3978 1846 4046; x_wconf 88' lang='lat' dir='ltr'><strong>ignis</strong></span> <span class='ocrx_word' id='word_1_436' title='bbox 1876 3986 1931 4033; x_wconf 91' lang='lat' dir='ltr'><strong>et</strong></span> 
     </span>
    </p>
   </div>
   <div class='ocr_carea' id='block_1_57' title="bbox 345 4067 1924 4140">
    <p class='ocr_par' dir='ltr' id='par_1_57' title="bbox 345 4067 1924 4140">
     <span class='ocr_line' id='line_1_57' title="bbox 345 4067 1924 4140; baseline 0.002 -18"><span class='ocrx_word' id='word_1_437' title='bbox 345 4067 546 4134; x_wconf 86' lang='lat' dir='ltr'><strong>fumus,</strong></span> <span class='ocrx_word' id='word_1_438' title='bbox 581 4068 870 4125; x_wconf 85' lang='lat' dir='ltr'><strong>stridorem</strong></span> <span class='ocrx_word' id='word_1_439' title='bbox 911 4085 1042 4127; x_wconf 89' lang='lat' dir='ltr'><strong>vero</strong></span> <span class='ocrx_word' id='word_1_440' title='bbox 1063 4070 1315 4127; x_wconf 87' lang='lat' dir='ltr'><strong>dentibus</strong></span> <span class='ocrx_word' id='word_1_441' title='bbox 1327 4069 1464 4126; x_wconf 88' lang='lat' dir='ltr'><strong>solet</strong></span> <span class='ocrx_word' id='word_1_442' title='bbox 1485 4069 1652 4140; x_wconf 83' lang='lat' dir='ltr'><strong>frigus</strong></span> <span class='ocrx_word' id='word_1_443' title='bbox 1670 4069 1924 4140; x_wconf 87' lang='lat' dir='ltr'><strong>gignere;</strong></span> 
     </span>
    </p>
   </div>
   <div class='ocr_carea' id='block_1_58' title="bbox 339 4159 1930 4234">
    <p class='ocr_par' dir='ltr' id='par_1_58' title="bbox 339 4159 1930 4234">
     <span class='ocr_line' id='line_1_58' title="bbox 339 4159 1930 4234; baseline 0 -19"><span class='ocrx_word' id='word_1_444' title='bbox 339 4159 484 4218; x_wconf 88' lang='lat' dir='ltr'><strong>unde</strong></span> <span class='ocrx_word' id='word_1_445' title='bbox 510 4169 568 4218; x_wconf 88' lang='lat' dir='ltr'><strong>et</strong></span> <span class='ocrx_word' id='word_1_446' title='bbox 596 4162 787 4218; x_wconf 88' lang='lat' dir='ltr'><strong>beatus</strong></span> <span class='ocrx_word' id='word_1_447' title='bbox 825 4160 956 4226; x_wconf 85' lang='lat' dir='ltr'><strong>Job,</strong></span> <span class='ocrx_word' id='word_1_448' title='bbox 1000 4160 1065 4218; x_wconf 90' lang='lat' dir='ltr'><strong>de</strong></span> <span class='ocrx_word' id='word_1_449' title='bbox 1104 4162 1281 4234; x_wconf 77' lang='lat' dir='ltr'><strong>pmnis</strong></span> <span class='ocrx_word' id='word_1_450' title='bbox 1325 4162 1678 4232; x_wconf 89' lang='lat' dir='ltr'><strong>reproborum</strong></span> <span class='ocrx_word' id='word_1_451' title='bbox 1704 4160 1930 4232; x_wconf 86' lang='lat' dir='ltr'><strong>loquens</strong></span> 
     </span>
    </p>
   </div>
   <div class='ocr_carea' id='block_1_59' title="bbox 338 4252 1927 4324">
    <p class='ocr_par' dir='ltr' id='par_1_59' title="bbox 338 4252 1927 4324">
     <span class='ocr_line' id='line_1_59' title="bbox 338 4252 1927 4324; baseline -0.001 -16"><span class='ocrx_word' id='word_1_452' title='bbox 338 4253 580 4319; x_wconf 67' lang='lat' dir='ltr'><strong>aeternis,</strong></span> <span class='ocrx_word' id='word_1_453' title='bbox 602 4252 671 4309; x_wconf 88' lang='lat' dir='ltr'><strong>ad</strong></span> <span class='ocrx_word' id='word_1_454' title='bbox 699 4253 950 4320; x_wconf 82' lang='lat' dir='ltr'><strong>calorem,</strong></span> <span class='ocrx_word' id='word_1_455' title='bbox 979 4254 1155 4324; x_wconf 87' lang='lat' dir='ltr'><strong>inquit</strong></span> <span class='ocrx_word' id='word_1_456' title='bbox 1175 4294 1192 4319; x_wconf 94' lang='lat'><strong>,</strong></span> <span class='ocrx_word' id='word_1_457' title='bbox 1235 4254 1453 4309; x_wconf 83' lang='lat' dir='ltr'><strong>nimium</strong></span> <span class='ocrx_word' id='word_1_458' title='bbox 1488 4254 1816 4319; x_wconf 84' lang='lat' dir='ltr'><strong>transibunt,</strong></span> <span class='ocrx_word' id='word_1_459' title='bbox 1861 4252 1927 4308; x_wconf 88' lang='lat' dir='ltr'><strong>ab</strong></span> 
     </span>
    </p>
   </div>
   <div class='ocr_carea' id='block_1_60' title="bbox 339 4341 1927 4415">
    <p class='ocr_par' dir='ltr' id='par_1_60' title="bbox 339 4341 1927 4415">
     <span class='ocr_line' id='line_1_60' title="bbox 339 4341 1927 4415; baseline 0.003 -21"><span class='ocrx_word' id='word_1_460' title='bbox 339 4342 491 4413; x_wconf 81' lang='lat' dir='ltr'><strong>aquis</strong></span> <span class='ocrx_word' id='word_1_461' title='bbox 519 4341 716 4396; x_wconf 85' lang='lat' dir='ltr'><strong>nivium</strong></span> <span class='ocrx_word' id='word_1_462' title='bbox 743 4343 886 4415; x_wconf 80' lang='lat' dir='ltr'><strong>(Job.</strong></span> <span class='ocrx_word' id='word_1_463' title='bbox 915 4345 1085 4415; x_wconf 75' lang='lat' dir='ltr'><strong>XXIV).</strong></span> <span class='ocrx_word' id='word_1_464' title='bbox 1120 4342 1226 4398; x_wconf 86' lang='lat' dir='ltr'><strong>Sed</strong></span> <span class='ocrx_word' id='word_1_465' title='bbox 1258 4344 1326 4399; x_wconf 91' lang='lat' dir='ltr'><strong>ab</strong></span> <span class='ocrx_word' id='word_1_466' title='bbox 1367 4343 1452 4399; x_wconf 90' lang='lat' dir='ltr'><strong>bis</strong></span> <span class='ocrx_word' id='word_1_467' title='bbox 1477 4344 1715 4400; x_wconf 85' lang='lat' dir='ltr'><strong>Ecclesia</strong></span> <span class='ocrx_word' id='word_1_468' title='bbox 1743 4345 1927 4399; x_wconf 84' lang='lat' dir='ltr'><strong>domui</strong></span> 
     </span>
    </p>
   </div>
   <div class='ocr_carea' id='block_1_61' title="bbox 337 4433 1925 4506">
    <p class='ocr_par' dir='ltr' id='par_1_61' title="bbox 337 4433 1925 4506">
     <span class='ocr_line' id='line_1_61' title="bbox 337 4433 1925 4506; baseline 0.001 -17"><span class='ocrx_word' id='word_1_469' title='bbox 337 4449 451 4489; x_wconf 75' lang='lat' dir='ltr'><strong>sum</strong></span> <span class='ocrx_word' id='word_1_470' title='bbox 474 4448 581 4489; x_wconf 91' lang='lat' dir='ltr'><strong>non</strong></span> <span class='ocrx_word' id='word_1_471' title='bbox 606 4433 835 4501; x_wconf 77' lang='lat' dir='ltr'><strong>timebit,</strong></span> <span class='ocrx_word' id='word_1_472' title='bbox 862 4435 987 4505; x_wconf 88' lang='lat' dir='ltr'><strong>quia</strong></span> <span class='ocrx_word' id='word_1_473' title='bbox 1009 4435 1318 4506; x_wconf 90' lang='lat' dir='ltr'><strong>quicunque</strong></span> <span class='ocrx_word' id='word_1_474' title='bbox 1340 4444 1589 4505; x_wconf 90' lang='lat' dir='ltr'><strong>pereunt,</strong></span> <span class='ocrx_word' id='word_1_475' title='bbox 1614 4435 1682 4491; x_wconf 90' lang='lat' dir='ltr'><strong>ad</strong></span> <span class='ocrx_word' id='word_1_476' title='bbox 1704 4435 1925 4491; x_wconf 84' lang='lat' dir='ltr'><strong>domum</strong></span> 
     </span>
    </p>
   </div>
   <div class='ocr_carea' id='block_1_62' title="bbox 338 4523 1927 4597">
    <p class='ocr_par' dir='ltr' id='par_1_62' title="bbox 338 4523 1927 4597">
     <span class='ocr_line' id='line_1_62' title="bbox 338 4523 1927 4597; baseline 0.004 -20"><span class='ocrx_word' id='word_1_477' title='bbox 338 4523 485 4580; x_wconf 86' lang='lat' dir='ltr'><strong>illius</strong></span> <span class='ocrx_word' id='word_1_478' title='bbox 505 4538 613 4579; x_wconf 91' lang='lat' dir='ltr'><strong>non</strong></span> <span class='ocrx_word' id='word_1_479' title='bbox 632 4525 997 4596; x_wconf 89' lang='lat' dir='ltr'><strong>pertinebant,</strong></span> <span class='ocrx_word' id='word_1_480' title='bbox 1023 4542 1124 4583; x_wconf 92' lang='lat' dir='ltr'><strong>nec</strong></span> <span class='ocrx_word' id='word_1_481' title='bbox 1149 4535 1301 4581; x_wconf 87' lang='lat' dir='ltr'><strong>veste</strong></span> <span class='ocrx_word' id='word_1_482' title='bbox 1323 4527 1494 4597; x_wconf 88' lang='lat' dir='ltr'><strong>ipsius</strong></span> <span class='ocrx_word' id='word_1_483' title='bbox 1513 4526 1741 4596; x_wconf 83' lang='lat' dir='ltr'><strong>spiritali</strong></span> <span class='ocrx_word' id='word_1_484' title='bbox 1763 4536 1927 4583; x_wconf 90' lang='lat' dir='ltr'><strong>erunt</strong></span> 
     </span>
    </p>
   </div>
   <div class='ocr_carea' id='block_1_63' title="bbox 338 4614 1925 4688">
    <p class='ocr_par' dir='ltr' id='par_1_63' title="bbox 338 4614 1925 4688">
     <span class='ocr_line' id='line_1_63' title="bbox 338 4614 1925 4688; baseline 0.003 -20"><span class='ocrx_word' id='word_1_485' title='bbox 338 4614 535 4681; x_wconf 81' lang='lat' dir='ltr'><strong>induti,</strong></span> <span class='ocrx_word' id='word_1_486' title='bbox 565 4615 779 4671; x_wconf 87' lang='lat' dir='ltr'><strong>tametsi</strong></span> <span class='ocrx_word' id='word_1_487' title='bbox 809 4617 1085 4686; x_wconf 75' lang='lat' dir='ltr'><strong>mysteriis</strong></span> <span class='ocrx_word' id='word_1_488' title='bbox 1119 4616 1236 4686; x_wconf 73' lang='lat' dir='ltr'><strong>eius</strong></span> <span class='ocrx_word' id='word_1_489' title='bbox 1264 4618 1332 4673; x_wconf 91' lang='lat' dir='ltr'><strong>ad</strong></span> <span class='ocrx_word' id='word_1_490' title='bbox 1365 4626 1575 4688; x_wconf 88' lang='lat' dir='ltr'><strong>tempus</strong></span> <span class='ocrx_word' id='word_1_491' title='bbox 1602 4617 1925 4675; x_wconf 86' lang='lat' dir='ltr'><strong>videbantur</strong></span> 
     </span>
    </p>
   </div>
   <div class='ocr_carea' id='block_1_64' title="bbox 338 4704 1923 4780">
    <p class='ocr_par' dir='ltr' id='par_1_64' title="bbox 338 4704 1923 4780">
     <span class='ocr_line' id='line_1_64' title="bbox 338 4704 1923 4780; baseline 0.003 -19"><span class='ocrx_word' id='word_1_492' title='bbox 338 4704 591 4763; x_wconf 85' lang='lat' dir='ltr'><strong>instituti.</strong></span> <span class='ocrx_word' id='word_1_493' title='bbox 618 4705 859 4777; x_wconf 90' lang='lat' dir='ltr'><strong>Denique</strong></span> <span class='ocrx_word' id='word_1_494' title='bbox 879 4704 1110 4776; x_wconf 85' lang='lat' dir='ltr'><strong>legimus</strong></span> <span class='ocrx_word' id='word_1_495' title='bbox 1136 4708 1190 4763; x_wconf 90' lang='lat' dir='ltr'><strong>in</strong></span> <span class='ocrx_word' id='word_1_496' title='bbox 1224 4707 1557 4780; x_wconf 85' lang='lat' dir='ltr'><strong>Evangeliis,</strong></span> <span class='ocrx_word' id='word_1_497' title='bbox 1595 4709 1825 4779; x_wconf 66' lang='lat' dir='ltr'><strong>eiactum</strong></span> <span class='ocrx_word' id='word_1_498' title='bbox 1856 4709 1923 4765; x_wconf 87' lang='lat' dir='ltr'><strong>de</strong></span> 
     </span>
    </p>
   </div>
   <div class='ocr_carea' id='block_1_65' title="bbox 335 4795 1919 4869">
    <p class='ocr_par' dir='ltr' id='par_1_65' title="bbox 335 4795 1919 4869">
     <span class='ocr_line' id='line_1_65' title="bbox 335 4795 1919 4869; baseline 0.003 -18"><span class='ocrx_word' id='word_1_499' title='bbox 335 4796 501 4852; x_wconf 79' lang='lat' dir='ltr'><strong>domo</strong></span> <span class='ocrx_word' id='word_1_500' title='bbox 525 4795 757 4852; x_wconf 86' lang='lat' dir='ltr'><strong>convivii</strong></span> <span class='ocrx_word' id='word_1_501' title='bbox 801 4795 944 4852; x_wconf 87' lang='lat' dir='ltr'><strong>illius</strong></span> <span class='ocrx_word' id='word_1_502' title='bbox 981 4798 1257 4854; x_wconf 89' lang='lat' dir='ltr'><strong>hominem</strong></span> <span class='ocrx_word' id='word_1_503' title='bbox 1287 4798 1379 4868; x_wconf 88' lang='lat' dir='ltr'><strong>qui</strong></span> <span class='ocrx_word' id='word_1_504' title='bbox 1422 4798 1664 4854; x_wconf 90' lang='lat' dir='ltr'><strong>vestibus</strong></span> <span class='ocrx_word' id='word_1_505' title='bbox 1696 4814 1919 4869; x_wconf 89' lang='lat' dir='ltr'><strong>operum</strong></span> 
     </span>
    </p>
   </div>
   <div class='ocr_carea' id='block_1_66' title="bbox 337 4884 1922 4957">
    <p class='ocr_par' dir='ltr' id='par_1_66' title="bbox 337 4884 1922 4957">
     <span class='ocr_line' id='line_1_66' title="bbox 337 4884 1922 4957; baseline 0.002 -15"><span class='ocrx_word' id='word_1_506' title='bbox 337 4886 630 4945; x_wconf 87' lang='lat' dir='ltr'><strong>immundis</strong></span> <span class='ocrx_word' id='word_1_507' title='bbox 654 4884 797 4942; x_wconf 88' lang='lat' dir='ltr'><strong>hanc</strong></span> <span class='ocrx_word' id='word_1_508' title='bbox 821 4886 1029 4942; x_wconf 86' lang='lat' dir='ltr'><strong>intrare</strong></span> <span class='ocrx_word' id='word_1_509' title='bbox 1051 4897 1489 4957; x_wconf 72' lang='lat' dir='ltr'><strong>prazsumpserat,</strong></span> <span class='ocrx_word' id='word_1_510' title='bbox 1518 4888 1645 4944; x_wconf 86' lang='lat' dir='ltr'><strong>etin</strong></span> <span class='ocrx_word' id='word_1_511' title='bbox 1672 4889 1922 4945; x_wconf 80' lang='lat' dir='ltr'><strong>tenebras</strong></span> 
     </span>
    </p>
   </div>
   <div class='ocr_carea' id='block_1_67' title="bbox 334 4975 1920 5045">
    <p class='ocr_par' dir='ltr' id='par_1_67' title="bbox 334 4975 1920 5045">
     <span class='ocr_line' id='line_1_67' title="bbox 334 4975 1920 5045; baseline 0 -11"><span class='ocrx_word' id='word_1_512' title='bbox 334 4978 663 5045; x_wconf 80' lang='lat' dir='ltr'><strong>exteriores,</strong></span> <span class='ocrx_word' id='word_1_513' title='bbox 693 4976 784 5034; x_wconf 87' lang='lat' dir='ltr'><strong>ubi</strong></span> <span class='ocrx_word' id='word_1_514' title='bbox 826 4985 970 5034; x_wconf 89' lang='lat' dir='ltr'><strong>esset</strong></span> <span class='ocrx_word' id='word_1_515' title='bbox 996 4975 1151 5034; x_wconf 85' lang='lat' dir='ltr'><strong>fletus</strong></span> <span class='ocrx_word' id='word_1_516' title='bbox 1175 4986 1231 5033; x_wconf 91' lang='lat' dir='ltr'><strong>et</strong></span> <span class='ocrx_word' id='word_1_517' title='bbox 1263 4978 1464 5033; x_wconf 89' lang='lat' dir='ltr'><strong>stridor</strong></span> <span class='ocrx_word' id='word_1_518' title='bbox 1492 4977 1731 5032; x_wconf 89' lang='lat' dir='ltr'><strong>dentium</strong></span> <span class='ocrx_word' id='word_1_519' title='bbox 1755 5018 1771 5044; x_wconf 93' lang='lat'><strong>,</strong></span> <span class='ocrx_word' id='word_1_520' title='bbox 1800 4993 1920 5034; x_wconf 89' lang='lat' dir='ltr'><strong>esse</strong></span> 
     </span>
    </p>
   </div>
   <div class='ocr_carea' id='block_1_68' title="bbox 317 5055 1918 5140">
    <p class='ocr_par' dir='ltr' id='par_1_68' title="bbox 317 5055 1918 5140">
     <span class='ocr_line' id='line_1_68' title="bbox 317 5055 1918 5140; baseline -0.001 -17"><span class='ocrx_word' id='word_1_521' title='bbox 317 5055 667 5139; x_wconf 33' lang='lat' dir='ltr'><strong>lprojectum:</strong></span> <span class='ocrx_word' id='word_1_522' title='bbox 692 5066 890 5124; x_wconf 88' lang='lat' dir='ltr'><strong>merito</strong></span> <span class='ocrx_word' id='word_1_523' title='bbox 910 5066 1098 5139; x_wconf 88' lang='lat' dir='ltr'><strong>utique</strong></span> <span class='ocrx_word' id='word_1_524' title='bbox 1114 5068 1166 5122; x_wconf 92' lang='lat' dir='ltr'><strong>in</strong></span> <span class='ocrx_word' id='word_1_525' title='bbox 1187 5066 1391 5139; x_wconf 81' lang='lat' dir='ltr'><strong>frigora</strong></span> <span class='ocrx_word' id='word_1_526' title='bbox 1412 5081 1586 5139; x_wconf 64' lang='lat' dir='ltr'><strong>poenae</strong></span> <span class='ocrx_word' id='word_1_527' title='bbox 1611 5068 1918 5140; x_wconf 85' lang='lat' dir='ltr'><strong>religatum,</strong></span> 
     </span>
    </p>
   </div>
   <div class='ocr_carea' id='block_1_69' title="bbox 335 5158 1702 5233">
    <p class='ocr_par' dir='ltr' id='par_1_69' title="bbox 335 5158 1702 5233">
     <span class='ocr_line' id='line_1_69' title="bbox 335 5158 1702 5233; baseline 0.002 -20"><span class='ocrx_word' id='word_1_528' title='bbox 335 5159 462 5230; x_wconf 87' lang='lat' dir='ltr'><strong>quia</strong></span> <span class='ocrx_word' id='word_1_529' title='bbox 490 5158 864 5217; x_wconf 87' lang='lat' dir='ltr'><strong>indumentum</strong></span> <span class='ocrx_word' id='word_1_530' title='bbox 888 5160 1110 5232; x_wconf 88' lang='lat' dir='ltr'><strong>pietatis</strong></span> <span class='ocrx_word' id='word_1_531' title='bbox 1141 5161 1341 5216; x_wconf 82' lang='lat' dir='ltr'><strong>habere</strong></span> <span class='ocrx_word' id='word_1_532' title='bbox 1369 5161 1702 5233; x_wconf 81' lang='lat' dir='ltr'><strong>neglexerat.</strong></span> 
     </span>
    </p>
   </div>
   <div class='ocr_carea' id='block_1_70' title="bbox 410 5248 1921 5330">
    <p class='ocr_par' dir='ltr' id='par_1_70' title="bbox 410 5248 1921 5330">
     <span class='ocr_line' id='line_1_70' title="bbox 410 5248 1921 5330; baseline 0.005 -24"><span class='ocrx_word' id='word_1_533' title='bbox 410 5248 776 5323; x_wconf 74' lang='lat' dir='ltr'><strong>Stragutatam</strong></span> <span class='ocrx_word' id='word_1_534' title='bbox 817 5263 1004 5309; x_wconf 79' lang='lat' dir='ltr'><strong>vestem</strong></span> <span class='ocrx_word' id='word_1_535' title='bbox 1034 5254 1156 5324; x_wconf 79' lang='lat' dir='ltr'><strong>fecit</strong></span> <span class='ocrx_word' id='word_1_536' title='bbox 1179 5255 1279 5309; x_wconf 88' lang='lat' dir='ltr'><strong>sibi</strong></span> <span class='ocrx_word' id='word_1_537' title='bbox 1310 5268 1328 5307; x_wconf 90' lang='lat'><em>:</em></span> <span class='ocrx_word' id='word_1_538' title='bbox 1356 5254 1539 5325; x_wconf 84' lang='lat' dir='ltr'><strong>byssus</strong></span> <span class='ocrx_word' id='word_1_539' title='bbox 1585 5265 1635 5311; x_wconf 89' lang='lat' dir='ltr'><strong>et</strong></span> <span class='ocrx_word' id='word_1_540' title='bbox 1685 5273 1921 5330; x_wconf 81' lang='lat' dir='ltr'><strong>purpura</strong></span> 
     </span>
    </p>
   </div>
   <div class='ocr_carea' id='block_1_71' title="bbox 334 5342 1922 5421">
    <p class='ocr_par' dir='ltr' id='par_1_71' title="bbox 334 5342 1922 5421">
     <span class='ocr_line' id='line_1_71' title="bbox 334 5342 1922 5421; baseline 0.006 -25"><span class='ocrx_word' id='word_1_541' title='bbox 334 5342 695 5401; x_wconf 70' lang='lat' dir='ltr'><strong>indumentum</strong></span> <span class='ocrx_word' id='word_1_542' title='bbox 745 5345 883 5416; x_wconf 86' lang='lat' dir='ltr'><strong>ejus.</strong></span> <span class='ocrx_word' id='word_1_543' title='bbox 918 5345 1227 5418; x_wconf 85' lang='lat' dir='ltr'><strong>Stragulata</strong></span> <span class='ocrx_word' id='word_1_544' title='bbox 1275 5348 1479 5411; x_wconf 85' lang='lat' dir='ltr'><strong>vestis,</strong></span> <span class='ocrx_word' id='word_1_545' title='bbox 1527 5363 1648 5421; x_wconf 72' lang='lat' dir='ltr'><strong>qua:</strong></span> <span class='ocrx_word' id='word_1_546' title='bbox 1676 5350 1922 5405; x_wconf 87' lang='lat' dir='ltr'><strong>variante</strong></span> 
     </span>
    </p>
   </div>
   <div class='ocr_carea' id='block_1_72' title="bbox 338 5433 1923 5505">
    <p class='ocr_par' dir='ltr' id='par_1_72' title="bbox 338 5433 1923 5505">
     <span class='ocr_line' id='line_1_72' title="bbox 338 5433 1923 5505; baseline 0.006 -18"><span class='ocrx_word' id='word_1_547' title='bbox 338 5439 555 5488; x_wconf 83' lang='lat' dir='ltr'><strong>textura</strong></span> <span class='ocrx_word' id='word_1_548' title='bbox 606 5433 745 5490; x_wconf 90' lang='lat' dir='ltr'><strong>solet</strong></span> <span class='ocrx_word' id='word_1_549' title='bbox 792 5434 1107 5493; x_wconf 83' lang='lat' dir='ltr'><strong>firmissima</strong></span> <span class='ocrx_word' id='word_1_550' title='bbox 1156 5437 1395 5505; x_wconf 84' lang='lat' dir='ltr'><strong>confici,</strong></span> <span class='ocrx_word' id='word_1_551' title='bbox 1450 5436 1612 5495; x_wconf 86' lang='lat' dir='ltr'><strong>fortia</strong></span> <span class='ocrx_word' id='word_1_552' title='bbox 1666 5440 1923 5497; x_wconf 71' lang='lat' dir='ltr'><strong>Ecclesia)</strong></span> 
     </span>
    </p>
   </div>
   <div class='ocr_carea' id='block_1_73' title="bbox 1957 4490 2004 4549">
    <p class='ocr_par' dir='ltr' id='par_1_73' title="bbox 1957 4490 2004 4549">
     <span class='ocr_line' id='line_1_73' title="bbox 1957 4490 2004 4549; baseline 0 -2"><span class='ocrx_word' id='word_1_553' title='bbox 1957 4490 2004 4549; x_wconf 83' lang='grc' dir='ltr'><strong>Ι)</strong></span> 
     </span>
    </p>
   </div>
   <div class='ocr_carea' id='block_1_74' title="bbox 2047 1961 3643 2037">
    <p class='ocr_par' dir='ltr' id='par_1_74' title="bbox 2047 1961 3643 2037">
     <span class='ocr_line' id='line_1_74' title="bbox 2047 1961 3643 2037; baseline 0.001 -19"><span class='ocrx_word' id='word_1_554' title='bbox 2047 1963 2297 2032; x_wconf 68' lang='grc' dir='ltr'><strong>ιπωεεηϋ</strong></span> <span class='ocrx_word' id='word_1_555' title='bbox 2320 1961 2537 2032; x_wconf 89' lang='lat' dir='ltr'><strong>quidem</strong></span> <span class='ocrx_word' id='word_1_556' title='bbox 2565 1962 2935 2019; x_wconf 85' lang='lat' dir='ltr'><strong>nescientibus</strong></span> <span class='ocrx_word' id='word_1_557' title='bbox 2962 1963 3176 2020; x_wconf 87' lang='lat' dir='ltr'><strong>videtur</strong></span> <span class='ocrx_word' id='word_1_558' title='bbox 3194 1966 3643 2037; x_wconf 80' lang='lat' dir='ltr'><strong>contemptibilis,</strong></span> 
     </span>
    </p>
   </div>
   <div class='ocr_carea' id='block_1_75' title="bbox 2046 2053 3646 2126">
    <p class='ocr_par' dir='ltr' id='par_1_75' title="bbox 2046 2053 3646 2126">
     <span class='ocr_line' id='line_1_75' title="bbox 2046 2053 3646 2126; baseline 0.002 -16"><span class='ocrx_word' id='word_1_559' title='bbox 2046 2056 2142 2110; x_wconf 90' lang='lat' dir='ltr'><strong>sed</strong></span> <span class='ocrx_word' id='word_1_560' title='bbox 2174 2054 2229 2109; x_wconf 91' lang='lat' dir='ltr'><strong>in</strong></span> <span class='ocrx_word' id='word_1_561' title='bbox 2274 2053 2456 2109; x_wconf 89' lang='lat' dir='ltr'><strong>futuro</strong></span> <span class='ocrx_word' id='word_1_562' title='bbox 2481 2054 2659 2126; x_wconf 89' lang='lat' dir='ltr'><strong>qualis</strong></span> <span class='ocrx_word' id='word_1_563' title='bbox 2687 2053 2856 2111; x_wconf 86' lang='lat' dir='ltr'><strong>fuerit</strong></span> <span class='ocrx_word' id='word_1_564' title='bbox 2883 2054 3170 2112; x_wconf 86' lang='lat' dir='ltr'><strong>manifeste</strong></span> <span class='ocrx_word' id='word_1_565' title='bbox 3212 2056 3443 2126; x_wconf 84' lang='lat' dir='ltr'><strong>patebit.</strong></span> <span class='ocrx_word' id='word_1_566' title='bbox 3485 2056 3646 2113; x_wconf 70' lang='lat' dir='ltr'><strong>Linde</strong></span> 
     </span>
    </p>
   </div>
   <div class='ocr_carea' id='block_1_76' title="bbox 2044 2146 3644 2219">
    <p class='ocr_par' dir='ltr' id='par_1_76' title="bbox 2044 2146 3644 2219">
     <span class='ocr_line' id='line_1_76' title="bbox 2044 2146 3644 2219; baseline 0.001 -16"><span class='ocrx_word' id='word_1_567' title='bbox 2044 2147 2269 2218; x_wconf 87' lang='lat' dir='ltr'><strong>pulchre</strong></span> <span class='ocrx_word' id='word_1_568' title='bbox 2320 2148 2375 2203; x_wconf 82' lang='lat' dir='ltr'><strong>in</strong></span> <span class='ocrx_word' id='word_1_569' title='bbox 2412 2147 2734 2219; x_wconf 83' lang='lat' dir='ltr'><strong>Apocalypsi</strong></span> <span class='ocrx_word' id='word_1_570' title='bbox 2779 2164 2875 2205; x_wconf 88' lang='lat' dir='ltr'><strong>sua</strong></span> <span class='ocrx_word' id='word_1_571' title='bbox 2930 2146 3168 2205; x_wconf 84' lang='lat' dir='ltr'><strong>Joannes</strong></span> <span class='ocrx_word' id='word_1_572' title='bbox 3213 2158 3530 2206; x_wconf 85' lang='lat' dir='ltr'><strong>sanctorum</strong></span> <span class='ocrx_word' id='word_1_573' title='bbox 3576 2164 3644 2205; x_wconf 85' lang='lat' dir='ltr'><strong>se</strong></span> 
     </span>
    </p>
   </div>
   <div class='ocr_carea' id='block_1_77' title="bbox 2044 2236 3642 2304">
    <p class='ocr_par' dir='ltr' id='par_1_77' title="bbox 2044 2236 3642 2304">
     <span class='ocr_line' id='line_1_77' title="bbox 2044 2236 3642 2304; baseline 0.004 -14"><span class='ocrx_word' id='word_1_574' title='bbox 2044 2253 2232 2294; x_wconf 87' lang='lat' dir='ltr'><strong>vocem</strong></span> <span class='ocrx_word' id='word_1_575' title='bbox 2279 2237 2496 2294; x_wconf 87' lang='lat' dir='ltr'><strong>audisse</strong></span> <span class='ocrx_word' id='word_1_576' title='bbox 2551 2236 2752 2304; x_wconf 86' lang='lat' dir='ltr'><strong>refert,</strong></span> <span class='ocrx_word' id='word_1_577' title='bbox 2794 2238 3091 2295; x_wconf 88' lang='lat' dir='ltr'><strong>dicentium</strong></span> <span class='ocrx_word' id='word_1_578' title='bbox 3144 2258 3157 2295; x_wconf 92' lang='lat'>:</span> <span class='ocrx_word' id='word_1_579' title='bbox 3208 2238 3547 2296; x_wconf 75' lang='lat' dir='ltr'><strong>Gaudeamus</strong></span> <span class='ocrx_word' id='word_1_580' title='bbox 3587 2251 3642 2297; x_wconf 84' lang='lat' dir='ltr'><strong>et</strong></span> 
     </span>
    </p>
   </div>
   <div class='ocr_carea' id='block_1_78' title="bbox 2043 2328 3644 2402">
    <p class='ocr_par' dir='ltr' id='par_1_78' title="bbox 2043 2328 3644 2402">
     <span class='ocr_line' id='line_1_78' title="bbox 2043 2328 3644 2402; baseline 0.002 -18"><span class='ocrx_word' id='word_1_581' title='bbox 2043 2328 2384 2393; x_wconf 72' lang='lat' dir='ltr'><strong>exsultcmus,</strong></span> <span class='ocrx_word' id='word_1_582' title='bbox 2430 2330 2556 2400; x_wconf 83' lang='lat' dir='ltr'><strong>quia</strong></span> <span class='ocrx_word' id='word_1_583' title='bbox 2602 2340 2848 2385; x_wconf 84' lang='lat' dir='ltr'><strong>venerunt</strong></span> <span class='ocrx_word' id='word_1_584' title='bbox 2876 2331 3071 2402; x_wconf 67' lang='lat' dir='ltr'><strong>nuptiae</strong></span> <span class='ocrx_word' id='word_1_585' title='bbox 3096 2331 3252 2402; x_wconf 78' lang='lat' dir='ltr'><strong>Agni,</strong></span> <span class='ocrx_word' id='word_1_586' title='bbox 3283 2340 3332 2386; x_wconf 86' lang='lat' dir='ltr'><strong>et</strong></span> <span class='ocrx_word' id='word_1_587' title='bbox 3361 2347 3502 2387; x_wconf 69' lang='lat' dir='ltr'><strong>uxor</strong></span> <span class='ocrx_word' id='word_1_588' title='bbox 3520 2332 3644 2400; x_wconf 79' lang='lat' dir='ltr'><strong>eius</strong></span> 
     </span>
    </p>
   </div>
   <div class='ocr_carea' id='block_1_79' title="bbox 2041 2420 3643 2493">
    <p class='ocr_par' dir='ltr' id='par_1_79' title="bbox 2041 2420 3643 2493">
     <span class='ocr_line' id='line_1_79' title="bbox 2041 2420 3643 2493; baseline 0.003 -20"><span class='ocrx_word' id='word_1_589' title='bbox 2041 2422 2355 2491; x_wconf 74' lang='lat' dir='ltr'><strong>pra&#39;paravit</strong></span> <span class='ocrx_word' id='word_1_590' title='bbox 2377 2437 2455 2485; x_wconf 88' lang='lat' dir='ltr'><strong>se,</strong></span> <span class='ocrx_word' id='word_1_591' title='bbox 2474 2431 2522 2475; x_wconf 89' lang='lat' dir='ltr'><strong>et</strong></span> <span class='ocrx_word' id='word_1_592' title='bbox 2548 2421 2732 2475; x_wconf 85' lang='lat' dir='ltr'><strong>datum</strong></span> <span class='ocrx_word' id='word_1_593' title='bbox 2757 2429 2832 2475; x_wconf 88' lang='lat' dir='ltr'><strong>est</strong></span> <span class='ocrx_word' id='word_1_594' title='bbox 2852 2420 2900 2477; x_wconf 88' lang='lat' dir='ltr'><strong>ei</strong></span> <span class='ocrx_word' id='word_1_595' title='bbox 2923 2431 2978 2475; x_wconf 88' lang='lat' dir='ltr'><strong>ut</strong></span> <span class='ocrx_word' id='word_1_596' title='bbox 2999 2422 3262 2491; x_wconf 82' lang='lat' dir='ltr'><strong>cooperiat</strong></span> <span class='ocrx_word' id='word_1_597' title='bbox 3287 2439 3343 2478; x_wconf 77' lang='lat' dir='ltr'><strong>se</strong></span> <span class='ocrx_word' id='word_1_598' title='bbox 3365 2422 3643 2493; x_wconf 70' lang='lat' dir='ltr'><strong>byssiuuus</strong></span> 
     </span>
    </p>
   </div>
   <div class='ocr_carea' id='block_1_80' title="bbox 2039 2510 3641 2584">
    <p class='ocr_par' dir='ltr' id='par_1_80' title="bbox 2039 2510 3641 2584">
     <span class='ocr_line' id='line_1_80' title="bbox 2039 2510 3641 2584; baseline 0.003 -20"><span class='ocrx_word' id='word_1_599' title='bbox 2039 2510 2336 2580; x_wconf 82' lang='lat' dir='ltr'><strong>splendens,</strong></span> <span class='ocrx_word' id='word_1_600' title='bbox 2367 2511 2673 2566; x_wconf 85' lang='lat' dir='ltr'><strong>candidum.</strong></span> <span class='ocrx_word' id='word_1_601' title='bbox 2697 2510 2980 2581; x_wconf 84' lang='lat' dir='ltr'><strong>Byssinum</strong></span> <span class='ocrx_word' id='word_1_602' title='bbox 3012 2514 3185 2578; x_wconf 88' lang='lat' dir='ltr'><strong>enim,</strong></span> <span class='ocrx_word' id='word_1_603' title='bbox 3224 2513 3641 2584; x_wconf 66' lang='lat' dir='ltr'><strong>justiﬁcationes</strong></span> 
     </span>
    </p>
   </div>
   <div class='ocr_carea' id='block_1_81' title="bbox 2039 2601 2881 2673">
    <p class='ocr_par' dir='ltr' id='par_1_81' title="bbox 2039 2601 2881 2673">
     <span class='ocr_line' id='line_1_81' title="bbox 2039 2601 2881 2673; baseline 0.002 -17"><span class='ocrx_word' id='word_1_604' title='bbox 2039 2612 2161 2656; x_wconf 90' lang='lat' dir='ltr'><strong>sunt</strong></span> <span class='ocrx_word' id='word_1_605' title='bbox 2187 2612 2490 2657; x_wconf 81' lang='lat' dir='ltr'><strong>sanctorum</strong></span> <span class='ocrx_word' id='word_1_606' title='bbox 2526 2601 2711 2673; x_wconf 76' lang='lat' dir='ltr'><strong>(Apoc.</strong></span> <span class='ocrx_word' id='word_1_607' title='bbox 2743 2605 2881 2673; x_wconf 74' lang='lat' dir='ltr'><strong>xu).</strong></span> 
     </span>
    </p>
   </div>
   <div class='ocr_carea' id='block_1_82' title="bbox 2114 2693 3634 2768">
    <p class='ocr_par' dir='ltr' id='par_1_82' title="bbox 2114 2693 3634 2768">
     <span class='ocr_line' id='line_1_82' title="bbox 2114 2693 3634 2768; baseline 0.004 -20"><span class='ocrx_word' id='word_1_608' title='bbox 2114 2693 2322 2749; x_wconf 85' lang='lat' dir='ltr'><strong>Nobilis</strong></span> <span class='ocrx_word' id='word_1_609' title='bbox 2360 2694 2414 2749; x_wconf 87' lang='lat' dir='ltr'><strong>in</strong></span> <span class='ocrx_word' id='word_1_610' title='bbox 2456 2696 2621 2765; x_wconf 90' lang='lat' dir='ltr'><strong>portis</strong></span> <span class='ocrx_word' id='word_1_611' title='bbox 2648 2696 2728 2750; x_wconf 78' lang='lat' dir='ltr'><strong>vir</strong></span> <span class='ocrx_word' id='word_1_612' title='bbox 2767 2695 2914 2766; x_wconf 82' lang='lat' dir='ltr'><strong>ejus,</strong></span> <span class='ocrx_word' id='word_1_613' title='bbox 2942 2696 3155 2768; x_wconf 80' lang='lat' dir='ltr'><strong>quando</strong></span> <span class='ocrx_word' id='word_1_614' title='bbox 3180 2696 3370 2752; x_wconf 78' lang='lat' dir='ltr'><strong>sederit</strong></span> <span class='ocrx_word' id='word_1_615' title='bbox 3400 2714 3523 2753; x_wconf 80' lang='lat' dir='ltr'><strong>cunt</strong></span> <span class='ocrx_word' id='word_1_616' title='bbox 3555 2715 3634 2754; x_wconf 71' lang='lat' dir='ltr'><strong>se-</strong></span> 
     </span>
    </p>
   </div>
   <div class='ocr_carea' id='block_1_83' title="bbox 2040 2788 3642 2864">
    <p class='ocr_par' dir='ltr' id='par_1_83' title="bbox 2040 2788 3642 2864">
     <span class='ocr_line' id='line_1_83' title="bbox 2040 2788 3642 2864; baseline 0.004 -21"><span class='ocrx_word' id='word_1_617' title='bbox 2040 2788 2273 2844; x_wconf 86' lang='lat' dir='ltr'><strong>nioribus</strong></span> <span class='ocrx_word' id='word_1_618' title='bbox 2313 2798 2484 2844; x_wconf 61' lang='lat' dir='ltr'><strong>terra».</strong></span> <span class='ocrx_word' id='word_1_619' title='bbox 2515 2790 2613 2847; x_wconf 79' lang='lat' dir='ltr'><strong>Vir</strong></span> <span class='ocrx_word' id='word_1_620' title='bbox 2635 2799 2835 2848; x_wconf 70' lang='lat' dir='ltr'><strong>sanctae</strong></span> <span class='ocrx_word' id='word_1_621' title='bbox 2864 2792 3142 2858; x_wconf 67' lang='lat' dir='ltr'><strong>Ecclesiae,</strong></span> <span class='ocrx_word' id='word_1_622' title='bbox 3170 2793 3255 2848; x_wconf 88' lang='lat' dir='ltr'><strong>vir</strong></span> <span class='ocrx_word' id='word_1_623' title='bbox 3279 2791 3546 2864; x_wconf 71' lang='lat' dir='ltr'><strong>citiusque</strong></span> <span class='ocrx_word' id='word_1_624' title='bbox 3569 2794 3642 2850; x_wconf 82' lang='lat' dir='ltr'><strong>fi-</strong></span> 
     </span>
    </p>
   </div>
   <div class='ocr_carea' id='block_1_84' title="bbox 2039 2879 3631 2957">
    <p class='ocr_par' dir='ltr' id='par_1_84' title="bbox 2039 2879 3631 2957">
     <span class='ocr_line' id='line_1_84' title="bbox 2039 2879 3631 2957; baseline 0.004 -22"><span class='ocrx_word' id='word_1_625' title='bbox 2039 2879 2176 2937; x_wconf 90' lang='lat' dir='ltr'><strong>delis</strong></span> <span class='ocrx_word' id='word_1_626' title='bbox 2198 2880 2393 2936; x_wconf 85' lang='lat' dir='ltr'><strong>animae</strong></span> <span class='ocrx_word' id='word_1_627' title='bbox 2410 2921 2427 2946; x_wconf 92' lang='lat'><strong>,</strong></span> <span class='ocrx_word' id='word_1_628' title='bbox 2466 2881 2728 2938; x_wconf 89' lang='lat' dir='ltr'><strong>Dominus</strong></span> <span class='ocrx_word' id='word_1_629' title='bbox 2755 2890 2871 2948; x_wconf 88' lang='lat' dir='ltr'><strong>est,</strong></span> <span class='ocrx_word' id='word_1_630' title='bbox 2918 2884 3013 2954; x_wconf 90' lang='lat' dir='ltr'><strong>qui</strong></span> <span class='ocrx_word' id='word_1_631' title='bbox 3040 2884 3328 2940; x_wconf 86' lang='lat' dir='ltr'><strong>videbatur</strong></span> <span class='ocrx_word' id='word_1_632' title='bbox 3357 2885 3631 2957; x_wconf 84' lang='lat' dir='ltr'><strong>ignobilis.</strong></span> 
     </span>
    </p>
   </div>
   <div class='ocr_carea' id='block_1_85' title="bbox 2037 2970 3631 3044">
    <p class='ocr_par' dir='ltr' id='par_1_85' title="bbox 2037 2970 3631 3044">
     <span class='ocr_line' id='line_1_85' title="bbox 2037 2970 3631 3044; baseline 0.003 -19"><span class='ocrx_word' id='word_1_633' title='bbox 2037 2986 2161 3026; x_wconf 88' lang='lat' dir='ltr'><strong>cum</strong></span> <span class='ocrx_word' id='word_1_634' title='bbox 2191 2979 2318 3026; x_wconf 82' lang='lat' dir='ltr'><strong>ante</strong></span> <span class='ocrx_word' id='word_1_635' title='bbox 2344 2970 2579 3026; x_wconf 89' lang='lat' dir='ltr'><strong>tribunal</strong></span> <span class='ocrx_word' id='word_1_636' title='bbox 2628 2972 2874 3042; x_wconf 62' lang='lat' dir='ltr'><strong>praesidis</strong></span> <span class='ocrx_word' id='word_1_637' title='bbox 2922 2980 3095 3029; x_wconf 82' lang='lat' dir='ltr'><strong>staret</strong></span> <span class='ocrx_word' id='word_1_638' title='bbox 3113 2973 3461 3044; x_wconf 72' lang='lat' dir='ltr'><strong>iudicandus,</strong></span> <span class='ocrx_word' id='word_1_639' title='bbox 3502 2990 3631 3030; x_wconf 81' lang='lat' dir='ltr'><strong>cum</strong></span> 
     </span>
    </p>
   </div>
   <div class='ocr_carea' id='block_1_86' title="bbox 2038 3061 3637 3135">
    <p class='ocr_par' dir='ltr' id='par_1_86' title="bbox 2038 3061 3637 3135">
     <span class='ocr_line' id='line_1_86' title="bbox 2038 3061 3637 3135; baseline 0.001 -16"><span class='ocrx_word' id='word_1_640' title='bbox 2038 3063 2255 3133; x_wconf 89' lang='lat' dir='ltr'><strong>probra,</strong></span> <span class='ocrx_word' id='word_1_641' title='bbox 2282 3061 2514 3135; x_wconf 82' lang='lat' dir='ltr'><strong>flagella,</strong></span> <span class='ocrx_word' id='word_1_642' title='bbox 2542 3073 2701 3133; x_wconf 85' lang='lat' dir='ltr'><strong>sputa</strong></span> <span class='ocrx_word' id='word_1_643' title='bbox 2726 3072 2783 3119; x_wconf 89' lang='lat' dir='ltr'><strong>et</strong></span> <span class='ocrx_word' id='word_1_644' title='bbox 2804 3063 2977 3135; x_wconf 89' lang='lat' dir='ltr'><strong>ipsam</strong></span> <span class='ocrx_word' id='word_1_645' title='bbox 3000 3065 3180 3121; x_wconf 88' lang='lat' dir='ltr'><strong>crucis</strong></span> <span class='ocrx_word' id='word_1_646' title='bbox 3208 3072 3443 3120; x_wconf 69' lang='lat' dir='ltr'><strong>mortem</strong></span> <span class='ocrx_word' id='word_1_647' title='bbox 3462 3067 3637 3122; x_wconf 79' lang='lat' dir='ltr'><strong>susci-</strong></span> 
     </span>
    </p>
   </div>
   <div class='ocr_carea' id='block_1_87' title="bbox 2038 3155 3635 3228">
    <p class='ocr_par' dir='ltr' id='par_1_87' title="bbox 2038 3155 3635 3228">
     <span class='ocr_line' id='line_1_87' title="bbox 2038 3155 3635 3228; baseline 0.003 -18"><span class='ocrx_word' id='word_1_648' title='bbox 2038 3162 2219 3223; x_wconf 83' lang='lat' dir='ltr'><strong>peret;</strong></span> <span class='ocrx_word' id='word_1_649' title='bbox 2243 3156 2337 3210; x_wconf 88' lang='lat' dir='ltr'><strong>sed</strong></span> <span class='ocrx_word' id='word_1_650' title='bbox 2366 3155 2562 3210; x_wconf 88' lang='lat' dir='ltr'><strong>nobilis</strong></span> <span class='ocrx_word' id='word_1_651' title='bbox 2590 3155 2872 3226; x_wconf 84' lang='lat' dir='ltr'><strong>apparebit</strong></span> <span class='ocrx_word' id='word_1_652' title='bbox 2898 3170 3024 3211; x_wconf 86' lang='lat' dir='ltr'><strong>cum</strong></span> <span class='ocrx_word' id='word_1_653' title='bbox 3052 3155 3258 3212; x_wconf 86' lang='lat' dir='ltr'><strong>venerit</strong></span> <span class='ocrx_word' id='word_1_654' title='bbox 3281 3156 3635 3228; x_wconf 70' lang='lat' dir='ltr'><strong>iudicaturus</strong></span> 
     </span>
    </p>
   </div>
   <div class='ocr_carea' id='block_1_88' title="bbox 2037 3246 3635 3320">
    <p class='ocr_par' dir='ltr' id='par_1_88' title="bbox 2037 3246 3635 3320">
     <span class='ocr_line' id='line_1_88' title="bbox 2037 3246 3635 3320; baseline 0.003 -19"><span class='ocrx_word' id='word_1_655' title='bbox 2037 3247 2223 3301; x_wconf 90' lang='lat' dir='ltr'><strong>orbem</strong></span> <span class='ocrx_word' id='word_1_656' title='bbox 2267 3247 2320 3300; x_wconf 90' lang='lat' dir='ltr'><strong>in</strong></span> <span class='ocrx_word' id='word_1_657' title='bbox 2369 3246 2622 3316; x_wconf 81' lang='lat' dir='ltr'><strong>:equitate</strong></span> <span class='ocrx_word' id='word_1_658' title='bbox 2665 3254 2721 3301; x_wconf 88' lang='lat' dir='ltr'><strong>et</strong></span> <span class='ocrx_word' id='word_1_659' title='bbox 2765 3261 2956 3303; x_wconf 85' lang='lat' dir='ltr'><strong>omnes</strong></span> <span class='ocrx_word' id='word_1_660' title='bbox 2997 3248 3175 3320; x_wconf 83' lang='lat' dir='ltr'><strong>angeli</strong></span> <span class='ocrx_word' id='word_1_661' title='bbox 3202 3264 3328 3305; x_wconf 85' lang='lat' dir='ltr'><strong>eum</strong></span> <span class='ocrx_word' id='word_1_662' title='bbox 3358 3264 3458 3315; x_wconf 87' lang='lat' dir='ltr'><strong>eo;</strong></span> <span class='ocrx_word' id='word_1_663' title='bbox 3500 3260 3635 3307; x_wconf 77' lang='lat' dir='ltr'><strong>tunc</strong></span> 
     </span>
    </p>
   </div>
   <div class='ocr_carea' id='block_1_89' title="bbox 2036 3336 3630 3413">
    <p class='ocr_par' dir='ltr' id='par_1_89' title="bbox 2036 3336 3630 3413">
     <span class='ocr_line' id='line_1_89' title="bbox 2036 3336 3630 3413; baseline 0.004 -23"><span class='ocrx_word' id='word_1_664' title='bbox 2036 3336 2251 3403; x_wconf 86' lang='lat' dir='ltr'><strong>sedebit,</strong></span> <span class='ocrx_word' id='word_1_665' title='bbox 2276 3336 2479 3408; x_wconf 90' lang='lat' dir='ltr'><strong>inquit,</strong></span> <span class='ocrx_word' id='word_1_666' title='bbox 2523 3337 2580 3391; x_wconf 75' lang='lat' dir='ltr'><strong>in</strong></span> <span class='ocrx_word' id='word_1_667' title='bbox 2619 3338 2741 3392; x_wconf 86' lang='lat' dir='ltr'><strong>sede</strong></span> <span class='ocrx_word' id='word_1_668' title='bbox 2765 3338 3056 3408; x_wconf 84' lang='lat' dir='ltr'><strong>majestatis</strong></span> <span class='ocrx_word' id='word_1_669' title='bbox 3085 3356 3221 3407; x_wconf 65' lang='lat' dir='ltr'><strong>suae,</strong></span> <span class='ocrx_word' id='word_1_670' title='bbox 3258 3349 3309 3395; x_wconf 88' lang='lat' dir='ltr'><strong>et</strong></span> <span class='ocrx_word' id='word_1_671' title='bbox 3330 3356 3630 3413; x_wconf 71' lang='lat' dir='ltr'><strong>congrega-</strong></span> 
     </span>
    </p>
   </div>
   <div class='ocr_carea' id='block_1_90' title="bbox 2036 3428 3632 3498">
    <p class='ocr_par' dir='ltr' id='par_1_90' title="bbox 2036 3428 3632 3498">
     <span class='ocr_line' id='line_1_90' title="bbox 2036 3428 3632 3498; baseline 0.001 -16"><span class='ocrx_word' id='word_1_672' title='bbox 2036 3428 2232 3482; x_wconf 89' lang='lat' dir='ltr'><strong>buntur</strong></span> <span class='ocrx_word' id='word_1_673' title='bbox 2255 3438 2376 3483; x_wconf 88' lang='lat' dir='ltr'><strong>ante</strong></span> <span class='ocrx_word' id='word_1_674' title='bbox 2417 3443 2538 3483; x_wconf 88' lang='lat' dir='ltr'><strong>eum</strong></span> <span class='ocrx_word' id='word_1_675' title='bbox 2578 3437 2775 3498; x_wconf 82' lang='lat' dir='ltr'><strong>gentes,</strong></span> <span class='ocrx_word' id='word_1_676' title='bbox 2815 3437 2864 3483; x_wconf 85' lang='lat' dir='ltr'><strong>et</strong></span> <span class='ocrx_word' id='word_1_677' title='bbox 2885 3428 3147 3498; x_wconf 80' lang='lat' dir='ltr'><strong>separabit</strong></span> <span class='ocrx_word' id='word_1_678' title='bbox 3178 3428 3245 3483; x_wconf 88' lang='lat' dir='ltr'><strong>ab</strong></span> <span class='ocrx_word' id='word_1_679' title='bbox 3285 3429 3541 3493; x_wconf 67' lang='lat' dir='ltr'><strong>inuicem,</strong></span> <span class='ocrx_word' id='word_1_680' title='bbox 3568 3439 3632 3485; x_wconf 86' lang='lat' dir='ltr'><strong>et</strong></span> 
     </span>
    </p>
   </div>
   <div class='ocr_carea' id='block_1_91' title="bbox 2037 3516 3634 3589">
    <p class='ocr_par' dir='ltr' id='par_1_91' title="bbox 2037 3516 3634 3589">
     <span class='ocr_line' id='line_1_91' title="bbox 2037 3516 3634 3589; baseline 0.003 -18"><span class='ocrx_word' id='word_1_681' title='bbox 2037 3516 2260 3587; x_wconf 89' lang='lat' dir='ltr'><strong>reliqua.</strong></span> <span class='ocrx_word' id='word_1_682' title='bbox 2295 3516 2525 3582; x_wconf 86' lang='lat' dir='ltr'><strong>Nobilis,</strong></span> <span class='ocrx_word' id='word_1_683' title='bbox 2555 3517 2750 3588; x_wconf 89' lang='lat' dir='ltr'><strong>inquit,</strong></span> <span class='ocrx_word' id='word_1_684' title='bbox 2776 3516 2834 3571; x_wconf 86' lang='lat' dir='ltr'><strong>in</strong></span> <span class='ocrx_word' id='word_1_685' title='bbox 2856 3525 3007 3587; x_wconf 89' lang='lat' dir='ltr'><strong>porta</strong></span> <span class='ocrx_word' id='word_1_686' title='bbox 3030 3517 3115 3573; x_wconf 80' lang='lat' dir='ltr'><strong>uir</strong></span> <span class='ocrx_word' id='word_1_687' title='bbox 3129 3517 3244 3587; x_wconf 84' lang='lat' dir='ltr'><strong>ejus</strong></span> <span class='ocrx_word' id='word_1_688' title='bbox 3262 3557 3279 3583; x_wconf 96' lang='lat'><strong>,</strong></span> <span class='ocrx_word' id='word_1_689' title='bbox 3319 3517 3449 3589; x_wconf 84' lang='lat' dir='ltr'><strong>quia</strong></span> <span class='ocrx_word' id='word_1_690' title='bbox 3474 3528 3634 3576; x_wconf 82' lang='lat' dir='ltr'><strong>vete-</strong></span> 
     </span>
    </p>
   </div>
   <div class='ocr_carea' id='block_1_92' title="bbox 2036 3608 3633 3681">
    <p class='ocr_par' dir='ltr' id='par_1_92' title="bbox 2036 3608 3633 3681">
     <span class='ocr_line' id='line_1_92' title="bbox 2036 3608 3633 3681; baseline 0.001 -18"><span class='ocrx_word' id='word_1_691' title='bbox 2036 3608 2202 3664; x_wconf 85' lang='lat' dir='ltr'><strong>resin</strong></span> <span class='ocrx_word' id='word_1_692' title='bbox 2234 3609 2406 3681; x_wconf 87' lang='lat' dir='ltr'><strong>portis</strong></span> <span class='ocrx_word' id='word_1_693' title='bbox 2438 3608 2630 3664; x_wconf 88' lang='lat' dir='ltr'><strong>sedere</strong></span> <span class='ocrx_word' id='word_1_694' title='bbox 2659 3609 2727 3664; x_wconf 89' lang='lat' dir='ltr'><strong>ad</strong></span> <span class='ocrx_word' id='word_1_695' title='bbox 2750 3608 3101 3680; x_wconf 76' lang='lat' dir='ltr'><strong>iudicandum</strong></span> <span class='ocrx_word' id='word_1_696' title='bbox 3130 3609 3400 3677; x_wconf 84' lang='lat' dir='ltr'><strong>solebant,</strong></span> <span class='ocrx_word' id='word_1_697' title='bbox 3431 3620 3495 3665; x_wconf 89' lang='lat' dir='ltr'><strong>ut</strong></span> <span class='ocrx_word' id='word_1_698' title='bbox 3534 3625 3633 3666; x_wconf 81' lang='lat' dir='ltr'><strong>ve-</strong></span> 
     </span>
    </p>
   </div>
   <div class='ocr_carea' id='block_1_93' title="bbox 2034 3700 3633 3773">
    <p class='ocr_par' dir='ltr' id='par_1_93' title="bbox 2034 3700 3633 3773">
     <span class='ocr_line' id='line_1_93' title="bbox 2034 3700 3633 3773; baseline 0.004 -18"><span class='ocrx_word' id='word_1_699' title='bbox 2034 3702 2243 3756; x_wconf 85' lang='lat' dir='ltr'><strong>nientes</strong></span> <span class='ocrx_word' id='word_1_700' title='bbox 2268 3701 2338 3756; x_wconf 88' lang='lat' dir='ltr'><strong>ad</strong></span> <span class='ocrx_word' id='word_1_701' title='bbox 2378 3701 2657 3758; x_wconf 85' lang='lat' dir='ltr'><strong>civitatem</strong></span> <span class='ocrx_word' id='word_1_702' title='bbox 2688 3700 2907 3758; x_wconf 89' lang='lat' dir='ltr'><strong>aliunde</strong></span> <span class='ocrx_word' id='word_1_703' title='bbox 2953 3709 3201 3773; x_wconf 75' lang='lat' dir='ltr'><strong>paratum</strong></span> <span class='ocrx_word' id='word_1_704' title='bbox 3238 3703 3501 3760; x_wconf 78' lang='lat' dir='ltr'><strong>continuo</strong></span> <span class='ocrx_word' id='word_1_705' title='bbox 3537 3718 3633 3761; x_wconf 76' lang='lat' dir='ltr'><strong>ne-</strong></span> 
     </span>
    </p>
   </div>
   <div class='ocr_carea' id='block_1_94' title="bbox 2033 3792 3629 3864">
    <p class='ocr_par' dir='ltr' id='par_1_94' title="bbox 2033 3792 3629 3864">
     <span class='ocr_line' id='line_1_94' title="bbox 2033 3792 3629 3864; baseline 0.003 -16"><span class='ocrx_word' id='word_1_706' title='bbox 2033 3808 2290 3862; x_wconf 85' lang='lat' dir='ltr'><strong>sponsum</strong></span> <span class='ocrx_word' id='word_1_707' title='bbox 2318 3792 2616 3862; x_wconf 86' lang='lat' dir='ltr'><strong>jndicantis</strong></span> <span class='ocrx_word' id='word_1_708' title='bbox 2667 3793 3007 3864; x_wconf 84' lang='lat' dir='ltr'><strong>acciperent,</strong></span> <span class='ocrx_word' id='word_1_709' title='bbox 3034 3802 3092 3848; x_wconf 90' lang='lat' dir='ltr'><strong>et</strong></span> <span class='ocrx_word' id='word_1_710' title='bbox 3131 3809 3232 3850; x_wconf 84' lang='lat' dir='ltr'><strong>nec</strong></span> <span class='ocrx_word' id='word_1_711' title='bbox 3272 3795 3509 3850; x_wconf 81' lang='lat' dir='ltr'><strong>rusticos</strong></span> <span class='ocrx_word' id='word_1_712' title='bbox 3532 3796 3629 3853; x_wconf 87' lang='lat' dir='ltr'><strong>vel</strong></span> 
     </span>
    </p>
   </div>
   <div class='ocr_carea' id='block_1_95' title="bbox 2032 3885 3631 3959">
    <p class='ocr_par' dir='ltr' id='par_1_95' title="bbox 2032 3885 3631 3959">
     <span class='ocr_line' id='line_1_95' title="bbox 2032 3885 3631 3959; baseline 0.004 -19"><span class='ocrx_word' id='word_1_713' title='bbox 2032 3896 2279 3956; x_wconf 87' lang='lat' dir='ltr'><strong>pastores</strong></span> <span class='ocrx_word' id='word_1_714' title='bbox 2308 3885 2519 3941; x_wconf 86' lang='lat' dir='ltr'><strong>insolita</strong></span> <span class='ocrx_word' id='word_1_715' title='bbox 2567 3886 2718 3942; x_wconf 87' lang='lat' dir='ltr'><strong>urbis</strong></span> <span class='ocrx_word' id='word_1_716' title='bbox 2756 3886 2984 3941; x_wconf 63' lang='lat' dir='ltr'><strong>adificia</strong></span> <span class='ocrx_word' id='word_1_717' title='bbox 3030 3886 3463 3959; x_wconf 79' lang='lat' dir='ltr'><strong>stupefacerent,</strong></span> <span class='ocrx_word' id='word_1_718' title='bbox 3520 3906 3631 3947; x_wconf 83' lang='lat' dir='ltr'><strong>nec</strong></span> 
     </span>
    </p>
   </div>
   <div class='ocr_carea' id='block_1_96' title="bbox 2033 3976 3629 4049">
    <p class='ocr_par' dir='ltr' id='par_1_96' title="bbox 2033 3976 3629 4049">
     <span class='ocr_line' id='line_1_96' title="bbox 2033 3976 3629 4049; baseline 0.003 -19"><span class='ocrx_word' id='word_1_719' title='bbox 2033 3993 2248 4033; x_wconf 87' lang='lat' dir='ltr'><strong>rursum</strong></span> <span class='ocrx_word' id='word_1_720' title='bbox 2293 3993 2480 4049; x_wconf 88' lang='lat' dir='ltr'><strong>pacem</strong></span> <span class='ocrx_word' id='word_1_721' title='bbox 2525 3977 2677 4033; x_wconf 86' lang='lat' dir='ltr'><strong>urbis</strong></span> <span class='ocrx_word' id='word_1_722' title='bbox 2720 3976 3069 4034; x_wconf 82' lang='lat' dir='ltr'><strong>intrinsecam</strong></span> <span class='ocrx_word' id='word_1_723' title='bbox 3113 3978 3371 4048; x_wconf 80' lang='lat' dir='ltr'><strong>frequens</strong></span> <span class='ocrx_word' id='word_1_724' title='bbox 3402 3979 3629 4048; x_wconf 81' lang='lat' dir='ltr'><strong>litigan-</strong></span> 
     </span>
    </p>
   </div>
   <div class='ocr_carea' id='block_1_97' title="bbox 2031 4067 3627 4141">
    <p class='ocr_par' dir='ltr' id='par_1_97' title="bbox 2031 4067 3627 4141">
     <span class='ocr_line' id='line_1_97' title="bbox 2031 4067 3627 4141; baseline 0.003 -18"><span class='ocrx_word' id='word_1_725' title='bbox 2031 4071 2166 4124; x_wconf 89' lang='lat' dir='ltr'><strong>tium</strong></span> <span class='ocrx_word' id='word_1_726' title='bbox 2187 4068 2557 4125; x_wconf 83' lang='lat' dir='ltr'><strong>controversia</strong></span> <span class='ocrx_word' id='word_1_727' title='bbox 2582 4067 2831 4125; x_wconf 74' lang='lat' dir='ltr'><strong>fmdaret.</strong></span> <span class='ocrx_word' id='word_1_728' title='bbox 2857 4067 3062 4125; x_wconf 81' lang='lat' dir='ltr'><strong>Nobilis</strong></span> <span class='ocrx_word' id='word_1_729' title='bbox 3078 4083 3213 4141; x_wconf 83' lang='lat' dir='ltr'><strong>ergo</strong></span> <span class='ocrx_word' id='word_1_730' title='bbox 3226 4072 3330 4125; x_wconf 78' lang='lat' dir='ltr'><strong>erit</strong></span> <span class='ocrx_word' id='word_1_731' title='bbox 3354 4070 3627 4127; x_wconf 83' lang='lat' dir='ltr'><strong>Dominus</strong></span> 
     </span>
    </p>
   </div>
   <div class='ocr_carea' id='block_1_98' title="bbox 2031 4158 3628 4231">
    <p class='ocr_par' dir='ltr' id='par_1_98' title="bbox 2031 4158 3628 4231">
     <span class='ocr_line' id='line_1_98' title="bbox 2031 4158 3628 4231; baseline 0.002 -17"><span class='ocrx_word' id='word_1_732' title='bbox 2031 4161 2084 4215; x_wconf 89' lang='lat' dir='ltr'><strong>in</strong></span> <span class='ocrx_word' id='word_1_733' title='bbox 2113 4159 2288 4231; x_wconf 88' lang='lat' dir='ltr'><strong>portis</strong></span> <span class='ocrx_word' id='word_1_734' title='bbox 2313 4175 2425 4214; x_wconf 66' lang='lat' dir='ltr'><strong>sua:</strong></span> <span class='ocrx_word' id='word_1_735' title='bbox 2451 4158 2711 4223; x_wconf 85' lang='lat' dir='ltr'><strong>civitatis,</strong></span> <span class='ocrx_word' id='word_1_736' title='bbox 2735 4158 2863 4228; x_wconf 87' lang='lat' dir='ltr'><strong>quia</strong></span> <span class='ocrx_word' id='word_1_737' title='bbox 2888 4159 2981 4228; x_wconf 86' lang='lat' dir='ltr'><strong>qui</strong></span> <span class='ocrx_word' id='word_1_738' title='bbox 3009 4159 3175 4214; x_wconf 84' lang='lat' dir='ltr'><strong>etiam</strong></span> <span class='ocrx_word' id='word_1_739' title='bbox 3205 4174 3349 4215; x_wconf 78' lang='lat' dir='ltr'><strong>nunc</strong></span> <span class='ocrx_word' id='word_1_740' title='bbox 3372 4169 3628 4216; x_wconf 69' lang='lat' dir='ltr'><strong>content-</strong></span> 
     </span>
    </p>
   </div>
   <div class='ocr_carea' id='block_1_99' title="bbox 2030 4250 3625 4324">
    <p class='ocr_par' dir='ltr' id='par_1_99' title="bbox 2030 4250 3625 4324">
     <span class='ocr_line' id='line_1_99' title="bbox 2030 4250 3625 4324; baseline 0.001 -18"><span class='ocrx_word' id='word_1_741' title='bbox 2030 4252 2238 4308; x_wconf 87' lang='lat' dir='ltr'><strong>nendus</strong></span> <span class='ocrx_word' id='word_1_742' title='bbox 2277 4259 2496 4324; x_wconf 85' lang='lat' dir='ltr'><strong>putatur</strong></span> <span class='ocrx_word' id='word_1_743' title='bbox 2525 4265 2556 4304; x_wconf 92' lang='lat' dir='ltr'><strong>a</strong></span> <span class='ocrx_word' id='word_1_744' title='bbox 2601 4250 2787 4306; x_wconf 87' lang='lat' dir='ltr'><strong>multis</strong></span> <span class='ocrx_word' id='word_1_745' title='bbox 2809 4290 2824 4315; x_wconf 93' lang='lat'><strong>,</strong></span> <span class='ocrx_word' id='word_1_746' title='bbox 2852 4250 2942 4306; x_wconf 74' lang='lat' dir='ltr'><strong>ubi</strong></span> <span class='ocrx_word' id='word_1_747' title='bbox 2969 4250 3153 4306; x_wconf 74' lang='lat' dir='ltr'><strong>siccati</strong></span> <span class='ocrx_word' id='word_1_748' title='bbox 3189 4251 3314 4307; x_wconf 81' lang='lat' dir='ltr'><strong>linis</strong></span> <span class='ocrx_word' id='word_1_749' title='bbox 3354 4251 3625 4317; x_wconf 82' lang='lat' dir='ltr'><strong>adfuerit.</strong></span> 
     </span>
    </p>
   </div>
   <div class='ocr_carea' id='block_1_100' title="bbox 2029 4341 3624 4414">
    <p class='ocr_par' dir='ltr' id='par_1_100' title="bbox 2029 4341 3624 4414">
     <span class='ocr_line' id='line_1_100' title="bbox 2029 4341 3624 4414; baseline 0.002 -17"><span class='ocrx_word' id='word_1_750' title='bbox 2029 4342 2118 4398; x_wconf 88' lang='lat' dir='ltr'><strong>ubi</strong></span> <span class='ocrx_word' id='word_1_751' title='bbox 2154 4343 2457 4414; x_wconf 85' lang='lat' dir='ltr'><strong>ingressum</strong></span> <span class='ocrx_word' id='word_1_752' title='bbox 2487 4342 2675 4412; x_wconf 61' lang='lat' dir='ltr'><strong>patria!</strong></span> <span class='ocrx_word' id='word_1_753' title='bbox 2698 4341 2937 4398; x_wconf 62' lang='lat' dir='ltr'><strong>caelestis</strong></span> <span class='ocrx_word' id='word_1_754' title='bbox 2958 4342 3233 4412; x_wconf 82' lang='lat' dir='ltr'><strong>aperuerit</strong></span> <span class='ocrx_word' id='word_1_755' title='bbox 3251 4341 3445 4399; x_wconf 84' lang='lat' dir='ltr'><strong>electis</strong></span> <span class='ocrx_word' id='word_1_756' title='bbox 3461 4382 3477 4409; x_wconf 92' lang='lat'><strong>,</strong></span> <span class='ocrx_word' id='word_1_757' title='bbox 3498 4342 3624 4413; x_wconf 72' lang='lat' dir='ltr'><strong>jam</strong></span> 
     </span>
    </p>
   </div>
   <div class='ocr_carea' id='block_1_101' title="bbox 2028 4430 3622 4507">
    <p class='ocr_par' dir='ltr' id='par_1_101' title="bbox 2028 4430 3622 4507">
     <span class='ocr_line' id='line_1_101' title="bbox 2028 4430 3622 4507; baseline 0.001 -19"><span class='ocrx_word' id='word_1_758' title='bbox 2028 4434 2240 4490; x_wconf 90' lang='lat' dir='ltr'><strong>cunctis</strong></span> <span class='ocrx_word' id='word_1_759' title='bbox 2265 4433 2472 4507; x_wconf 85' lang='lat' dir='ltr'><strong>patebit</strong></span> <span class='ocrx_word' id='word_1_760' title='bbox 2493 4431 2755 4488; x_wconf 85' lang='lat' dir='ltr'><strong>sublimis.</strong></span> <span class='ocrx_word' id='word_1_761' title='bbox 2781 4430 3004 4488; x_wconf 81' lang='lat' dir='ltr'><strong>Sedebit</strong></span> <span class='ocrx_word' id='word_1_762' title='bbox 3031 4439 3214 4487; x_wconf 80' lang='lat' dir='ltr'><strong>autem</strong></span> <span class='ocrx_word' id='word_1_763' title='bbox 3247 4446 3371 4488; x_wconf 73' lang='lat' dir='ltr'><strong>ctua</strong></span> <span class='ocrx_word' id='word_1_764' title='bbox 3394 4442 3622 4490; x_wconf 77' lang='lat' dir='ltr'><strong>senato-</strong></span> 
     </span>
    </p>
   </div>
   <div class='ocr_carea' id='block_1_102' title="bbox 2032 4521 3627 4594">
    <p class='ocr_par' dir='ltr' id='par_1_102' title="bbox 2032 4521 3627 4594">
     <span class='ocr_line' id='line_1_102' title="bbox 2032 4521 3627 4594; baseline -0.001 -13"><span class='ocrx_word' id='word_1_765' title='bbox 2032 4526 2181 4582; x_wconf 84' lang='lat' dir='ltr'><strong>ribus</strong></span> <span class='ocrx_word' id='word_1_766' title='bbox 2213 4532 2406 4591; x_wconf 76' lang='lat' dir='ltr'><strong>tcrrte,</strong></span> <span class='ocrx_word' id='word_1_767' title='bbox 2444 4523 2556 4579; x_wconf 80' lang='lat' dir='ltr'><strong>illis</strong></span> <span class='ocrx_word' id='word_1_768' title='bbox 2590 4522 2837 4580; x_wconf 82' lang='lat' dir='ltr'><strong>videlicet</strong></span> <span class='ocrx_word' id='word_1_769' title='bbox 2863 4522 3056 4593; x_wconf 83' lang='lat' dir='ltr'><strong>quibus</strong></span> <span class='ocrx_word' id='word_1_770' title='bbox 3086 4521 3201 4593; x_wconf 80' lang='lat' dir='ltr'><strong>ipse</strong></span> <span class='ocrx_word' id='word_1_771' title='bbox 3224 4522 3501 4594; x_wconf 73' lang='lat' dir='ltr'><strong>promittit</strong></span> <span class='ocrx_word' id='word_1_772' title='bbox 3530 4523 3627 4580; x_wconf 65' lang='lat' dir='ltr'><strong>di-</strong></span> 
     </span>
    </p>
   </div>
   <div class='ocr_carea' id='block_1_103' title="bbox 2030 4612 3627 4685">
    <p class='ocr_par' dir='ltr' id='par_1_103' title="bbox 2030 4612 3627 4685">
     <span class='ocr_line' id='line_1_103' title="bbox 2030 4612 3627 4685; baseline -0.001 -13"><span class='ocrx_word' id='word_1_773' title='bbox 2030 4629 2203 4672; x_wconf 86' lang='lat' dir='ltr'><strong>cens:</strong></span> <span class='ocrx_word' id='word_1_774' title='bbox 2240 4614 2405 4669; x_wconf 73' lang='lat' dir='ltr'><strong>Amen</strong></span> <span class='ocrx_word' id='word_1_775' title='bbox 2427 4614 2545 4669; x_wconf 86' lang='lat' dir='ltr'><strong>dico</strong></span> <span class='ocrx_word' id='word_1_776' title='bbox 2571 4612 2710 4668; x_wconf 76' lang='lat' dir='ltr'><strong>vobis</strong></span> <span class='ocrx_word' id='word_1_777' title='bbox 2746 4616 2887 4685; x_wconf 84' lang='lat' dir='ltr'><strong>quod</strong></span> <span class='ocrx_word' id='word_1_778' title='bbox 2915 4629 3005 4668; x_wconf 78' lang='lat' dir='ltr'><strong>vos</strong></span> <span class='ocrx_word' id='word_1_779' title='bbox 3031 4613 3122 4685; x_wconf 79' lang='lat' dir='ltr'><strong>qui</strong></span> <span class='ocrx_word' id='word_1_780' title='bbox 3159 4612 3327 4668; x_wconf 77' lang='lat' dir='ltr'><strong>secuti</strong></span> <span class='ocrx_word' id='word_1_781' title='bbox 3364 4614 3492 4669; x_wconf 85' lang='lat' dir='ltr'><strong>estis</strong></span> <span class='ocrx_word' id='word_1_782' title='bbox 3532 4631 3627 4670; x_wconf 76' lang='lat' dir='ltr'><strong>tne</strong></span> 
     </span>
    </p>
   </div>
   <div class='ocr_carea' id='block_1_104' title="bbox 2029 4702 3625 4779">
    <p class='ocr_par' dir='ltr' id='par_1_104' title="bbox 2029 4702 3625 4779">
     <span class='ocr_line' id='line_1_104' title="bbox 2029 4702 3625 4779; baseline 0 -17"><span class='ocrx_word' id='word_1_783' title='bbox 2029 4709 2084 4763; x_wconf 74' lang='lat' dir='ltr'><strong>in</strong></span> <span class='ocrx_word' id='word_1_784' title='bbox 2115 4708 2533 4779; x_wconf 78' lang='lat' dir='ltr'><strong>regeneratione.</strong></span> <span class='ocrx_word' id='word_1_785' title='bbox 2561 4721 2681 4760; x_wconf 85' lang='lat' dir='ltr'><strong>cum</strong></span> <span class='ocrx_word' id='word_1_786' title='bbox 2722 4705 2915 4760; x_wconf 83' lang='lat' dir='ltr'><strong>sederit</strong></span> <span class='ocrx_word' id='word_1_787' title='bbox 2952 4703 3102 4776; x_wconf 72' lang='lat' dir='ltr'><strong>(ilius</strong></span> <span class='ocrx_word' id='word_1_788' title='bbox 3128 4702 3354 4769; x_wconf 72' lang='lat' dir='ltr'><strong>hominis</strong></span> <span class='ocrx_word' id='word_1_789' title='bbox 3397 4707 3457 4762; x_wconf 71' lang='lat' dir='ltr'><strong>in</strong></span> <span class='ocrx_word' id='word_1_790' title='bbox 3492 4707 3625 4762; x_wconf 70' lang='lat' dir='ltr'><strong>aeds</strong></span> 
     </span>
    </p>
   </div>
   <div class='ocr_carea' id='block_1_105' title="bbox 2030 4795 3621 4868">
    <p class='ocr_par' dir='ltr' id='par_1_105' title="bbox 2030 4795 3621 4868">
     <span class='ocr_line' id='line_1_105' title="bbox 2030 4795 3621 4868; baseline 0.001 -18"><span class='ocrx_word' id='word_1_791' title='bbox 2030 4797 2324 4868; x_wconf 81' lang='lat' dir='ltr'><strong>majestatis</strong></span> <span class='ocrx_word' id='word_1_792' title='bbox 2346 4812 2480 4863; x_wconf 71' lang='lat' dir='ltr'><strong>suae,</strong></span> <span class='ocrx_word' id='word_1_793' title='bbox 2507 4795 2749 4850; x_wconf 87' lang='lat' dir='ltr'><strong>sedebitis</strong></span> <span class='ocrx_word' id='word_1_794' title='bbox 2770 4804 2822 4850; x_wconf 83' lang='lat' dir='ltr'><strong>et</strong></span> <span class='ocrx_word' id='word_1_795' title='bbox 2846 4811 2932 4850; x_wconf 77' lang='lat' dir='ltr'><strong>vos</strong></span> <span class='ocrx_word' id='word_1_796' title='bbox 2961 4810 3120 4865; x_wconf 80' lang='lat' dir='ltr'><strong>super</strong></span> <span class='ocrx_word' id='word_1_797' title='bbox 3138 4795 3286 4851; x_wconf 67' lang='lat' dir='ltr'><strong>sedes</strong></span> <span class='ocrx_word' id='word_1_798' title='bbox 3307 4795 3621 4863; x_wconf 61' lang='lat' dir='ltr'><strong>duodecies,</strong></span> 
     </span>
    </p>
   </div>
   <div class='ocr_carea' id='block_1_106' title="bbox 2018 4883 3404 4961">
    <p class='ocr_par' dir='ltr' id='par_1_106' title="bbox 2018 4883 3404 4961">
     <span class='ocr_line' id='line_1_106' title="bbox 2018 4883 3404 4961; baseline -0.002 -17"><span class='ocrx_word' id='word_1_799' title='bbox 2018 4888 2322 4961; x_wconf 85' lang='lat' dir='ltr'><strong>judicantes</strong></span> <span class='ocrx_word' id='word_1_800' title='bbox 2346 4886 2623 4942; x_wconf 83' lang='lat' dir='ltr'><strong>duodecim</strong></span> <span class='ocrx_word' id='word_1_801' title='bbox 2646 4885 2814 4941; x_wconf 84' lang='lat' dir='ltr'><strong>tribus</strong></span> <span class='ocrx_word' id='word_1_802' title='bbox 2835 4884 3007 4941; x_wconf 82' lang='lat' dir='ltr'><strong>Israel</strong></span> <span class='ocrx_word' id='word_1_803' title='bbox 3029 4883 3244 4957; x_wconf 72' lang='lat' dir='ltr'><strong>(Matth.</strong></span> <span class='ocrx_word' id='word_1_804' title='bbox 3269 4884 3404 4957; x_wconf 73' lang='lat' dir='ltr'><strong>xu).</strong></span> 
     </span>
    </p>
   </div>
   <div class='ocr_carea' id='block_1_107' title="bbox 2095 4976 3618 5048">
    <p class='ocr_par' dir='ltr' id='par_1_107' title="bbox 2095 4976 3618 5048">
     <span class='ocr_line' id='line_1_107' title="bbox 2095 4976 3618 5048; baseline -0.001 -14"><span class='ocrx_word' id='word_1_805' title='bbox 2095 4978 2381 5035; x_wconf 86' lang='lat' dir='ltr'><strong>Sindonem</strong></span> <span class='ocrx_word' id='word_1_806' title='bbox 2423 4977 2567 5048; x_wconf 78' lang='lat' dir='ltr'><strong>fecit,</strong></span> <span class='ocrx_word' id='word_1_807' title='bbox 2594 4986 2642 5032; x_wconf 86' lang='lat' dir='ltr'><strong>et</strong></span> <span class='ocrx_word' id='word_1_808' title='bbox 2672 4976 2932 5044; x_wconf 75' lang='lat' dir='ltr'><strong>vendidit,</strong></span> <span class='ocrx_word' id='word_1_809' title='bbox 2971 4985 3021 5031; x_wconf 87' lang='lat' dir='ltr'><strong>et</strong></span> <span class='ocrx_word' id='word_1_810' title='bbox 3065 4976 3333 5048; x_wconf 66' lang='lat' dir='ltr'><strong>cingulum</strong></span> <span class='ocrx_word' id='word_1_811' title='bbox 3388 4977 3618 5033; x_wconf 72' lang='lat' dir='ltr'><strong>tradidit</strong></span> 
     </span>
    </p>
   </div>
   <div class='ocr_carea' id='block_1_108' title="bbox 2023 5068 3617 5143">
    <p class='ocr_par' dir='ltr' id='par_1_108' title="bbox 2023 5068 3617 5143">
     <span class='ocr_line' id='line_1_108' title="bbox 2023 5068 3617 5143; baseline 0.001 -16"><span class='ocrx_word' id='word_1_812' title='bbox 2023 5072 2347 5128; x_wconf 66' lang='lat' dir='ltr'><strong>Chanana&#39;o.</strong></span> <span class='ocrx_word' id='word_1_813' title='bbox 2372 5069 2431 5126; x_wconf 89' lang='lat' dir='ltr'><strong>lu</strong></span> <span class='ocrx_word' id='word_1_814' title='bbox 2459 5068 2628 5126; x_wconf 89' lang='lat' dir='ltr'><strong>linteo</strong></span> <span class='ocrx_word' id='word_1_815' title='bbox 2656 5069 2907 5126; x_wconf 84' lang='lat' dir='ltr'><strong>sindonis</strong></span> <span class='ocrx_word' id='word_1_816' title='bbox 2927 5069 3142 5127; x_wconf 83' lang='lat' dir='ltr'><strong>subtilis</strong></span> <span class='ocrx_word' id='word_1_817' title='bbox 3174 5068 3385 5126; x_wconf 64' lang='lat' dir='ltr'><strong>intexit)</strong></span> <span class='ocrx_word' id='word_1_818' title='bbox 3422 5071 3617 5143; x_wconf 69' lang='lat' dir='ltr'><strong>sigla-</strong></span> 
     </span>
    </p>
   </div>
   <div class='ocr_carea' id='block_1_109' title="bbox 2025 5161 3613 5235">
    <p class='ocr_par' dir='ltr' id='par_1_109' title="bbox 2025 5161 3613 5235">
     <span class='ocr_line' id='line_1_109' title="bbox 2025 5161 3613 5235; baseline -0.001 -17"><span class='ocrx_word' id='word_1_819' title='bbox 2025 5172 2113 5220; x_wconf 90' lang='lat' dir='ltr'><strong>tur</strong></span> <span class='ocrx_word' id='word_1_820' title='bbox 2135 5171 2341 5219; x_wconf 68' lang='lat' dir='ltr'><strong>sancta:</strong></span> <span class='ocrx_word' id='word_1_821' title='bbox 2368 5162 2794 5232; x_wconf 69' lang='lat' dir='ltr'><strong>praedicationis,</strong></span> <span class='ocrx_word' id='word_1_822' title='bbox 2830 5162 2887 5218; x_wconf 90' lang='lat' dir='ltr'><strong>in</strong></span> <span class='ocrx_word' id='word_1_823' title='bbox 2916 5178 3026 5235; x_wconf 86' lang='lat' dir='ltr'><strong>qua</strong></span> <span class='ocrx_word' id='word_1_824' title='bbox 3055 5161 3294 5219; x_wconf 82' lang='lat' dir='ltr'><strong>molliter</strong></span> <span class='ocrx_word' id='word_1_825' title='bbox 3319 5162 3562 5234; x_wconf 65' lang='lat' dir='ltr'><strong>quiescit</strong></span> <span class='ocrx_word' id='word_1_826' title='bbox 3594 5203 3613 5229; x_wconf 91' lang='lat'><strong>,</strong></span> 
     </span>
    </p>
   </div>
   <div class='ocr_carea' id='block_1_110' title="bbox 2022 5253 3611 5329">
    <p class='ocr_par' dir='ltr' id='par_1_110' title="bbox 2022 5253 3611 5329">
     <span class='ocr_line' id='line_1_110' title="bbox 2022 5253 3611 5329; baseline -0.003 -16"><span class='ocrx_word' id='word_1_827' title='bbox 2022 5258 2151 5329; x_wconf 87' lang='lat' dir='ltr'><strong>quia</strong></span> <span class='ocrx_word' id='word_1_828' title='bbox 2177 5270 2332 5313; x_wconf 86' lang='lat' dir='ltr'><strong>mens</strong></span> <span class='ocrx_word' id='word_1_829' title='bbox 2363 5255 2421 5312; x_wconf 89' lang='lat' dir='ltr'><strong>in</strong></span> <span class='ocrx_word' id='word_1_830' title='bbox 2448 5255 2540 5311; x_wconf 89' lang='lat' dir='ltr'><strong>illa</strong></span> <span class='ocrx_word' id='word_1_831' title='bbox 2571 5254 2811 5312; x_wconf 77' lang='lat' dir='ltr'><strong>fidelium</strong></span> <span class='ocrx_word' id='word_1_832' title='bbox 2838 5269 2934 5326; x_wconf 80' lang='lat' dir='ltr'><strong>spe</strong></span> <span class='ocrx_word' id='word_1_833' title='bbox 2951 5255 3285 5326; x_wconf 79' lang='lat' dir='ltr'><strong>sempiterna</strong></span> <span class='ocrx_word' id='word_1_834' title='bbox 3310 5253 3611 5322; x_wconf 71' lang='lat' dir='ltr'><strong>relevetur;</strong></span> 
     </span>
    </p>
   </div>
   <div class='ocr_carea' id='block_1_111' title="bbox 2023 5345 3614 5417">
    <p class='ocr_par' dir='ltr' id='par_1_111' title="bbox 2023 5345 3614 5417">
     <span class='ocr_line' id='line_1_111' title="bbox 2023 5345 3614 5417; baseline -0.002 -13"><span class='ocrx_word' id='word_1_835' title='bbox 2023 5349 2167 5404; x_wconf 88' lang='lat' dir='ltr'><strong>unde</strong></span> <span class='ocrx_word' id='word_1_836' title='bbox 2196 5356 2252 5403; x_wconf 91' lang='lat' dir='ltr'><strong>et</strong></span> <span class='ocrx_word' id='word_1_837' title='bbox 2285 5346 2448 5417; x_wconf 80' lang='lat' dir='ltr'><strong>Petrq</strong></span> <span class='ocrx_word' id='word_1_838' title='bbox 2493 5346 2749 5405; x_wconf 81' lang='lat' dir='ltr'><strong>animalia</strong></span> <span class='ocrx_word' id='word_1_839' title='bbox 2794 5346 2851 5402; x_wconf 91' lang='lat' dir='ltr'><strong>in</strong></span> <span class='ocrx_word' id='word_1_840' title='bbox 2898 5345 3066 5403; x_wconf 85' lang='lat' dir='ltr'><strong>linteo</strong></span> <span class='ocrx_word' id='word_1_841' title='bbox 3109 5346 3562 5402; x_wconf 78' lang='lat' dir='ltr'><strong>demonstrantur</strong></span> <span class='ocrx_word' id='word_1_842' title='bbox 3594 5386 3614 5413; x_wconf 95' lang='lat'><strong>,</strong></span> 
     </span>
    </p>
   </div>
   <div class='ocr_carea' id='block_1_112' title="bbox 2021 5438 3615 5510">
    <p class='ocr_par' dir='ltr' id='par_1_112' title="bbox 2021 5438 3615 5510">
     <span class='ocr_line' id='line_1_112' title="bbox 2021 5438 3615 5510; baseline -0.002 -15"><span class='ocrx_word' id='word_1_843' title='bbox 2021 5440 2151 5510; x_wconf 87' lang='lat' dir='ltr'><strong>quia</strong></span> <span class='ocrx_word' id='word_1_844' title='bbox 2198 5447 2549 5510; x_wconf 81' lang='lat' dir='ltr'><strong>peccatorum</strong></span> <span class='ocrx_word' id='word_1_845' title='bbox 2581 5440 2797 5506; x_wconf 67' lang='lat' dir='ltr'><strong>anima,</strong></span> <span class='ocrx_word' id='word_1_846' title='bbox 2827 5438 3255 5497; x_wconf 82' lang='lat' dir='ltr'><strong>misericorditer</strong></span> <span class='ocrx_word' id='word_1_847' title='bbox 3276 5451 3615 5510; x_wconf 64' lang='lat' dir='ltr'><strong>aggregate,</strong></span> 
     </span>
    </p>
   </div>
   <div class='ocr_carea' id='block_1_113' title="bbox 333 5524 3615 5603">
    <p class='ocr_par' dir='ltr' id='par_1_113' title="bbox 333 5524 3615 5603">
     <span class='ocr_line' id='line_1_113' title="bbox 333 5524 3615 5603; baseline 0.003 -27"><span class='ocrx_word' id='word_1_848' title='bbox 333 5530 499 5593; x_wconf 81' lang='lat' dir='ltr'><strong>opera</strong></span> <span class='ocrx_word' id='word_1_849' title='bbox 523 5532 580 5580; x_wconf 85' lang='lat' dir='ltr'><strong>et</strong></span> <span class='ocrx_word' id='word_1_850' title='bbox 604 5524 814 5581; x_wconf 87' lang='lat' dir='ltr'><strong>diversa</strong></span> <span class='ocrx_word' id='word_1_851' title='bbox 836 5527 1094 5583; x_wconf 88' lang='lat' dir='ltr'><strong>virtutum</strong></span> <span class='ocrx_word' id='word_1_852' title='bbox 1125 5530 1243 5601; x_wconf 85' lang='lat' dir='ltr'><strong>ejus</strong></span> <span class='ocrx_word' id='word_1_853' title='bbox 1269 5540 1591 5587; x_wconf 83' lang='lat' dir='ltr'><strong>ornamenta</strong></span> <span class='ocrx_word' id='word_1_854' title='bbox 1618 5531 1920 5603; x_wconf 80' lang='lat' dir='ltr'><strong>significat,</strong></span> <span class='ocrx_word' id='word_1_855' title='bbox 2024 5531 2079 5586; x_wconf 91' lang='lat' dir='ltr'><strong>in</strong></span> <span class='ocrx_word' id='word_1_856' title='bbox 2105 5530 2303 5588; x_wconf 89' lang='lat' dir='ltr'><strong>blanda</strong></span> <span class='ocrx_word' id='word_1_857' title='bbox 2333 5529 2459 5586; x_wconf 85' lang='lat' dir='ltr'><strong>fidei</strong></span> <span class='ocrx_word' id='word_1_858' title='bbox 2493 5530 2676 5601; x_wconf 87' lang='lat' dir='ltr'><strong>quieto</strong></span> <span class='ocrx_word' id='word_1_859' title='bbox 2702 5531 3074 5588; x_wconf 76' lang='lat' dir='ltr'><strong>continentur.</strong></span> <span class='ocrx_word' id='word_1_860' title='bbox 3104 5528 3235 5586; x_wconf 73' lang='lat' dir='ltr'><strong>Bm</strong></span> <span class='ocrx_word' id='word_1_861' title='bbox 3262 5543 3396 5601; x_wconf 82' lang='lat' dir='ltr'><strong>ergo</strong></span> <span class='ocrx_word' id='word_1_862' title='bbox 3416 5529 3615 5585; x_wconf 78' lang='lat' dir='ltr'><strong>sindo-</strong></span> 
     </span>
    </p>
   </div>
   <div class='ocr_carea' id='block_1_114' title="bbox 337 5612 3617 5693">
    <p class='ocr_par' dir='ltr' id='par_1_114' title="bbox 337 5612 3617 5693">
     <span class='ocr_line' id='line_1_114' title="bbox 337 5612 3617 5693; baseline 0.005 -29"><span class='ocrx_word' id='word_1_863' title='bbox 337 5612 405 5665; x_wconf 88' lang='lat' dir='ltr'><strong>de</strong></span> <span class='ocrx_word' id='word_1_864' title='bbox 433 5613 630 5682; x_wconf 88' lang='lat' dir='ltr'><strong>quibus</strong></span> <span class='ocrx_word' id='word_1_865' title='bbox 676 5614 947 5687; x_wconf 82' lang='lat' dir='ltr'><strong>Propheta</strong></span> <span class='ocrx_word' id='word_1_866' title='bbox 983 5618 1036 5674; x_wconf 89' lang='lat' dir='ltr'><strong>in</strong></span> <span class='ocrx_word' id='word_1_867' title='bbox 1083 5621 1275 5675; x_wconf 86' lang='lat' dir='ltr'><strong>summi</strong></span> <span class='ocrx_word' id='word_1_868' title='bbox 1330 5621 1501 5693; x_wconf 89' lang='lat' dir='ltr'><strong>regis,</strong></span> <span class='ocrx_word' id='word_1_869' title='bbox 1546 5622 1647 5676; x_wconf 83' lang='lat' dir='ltr'><strong>viri</strong></span> <span class='ocrx_word' id='word_1_870' title='bbox 1674 5622 1923 5679; x_wconf 86' lang='lat' dir='ltr'><strong>videlicet</strong></span> <span class='ocrx_word' id='word_1_871' title='bbox 2024 5639 2147 5681; x_wconf 85' lang='lat' dir='ltr'><strong>nem</strong></span> <span class='ocrx_word' id='word_1_872' title='bbox 2173 5622 2331 5689; x_wconf 88' lang='lat' dir='ltr'><strong>fecit,</strong></span> <span class='ocrx_word' id='word_1_873' title='bbox 2380 5631 2437 5679; x_wconf 84' lang='lat' dir='ltr'><strong>et</strong></span> <span class='ocrx_word' id='word_1_874' title='bbox 2461 5623 2735 5689; x_wconf 87' lang='lat' dir='ltr'><strong>vendidit,</strong></span> <span class='ocrx_word' id='word_1_875' title='bbox 2765 5624 2896 5693; x_wconf 88' lang='lat' dir='ltr'><strong>quia</strong></span> <span class='ocrx_word' id='word_1_876' title='bbox 2924 5622 3108 5688; x_wconf 81' lang='lat' dir='ltr'><strong>ﬁdem,</strong></span> <span class='ocrx_word' id='word_1_877' title='bbox 3138 5637 3305 5693; x_wconf 77' lang='lat' dir='ltr'><strong>quam</strong></span> <span class='ocrx_word' id='word_1_878' title='bbox 3331 5621 3617 5677; x_wconf 66' lang='lat' dir='ltr'><strong>erodendo</strong></span> 
     </span>
    </p>
   </div>
   <div class='ocr_carea' id='block_1_115' title="bbox 340 5703 3612 5785">
    <p class='ocr_par' dir='ltr' id='par_1_115' title="bbox 340 5703 3612 5785">
     <span class='ocr_line' id='line_1_115' title="bbox 340 5703 3612 5785; baseline 0.003 -28"><span class='ocrx_word' id='word_1_879' title='bbox 340 5703 511 5769; x_wconf 89' lang='lat' dir='ltr'><strong>illius,</strong></span> <span class='ocrx_word' id='word_1_880' title='bbox 560 5704 715 5761; x_wconf 82' lang='lat' dir='ltr'><strong>laude</strong></span> <span class='ocrx_word' id='word_1_881' title='bbox 738 5710 935 5765; x_wconf 87' lang='lat' dir='ltr'><strong>cecinit</strong></span> <span class='ocrx_word' id='word_1_882' title='bbox 969 5712 1183 5766; x_wconf 82' lang='lat' dir='ltr'><strong>:Astitit</strong></span> <span class='ocrx_word' id='word_1_883' title='bbox 1213 5714 1388 5784; x_wconf 83' lang='lat' dir='ltr'><strong>regina</strong></span> <span class='ocrx_word' id='word_1_884' title='bbox 1433 5733 1464 5768; x_wconf 92' lang='lat' dir='ltr'><strong>a</strong></span> <span class='ocrx_word' id='word_1_885' title='bbox 1502 5714 1700 5771; x_wconf 73' lang='lat' dir='ltr'><strong>dextris</strong></span> <span class='ocrx_word' id='word_1_886' title='bbox 1734 5716 1836 5771; x_wconf 86' lang='lat' dir='ltr'><strong>tuis</strong></span> <span class='ocrx_word' id='word_1_887' title='bbox 1865 5716 1919 5770; x_wconf 87' lang='lat' dir='ltr'><strong>iu</strong></span> <span class='ocrx_word' id='word_1_888' title='bbox 2024 5722 2291 5779; x_wconf 83' lang='lat' dir='ltr'><strong>texuerat,</strong></span> <span class='ocrx_word' id='word_1_889' title='bbox 2344 5713 2614 5785; x_wconf 83' lang='lat' dir='ltr'><strong>loquendo</strong></span> <span class='ocrx_word' id='word_1_890' title='bbox 2648 5714 2815 5781; x_wconf 79' lang='lat' dir='ltr'><strong>dedit,</strong></span> <span class='ocrx_word' id='word_1_891' title='bbox 2864 5722 2924 5771; x_wconf 89' lang='lat' dir='ltr'><strong>et</strong></span> <span class='ocrx_word' id='word_1_892' title='bbox 2972 5713 3044 5770; x_wconf 84' lang='lat' dir='ltr'><strong>ab</strong></span> <span class='ocrx_word' id='word_1_893' title='bbox 3098 5713 3406 5771; x_wconf 78' lang='lat' dir='ltr'><strong>inﬁdelibus</strong></span> <span class='ocrx_word' id='word_1_894' title='bbox 3438 5713 3612 5769; x_wconf 77' lang='lat' dir='ltr'><strong>vitam</strong></span> 
     </span>
    </p>
   </div>
  </div>
