3962 6198
309 280 415 349 789

1071 294 1434 353 EXPOSITIO
1469 284 1543 351 ΙΝ
1567 290 1962 351 PROVERBIA
1997 288 2412 348 SALOMONlS.
2450 321 2518 330 —
2558 290 2693 348 LIB.
2734 288 2845 347 ill.

3466 274 3584 343 790

307 418 476 465 recta:
515 410 946 469 conversationis
998 413 1247 484 accepit;
1317 428 1437 484 qua:
1482 420 1537 469 et
1589 411 1897 470 Chananago
1924 413 1974 477 Α
2000 415 2100 472 est,
2146 405 2348 477 primus
2389 403 2446 459 in
2474 403 2623 459 illam
2674 402 2905 474 lapidem
2939 401 3111 459 mittat
3137 399 3320 473 (Joan.
3350 399 3494 467 vm),
3520 413 3578 458 et

306 502 586 572 cingulum:
620 502 878 569 tradidit,
934 505 1063 575 quia
1101 520 1200 575 per
1235 506 1476 576 vigorem
1514 506 1897 561 demonstratae

306 591 529 656 iustitia!
580 592 722 650 ﬂtlxa
776 610 942 665 opera
994 596 1312 666 gentilitatis
1354 598 1655 662 destruxit,
1699 605 1758 653 ut
1794 598 1898 653 hoc

307 685 453 754 quod
484 687 798 757 praecipitur
828 688 1056 743 vivendo
1086 696 1369 743 teneatur:
1402 687 1518 744 Sint
1553 688 1719 744 lumbi
1742 688 1897 745 vestri

305 779 579 846 ιιι-ωεξηοή
604 778 755 850 (Luc.
798 778 919 851 nt).
954 780 1098 835 Bene
1136 780 1338 835 etenim
1372 782 1591 837 nomine
1615 781 1894 849 Chanaan,

304 868 400 937 qui
423 876 488 923 et
511 869 792 940 gentilium
820 871 1079 941 populum
1109 871 1419 941 procreavit
1445 912 1459 937 ,
1489 879 1545 927 et
1570 871 1899 940 interpreta-

308 969 398 1013 tur
424 969 796 1026 commutatus,
838 977 1107 1020 conversa
1154 964 1223 1020 ad
1276 964 1439 1020 tidem
1473 963 1752 1036 gentilitas
1796 963 1895 1018 de-

305 1045 737 1115 signatur,qu:c,
768 1046 1083 1104 felicissima
1109 1052 1553 1115 commutatione,
1585 1066 1616 1105 a
1646 1050 1798 1107 vitiis
1828 1052 1896 1108 ad

305 1137 559 1202 virtutes,
589 1153 619 1193 ιι
639 1138 854 1194 diabolo
883 1144 1295 1215 transmigravit
1319 1146 1388 1202 ad
1411 1144 1717 1213 Christum;
1752 1148 1897 1204 unde

304 1238 363 1284 et
419 1230 477 1284 in
538 1227 782 1298 ejusdem
852 1232 1066 1289 laudem
1134 1237 1381 1306 psalmus
1446 1240 1896 1309 quadragesimus

303 1310 536 1388 quartus
557 1321 837 1388 scribitur,
871 1322 1023 1392 cujus
1067 1324 1258 1381 titulus
1280 1335 1367 1383 est
1404 1346 1417 1382 :
1458 1328 1528 1384 In
1572 1330 1753 1399 linem,
1799 1348 1895 1403 pro

306 1411 406 1477 bis,
449 1411 542 1498 qui
586 1414 1078 1480 committebantur,
1112 1416 1239 1486 [iliis
1281 1417 1452 1484 Core,
1494 1424 1758 1480 canticum
1799 1443 1896 1498 pro

305 1494 673 1555 dilecto.'Filii
700 1510 880 1557 autem
905 1503 1072 1569 Core,
1108 1505 1203 1562 lilii
1240 1506 1503 1564 Calvarim
1530 1494 1896 1584 interpretan-

309 1599 416 1654 tur,
443 1590 538 1661 qui
567 1600 697 1647 sunt
743 1592 839 1649 ﬁlii
871 1593 1169 1652 Dominicat
1203 1600 1403 1665 crucis,
1436 1601 1680 1661 dicent-es
1714 1621 1730 1660 :
1762 1606 1895 1663 Mihi

306 1681 441 1735 absit
470 1679 714 1752 gloriari,
744 1684 849 1739 nisi
872 1684 928 1739 in
948 1702 1104 1743 cruce
1130 1688 1340 1747 Domini
1364 1695 1528 1748 nostri
1550 1693 1679 1751 Iesu
1697 1695 1896 1753 Christi

1996 495 2075 552 sic
2109 510 2232 551 eam
2264 493 2497 551 crimine
2518 493 2659 563 quod
2692 501 2957 563 patrarat,
2994 492 3094 548 sub
3116 490 3430 548 conditione
3452 505 3566 545 am-

1994 586 2135 656 plius
2164 601 2272 642 non
2295 582 2577 655 peccandi,
2600 583 2894 639 miseratus
2919 580 3169 637 absolvit.

2060 675 2427 731 Consideravit
2473 676 2687 730 semitas
2716 673 2904 729 domus
2946 689 3080 739 sum,
3112 682 3162 728 et
3199 687 3387 744 panem
3411 670 3579 728 otiosa

1997 784 2100 825 non
2121 767 2363 823 comedit.
2426 765 2664 823 Semitas
2706 766 2899 822 domus
2950 780 3063 821 sua:
3092 763 3422 827 considerat,
3456 763 3583 832 quia

1997 870 2220 915 cunctas
2245 874 2356 914 sure
2384 858 2730 915 conscientia:
2757 858 3117 930 cogitationes
3137 854 3409 913 subtiliter
3435 854 3580 909 inve-

1996 950 2182 1020 stigat.
2211 948 2413 1004 Panem
2441 949 2612 1004 otiosa
2634 964 2739 1003 non
2763 948 3011 1012 comedit,
3038 947 3168 1018 quia
3196 945 3321 1009 hoc,
3346 943 3491 1015 quod
3512 943 3583 998 de

1996 1058 2152 1099 sacro
2202 1042 2421 1112 eloquio
2472 1040 2822 1113 intelligendo
2852 1039 3182 1111 perceperit,
3229 1047 3354 1093 ante
3394 1035 3584 1092 mterui

1986 1131 2189 1203 judicis
2209 1133 2397 1190 oculos
2417 1132 2745 1199 exhibendo,
2778 1144 2805 1173 ι
2837 1132 3031 1202 patriae
3082 1130 3339 1187 caelestis.
3367 1127 3586 1185 Semita:

1995 1234 2189 1287 domus
2246 1229 2390 1286 illius
2431 1236 2701 1301 praecepta
2753 1228 3005 1299 justitiae,
3033 1227 3239 1298 quibus
3257 1227 3327 1280 ad
3364 1234 3587 1281 aeternas

1993 1323 2120 1378 vitae
2140 1320 2473 1377 mansionem
2504 1319 2820 1391 pervenitur
2845 1337 2862 1373 :
2890 1332 3035 1389 quas
3072 1316 3322 1388 profecto
3358 1315 3589 1371 semitas

1995 1411 2183 1465 anima
2235 1410 2374 1464 bene
2427 1407 2761 1472 considerat,
2810 1414 3023 1464 cumet
3061 1405 3347 1476 diligenter
3388 1405 3586 1474 quibus

1995 1499 2211 1555 actibus
2235 1499 2303 1554 ad
2323 1512 2559 1568 superna
2587 1496 2860 1568 perveniri
2898 1495 3096 1553 debeat
3124 1494 3365 1565 inspicit,
3389 1502 3445 1549 et
3463 1509 3594 1564 quas

1996 1592 2201 1665 agenda
2231 1590 2422 1647 didicit
2456 1589 2643 1647 sedula
2669 1603 2929 1649 exercere
2979 1603 3097 1647 nee
3118 1588 3341 1643 desinit.
3374 1586 3582 1641 Panem

1997 1694 2214 1753 (proque
2238 1679 2412 1737 otiosa
2436 1695 2546 1735 non
2575 1678 2835 1747 comedit,
2872 1694 2995 1735 cum
3027 1677 3358 1735 sacriﬁcium
3404 1677 3587 1732 Domi.-

306 1772 452 1842 (ϐαι.
480 1773 582 1847 γι).
617 1773 899 1842 Quomodo
943 1788 1126 1837 autem
1164 1793 1572 1843 commutentur
1611 1794 1893 1860 sequentia

1998 1774 2107 1830 uici
2135 1773 2385 1846 corporis
2410 1773 2716 1844 percipiens
2754 1774 2943 1831 studet
2968 1772 3173 1835 imitari
3203 1780 3327 1828 actu
3360 1773 3506 1843 quod
3526 1772 3591 1828 in

304 1864 498 1935 psalmi
532 1866 779 1936 ejusdem
827 1868 1045 1937 docent,
1079 1872 1173 1929 ubi
1223 1874 1452 1932 dilectus
1499 1879 1658 1949 ipse,
1708 1883 1763 1938 id
1811 1892 1898 1940 est

304 1956 588 2025 Bullinus,
609 1961 821 2018 scilicet
844 1963 1103 2022 Ecclesiae
1130 1968 1264 2024 dicit
1295 1986 1310 2023 :
1339 1971 1501 2037 Audi,
1522 1972 1657 2041 ﬁlia,
1683 1986 1732 2030 et
1758 1978 1893 2046 cide,

302 2060 351 2105 et
377 2052 582 2108 inclina
627 2071 808 2111 aurem
848 2066 1024 2125 tuam,
1053 2069 1104 2115 et
1135 2061 1435 2119 obliviscere
1461 2064 1714 2137 populum
1746 2078 1895 2126 tuum

302 2154 350 2197 ct
380 2144 600 2200 dmum
628 2151 795 2218 patris
824 2150 922 2205 tui.
946 2150 1279 2211 Commutari
1322 2173 1556 2229 namque
1585 2161 1735 2217 illam
1758 2164 1899 2220 desi-

302 2236 476 2329 derat,
510 2253 699 2308 quam,
726 2249 788 2295 ut
826 2241 990 2298 tiliam
1021 2245 1224 2303 habere
1248 2249 1446 2317 valeat,
1476 2254 1695 2310 domum
1724 2257 1897 2329 patris

307 2328 526 2398 prioris,
565 2330 618 2385 id
650 2340 734 2387 est
769 2333 942 2390 hostis
977 2339 1210 2409 antiqui,
1227 2339 1380 2411 jubet
1409 2345 1678 2403 oblivisci.

382 2418 668 2476 Fortitudo
702 2431 751 2476 et
778 2424 936 2479 decor
952 2427 1318 2486 indumentum
1345 2435 1482 2501 ejus,
1528 2446 1577 2492 et
1610 2438 1797 2495 ridebit
1839 2442 1894 2497 in

307 2512 390 2567 die
415 2513 719 2568 nouissimo.
748 2513 1030 2575 Fortitudo
1054 2520 1122 2574 ad
1151 2522 1484 2579 tolerandam
1513 2541 1893 2597 perversurum

306 2603 732 2674 improbitatem,
776 2609 937 2666 decor
972 2612 1040 2668 ad
1086 2616 1446 2672 exercendam
1475 2619 1738 2677 virtutum
1769 2640 1895 2696 gra-

304 2696 433 2750 tiam
467 2714 481 2749 :
513 2697 708 2761 decor,
757 2701 881 2769 quia
928 2713 1186 2773 cperatur
1223 2707 1530 2778 justitiam;
1588 2711 1891 2779 fortitudo,

301 2788 427 2858 quia
456 2791 891 2860 persecutionem
919 2796 1125 2863 patitur
1143 2807 1366 2870 propter
1376 2799 1643 2869 justitiam
1664 2814 1749 2861 :et
1772 2805 1894 2863 ideo

300 2880 501 2936 ridebit
524 2882 578 2937 in
604 2882 694 2939 die
726 2885 1044 2953 novissimo,
1069 2882 1257 2956 id'eSt,
1281 2893 1539 2964 gaudebit
1567 2895 1620 2951 in
1656 2900 1893 2955 retribu-

301 2974 449 3031 tione
484 2976 637 3046 regni
667 2977 905 3034 caelestis
927 3021 942 3046 ,
973 2995 1094 3051 quae
1118 2983 1336 3039 dolebat
1364 2986 1421 3041 in
1450 2991 1748 3047 certamine
1769 2993 1892 3048 vita:

300 3064 605 3134 praesentis.
653 3064 769 3121 Mos
812 3069 1012 3124 etenim
1055 3070 1351 3143 Scriptum
1393 3085 1481 3133 est
1542 3094 1640 3149 pro
1695 3084 1891 3153 gaudio

300 3155 471 3209 risum
499 3170 725 3228 ponere,
767 3159 910 3215 sicut
948 3162 1004 3216 et
1030 3163 1291 3222 Dominus
1313 3168 1428 3223 ait:
1455 3168 1609 3226 Beati
1636 3175 1728 3246 qui
1756 3193 1895 3232 nunc

300 3245 459 3314 ﬂetis,
498 3246 625 3316 quia
669 3248 903 3305 ridebitis
949 3250 1101 3323 (Luc.
1142 3253 1248 3327 vi);
1296 3264 1352 3311 et
1398 3259 1592 3317 beatus
1642 3245 1785 3322 Job:
1820 3266 1894 3323 Os

301 3344 474 3390 autem
503 3337 767 3392 veracium
803 3340 1085 3410 replebitur
1111 3345 1242 3399 risu.
1290 3344 1535 3406 Similem
1585 3367 1714 3411 sane
1765 3357 1894 3414 huic

300 3427 628 3517 sententiam
658 3428 927 3501 Propheta
971 3433 1037 3489 de
1075 3435 1304 3493 Domino
1342 3454 1407 3496 ac
1432 3440 1705 3501 salvatore
1736 3446 1895 3517 hujus

300 3515 614 3574 fortissimae
637 3521 881 3578 mulieris
898 3525 1102 3594 posuit,
1118 3527 1303 3585 dicens
1322 3548 1335 3584 :
1360 3529 1620 3589 Dominus
1637 3515 1890 3607 regnabit,

298 3610 540 3663 decorem
581 3611 777 3678 induit,
804 3614 976 3669 induit
1016 3615 1273 3673 Dominus
1310 3619 1670 3690 fortitudinem
1713 3625 1889 3698 (Psal.

301 3702 455 3790 seu).
480 3700 617 3757 Cum
643 3706 789 3759 enim
815 3707 1134 3776 praedicaret
1159 3709 1512 3784 Evangelium
1558 3718 1736 3790 regni,
1769 3719 1892 3777 aliis

298 3789 555 3858 placebat
588 3833 604 3858 ,
640 3793 760 3850 aliis
804 3795 1160 3867 displicebat;
1194 3801 1284 3855 alii
1312 3801 1452 3859 bene
1483 3789 1848 3877 loquebantur
1872 3852 1886 3877 ,

298 3880 392 3934 alii
420 3878 823 3951 detrahebant,
864 3887 1209 3955 lacerabant,
1236 3892 1577 3961 mordebant,
1617 3897 1886 3955 convicia-

298 3970 533 4038 bantur;
571 3975 641 4031 ad
673 3982 770 4031 eos
795 3991 929 4049 ergo
953 3979 1150 4049 quibus
1173 3982 1450 4052 placebat.
1503 3987 1757 4044 decorem
1804 3990 1887 4044 in-

296 4060 417 4116 duit
441 4079 455 4124 ;
479 4077 576 4118 eos
602 4066 804 4134 quibus
843 4067 1187 4140 displicebat,
1231 4072 1622 4132 fortitudinem.
1672 4079 1889 4137 Imitare

293 4164 431 4220 ergo
472 4159 529 4208 et
573 4162 631 4209 tu
684 4153 973 4214 Dominum
1005 4168 1158 4217 tuum
1194 4204 1208 4229 ,
1259 4173 1320 4220 ut
1366 4168 1541 4237 pessis
1570 4183 1690 4225 esse
1720 4179 1886 4229 vestis

295 4238 499 4308 ipsius;
529 4249 649 4300 esto
677 4259 804 4301 cum
831 4247 1028 4305 decore
1047 4250 1115 4306 ad
1149 4267 1243 4309 eos
1283 4256 1480 4325 quibus
1506 4258 1720 4328 placent
1744 4262 1885 4318 bona

291 4347 463 4401 opera
488 4342 602 4401 tua,
633 4344 753 4392 esto
778 4335 939 4396 fortis
958 4341 1221 4399 adversus
1242 4345 1598 4404 detractorcs.

370 4432 445 4485 0s
465 4437 854 4546 suum‘aperuit
879 4440 1172 4509 rapientur,
1211 4453 1259 4498 et
1288 4444 1373 4499 lex
1393 4446 1679 4506 clementia:
1703 4456 1757 4509 in
1783 4452 1885 4508 lin-
1913 4487 1964 4546 Β

290 4536 400 4588 gna
426 4521 562 4594 ejup.
608 4523 691 4580 Ad
721 4527 825 4583 hoc
852 4537 1064 4585 tantum
1103 4533 1328 4604 loquens
1377 4551 1439 4593 os
1478 4543 1689 4609 aperuit
1716 4556 1776 4599 ut
1795 4561 1883 4600 sa-

292 4616 559 4684 pientiam
587 4619 826 4688 doceret,
852 4623 1009 4694 juxta
1040 4627 1169 4683 illud
1194 4631 1436 4701 Apostoli
1462 4653 1475 4688 :
1504 4634 1686 4692 Omnis
1709 4656 1881 4696 sermo

288 4704 466 4761 malus
494 4724 561 4763 ex
588 4724 679 4764 ore
707 4723 871 4768 vestro
901 4731 1005 4771 non
1048 4721 1318 4788 procedat,
1359 4724 1454 4778 sed
1486 4726 1533 4781 si
1567 4729 1685 4799 quis
1718 4731 1883 4787 bonus

289 4797 363 4851 ad
412 4797 814 4869 wdiﬁcationem
857 4805 1009 4874 ﬁdei,
1056 4818 1114 4863 ut
1153 4810 1240 4865 det
1276 4816 1503 4884 gratiam
1549 4797 1885 4880 audientibus

289 4885 510 4959 (ΕρΙιεε.
544 4889 656 4963 tv);
694 4893 775 4948 vel
813 4905 962 4951 certe
1002 4913 1066 4953 os
1100 4903 1278 4959 cordis
1325 4908 1539 4976 aperuit
1571 4910 1640 4966 ad
1669 4912 1882 4969 discen-

289 4976 416 5072 dam
446 4979 515 5034 ab
543 4980 661 5050 ipsa
692 4985 956 5055 sapientia
981 4988 1207 5048 interius
1236 4998 1541 5067 veritatem,
1564 5018 1725 5072 quam
1746 5006 1882 5064 alios

291 5066 440 5169 {oras
466 5069 708 5129 doceret.
742 5073 970 5148 Utrique
1001 5090 1182 5138 autem
1205 5090 1409 5155 sensui,
1433 5093 1558 5161 quia
1581 5066 1881 5169 utrumque

292 5155 423 5252 facit
447 5159 710 5230 Ecclesia,
742 5169 982 5225 concinit
1007 5181 1132 5244 apte
1187 5179 1328 5246 quod
1380 5155 1666 5252 sequitur:
1698 5155 1880 5245 Et

363 5743 390 5773 ι
421 5734 646 5794 Videtur
668 5741 873 5813 aliquid
906 5745 1112 5804 deesse.

2001 1863 2262 1935 mysterio
2289 1863 2550 1928 celebrat,
2601 1862 2830 1919 multum
2877 1862 3114 1919 sollicita
3142 1877 3211 1917 ne
3240 1861 3461 1932 indigne
3488 1876 3586 1932 pas

1998 1970 2124 2009 nem
2157 1952 2368 2011 Domini
2403 1953 2735 2009 comedendo
2759 1961 2818 2008 et
2858 1954 3087 2010 calicem
3138 1952 3405 2018 bibendo,
3440 1952 3589 2029 λυδι-

1998 2043 2143 2100 cium
2170 2042 2273 2099 sibi
2322 2041 2694 2098 manducetet
2747 2041 3070 2107 bibat;sed
3117 2049 3179 2096 ut
3202 2039 3460 2110 patiendo
3485 2055 3588 2112 pro

1998 2132 2217 2189 Christo
2256 2147 2320 2188 ac
2346 2132 2620 2203 lacrymas
2648 2130 2943 2197 fundendo,
2999 2131 3157 2187 bonis
3183 2146 3398 2202 quoque
3448 2132 3585 2186 acti-

1996 2226 2101 2284 bus
2148 2225 2472 2289 insistendo,
2501 2224 2810 2296 passionem
2842 2233 2899 2281 et
2920 2225 3167 2296 exempla
3214 2225 3389 2296 ipsius
3412 2242 3585 2297 quttu-

1998 2330 2113 2376 tum
2166 2321 2331 2386 valet,
2389 2328 2669 2389 sequatur.
2724 2317 2911 2375 Potest
2952 2327 3010 2376 et
3064 2318 3383 2388 simpliciter
3408 2319 3585 2391 accipi

1996 2412 2142 2482 quod
2176 2428 2374 2483 panem
2401 2412 2575 2469 otiosa
2604 2425 2715 2466 non
2740 2410 2977 2467 comedit
3006 2410 3202 2468 mulier
3234 2410 3410 2476 fortis,
3429 2410 3584 2479 juxta

1998 2504 2126 2560 illud
2153 2502 2394 2573 Apostoli
2428 2521 2440 2558 :
2468 2502 2581 2570 Qui
2630 2518 2734 2557 non
2763 2511 3028 2572 operatur,
3070 2517 3164 2558 nec
3196 2502 3474 2557 manducet
3494 2502 3578 2572 (Il

1998 2594 2150 2651 Thes.
2175 2594 2285 2664 ιιι),
2337 2602 2393 2651 et
2424 2593 2539 2665 ipse
2563 2593 2632 2650 de
2671 2608 2753 2660 se,
2781 2591 3052 2659 Quoniam
3083 2594 3152 2649 ad
3185 2607 3248 2648 ea
3298 2609 3419 2664 quas
3446 2593 3585 2649 mihi

1992 2702 2132 2757 opus
2153 2694 2339 2752 erant,
2358 2694 2415 2742 et
2441 2685 2529 2741 his
2576 2685 2669 2757 qui
2696 2700 2910 2740 meeum
2954 2693 3102 2750 sunt,
3136 2684 3586 2741 ministraverunt

1992 2791 2191 2832 manus
2248 2775 2385 2831 istas.
2434 2773 2589 2831 Unde
2633 2774 2833 2831 merito
2880 2773 3223 2833 luxuriantes
3271 2775 3466 2830 viduas
3495 2790 3586 2829 ar-

1993 2880 2167 2936 guens
2185 2864 2429 2937 adiungit
2464 2881 2478 2920 :
2512 2862 2686 2919 Simul
2722 2874 2899 2919 autem
2927 2875 2976 2920 et
3007 2868 3192 2921 otiosae
3235 2864 3444 2921 discunt
3473 2866 3587 2920 cir-

1996 2958 2194 3011 cuntire
2217 2956 2400 3010 domos
2422 2954 2476 3024 (1
2502 2953 2639 3009 Tim.
2667 2953 2747 3025 v),
2773 2971 2880 3011 neu
2900 2954 3079 3011 solum
3105 2955 3318 3023 otiosa),
3345 2956 3441 3013 sed
3462 2970 3585 3012 ver-

1992 3048 2141 3105 bosa:
2161 3056 2217 3103 et
2255 3049 2505 3104 curiosas.

1918 3132 1967 3194 C
2072 3136 2429 3195 διαπείρεται
2482 3139 2584 3209 [iiii
2631 3140 2771 3211 ejus,
2818 3149 2871 3195 ct
2922 3139 3276 3194 beatissimam
3327 3140 3586 3209 prazdica-

1999 3241 2143 3297 runt,
2170 3241 2220 3291 et
2246 3232 2324 3287 uir
2344 3231 2464 3303 ejus
2515 3232 2753 3289 laudabit
2804 3249 2943 3288 eam.
2999 3232 3154 3299 Quod
3199 3231 3440 3288 futurum
3485 3248 3585 3303 pro

1995 3329 2149 3377 certo
2192 3331 2418 3377 noverat
2472 3338 2626 3385 more
2673 3324 2994 3394 prophetico
3042 3324 3201 3394 quasi
3240 3322 3356 3393 jam
3379 3322 3582 3380 factum

1995 3411 2201 3469 refert:
2233 3421 2458 3486 surgent
2476 3414 2624 3470 enim
2666 3414 2759 3470 lilii
2785 3414 3067 3480 Ecclesia,
3096 3414 3349 3471 videlicet
3389 3429 3584 3471 onmes

1992 3504 2172 3571 electi,
2214 3504 2270 3560 in
2308 3506 2605 3562 novissimo
2648 3507 2834 3563 carnis
2890 3507 3226 3563 mortalitate
3271 3507 3481 3572 donati.
3528 3517 3586 3563 et

1998 3606 2125 3652 tunc
2173 3605 2402 3659 matrem
2433 3613 2608 3664 suam,
2656 3614 2779 3670 qua:
2830 3612 2927 3655 eos
2982 3614 3047 3655 ex
3104 3614 3247 3670 aqua
3283 3609 3342 3658 et
3373 3600 3585 3671 Spiritu

1992 3696 2182 3745 sancto
2231 3691 2442 3761 genuit,
2498 3692 2870 3749 beatissimam
2911 3693 3231 3763 praedicant,
3288 3709 3410 3764 qua
3436 3710 3589 3751 nunc

1992 3779 2062 3835 ab
2080 3780 2394 3837 inﬁdelibus
2424 3782 2579 3853 quasi
2620 3783 2822 3839 misera
2853 3784 3222 3839 contemnitur
3246 3799 3262 3849 ;
3292 3792 3580 3850 etrevera,

1991 3870 2133 3926 sicut
2164 3870 2455 3942 Apostolus
2484 3872 2561 3927 ait
2602 3871 2661 3941 (Ι
2688 3872 2814 3928 Cor.
2850 3872 2968 3944 xv),
3001 3872 3064 3933 Si
3097 3874 3153 3927 in
3195 3874 3296 3929 hac
3324 3875 3429 3929 vita
3455 3885 3582 3932 tan-

1986 3971 2103 4016 tum
2130 3972 2400 4032 sperantes
2425 3980 2606 4019 sumus
2647 3964 2707 4018 in
2756 3962 2993 4027 Christo,
3040 3963 3445 4021 miserabiliores
3487 3981 3581 4021 su-

1989 4066 2106 4106 mus
2130 4053 2369 4109 omnibus
2396 4053 2694 4110 hominibus
2719 4072 2737 4120 ,'
2765 4056 2892 4124 quia
2942 4071 3071 4112 vero
3110 4071 3213 4127 pro
3239 4058 3351 4113 vita
3379 4058 3487 4114 alia
3516 4060 3573 4115 in

1986 4145 2243 4211 praesenti
2307 4143 2623 4211 militamus,
2680 4134 2879 4202 merito
2927 4163 3052 4205 cum
3089 4150 3402 4219 apparuerit
3446 4150 3581 4220 quid

1987 4235 2211 4300 erimus,
2259 4244 2489 4291 matrem
2544 4245 2809 4302 nostram,
2866 4254 2991 4310 qua:
3040 4255 3113 4297 es
3134 4240 3579 4310 nauibusjustia

1989 4322 2231 4390 collecta,
2262 4339 2368 4379 una
2393 4324 2593 4380 Christi
2620 4326 2891 4393 columba,
2913 4343 3114 4398 sponsa
3138 4337 3196 4385 et
3214 4330 3387 4386 amica
3415 4344 3578 4387 voca-

1990 4422 2098 4480 tur,
2127 4414 2499 4470 beatissimam
2528 4415 2968 4487 prtedicabimus.
3001 4416 3204 4491 Surget
3232 4428 3289 4475 et
3327 4420 3412 4475 vir
3434 4419 3574 4491 ejus,

1989 4514 2038 4561 et
2070 4505 2310 4562 laudabit
2335 4522 2480 4573 eam,
2506 4507 2697 4564 dicens
2731 4508 2785 4563 in
2802 4506 3012 4578 judicio
3039 4528 3055 4565 :
3094 4509 3289 4577 Venite,
3320 4512 3577 4568 benedicti

1990 4596 2166 4652 Patris
2207 4598 2331 4662 mei,
2376 4599 2635 4669 possidete
2678 4611 2926 4671 paratum
2974 4602 3117 4659 vobis
3142 4619 3357 4675 regnum
3382 4622 3414 4659 a
3443 4623 3573 4660 con-

1985 4689 2256 4743 stitutione
2278 4689 2463 4744 mundi
2496 4704 2513 4742 :
2542 4692 2737 4746 esurivi
2775 4692 2914 4746 enim
2947 4702 2996 4748 et
3026 4693 3244 4749 dedistis
3274 4695 3401 4750 mihi
3421 4711 3577 4751 man-

1985 4782 2205 4849 ducare,
2234 4790 2339 4839 etc.
2401 4782 2618 4855 (Matth.
2669 4785 2820 4857 xxv).
2852 4784 2956 4853 Qui
2987 4786 3209 4858 quidem
3236 4787 3352 4858 ipse
3378 4788 3574 4858 primi-

1987 4872 2074 4927 tim
2111 4871 2496 4928 dormientium
2544 4875 2846 4930 resurrexit
2886 4892 2921 4931 a
2958 4878 3210 4942 mortuis,
3273 4880 3367 4932 sed
3396 4877 3450 4930 in
3486 4876 3576 4933 die

1978 4959 2168 5029 judicii
2218 4963 2559 5020 manifestius
2602 4966 2859 5023 omnibus
2893 4983 3031 5038 quos
3065 4983 3162 5024 sua
3188 4968 3347 5022 laude
3376 4967 3568 5038 dignos

1976 5052 2324 5123 judicaverit,
2385 5062 2587 5124 quanta
2635 5055 2709 5111 sit
2735 5056 2983 5127 ejusdem
3008 5072 3121 5112 sua:
3148 5055 3572 5111 resurrectionis

1957 5140 2153 5212 gloria
2190 5141 2605 5197 demonstrabit.
2636 5142 2823 5199 Potest
2850 5146 3016 5200 etiam
3042 5146 3146 5200 hoc
3173 5143 3316 5213 quod
3342 5142 3569 5210 dicitur,

1980 5242 2321 5287 surrexerunt
2346 5233 2447 5301 ﬁlii
2467 5234 2610 5305 ejus,
2627 5244 2675 5289 et
2727 5236 3080 5290 beatissimam
3125 5235 3570 5307 prtcdicaverunt,

1854 5316 1879 5397 ξ’
1980 5327 2034 5374 et
2060 5319 2226 5375 etiam
2252 5321 2305 5376 in
2339 5322 2443 5377 hoc
2500 5332 2743 5394 tempore
2786 5326 3179 5383 convenienter
3202 5327 3399 5397 accipi,
3443 5343 3565 5384 cum

1984 5411 2210 5482 quilibet
2258 5411 2515 5479 ﬁdelium,
2545 5418 2871 5473 transceusis
2919 5419 3100 5474 εἶτα]ιί
3159 5421 3443 5486 aerumnis,
3497 5424 3566 5479 ad

1984 5501 2228 5558 cmlestia
2258 5519 2423 5574 regna
2451 5506 2860 5575 perducuntur;
2889 5507 3081 5566 sedere
3114 5526 3350 5581 namque
3375 5513 3444 5569 ad
3472 5514 3571 5570 bu-

1986 5593 2340 5650 miliationem
2391 5595 2623 5667 aliquos,
2655 5614 2877 5670 surgere
2920 5602 2988 5657 ad
3019 5603 3248 5673 gloriam
3280 5605 3518 5675 pertinet
3547 5626 3563 5674 ;

1987 5685 2128 5742 unde
2167 5686 2386 5756 dicitur,
2431 5690 2555 5745 olim
2586 5691 2640 5747 in
2668 5692 2837 5750 cilicio
2886 5697 3212 5768 panitcrent,
3243 5700 3297 5756 id
3332 5710 3438 5768 est,
3465 5702 3564 5757 huo
