3962 6198
408 301 506 362 791

1035 297 1098 354 Β.
1138 294 1393 353 MBAN!
1431 295 1650 352 MAUR]
1690 293 2004 350 ARClllEP.
2048 289 2359 348 MOGUNT.
2400 291 2683 348 OPERUM
2723 291 2903 348 PARS
2944 292 3030 348 lll.

3575 296 3681 352 ΞΗ

407 420 593 477 miliati
619 436 635 486 ;
666 425 722 475 et
772 416 1034 489 propheta
1061 435 1073 470 :
1109 417 1152 468 A
1183 416 1323 486 facie
1361 409 1548 470 manus
1597 426 1702 469 tute
1747 413 1988 468 sedebam
2018 413 2066 470 A
2165 407 2362 465 Fallax
2389 410 2584 480 gratia,
2611 421 2657 464 et
2696 407 2830 464 iiuna
2859 422 2934 465 est
2973 411 3310 481 pulchritudo
3343 430 3361 466 .-
3391 412 3582 469 mulier
3607 418 3684 470 ιε..

403 511 572 575 solus,
610 509 736 580 quia
785 508 1190 562 comminatione
1240 504 1448 575 replesti
1487 523 1567 560 me
1607 505 1825 576 (Jerem.
1851 504 1985 573 xv);

407 598 876 655 sedetPsalmista
908 614 922 651 :
961 595 1166 650 Vanum
1196 605 1270 650 est
1318 596 1460 651 vobis
1511 606 1631 650 ante
1657 594 1825 650 lucem
1868 611 1989 649 sur-

405 707 541 762 gere,
567 691 765 760 surgite
785 698 1058 759 postquam
1096 687 1357 752 sederitis,
1391 687 1481 758 qui
1522 687 1856 742 manducatis
1893 703 1987 757 pa-

404 799 520 837 nem
548 781 744 836 doloris
777 778 948 851 (Psal.
996 780 1203 848 cxxvr),
1242 779 1386 848 quod
1433 788 1516 834 est
1567 789 1750 847 aperte
1779 778 1983 842 dicere,

404 873 542 940 Quid
571 873 623 927 in
651 870 901 943 praesenti
951 871 1194 941 quaeritis
1221 871 1478 942 gaudere,
1527 871 1670 940 quod
1717 870 1904 925 electis
1929 871 1981 924 in

401 961 583 1016 futuro
616 961 962 1016 reservatur?
996 959 1110 1016 Non
1155 962 1298 1016 enim
1355 962 1582 1030 potestis
1621 961 1674 1015 in
1722 962 1826 1016 hac
1854 962 1982 1028 vita,

402 1053 455 1108 id
486 1060 588 1116 est,
619 1061 745 1107 ante
784 1051 959 1106 lucem
1005 1067 1255 1122 supernae
1311 1051 1709 1117 retributionis,
1759 1051 1982 1123 gloriam

403 1159 542 1199 vera:
569 1143 845 1199 felicitatis
873 1143 1117 1199 habere:
1169 1142 1298 1213 quin
1346 1143 1527 1213 potius
1575 1150 1859 1212 postquam
1896 1143 1986 1198 hic

401 1233 666 1288 humiliati
700 1232 911 1288 fueritis
960 1233 1026 1289 ad
1054 1242 1286 1303 tempus,
1322 1233 1432 1288 illic
1452 1249 1549 1289 vos
1576 1234 1627 1288 in
1664 1242 1984 1304 perpetuum

400 1327 670 1380 veraciter
714 1325 1031 1381 exaltandos
1079 1333 1315 1394 sperate,
1371 1340 1470 1380 vos
1514 1325 1712 1395 quibus
1737 1341 1982 1380 amarum

399 1426 484 1471 est
514 1431 675 1471 omne
701 1417 845 1486 quod
872 1416 1053 1471 saeculi
1081 1415 1414 1471 amatoribus
1443 1413 1744 1484 jucundum
1769 1417 1986 1472 videtur

399 1518 452 1563 ct
483 1509 660 1565 dulce.
687 1508 930 1580 Surgunt
950 1523 1080 1578 ergo
1104 1507 1196 1562 ﬁlii
1228 1507 1507 1572 Ecclesiae,
1533 1517 1589 1562 et
1611 1507 1982 1563 beatissimam

399 1603 713 1673 prmdicant,
746 1618 867 1657 cum
906 1601 1218 1657 coelestibus
1260 1599 1419 1655 bonis
1457 1599 1748 1664 sublimati,
1782 1608 1983 1669 quanta

401 1693 472 1748 sit
498 1692 640 1747 illius
670 1692 860 1763 patriae
909 1691 1165 1757 beatitas,
1196 1689 1351 1759 cujus
1395 1689 1690 1760 participes
1709 1704 1832 1744 esse
1865 1704 1979 1744 me-

402 1791 646 1850 ruerunt,
670 1756 974 1853 aspiciunt,
1002 1791 1057 1837 et
1092 1756 1234 1837 hanc
1261 1756 1443 1837 debita
1474 1756 1786 1836 laudatione
1818 1781 1873 1836 in
1895 1780 1980 1835 di-
2011 1756 2058 1815 Β

401 1879 526 1933 vina
560 1879 765 1934 visione
790 1877 1172 1933 concelebrant
1202 1895 1214 1930 :
1248 1876 1434 1932 laudat
1457 1891 1578 1931 eam
1603 1884 1658 1930 et
1677 1875 1762 1930 vir
1789 1876 1980 1947 ipsius,

403 1987 526 2027 cum
569 1972 707 2026 bona
737 1986 856 2042 qum
884 1971 998 2040 ipse
1037 1969 1260 2026 donavit
1295 1977 1626 2024 remunerat.
1658 1968 1866 2036 Quibus
1887 1986 1984 2024 au-

405 2073 510 2116 tem
538 2062 717 2116 verbis
744 2076 863 2116 eam
884 2059 1067 2116 laudet
1095 2069 1488 2130 consequenter
1507 2061 1830 2128 ostenditur,
1856 2077 1978 2117 cum

401 2152 600 2206 dicitur
633 2168 645 2204 :

471 2241 656 2296 Multw
689 2241 816 2311 filia-
842 2251 1280 2312 congregaverunt
1301 2240 1532 2306 divitias,
1563 2251 1619 2294 tu
1647 2257 1980 2312 supergressa

402 2351 454 2389 es
485 2335 775 2389 universas.
810 2334 1003 2390 Multas
1042 2334 1181 2390 ﬁlias
1210 2334 1466 2390 ecclesias
1515 2335 1648 2390 dicit
1693 2335 1981 2392 haeretico-

403 2441 524 2479 rum
547 2425 890 2480 etmalorum
923 2425 1112 2479 turbas
1159 2425 1570 2489 catholicorum,
1601 2441 1722 2496 qua!
1748 2425 1871 2482 ﬁliae
1903 2428 1983 2482 di-

399 2525 596 2572 cuntur
621 2516 708 2570 vel
736 2515 938 2572 Christi
967 2516 1051 2570 vel
1100 2516 1375 2581 Ecclesia),
1439 2517 1583 2588 quod
1637 2518 1800 2572 etiam
1849 2519 1981 2588 ipsas

405 2616 536 2662 sunt
565 2607 863 2662 Dominicis
893 2616 1094 2662 renatae
1123 2608 1501 2672 sacramentis,
1547 2617 1602 2662 et
1641 2610 1981 2678 adoptionem

399 2699 634 2753 ﬁliorum
658 2713 818 2767 quam
853 2698 1125 2753 custodire
1151 2707 1431 2766 coeperunt
1467 2697 1559 2770 [Ρ.
1589 2701 1758 2754 omitt.
1785 2716 1983 2756 renue-

399 2789 582 2862 mut];
609 2789 748 2846 unde
767 2799 819 2846 et
834 2788 1070 2846 Joannes
1091 2792 1196 2846 ait:
1216 2790 1295 2846 De
1314 2791 1459 2846 nobis
1478 2793 1736 2859 exierunt,
1763 2794 1852 2847 sed
1880 2811 1983 2848 non

397 2891 547 2936 erant
567 2897 630 2935 ea:
653 2881 816 2935 nobis.
841 2881 970 2949 Qum
993 2892 1456 2952 congregaverunt
1475 2883 1712 2950 divitias,
1734 2884 1986 2940 videlicet

398 2971 662 3027 bonorum
693 2987 937 3043 operum,
989 2973 1282 3040 orationes,
1330 2973 1557 3044 jejunia,
1589 2976 1980 3048 eleemosynas,

397 3063 743 3120 afﬂictionem
772 3074 827 3119 et
851 3065 1224 3120 castimoniam
1247 3067 1448 3132 carnis,
1475 3068 1858 3122 continentiam
1881 3069 1984 3123 lin-

2094 519 2238 558 mens
2283 502 2566 558 Dominum
2611 505 2725 573 ipsa
2769 504 3094 559 laudabitur.
3138 505 3324 560 Fallax
3381 517 3468 562 est
3497 509 3682 578 gratia

2089 597 2284 662 laudis,
2335 613 2494 666 quam
2523 597 2592 651 ab
2637 597 2854 653 homine
2883 598 3102 668 accipit,
3153 614 3289 652 vana
3330 599 3682 668 pulchritudo

2089 689 2354 746 castitatis
2389 689 2472 744 vel
2528 691 2859 760 operationis
2910 692 3082 756 bonae,
3139 707 3303 761 quam
3359 694 3682 748 hominibus

2087 781 2324 835 ostendit
2343 781 2522 836 anima
2550 797 2672 851 qua:
2697 783 2892 838 timore
2913 791 3067 838 caret
3087 784 3268 838 divino
3292 801 3308 848 ;
3340 792 3396 838 at
3425 784 3514 839 illa
3533 801 3680 841 con-

2087 869 2311 923 scientia
2341 885 2469 924 vera
2526 879 2611 926 est
2640 870 2797 927 laude
2851 873 3034 943 digna,
3070 887 3190 942 quae
3221 873 3470 930 timorem
3491 873 3590 930 Dei
3620 873 3682 928 in

2085 963 2335 1019 omnibus
2384 970 2585 1026 servat,
2620 959 2732 1033 ipse
2760 970 2845 1018 est
2898 965 3045 1018 enim
3080 963 3403 1033 principium
3456 972 3682 1022 cuncta-

2088 1069 2207 1108 rum
2237 1061 2532 1124 custosque
2575 1053 2859 1117 virtutum,
2890 1049 3175 1123 Scriptura
3204 1054 3417 1111 dicente
3443 1073 3458 1110 :
3494 1054 3680 1112 Timor

2084 1148 2299 1202 Domini
2348 1148 2663 1218 principium
2709 1147 2982 1218 sapientia:
3009 1146 3189 1218 (Prov.
3224 1149 3306 1220 I);
3339 1159 3393 1205 et
3429 1150 3629 1206 iterum
3658 1168 3674 1204 :

2088 1239 2192 1307 Qui
2231 1241 2375 1294 timet
2407 1240 2596 1305 Deam,
2647 1237 2779 1292 nihil
2825 1238 3057 1310 negligit.
3085 1237 3224 1295 Hinc
3247 1248 3334 1294 est
3355 1241 3499 1295 enim
3527 1241 3678 1310 quod

2086 1337 2208 1392 ideo
2232 1335 2424 1390 beatus
2447 1333 2552 1388 .Iob
2582 1341 2636 1387 et
2673 1333 3114 1402 inprosperitate
3146 1331 3443 1388 virtutibus
3467 1333 3673 1386 incom-

2083 1425 2403 1498 parabiliter
2434 1422 2640 1487 floruit,
2671 1431 2728 1476 et
2755 1421 2810 1476 in
2843 1421 3267 1477 adversitatibus
3291 1420 3676 1489 insuperabilis

2086 1517 2227 1574 hosti
2258 1515 2580 1586 permansit,
2611 1514 2742 1583 quia
2772 1512 3040 1568 veraciter
3077 1512 3258 1568 dicere
3287 1512 3482 1582 potuit,
3512 1511 3673 1566 Sem-

2086 1626 2182 1681 per
2228 1610 2371 1664 enim
2405 1608 2562 1678 quasi
2615 1614 2890 1662 tumentes
2943 1619 3110 1675 super
3164 1621 3252 1660 me
3280 1603 3472 1661 nudus
3514 1604 3671 1659 timui

2088 1702 2257 1756 Deum
2285 1711 2341 1754 et
2387 1699 2597 1769 pondus
2621 1696 2739 1766 eius
2791 1695 2939 1752 ferre
2990 1711 3098 1751 non
3151 1695 3322 1765 pot'ui.
3375 1693 3562 1749 Fallax
3591 1702 3671 1748 est

2087 1808 2217 1863 ergo
2245 1791 2620 1847 simulatorurn
2644 1788 2845 1861 gratia,
2870 1803 3040 1842 vanus
3072 1787 3240 1843 decor
3261 1787 3445 1857 operis
3476 1785 3673 1841 stulto-

2088 1898 2228 1947 rum,
2261 1881 2503 1938 Ecclesia
2531 1889 2735 1946 autem,
2794 1894 2914 1949 qua:
2957 1879 3011 1933 in
3045 1879 3242 1934 timore
3294 1877 3565 1934 incolatus
3589 1878 3671 1932 sui

2088 1983 2331 2042 tempore
2372 1979 2747 2035 conservatur,
2805 1968 3064 2039 quoniam
3119 1968 3375 2023 ardentes
3401 1968 3668 2023 virtutum

2086 2061 2362 2130 lampadas
2390 2060 2628 2115 venienti
2662 2059 2728 2114 ad
2751 2057 3016 2129 judicium
3057 2072 3156 2112 suo
3212 2055 3424 2128 Sponso
3459 2056 3670 2120 otl‘cret,

2085 2149 2202 2218 iure
2230 2151 2299 2205 ab
2345 2167 2412 2204 eo
2466 2150 2684 2204 laudata
2727 2148 2950 2217 jannam
2998 2164 3126 2204 cum
3154 2161 3220 2204 co
3248 2149 3404 2220 regni
3429 2148 3671 2206 caelestis

2086 2241 2328 2297 intrabit.
2359 2241 2601 2308 Qualiter
2629 2251 2810 2295 autem
2831 2255 2952 2296 eam
2974 2238 3182 2305 laudet,
3213 2240 3488 2296 terminali
3514 2256 3672 2296 versu

2086 2331 2312 2386 docetur
2340 2347 2353 2384 :

2156 2422 2292 2476 Date
2329 2423 2376 2476 ei
2403 2423 2466 2475 de
2490 2422 2666 2491 [ructu
2691 2439 2944 2477 manuum
2969 2440 3207 2485 suarum,
3238 2435 3286 2478 et
3315 2423 3532 2478 laudent
3558 2439 3671 2476 eam

2085 2514 2140 2567 in
2167 2514 2331 2584 portis
2360 2529 2515 2582 opera
2541 2512 2677 2582 ejus.
2709 2511 2834 2567 llzec
2863 2521 2990 2567 sunt
3016 2513 3162 2568 enim
3186 2513 3350 2568 verba
3373 2513 3474 2567 viri
3507 2513 3666 2576 illius,

2087 2605 2154 2660 de
2173 2621 2281 2675 quo
2313 2605 2520 2659 dictum
2549 2613 2634 2658 est
2661 2623 2674 2658 :
2718 2603 2807 2657 Vir
2833 2605 2947 2675 ejus
2977 2615 3024 2659 et
3053 2606 3289 2659 laudabit
3317 2622 3458 2670 eam,
3485 2605 3541 2660 id
3568 2615 3664 2667 est,

2086 2695 2183 2750 Dei
2213 2704 2268 2750 et
2297 2694 2600 2750 Salvatoris
2645 2696 2839 2759 nostri,
2873 2696 2965 2764 qui
3001 2697 3208 2767 angelis
3234 2697 3287 2751 in
3327 2696 3436 2752 ﬁne
3464 2711 3665 2766 praece—

2085 2795 2277 2857 pturus
2305 2793 2388 2841 est
2417 2795 2475 2840 ut
2503 2787 2802 2842 Ecclesiam
2848 2797 2972 2858 post
3023 2788 3181 2858 hujus
3209 2788 3336 2842 vitm
3367 2797 3666 2853 certamen,

2086 2885 2209 2948 post
2237 2877 2635 2933 triturationem
2677 2877 3030 2934 amictionum
3062 2880 3429 2945 terrestrium,
3464 2881 3534 2934 ad
3561 2893 3666 2934 ete-

2088 2966 2238 3022 lestis
2268 2969 2420 3040 regni
2454 2969 2647 3040 gaudia
2671 2969 3033 3036 introducaut,
3065 2985 3130 3025 ac
3179 2970 3306 3026 vita:
3347 2971 3667 3026 immortalis

2089 3059 2188 3113 sibi
2245 3060 2447 3114 sociam
2500 3069 2813 3132 aggregent,
2857 3061 3011 3132 juxta
3069 3061 3198 3116 illud
3252 3062 3666 3134 evangelicum:

400 3169 535 3225 gum,
557 3155 956 3210 meditationem
981 3154 1385 3225 scripturarum
1405 3164 1459 3210 et
1488 3164 1683 3212 canem
1703 3156 1981 3226 hujusmo-
2010 3133 2056 3196 (ἶ
2091 3149 2343 3206 Triticum
2375 3162 2548 3207 autem
2575 3164 2884 3224 congregato
2915 3155 2966 3208 in
2989 3155 3234 3209 horreum
3257 3133 3428 3210 meum
3451 3154 3665 3220 (Matth.

400 3245 473 3309 di,
504 3261 624 3315 quae
659 3254 783 3299 sunt
813 3259 954 3300 verte
977 3245 1178 3300 divitia:
1211 3246 1452 3315 spiritus,
1483 3247 1575 3301 ubi
1614 3264 1750 3318 pura
1785 3249 1985 3305 mentis

402 3336 747 3406 simplicitate
769 3345 1071 3407 geruntur;
1103 3337 1193 3390 ubi
1221 3347 1404 3390 autem
1433 3338 1550 3394 sine
1582 3338 1708 3403 ﬁde,
1738 3355 1858 3409 qua:
1885 3354 1982 3410 per

405 3428 744 3484 dilectionem
769 3436 1044 3498 operatur,
1078 3428 1234 3493 ﬁunt,
1263 3429 1396 3484 nihil
1420 3431 1704 3501 agentibus
1730 3439 1976 3502 prosunt.

402 3521 509 3576 Sed
537 3529 592 3576 et
618 3521 721 3575 illa:
773 3521 897 3576 ﬁlia:
948 3520 1147 3576 frustra
1188 3531 1586 3593 congregarunt
1641 3523 1882 3588 divitias,
1914 3525 1980 3579 de

401 3612 600 3682 quibus
628 3613 887 3668 Dominus
915 3612 1029 3667 ait:
1063 3611 1222 3667 Multi
1269 3614 1440 3668 dicent
1486 3616 1616 3668 mihi
1648 3616 1704 3668 in
1750 3615 1844 3670 illa
1871 3616 1979 3680 die,

401 3706 645 3770 Domine,
677 3705 918 3771 Domine,
965 3723 1136 3762 nonne
1174 3707 1229 3760 in
1256 3709 1464 3762 nomine
1513 3717 1602 3761 tuo
1649 3709 1980 3779 prophetari-

401 3801 570 3854 ωας-γ
589 3803 637 3850 et
677 3796 734 3849 in
759 3805 847 3850 tuo
874 3798 1081 3852 nomine
1117 3797 1378 3853 dtemonia
1409 3799 1698 3869 ejecimus?
1721 3810 1768 3854 et
1797 3801 1852 3854 in
1890 3810 1982 3855 tuo

403 3887 612 3941 nomine
677 3887 891 3941 virtutes
936 3887 1130 3942 multas
1179 3888 1439 3959 fecimus?
1463 3899 1510 3944 et
1541 3900 1663 3944 tunc
1695 3890 1982 3960 conﬁtebor

399 3977 505 4031 illis
529 3977 653 4048 quia
693 3993 960 4049 nunquam
989 3980 1105 4033 novi
1132 3996 1220 4034 vos
1241 3979 1457 4051 (Matth.
1508 3983 1604 4053 vn)
1629 4000 1643 4047 ;
1676 3983 1769 4037 sed
1790 3997 1980 4037 omnes

401 4070 705 4126 istiusmodi
754 4067 893 4125 ﬁlias
921 4070 1162 4126 Ecclesia
1224 4072 1492 4128 catholica
1547 4073 1974 4144 supergreditur.

399 4178 520 4232 qum
549 4160 652 4216 ﬁde
699 4169 848 4216 casta
877 4170 934 4216 et
961 4177 1126 4233 opere
1175 4164 1434 4233 perfecta,
1489 4163 1868 4236 Redemptoris
1895 4165 1977 4220 sui

402 4252 629 4323 vestigia
664 4259 924 4307 sectatur.

2090 3245 2153 3315 ι).
2198 3275 2266 3284 -
2294 3245 2451 3312 Date,
2501 3246 2698 3315 inquit,
2754 3249 2799 3301 ei
2833 3248 2896 3309 de
2930 3248 3106 3318 fructu
3145 3266 3397 3304 manuum
3426 3267 3664 3314 suarum,

2087 3336 2213 3404 quia
2238 3335 2472 3391 fructum
2499 3339 2720 3406 spiritus
2747 3337 2888 3393 ferre
2914 3340 3144 3402 curavit,
3179 3340 3524 3406 charitatem,
3547 3357 3667 3410 gau-

2087 3428 2258 3493 dium,
2292 3444 2504 3499 pacem,
2529 3431 2942 3502 benignitatem,
2972 3432 3295 3490 bonitatem.
3325 3433 3665 3497 modestiam,

2089 3523 2499 3588 continentiam,
2538 3524 2720 3588 ﬁdem,
2753 3525 3094 3595 patientiam,
3128 3540 3227 3594 pro
3247 3526 3359 3580 hoc
3412 3525 3488 3579 illi
3518 3527 3666 3582 debi-

2091 3623 2200 3668 tam
2233 3614 2508 3683 rependite
2533 3617 2856 3671 mercedem.
2888 3615 2956 3669 Et
2987 3615 3202 3669 laudent
3223 3631 3341 3668 eam
3380 3616 3438 3668 in
3481 3617 3664 3685 portis,

2089 3705 2190 3759 hoc
2221 3713 2324 3768 est,
2358 3705 2410 3758 in
2438 3703 2663 3774 judicio,
2694 3705 2808 3759 sive
2837 3705 2890 3758 in
2923 3705 3167 3774 ingressu
3195 3705 3386 3774 patriae
3406 3704 3662 3768 ciuitatis,

2087 3808 2196 3847 non
2251 3793 2526 3847 hominum
2573 3792 2787 3849 favores
2838 3795 3158 3864 supervacui
3211 3795 3309 3850 sed
3339 3809 3509 3864 opera
3555 3795 3662 3863 ipsa

2081 3903 2206 3957 qua:
2232 3886 2355 3952 feci,
2399 3887 2768 3952 examinante,
2798 3889 3059 3956 probante
3079 3904 3142 3942 ac
3169 3897 3553 3942 remuneraute
3579 3887 3666 3941 illo

2088 3977 2242 4046 cujus
2291 3978 2406 4032 haec
2465 3978 2700 4034 donante
2730 3979 2901 4050 gratia
2941 3977 3169 4048 perfecit
3199 3996 3212 4032 :
3258 3993 3288 4032 a
3319 3993 3428 4048 quo
3458 3989 3520 4032 ut
3547 3977 3663 4031 lau-

2087 4071 2206 4126 dari
2262 4085 2568 4125 mereamur
2618 4071 2672 4124 in
2709 4069 2889 4125 futuro
2939 4068 3204 4126 concedat
3231 4069 3348 4138 ipse
3376 4069 3664 4139 propitius,

2087 4179 2186 4217 nos
2217 4176 2344 4216 eum
2382 4160 2560 4230 dignis
2624 4161 2678 4216 in
2715 4161 2970 4232 praesenti
3009 4161 3129 4217 vita
3154 4159 3468 4217 collaudare
3491 4159 3662 4215 servi-

2088 4253 2197 4308 tiis.
2237 4251 2430 4308 Amen.
