3962 6198
256 361 3512 414 W

824 527 1398 640 ΒΕΔΤῙ
1471 529 2216 647 ΒΔΒΔΝῙ
2289 531 2903 646 ΜΔΙῙΒῙ

973 734 1356 792 FULDENSIS
1391 735 1683 793 ABBATIS
1722 736 1812 792 ET
1850 735 2231 794 MOGUNTINI
2270 739 2786 800 ARCllIEPlSCOPl

489 917 1282 1075 EXP081’1‘10NIS
1390 917 1770 1072 SUPER

1953 922 2470 1077 Elllllllllll
2576 925 3272 1087 ΡΒθΡΙΙΕἸἏΜ

1493 1209 1770 1286 LIBRI
1819 1205 2260 1286 VIGINTI.
2361 1293 2368 1301 η

1574 1406 2211 1438 wh

1609 1555 2184 1625 PREFA'I‘IO
2217 1509 2230 1528 ’

1341 1723 1432 1778 AD
1466 1722 1875 1780 LOTHARIUM
1913 1725 2437 1785 IMPERATOREM.

331 1950 459 2006 Post
492 1944 982 2004 Commentariolos
1038 1959 1176 2013 quos
1222 1958 1342 1998 mea
1371 1942 1616 2012 parvitas
1641 1941 1692 1994 in
1733 1939 1842 1996 He-
1871 1943 1920 2003 Α
1950 1942 2144 1997 tentias
2171 1943 2467 2016 collegisse,
2523 1955 2571 2000 et
2620 1947 2858 2017 ipsorum
2910 1965 3104 2006 sensus
3158 1953 3355 2025 ubique
3405 1971 3524 2013 ser-

263 2050 593 2112 ptateucum,
624 2045 682 2092 et
709 2035 763 2091 in
787 2036 957 2090 libros
981 2034 1209 2104 Regum,
1251 2043 1414 2103 atque
1459 2033 1512 2086 iu
1563 2030 1844 2100 Paralipo—

264 2147 462 2189 menon
532 2129 739 2194 edidit;
820 2134 942 2197 post
1009 2122 1509 2196 explanatiunculas
1591 2121 1848 2176 historia-

266 2240 384 2279 rum
418 2222 635 2285 Esther,
689 2220 874 2276 Judith
906 2227 961 2273 et
1010 2217 1464 2281 Machabworum,
1499 2231 1597 2270 nec
1650 2229 1757 2268 non
1794 2220 1849 2266 et

265 2313 557 2368 voluminis
579 2309 870 2382 Sapientiae
899 2315 1062 2378 atque
1089 2305 1482 2370 Ecclesiastici,
1511 2305 1848 2373 aliorumque

265 2402 649 2474 opusculorum
677 2416 922 2456 meorum
967 2399 1200 2464 labores,
1240 2397 1308 2452 ad
1335 2406 1639 2451 extremum
1671 2395 1724 2449 in
1754 2393 1846 2449 Je-

268 2494 498 2549 remiam
548 2507 767 2548 manum
817 2490 964 2554 misi,
1011 2498 1072 2544 ut
1096 2487 1335 2544 collectis
1363 2487 1600 2555 undique
1631 2493 1849 2540 sancto-

269 2600 389 2638 rum
441 2583 664 2636 Patrum
727 2581 1032 2646 sententiis,
1086 2578 1248 2648 hujus
1298 2591 1512 2646 quoque
1570 2575 1848 2645 prophetae

270 2690 466 2731 sensus
485 2671 875 2743 aliquantulum
913 2671 1070 2725 avido
1122 2669 1313 2724 lectori
1349 2668 1638 2744 aperirem.
1666 2667 1850 2733 anue

271 2766 402 2821 mihi
439 2767 508 2819 ad
541 2765 637 2819 hoc
668 2762 974 2821 faciendum
1026 2762 1270 2820 incubuit
1293 2765 1610 2829 necessitas,
1641 2771 1698 2817 ut
1723 2765 1848 2833 quia

270 2858 415 2915 beati
467 2856 778 2929 [lieronymi
807 2858 1216 2928 explanationes
1254 2858 1306 2911 in
1346 2858 1491 2911 hunc
1523 2856 1848 2927 prophetam

272 2966 542 3020 nusquam
585 2950 650 3004 ad
702 2949 969 3020 integrum
1029 2950 1269 3021 reperire
1313 2948 1483 3017 potui,
1516 2948 1609 3002 sed
1639 2956 1850 3000 tantum

272 3043 477 3110 primos
502 3055 596 3094 sex
625 3039 814 3105 libros,
840 3040 929 3109 qui
958 3040 1270 3110 pertingunt
1289 3055 1427 3108 pene
1457 3053 1628 3108 usque
1657 3038 1724 3092 ad
1747 3051 1857 3093 me-

271 3133 526 3188 dietatem
554 3131 844 3186 voluminis
888 3131 1187 3202 prophetici
1220 3148 1233 3185 :
1264 3131 1404 3186 sicut
1430 3145 1533 3185 nec
1559 3130 1644 3184 vir
1676 3127 1852 3184 soler-

275 3224 516 3278 tissimus
549 3220 910 3277 Cassiodorus
961 3219 1191 3275 Senator
1219 3220 1464 3274 invenire
1495 3235 1553 3274 se
1582 3233 1741 3289 posse
1767 3233 1851 3272 as-

1909 2043 2102 2086 ‘Vasse
2132 2051 2144 2085 :
2172 2032 2296 2088 licet
2329 2033 2381 2088 in
2420 2034 2708 2105 aliquibus,
2761 2036 3044 2094 brevitatis
3071 2055 3253 2107 causa,
3284 2045 3522 2114 propriis

1947 2125 2290 2180 sermonibus
2317 2141 2446 2180 usus
2479 2126 2604 2190 sim,
2644 2128 2846 2182 notatis
2876 2127 3176 2186 forinsecus
3200 2147 3387 2201 eorum
3417 2149 3522 2190 no-

1948 2214 2206 2280 minibus,
2237 2231 2463 2285 quorum
2499 2217 2661 2273 verba
2691 2227 2786 2272 aut
2821 2233 3014 2276 sensus
3060 2221 3114 2275 in
3139 2223 3349 2291 pagella
3392 2239 3524 2280 con-

1947 2303 2184 2371 sistunt;
2216 2306 2518 2376 habeatque
2566 2308 2700 2363 satis
2754 2311 3091 2365 commodum
3122 2315 3521 2384 compendium,

1948 2393 2165 2461 quando
2195 2393 2247 2447 id
2272 2395 2413 2462 quod
2453 2395 2508 2448 in
2537 2395 2720 2451 multis
2744 2398 3018 2456 codicibus
3037 2399 3260 2458 Patrum
3290 2407 3521 2460 scrutari

1949 2482 2155 2549 debuit,
2193 2483 2246 2537 in
2294 2501 2457 2538 unum
2489 2488 2750 2555 repererit
2803 2489 3124 2546 collectum:
3158 2507 3257 2549 nec
3279 2492 3394 2562 jam
3421 2497 3526 2553 sibi

1950 2573 2197 2630 laborare
2220 2590 2444 2632 necesse
2471 2593 2593 2633 esse
2650 2580 2993 2650 inquirendo,
3051 2586 3140 2638 ubi
3181 2586 3408 2645 aliorum
3437 2593 3523 2646 la-

1947 2667 2078 2728 bore
2109 2669 2276 2744 quieti
2304 2685 2416 2730 sua:
2441 2671 2704 2729 invenerit
2746 2673 3068 2732 consultum.
3099 2680 3239 2752 Ergo
3266 2665 3521 2752 quoniam

1951 2781 2122 2836 nuper
2151 2767 2375 2836 epistola
2405 2767 2473 2823 de
2526 2770 2843 2825 excellentia
2887 2779 3086 2839 vestra,
3139 2789 3171 2828 ο
3205 2775 3516 2845 imperator,

1951 2859 2016 2912 ad
2046 2875 2144 2914 nos
2173 2860 2339 2914 missa
2367 2861 2634 2930 pervenit,
2667 2863 2891 2918 hortans
2913 2865 3234 2935 parvitatem
3265 2883 3443 2923 meam
3465 2876 3527 2923 ut

1952 2948 2112 3017 hujus
2144 2951 2420 3020 prophetae
2455 2950 2649 3006 librum
2687 2954 2840 3008 vobis
2868 2969 3215 3025 exponerem,
3248 2958 3526 3015 ultimam-

1951 3055 2055 3109 que
2085 3049 2292 3110 partem
2323 3041 2623 3099 Ezechielis
2659 3045 2954 3114 prephetae,
2985 3049 3052 3104 ah
3083 3065 3146 3104 eo
3171 3050 3288 3105 loco
3313 3053 3402 3107 ubi
3430 3068 3528 3108 ex.

1951 3130 2271 3198 positionem
2317 3129 2432 3200 ejus
2486 3133 2676 3190 beatus
2724 3152 2855 3206 papa
2895 3137 3186 3208 Gregorius
3237 3141 3291 3194 in
3319 3143 3528 3197 decima

1953 3220 2176 3274 humilia
2228 3221 2418 3276 morali
2450 3236 2609 3278 sensu
2663 3233 2826 3294 atque
2877 3227 3164 3299 allegorico
3206 3231 3400 3296 finivit,
3426 3249 3527 3304 ego

271 3314 425 3377 serit,
475 3327 635 3382 quem
692 3319 871 3364 tamen
930 3309 1118 3380 viginti
1171 3309 1338 3362 libros
1391 3309 1514 3363 inde
1563 3307 1847 3376 scripsisse
1877 3304 1921 3364 C
1956 3328 2122 3384 usque
2147 3311 2213 3367 ad
2236 3312 2396 3368 ﬁnem
2435 3315 2625 3371 morali
2665 3319 3000 3388 mysricoque
3049 3335 3210 3376 sensu
3262 3323 3527 3392 perduce-

273 3413 544 3469 testatur;
574 3405 891 3474 cogentibus
919 3403 1178 3458 fratribus
1204 3402 1424 3466 nostris,
1451 3401 1541 3470 qui
1573 3399 1854 3455 nobiscum

273 3495 490 3550 divinos
540 3495 709 3550 libros
760 3502 1094 3556 scrutantur,
1155 3493 1270 3563 ipse
1317 3491 1587 3546 scribendi
1616 3490 1850 3546 studium

273 3587 641 3656 impenderem
672 3605 684 3639 :
709 3601 773 3640 ac
788 3585 866 3640 sic
893 3584 1036 3654 quod
1060 3599 1124 3639 ex
1153 3598 1259 3638 uno
1285 3582 1592 3652 expositore
1608 3589 1663 3636 et
1685 3581 1853 3635 inter-

271 3683 426 3745 prete
453 3677 758 3730 divinorum
789 3675 1048 3730 librorum
1081 3672 1292 3729 ellicere
1323 3687 1427 3727 non
1459 3671 1630 3742 potui,
1659 3671 1853 3726 saltem

272 3785 341 3824 ex
379 3770 626 3840 pluribus
659 3770 974 3825 doctoribus
1021 3771 1315 3837 eorumque
1347 3766 1577 3822 diversis
1624 3764 1855 3820 volumi-

271 3863 434 3917 nibus
484 3864 696 3918 illorum
756 3863 1003 3933 petitioni
1056 3861 1450 3917 satisfacerem.
1508 3859 1642 3914 Nam
1677 3857 1855 3933 fertur

272 3953 524 4024 Origenis
560 3953 916 4023 quadraginta
967 3951 1204 4021 quinque
1253 3949 1491 4006 homiliis
1530 3956 1852 4020 praesentem

270 4043 590 4114 prophetam
634 4042 818 4098 Attico
866 4056 1117 4098 sermone
1166 4039 1500 4110 exposuisse.
1553 4037 1632 4092 Ex
1657 4035 1855 4108 quibus

271 4135 680 4206 quatuordecim
713 4142 921 4189 tantum
960 4132 1249 4189 translatas
1292 4131 1495 4196 inveni,
1521 4145 1642 4200 qua:
1671 4143 1757 4184 me
1799 4128 1854 4182 in

273 4226 562 4295 hocopere
589 4241 694 4280 non
742 4240 930 4294 parum
966 4222 1311 4294 adjtivabant,
1341 4219 1854 4292 explanationesque

273 4326 596 4372 ceterorum
645 4315 1053 4387 prophetarum,
1093 4327 1229 4384 quas
1270 4312 1527 4383 praefatus
1556 4311 1750 4366 divinae
1778 4311 1854 4366 le-

275 4407 360 4476 gis
399 4407 671 4477 interpres
729 4405 917 4472 edidit,
975 4405 1160 4460 multis
1189 4405 1242 4460 in
1284 4403 1418 4460 locis
1452 4401 1701 4458 Ieremia:
1730 4418 1854 4458 sen-

276 4499 476 4553 tentias
505 4497 678 4553 lucide
719 4506 1104 4566 exposuerunt.
1136 4493 1230 4551 Sic
1254 4503 1309 4549 et
1334 4493 1524 4549 beatus
1547 4507 1686 4563 papa
1711 4488 1848 4547 Gre-

273 4589 461 4663 gorius
483 4605 590 4644 non
622 4603 811 4658 parum
848 4586 1004 4642 nobis
1032 4585 1086 4640 in
1139 4584 1393 4641 dictando
1426 4583 1648 4654 profuit,
1675 4583 1767 4652 qui
1796 4582 1851 4636 in

1955 3409 2278 3479 remzquod
2328 3410 2458 3465 mihi
2513 3411 2740 3466 arduum
2785 3413 3044 3482 valdeque
3084 3414 3295 3471 difﬁcile
3347 3416 3522 3471 visum

1952 3507 2054 3558 est.
2087 3507 2144 3553 ut
2171 3500 2291 3564 hoc,
2323 3501 2464 3570 quod
2491 3502 2786 3557 doctissimi
2817 3511 2871 3557 et
2894 3504 3233 3561 disertissimi
3273 3507 3529 3562 Ecclesite

1953 3587 2218 3656 magistri,
2259 3589 2401 3643 ultra
2436 3590 2582 3646 vires
2622 3606 2747 3646 suas
2789 3588 3303 3660 essejudicaverunt
3333 3602 3389 3650 et
3415 3604 3528 3650 stu-

1955 3676 2128 3744 pendo
2157 3675 2224 3730 ab
2253 3691 2319 3732 eo
2376 3677 2800 3744 declinaverunt,
2834 3680 2946 3750 ipse
2974 3679 3220 3739 infirmus
3259 3693 3314 3738 et
3339 3683 3531 3740 debilis

1953 3773 2004 3818 el
2036 3779 2141 3818 non
2166 3772 2274 3818 tam
2297 3780 2524 3836 corpore
2563 3775 2797 3837 aegrotus
2831 3784 2991 3837 quam
3026 3771 3190 3826 etiam
3240 3787 3400 3827 sensu
3429 3774 3532 3828 mi-

1954 3861 2137 3918 nutus,
2185 3855 2535 3923 pertinaciter
2583 3857 2736 3926 quasi
2766 3858 2833 3912 ad
2859 3858 2963 3913 hoc
3014 3858 3238 3914 idoneus
3291 3870 3533 3918 teutarer

1954 3945 2193 4015 aggredi.
2225 3943 2325 4011 Qui
2357 3944 2483 4001 licet
2526 3948 2728 4018 allquid
2767 3950 2949 4020 magni
3000 3966 3274 4021 nunquam
3306 3952 3524 4018 fuerim,

1955 4043 2134 4089 tamen
2161 4035 2321 4090 modo
2360 4035 2517 4108 longe
2543 4037 2689 4093 aliud
2713 4053 2800 4093 me
2847 4052 2970 4094 esse
2997 4042 3174 4096 sentio
3215 4057 3378 4111 quam
3405 4042 3528 4098 fue-

1954 4139 2107 4178 ram:
2145 4125 2238 4195 qui
2265 4125 2414 4195 gravi
2471 4127 2789 4199 aegritudine
2830 4143 3050 4200 pressus
3098 4130 3210 4200 jam
3242 4132 3439 4200 saepius
3469 4133 3522 4188 in

1952 4215 2151 4272 lectulo
2178 4219 2463 4286 accumbe,
2486 4234 2649 4290 quam
2677 4221 2745 4276 ad
2769 4221 3114 4277 scribendum
3143 4222 3225 4277 vel
3253 4224 3319 4278 ad
3349 4223 3532 4297 legen-

1953 4305 2079 4361 dum
2109 4308 2163 4362 in
2196 4309 2538 4366 meditatorio
2566 4314 2749 4368 sedeo.
2796 4311 3000 4370 Idcirco
3027 4313 3282 4383 quoniam
3323 4333 3341 4366 ι
3375 4330 3530 4372 versa

1953 4403 2038 4452 est
2069 4397 2121 4451 in
2149 4397 2353 4454 luctum
2375 4399 2583 4454 cithara
2605 4415 2745 4467 mea,
2773 4410 2829 4457 et
2856 4416 3118 4474 organum
3148 4418 3329 4458 meum
3357 4404 3410 4459 in
3444 4421 3532 4461 vo-

1960 4505 1978 4538 ς
2013 4502 2130 4543 cem
2182 4487 2420 4544 ﬂentium
2457 4488 2599 4562 (Job.
2628 4491 2786 4563 xxx),
2833 4510 2852 4544 ο
2885 4491 3014 4547 libet
3044 4507 3129 4547 me
3185 4494 3360 4566 magis
3405 4510 3533 4567 pec-

1955 4586 2076 4633 cata
2110 4593 2229 4633 mea
2288 4579 2504 4649 plorare
2559 4595 2720 4651 quam
2769 4591 2932 4637 cantu
2991 4583 3259 4639 musicam
3313 4600 3528 4653 sonare,

277 4654 511 4738 diversis
538 4654 814 4748 opusculis
849 4676 982 4742 suis,
1019 4690 1170 4731 more
1200 4689 1322 4740 suo,
1358 4673 1664 4729 divinorum
1688 4672 1851 4727 libro-
1880 4654 1924 4718 C
1957 4668 2184 4723 dicendo
2233 4669 2302 4722 ad
2328 4669 2612 4725 Dominum
2649 4685 2773 4726 cum
2803 4669 3074 4742 Propheta
3111 4687 3127 4728 :
3165 4692 3183 4726 ε
3215 4672 3533 4732 Incurvatus

277 4784 396 4824 rum
425 4768 726 4824 sententias
754 4766 1088 4836 exponendo,
1115 4765 1268 4821 istius
1323 4778 1539 4835 quoque
1578 4762 1853 4833 prophetae

275 4857 506 4928 plurima
536 4855 845 4912 testimonia
865 4854 1138 4911 enodavit.
1170 4853 1265 4910 His
1285 4867 1414 4924 ergo
1443 4853 1694 4908 omnibus
1726 4866 1853 4906 con-

278 4947 552 5012 sideratis,
582 4961 748 5001 unum
795 4944 1110 5016 opusculum
1147 4943 1382 5000 condere
1421 4942 1678 5013 disposui,
1709 4941 1852 5012 quod

282 5045 460 5091 tamen
500 5035 552 5090 in
580 5034 768 5105 viginti
793 5034 958 5089 libros
987 5033 1272 5104 dispartire
1317 5032 1552 5098 decrevi,
1581 5046 1649 5087 ne
1674 5030 1850 5101 longi-

281 5127 408 5182 tudo
437 5126 698 5182 librorum
730 5125 1005 5180 fastidium
1037 5125 1224 5181 lectori
1268 5123 1492 5188 faceret,
1535 5123 1642 5177 imo
1669 5121 1860 5176 brevi-r

280 5224 362 5271 tas
385 5216 453 5269 ad
477 5213 686 5286 singula
740 5213 1074 5270 discutienda
1119 5212 1417 5267 acutiorem
1445 5211 1711 5266 redderet.
1741 5209 1851 5266 Nec

280 5321 365 5362 me
415 5313 906 5376 prtesumptuosum
953 5313 1046 5360 aut
1081 5301 1419 5374 superfluum
1470 5301 1753 5372 quisquam
1795 5299 1850 5353 in

279 5397 584 5452 conditione
634 5395 794 5466 hujus
841 5395 1020 5466 operis
1076 5394 1238 5450 debet
1285 5391 1482 5455 dicere,
1542 5389 1694 5460 quasi
1732 5397 1853 5458 post

275 5487 511 5557 optimos
535 5495 590 5541 et
636 5485 1027 5542 disertissimos
1053 5485 1388 5556 cxpositores
1417 5497 1517 5552 ego
1543 5480 1774 5551 elinguis
1799 5487 1854 5534 et

283 5576 456 5632 tenuis
484 5575 686 5647 ingenii
733 5590 1049 5646 magnorum
1087 5575 1324 5630 virorum
1355 5572 1531 5628 studia
1564 5571 1852 5626 temerario

281 5681 412 5720 ausu
445 5665 601 5722 velim
632 5665 937 5732 obfuscarc,
971 5680 1091 5720 cum
1121 5680 1206 5719 me
1251 5663 1449 5718 viderit
1492 5677 1678 5718 eorum
1719 5677 1846 5717 scn-

1963 4775 1982 4809 σ
2017 4773 2134 4813 sum
2163 4765 2217 4812 et
2259 4757 2573 4814 humiliatus
2623 4774 2742 4816 sum
2787 4775 3215 4834 usquequaque:
3251 4765 3532 4837 rugiebam

1965 4867 1983 4899 ι
2018 4864 2048 4902 a
2072 4848 2271 4919 gemitu
2306 4850 2485 4906 cordis
2511 4850 2615 4906 mei
2648 4869 2662 4906 :
2689 4851 2757 4908 Et
2783 4861 2910 4909 ante
2940 4861 2992 4909 te
3024 4863 3110 4910 est
3132 4870 3292 4911 omne
3321 4857 3532 4912 deside-

1967 4956 1984 4989 σ
2021 4937 2160 4992 rium
2191 4953 2396 5006 meum,
2425 4948 2482 4995 et
2508 4941 2740 5012 gemitus
2791 4957 2945 5000 meus
2979 4959 3008 4999 a
3041 4955 3094 5000 te
3148 4961 3256 4999 non
3291 4952 3377 5000 est
3402 4946 3532 5002 abs-

1964 5047 1983 5082 ι
2015 5030 2283 5088 conditus.
2315 5029 2423 5088 Cor
2455 5047 2633 5086 meum
2687 5035 3065 5088 conturbatum
3127 5043 3212 5090 est
3256 5034 3310 5088 in
3339 5050 3446 5100 me,
3477 5045 3534 5090 et

1963 5137 1982 5172 ι
2018 5120 2258 5176 deseruit
2306 5136 2393 5176 me
2447 5121 2705 5178 fortitudo
2758 5138 2898 5189 mea,
2952 5132 3007 5178 et
3034 5123 3214 5179 lumen
3245 5124 3525 5180 oculorum

1961 5229 1979 5264 σ
2017 5225 2261 5268 meorum
2290 5224 2395 5265 non
2418 5220 2501 5265 est
2547 5227 2757 5267 mecum
2804 5209 2977 5283 (Psal.
3004 5212 3235 5284 xxxv").
3273 5232 3291 5264 ι
3332 5231 3348 5265 ι
3379 5213 3532 5271 Mise-

1962 5319 1981 5352 α
2019 5315 2138 5355 rere
2163 5299 2269 5354 mei
2293 5301 2587 5354 secundum
2622 5317 2873 5372 magnam
2903 5301 3329 5357 misericordiam
3361 5313 3530 5370 tuam,

1960 5408 1978 5440 ι
2012 5388 2199 5443 deleus
2227 5387 2566 5457 iniquitatem
2594 5405 2769 5445 meam
2798 5388 2972 5458 (Psal.
2999 5390 3076 5461 ι),
3111 5393 3364 5462 quoniam
3402 5394 3454 5451 in
3482 5407 3534 5452 te

1959 5497 1977 5528 ι
2012 5477 2233 5532 confidit
2255 5477 2434 5531 anima
2465 5493 2582 5532 mea
2614 5476 2783 5549 (Psal.
2809 5478 2940 5550 LVI).
2969 5497 2988 5532 ι
3027 5499 3047 5533 ο
3080 5480 3157 5537 Ne
3176 5482 3430 5552 projicias
3450 5499 3536 5539 me

1959 5587 1976 5620 ‹
2014 5567 2065 5621 in
2087 5574 2326 5635 tempore
2349 5567 2660 5632 senectutis,
2688 5575 2886 5623 etcum
2923 5567 3364 5626 defeceritvirtus
3397 5585 3532 5637 itit-.1,

1960 5680 1977 5712 ι
2014 5677 2079 5715 ne
2109 5658 2452 5727 derelinquas
2493 5673 2578 5714 me
2610 5656 2782 5730 (Paul.
2837 5661 2986 5732 Lxx).
3019 5680 3040 5715 ι
3083 5660 3253 5736 Igitur
3291 5664 3364 5722 ob
3397 5666 3538 5722 hanc
