3962 6198
472 333 578 389 795

1114 331 1174 386 Β.
1216 329 1471 386 RABANI
1510 329 1729 387 MAURI
1767 328 2087 387 AHCHIEP.
2127 329 2440 401 MOGUNT.
2480 328 2767 387 OPERUM
2806 327 2986 387 PARS
3025 329 3115 386 lli.

3625 327 3735 384 ’ωδ

468 464 711 516 causam,
738 448 953 505 caeteris
975 448 1189 504 omissis
1213 448 1298 502 vel
1328 447 1505 517 potius
1535 446 1600 501 ad
1624 455 1807 515 aptum
1832 454 2042 514 tempus
2072 447 2120 504 A
2147 453 2200 500 et
2224 460 2483 500 amorem.
2514 445 2718 501 Horum
2746 446 3003 516 quiddam
3026 443 3201 500 simile
3232 444 3545 501 invenimus
3569 447 3737 500 etiam

469 542 786 607 reservatis,
835 542 879 597 si
907 540 1043 597 forte
1072 540 1331 595 Dominus
1355 554 1456 609 per
1476 540 1799 594 immensam
1825 535 2048 606 pietatis

469 650 581 690 sum
603 635 832 707 gratiam
860 633 1093 690 voluerit
1145 633 1431 687 sanitatem
1481 628 1613 686 mihi
1669 630 1936 697 tribuere,
1968 629 2048 685 fa-

470 726 836 796 cultatemque
864 724 1072 796 legendi
1097 732 1258 793 atque
1279 724 1549 779 scribendi
1579 722 1849 787 conferre,
1887 721 2048 779 modo

471 831 713 886 praesens
762 830 899 886 opus
933 814 1286 884 expositionis
1339 815 1586 870 videlicet
1629 812 1877 868 Jeremire
1923 828 2050 884 pro-

469 904 667 974 phetae,
703 903 846 975 quod
874 903 1031 960 bona:
1082 904 1360 958 memoria:
1386 904 1616 975 genitori
1655 912 1838 961 vestro
1858 904 2048 962 Ludo-

470 995 590 1050 vim
614 995 856 1067 Augusto
904 996 1083 1052 adhuc
1137 997 1352 1050 vivente
1390 996 1791 1063 inchoaveram,
1846 1005 2050 1069 etpost

470 1083 677 1136 obitum
727 1081 845 1152 ejus
873 1099 1395 1148 consummaveram,
1426 1095 1623 1141 vestrae
1675 1085 1946 1142 devotioni
1971 1087 2050 1143 si-

470 1172 581 1226 mul
604 1179 659 1227 et
682 1174 990 1229 auctoritati
1033 1175 1336 1241 committo,
1363 1184 1422 1231 ut
1450 1177 1695 1234 habeatis
1729 1178 1858 1235 illud
1904 1180 2050 1251 lcga-

470 1258 667 1327 tisque,
698 1270 754 1314 et
784 1261 850 1315 ad
875 1261 1075 1316 bonum
1106 1263 1344 1317 studium
1394 1273 1639 1319 nostrum
1683 1269 2048 1324 exercendum

467 1366 590 1407 cum
640 1352 841 1407 nostris
891 1368 956 1408 eo
990 1355 1240 1410 utamini.
1278 1356 1342 1410 Et
1385 1357 1639 1426 quoniam
1689 1359 2048 1428 plurimorum

470 1443 696 1501 diversa:
720 1455 846 1501 sunt
871 1447 1196 1514 voluntates,
1225 1458 1281 1504 et
1326 1450 1582 1508 differunt
1620 1454 1834 1526 ingenia
1883 1457 2051 1512 vacil-

469 1532 689 1604 lantque
725 1537 1028 1602 sententiae,
1078 1538 1278 1609 placuit
1326 1541 1456 1596 mihi
1490 1550 1541 1597 te
1589 1520 1753 1598 unum
1784 1560 1848 1602 ac
1873 1546 2047 1603 solum

461 1624 722 1696 judicent,
752 1643 817 1684 ac
842 1630 1157 1686 benevolum
1188 1641 1243 1686 et
1286 1634 1744 1702 sapientissimum
1769 1650 2046 1709 expetere,

468 1717 808 1775 sanctissime
856 1729 1019 1791 atque
1052 1724 1431 1793 augustissime
1475 1726 1770 1798 imperator
1796 1730 2045 1801 Lothari,

466 1805 622 1875 cujus
648 1817 884 1866 mentem
926 1811 1107 1867 divina
1161 1815 1427 1885 sapientia
1461 1817 1761 1888 illustrans,
1789 1838 1897 1879 non
1920 1841 2046 1896 per-

468 1899 633 1955 mittit
660 1900 846 1959 fraude
876 1904 1179 1961 invidorum
1211 1911 1502 1981 eorrumpi,
1533 1928 1633 1969 nec
1662 1917 1899 1972 versutia
1923 1934 2046 1990 pcr—

463 2002 743 2045 versurum
765 1991 948 2048 seduci
981 2012 995 2048 :
1028 1993 1122 2050 sed
1161 1994 1215 2050 in
1243 1998 1515 2068 aaquitatis
1540 2009 1596 2056 et
1611 2001 1835 2074 justitiae
1863 2004 2044 2079 regula

463 2094 816 2148 conservans,
858 2099 954 2154 per
998 2086 1140 2141 viam
1167 2088 1412 2145 veritatis
1436 2092 1623 2148 sedulo
1658 2095 1892 2153 deducit.
1922 2098 2043 2156 Tibi

460 2186 593 2244 ergo
628 2189 782 2244 aequo
805 2171 972 2247 judici
996 2193 1131 2248 opus
1158 2178 1346 2245 offero,
1378 2190 1437 2236 ut
1462 2191 1553 2238 tuo
1575 2185 1829 2243 examine
1857 2187 1923 2244 ad
1946 2206 2043 2261 pu-

462 2279 584 2319 rum
639 2268 920 2334 probetur,
972 2279 1024 2324 ct
1078 2277 1167 2325 tua
1210 2274 1538 2330 auctoritate
1594 2286 1785 2333 contra
1832 2279 2044 2339 invidos

459 2353 777 2410 aemulorum
810 2370 1026 2413 morsus
1054 2364 1290 2415 tueatur.
1336 2359 1471 2417 Cum
1501 2364 1646 2419 enim
1674 2366 1959 2424 habuerim
1992 2378 2044 2427 te

457 2443 752 2513 propitium
783 2454 837 2500 et
862 2446 1153 2518 benignum
1182 2446 1446 2519 iudicem,
1498 2469 1595 2524 pro
1619 2456 1786 2531 nihilo
1814 2458 2043 2515 aliorum

456 2533 741 2603 opiniones
791 2533 959 2591 falsas
1015 2537 1234 2607 deputo,
1276 2543 1371 2596 sed
1426 2545 1506 2598 tui
1544 2543 1685 2615 juris
1741 2558 1952 2604 amator
1980 2566 2046 2606 ac

457 2634 663 2680 sanctae
692 2633 798 2681 tute
823 2626 1117 2684 voluntatis
1140 2632 1365 2689 devotus
1388 2646 1697 2706 exsecutor,
1722 2638 1896 2697 fidelis
1922 2644 2040 2710 tibi,

456 2712 676 2771 Christo
741 2717 1034 2785 tribuente,
1102 2724 1340 2792 quandiu
1406 2727 1595 2784 vixero
1658 2735 2039 2800 perseverabo.

457 2803 688 2861 ΛΕΜ-ιιι
721 2806 816 2863 Dei
840 2810 1058 2867 bonitas
1085 2821 1140 2868 ct
1161 2829 1323 2885 super
1364 2819 1546 2874 omnia
1573 2823 1844 2882 excellens
1871 2827 2041 2898 maje—

457 2903 595 2962 stas,
626 2898 1033 2958 serenissimum
1076 2918 1140 2959 ac
1165 2905 1469 2975 piissimum
1509 2911 1808 2983 Augustum
1841 2917 1911 2973 ab
1932 2918 2036 2976 ho-

463 2986 641 3044 stibus
669 2989 726 3044 in
754 2997 899 3045 terra
931 2992 1137 3050 diutius
1163 3006 1410 3070 protegat
1442 2988 1689 3069 illaisum,
1717 3012 1774 3060 et
1796 3020 2040 3076 postmo-

457 3077 584 3135 dum
612 3079 666 3135 in
697 3081 851 3138 curiis
881 3081 1044 3139 faciat
1089 3089 1477 3159 perpetualiter
1529 3107 1759 3163 regnare
1794 3097 2033 3155 beatum.

457 3168 650 3262 {Deus
670 3171 738 3228 ad
758 3175 1204 3233 benefaciendum
1239 3189 1521 3253 promptus
1563 3195 1671 3251 est,
1699 3188 1767 3243 ad
1810 3191 2038 3262 punien-

454 3260 554 3318 dos
579 3273 759 3319 autem
804 3281 897 3322 eos
944 3269 1033 3338 qui
1066 3284 1227 3341 poena
1256 3273 1403 3344 digni
1443 3282 1594 3344 sunt,
1643 3260 2036 3347 dissimulator,

454 3368 579 3409 cum
602 3356 775 3426 possit
792 3359 991 3430 quippe
1017 3369 1202 3417 tacens
1228 3365 1346 3419 sine
1374 3369 1767 3427 contestatione
1793 3375 2032 3438 venturi,

451 3445 645 3517 punire
669 3463 763 3504 eos
806 3465 942 3519 quos
995 3453 1161 3508 semel
1204 3455 1394 3526 dignos
1441 3459 1704 3530 supplicio
1754 3461 2033 3534 judicavit,

451 3552 719 3607 nusquam
746 3539 852 3596 hoc
893 3542 1043 3607 facit,
1087 3544 1181 3600 sed
1215 3545 1427 3602 etiamsi
1457 3550 1919 3620 condemnaverit,
1954 3556 2036 3611 di-

452 3625 528 3682 cit
552 3629 694 3698 quod
723 3629 825 3684 sibi
861 3645 1076 3702 semper
1101 3633 1282 3691 dicere
1320 3640 1653 3708 propositum
1680 3651 1786 3709 est,
1813 3651 1873 3700 ut
1896 3643 2035 3701 iibe-

451 3723 643 3773 rentur
670 3734 702 3773 a
730 3721 1180 3780 condemnatione
1209 3741 1307 3795 per
1333 3728 1733 3798 paenitentiam,
1786 3734 1876 3805 qui
1903 3751 2036 3791 con-

452 3808 691 3866 demnati
720 3810 938 3867 fuerant
963 3829 1059 3884 per
1089 3814 1363 3871 delictum.
1394 3818 1598 3875 Horum
1635 3824 1884 3894 exempla
1906 3840 2030 3881 eum

450 3896 518 3955 de
543 3897 842 3973 Scripturis
891 3903 1058 3959 multa
1115 3908 1385 3976 possimus
1439 3911 1707 3982 accipere,
1762 3912 2035 3970 suiliciunt

450 3992 519 4048 ad
553 4008 796 4065 praesens
842 3995 1157 4063 incidentia,
1188 4008 1246 4053 ut
1292 4000 1574 4058 veniamus
1600 4004 1667 4059 ad
1695 4019 1884 4060 eorum
1914 4022 2036 4078 quae

450 4082 587 4141 lecta
636 4096 763 4143 sunt
809 4091 1342 4161 contemplationem.
1391 4093 1643 4152 Ninivita:
1689 4098 2034 4158 condemnati

447 4187 606 4236 erant
630 4188 947 4250 peccatores
970 4198 999 4237 a
1034 4181 1166 4249 Deo,
1191 4185 1315 4256 quia
1343 4186 1541 4241 dicitur
1567 4202 1584 4242 :
1622 4207 1641 4241 ‹
1672 4189 1866 4247 Adhuc
1887 4194 2030 4250 enim

447 4268 804 4343 quadraginta
835 4272 972 4342 dies,
996 4281 1052 4329 et
1091 4273 1329 4330 futurum
1359 4283 1535 4333 estut
1575 4277 1767 4338 Ninive
1809 4284 2030 4340 subver-

447 4366 594 4417 tetur
612 4360 816 4437 110nm.
849 4365 956 4437 tu).
997 4385 1016 4418 ι
1052 4364 1236 4424 Noluit
1263 4366 1407 4426 Deus
1437 4385 1562 4427 cum
1594 4371 1811 4429 silentio
1839 4375 2032 4446 punire

420 4450 751 4522 damnatos,
797 4459 893 4513 sed
918 4457 1055 4514 dans
1091 4459 1172 4515 eis
1228 4458 1409 4516 locum
1436 4462 1781 4533 pmniteulize
1821 4472 1876 4520 et
1898 4481 2030 4521 cou-

446 4545 731 4610 versiouis,
761 4547 908 4602 misit
927 4547 993 4603 ad
1020 4560 1206 4621 gentes
1227 4548 1578 4607 Hebraeorum
1604 4550 1945 4623 prophetam,
1967 4565 2029 4614 ut

446 4639 660 4695 dicente
709 4640 827 4707 illo,
860 4660 878 4692 ι
937 4641 1115 4696 adhuc
1166 4639 1529 4712 quadraginta
1580 4642 1699 4699 dies
1748 4653 1805 4700 et
1832 4642 2028 4702 Ninive

443 4731 811 4795 subvertctur,
843 4750 861 4782 ι
892 4731 984 4802 qui
1035 4731 1378 4787 condemnati
1411 4729 1628 4788 fuerant
1666 4750 1735 4791 ne
1759 4735 2023 4806 perirent.

441 4823 540 4882 sed
589 4832 809 4895 agentes
859 4821 1238 4892 pmuitentiam
1301 4820 1660 4894 impetrarent
1712 4825 2028 4881 misericor-

442 4918 588 4976 diam
616 4914 733 4971 Dei.
763 4912 863 4983 Qui
918 4912 973 4967 in
1009 4910 1259 4968 Sodomis
1291 4919 1347 4968 et
1392 4911 1713 4971 Comorrhis
1761 4916 2026 4972 consiste-

437 5007 593 5075 bant,
623 5000 742 5062 diro
783 5003 898 5075 jam
933 5002 1101 5059 exitio
1128 5001 1402 5071 destinati,
1458 5012 1519 5058 ut
1562 5004 1910 5060 manifestum
1941 5014 2026 5062 est

439 5115 507 5157 ex
547 5097 889 5156 sermonibus
917 5094 1034 5163 Dei,
1089 5110 1224 5167 quos
1251 5094 1467 5152 locutus
1516 5103 1602 5152 est
1625 5084 1695 5159 ad
1726 5093 2021 5152 Abraham.

434 5191 688 5249 Attamen
719 5188 863 5261 quod
913 5203 1074 5244 suum
1103 5195 1223 5243 erat
1269 5186 1518 5243 fecerunt
1556 5185 1751 5260 angeli,
1778 5186 2023 5244 volentes

435 5298 532 5341 eos
561 5281 774 5338 salvare
807 5279 898 5351 qui
925 5293 984 5335 se
1008 5276 1257 5350 indignos
1303 5276 1478 5333 salute
1503 5273 1917 5346 judicaverant;
1948 5274 2024 5333 di-

412 5364 625 5433 centes
654 5373 721 5428 ad
747 5371 886 5428 Loth
920 5388 933 5425 :
970 5388 993 5423 ί
1024 5368 1122 5426 Est
1140 5367 1335 5441 aliquis
1370 5368 1464 5424 tibi
1499 5367 1589 5424 hic
1614 5381 1782 5439 gener
1808 5374 1902 5422 aut
1926 5362 2019 5423 lilii

433 5474 530 5523 aut
557 5464 723 5521 ﬁliae?
750 5459 904 5536 (Gen.
932 5461 1068 5533 aut).
1107 5478 1127 5512 ι
1160 5456 1346 5530 Neque
1392 5473 1523 5514 vero
1551 5456 1873 5530 ignorabant
1911 5472 2018 5512 non

433 5569 555 5611 esse
576 5570 673 5612 eos
696 5562 983 5611 secuturos
1002 5552 1166 5620 Loth.
1201 5550 1296 5609 sed
1321 5551 1676 5609 ostenderunt
1698 5563 1851 5604 suam
1872 5549 2017 5619 pari-

435 5651 519 5698 ter
536 5650 592 5699 et
612 5643 748 5715 ejus,
763 5643 857 5715 qui
883 5658 980 5700 eos
1007 5644 1251 5710 miserat,
1281 5640 1667 5713 benignitatem
1695 5639 1751 5695 in
1770 5639 2017 5697 homines

2149 536 2205 590 in
2232 534 2467 592 Jeremia
2486 537 2755 608 scriptum
2784 550 2926 593 esse.
2950 534 3050 591 Est
3068 535 3213 592 enim
3247 543 3572 590 annotatum
3596 543 3741 590 tem-

2148 640 2250 696 pus
2283 625 2579 696 prophetiaa
2605 627 2755 696 ejus,
2782 625 3002 696 quando
3037 625 3264 696 coeperit
3299 626 3656 697 prophetare,
3686 634 3741 679 et

2148 731 2258 787 quo
2287 731 2457 786 usque
2482 715 2705 771 (inierit.
2739 714 3059 786 Quicunque
3087 730 3218 786 ergo
3243 713 3562 785 Scripturas
3584 712 3739 783 legit,

2150 805 2192 861 si
2225 805 2440 861 lectioni
2461 804 2744 876 diligenter
2772 806 3017 862 intendat
3043 814 3099 861 et
3126 805 3370 875 requirat
3396 820 3594 862 eorum
3617 821 3744 876 quae

2151 899 2350 970 scripta
2372 908 2500 956 sunt
2519 898 2876 963 voluntatem.
2911 898 3094 957 dicere
3120 905 3342 968 potest:
3373 895 3622 954 Historia
3649 911 3745 951 su-

2148 994 2448 1065 perscripta
2476 1000 2583 1060 est,
2608 1008 2717 1063 quo
2747 1003 2989 1064 tempore
3018 988 3283 1049 Jeremias
3302 1003 3538 1048 emrsus
3561 989 3661 1056 sit,
3687 999 3742 1044 et

2149 1100 2257 1153 quo
2293 1083 2753 1139 consummaverit
2777 1082 3153 1154 prophetiam;
3193 1083 3322 1152 quid
3344 1082 3514 1154 igitur
3547 1081 3622 1136 ad
3654 1096 3742 1137 me

2150 1186 2363 1248 tempus
2385 1177 2662 1233 historiae?
2679 1176 2887 1247 Legens
2908 1176 3092 1242 didici,
3109 1178 3253 1246 quod
3267 1175 3497 1246 eruperit
3509 1173 3749 1245 prophe-

2152 1276 2269 1323 tare
2290 1269 2345 1323 in
2375 1268 2565 1323 diebus
2586 1266 2748 1323 .losiaa
2775 1267 2870 1322 ﬁlii
2899 1266 3088 1333 Amos,
3118 1267 3262 1337 regis
3290 1265 3450 1330 Juda,
3472 1279 3656 1337 usque
3675 1265 3741 1320 ad

2150 1373 2350 1413 annum
2393 1358 2611 1414 tertium
2664 1358 2934 1415 decimum
2987 1358 3139 1430 regni
3178 1357 3313 1427 ejus.
3357 1357 3569 1414 Deinde
3620 1372 3744 1427 pro-

2149 1447 2394 1520 phetarit
2441 1449 2497 1504 in
2526 1448 2715 1504 diebus
2755 1449 3002 1505 Joachim
3033 1449 3128 1504 filii
3167 1447 3350 1515 Josize,
3382 1450 3529 1521 regis
3576 1449 3739 1514 Juda,

2147 1553 2323 1610 usque
2342 1539 2413 1594 ad
2447 1540 2970 1596 consummationem
2995 1541 3267 1597 undecimi
3310 1541 3438 1596 anni
3491 1539 3740 1597 Sedecize

2153 1630 2245 1685 ﬁlii
2267 1629 2450 1697 Josim,
2480 1631 2626 1703 regis
2652 1630 2809 1687 Juda.
2842 1631 2911 1687 Et
2936 1632 3124 1703 legens
3156 1632 3319 1687 didici
3341 1632 3473 1702 quia
3496 1647 3607 1702 per
3631 1642 3743 1689 tres

2152 1736 2308 1794 reges
2330 1721 2611 1794 prophetia
2635 1721 2753 1792 ejus
2776 1728 3063 1779 co‘extensa
3090 1723 3182 1790 sit,
3215 1737 3389 1793 usque
3416 1722 3488 1776 ad
3512 1723 3745 1794 captivi-

2075 1792 2121 1854 B
2153 1792 2345 1869 tatcm'
2368 1792 2727 1879 Hierusalem,
2773 1814 2828 1868 in
2855 1814 3045 1883 quinto
3088 1792 3466 1881 menseaQuid
3491 1792 3747 1886 ergoper
3804 1800 3821 1811 ’

2149 1904 2265 1960 lucc
2288 1903 2569 1971 docemur,
2603 1905 2645 1960 si
2670 1904 2889 1961 lectioni
2913 1905 3177 1960 fuerimus
3208 1905 3443 1960 intenti?
3467 1904 3742 1960 Comicus

2149 2002 2375 2049 naverat
2402 1993 2738 2051 Hierusalem
2773 1992 2917 2051 Deus
2943 2005 3169 2068 propter
3194 2002 3418 2065 peccata
3444 2008 3576 2064 quae
3596 1994 3744 2050 fece-

2149 2094 2293 2148 runt,
2321 2095 2375 2141 et
2402 2087 2518 2143 haec
2563 2097 2685 2143 erat
2727 2096 2969 2144 extrema
3015 2086 3313 2153 sententia,
3345 2092 3408 2141 ut
3435 2087 3743 2159 captivitati

2150 2176 2605 2248 relinquerentur.
2627 2178 3016 2235 Verumtamen
3044 2188 3167 2235 cum
3189 2179 3478 2234 hominum
3501 2179 3576 2234 sit
3597 2193 3744 2234 ama-

2149 2272 2235 2321 tor
2274 2267 2436 2333 Deus,
2488 2282 2589 2324 nec
2636 2284 2963 2340 quamquam
3008 2268 3147 2325 velit
3186 2270 3388 2339 perire,
3440 2279 3739 2341 antequam

2147 2359 2575 2430 depopulatiouis
2627 2370 2839 2432 tempus
2874 2362 3119 2428 instaret,
3152 2361 3302 2417 misit
3327 2371 3384 2416 et
3429 2363 3586 2418 hunc
3614 2378 3739 2433 pm-

2147 2450 2389 2520 phetam,
2414 2460 2473 2506 ut
2499 2466 2599 2522 per
2626 2466 2906 2508 sermones
2933 2451 3051 2521 ejus
3089 2452 3155 2506 ad
3191 2450 3579 2523 paenitentiam
3612 2468 3742 2508 con-

2148 2551 2473 2599 verteretur.
2505 2542 2650 2599 Misit
2694 2544 2943 2601 eumdem
2982 2544 3149 2599 etiam
3196 2543 3297 2599 sub
3339 2543 3587 2599 secundo
3618 2559 3747 2615 rege

2145 2642 2270 2706 post
2293 2634 2526 2704 primum
2554 2652 2567 2689 :
2602 2635 2752 2690 misit
2775 2648 2991 2705 quoque
3021 2635 3123 2690 sub
3154 2634 3337 2690 tertio.
3365 2632 3513 2702 Quid
3541 2632 3744 2705 pinea?

2144 2722 2264 2780 Jam
2294 2724 2582 2793 captivitas
2606 2724 2925 2779 imminebat
2963 2732 3019 2779 et
3045 2723 3225 2779 adhuc
3253 2722 3322 2779 ad
3346 2721 3590 2780 salutem
3616 2724 3741 2779 hor-

2147 2816 2364 2871 tabatur
2385 2815 2548 2880 Deus,
2592 2814 2856 2881 tribuens,
2898 2822 2960 2870 ut
2988 2814 3062 2869 ita
3089 2814 3290 2881 dicam,
3326 2821 3383 2870 et
3410 2822 3545 2869 ante
3572 2828 3742 2868 unum

2145 2905 2287 2960 diem
2313 2904 2490 2960 locum
2539 2905 2893 2975 poenitentia.
2926 2903 3081 2960 Unde
3123 2904 3390 2975 scriptum
3421 2913 3533 2968 est,
3564 2917 3742 2974 usque

2144 2995 2213 3051 ad
2251 2995 2621 3065 captivitatem
2676 2993 3016 3050 Hierusalem
3043 3005 3102 3049 et
3140 3008 3313 3064 usque
3359 2993 3429 3049 ad
3480 2995 3739 3065 quintum

2143 3099 2383 3140 mensem
2411 3084 2763 3155 prophetasse
2799 3082 3114 3140 Jeremiam.
3137 3082 3258 3138 lam
3287 3082 3530 3138 hostium
3560 3083 3741 3138 vinela

2066 3153 2110 3215 (ἶ
2143 3153 2479 3231 strinxerant
2496 3153 2717 3241 manus,
2737 3184 2794 3232 et
2811 3176 3165 3231 nihilominus
3196 3177 3312 3231 hac
3333 3176 3742 3246 quodammodo
3806 3178 3813 3187 '

2143 3266 2355 3322 dicebat
2380 3267 2519 3322 Deus
2545 3284 2557 3322 :
2587 3267 2726 3323 Ecce
2762 3267 2960 3339 captivi
3011 3266 3140 3322 facti
3181 3268 3340 3333 estis,
3379 3267 3553 3338 agite,
3610 3267 3741 3323 licet

2139 3371 2278 3421 sero,
2309 3357 2713 3427 paenitentiam;
2740 3366 2925 3429 rogate
2954 3373 3041 3413 me
3068 3366 3125 3413 et
3145 3374 3364 3429 parcam
3400 3359 3593 3425 vobis;
3614 3373 3741 3429 pos-

2139 3465 2259 3505 sum
2281 3464 2474 3504 eruere
2499 3449 2565 3505 de
2587 3449 2921 3520 captivitate,
2951 3450 3044 3519 qui
3072 3450 3291 3505 tradidi.
3328 3448 3618 3506 Habemus
3636 3450 3741 3506 ita-

2137 3554 2244 3611 que
2272 3539 2530 3613 quiddam
2581 3541 2949 3596 necessarium
2974 3555 3043 3596 ex
3091 3540 3564 3611 superscriptione
3603 3541 3732 3606 ista,

2137 3630 2259 3698 qua;
2297 3629 2539 3685 continet
2565 3638 2807 3699 tempora
2835 3630 3155 3701 prophetia,
3205 3628 3351 3700 quod
3374 3628 3537 3698 juxta
3570 3644 3728 3685 suam

2135 3720 2476 3776 clementiam
2503 3722 2825 3778 exhortetur
2846 3723 2988 3778 Deus
3022 3737 3239 3793 semper
3266 3722 3520 3778 homines
3540 3723 3610 3778 ad
3640 3736 3733 3777 sa-

2135 3812 2324 3878 lutem,
2360 3821 2420 3868 ut
2448 3820 2699 3870 cessante
2712 3814 2916 3871 delicto
2942 3815 3109 3870 etiam
3138 3815 3430 3886 captivitas
3460 3816 3729 3887 conquie-

2137 3910 2274 3958 scat.
2328 3900 2456 3961 Haec
2500 3912 2683 3960 autem
2727 3906 2892 3960 etiam
2918 3906 2986 3961 de
3009 3907 3169 3961 nobis
3201 3920 3491 3978 possumus
3530 3908 3730 3964 intelli-

2135 4005 2299 4061 gere;
2333 3988 2379 4047 si
2401 3993 2830 4063 peccaverimus,
2861 4001 2917 4049 et
2945 4009 3043 4051 nos
3063 3994 3265 4064 captivi
3308 3993 3477 4049 futuri
3507 4009 3721 4051 sumus.

2135 4080 2350 4137 Etenim
2372 4081 2515 4138 tradi
2544 4090 2891 4153 peccatorem
2918 4082 3159 4150 Satanae,
3183 4085 3321 4140 nihil
3358 4084 3536 4142 distat
3562 4087 3635 4143 ab
3660 4102 3730 4143 eo

2141 4174 2286 4244 quod
2336 4172 2507 4231 Judaei
2550 4185 2679 4232 sunt
2725 4176 2914 4234 traditi
2963 4176 3506 4249 Nabuchodonosor;
3537 4184 3730 4253 utique

2137 4264 2255 4322 illos
2282 4266 2428 4322 Deus
2474 4266 2742 4323 concasit
2790 4266 3104 4325 adversario
3131 4277 3352 4340 propter
3390 4268 3713 4340 frequentes

2136 4358 2466 4429 impietates,
2524 4358 2604 4415 sic
2648 4372 2752 4415 nos
2802 4368 3028 4430 propter
3054 4367 3281 4430 peccata
3328 4374 3450 4430 qua:
3492 4360 3729 4417 fecimus

2135 4448 2416 4504 trademur
2443 4448 2676 4520 spiritali
2724 4448 3247 4507 Nabuchodonosor.
3279 4469 3300 4504 ι
3335 4450 3406 4506 Et
3445 4466 3592 4522 quos
3610 4460 3726 4508 tn-

2057 4510 2239 4595 Ddidi
2298 4510 2534 4607 Satanae,
2579 4549 2640 4595 ut
2689 4541 2901 4598 discant
2953 4556 3061 4598 non
3112 4510 3530 4613 blasphemare,
3562 4563 3585 4597 ν
3648 4546 3726 4601 ait

2128 4630 2420 4701 Apostolus
2468 4630 2542 4702 (I
2579 4628 2703 4685 Cor.
2749 4629 2804 4705 v)
2848 4630 2917 4688 de
2971 4629 3093 4687 aliis
3135 4632 3542 4702 peccatoribus.
3582 4633 3721 4690 Pu:

2128 4728 2389 4795 quantum
2420 4720 2620 4777 malum
2645 4730 2733 4778 est
2759 4734 3018 4793 peccare,
3066 4729 3129 4778 ut
3156 4722 3346 4777 tradar
3382 4721 3608 4779 Satanam
3628 4739 3722 4781 ca-

2126 4813 2354 4886 ptivanti
2384 4812 2595 4870 animas
2625 4826 2813 4870 eorum
2840 4814 2932 4885 qui
2956 4812 3331 4884 relinquuntur
3354 4829 3386 4869 a
3415 4813 3531 4870 Deo
3548 4815 3577 4869 ἓ
3592 4815 3718 4873 Non

2128 4905 2245 4960 sine
2271 4917 2434 4961 causa
2464 4910 2648 4961 autem
2678 4916 2855 4975 neque
2880 4905 2997 4961 sine
3018 4901 3241 4974 judicio
3262 4904 3373 4960 Deo
3400 4905 3719 4978 relinquen-

2127 5003 2180 5050 te
2206 5008 2344 5067 quos
2368 4994 2615 5063 deserit;
2665 5009 2789 5051 eum
2839 4996 2985 5051 enim
3013 4996 3225 5051 miserit
3272 4994 3517 5066 pluviam
3554 5010 3718 5068 super

2126 5088 2340 5143 vineam
2365 5095 2423 5143 et
2448 5087 2606 5144 vinea
2644 5104 2744 5160 pro
2769 5101 2872 5144 uva
2899 5088 3140 5144 attulerit
3159 5089 3367 5160 spinas,
3388 5086 3525 5159 quid
3550 5089 3716 5145 iaciat

2125 5179 2231 5236 nisi
2260 5187 2323 5236 ut
2347 5180 2565 5237 mandet
2602 5180 2839 5236 nubibus
2868 5194 2937 5236 ne
2958 5180 3150 5251 pluant
3177 5194 3342 5251 super
3361 5181 3586 5237 vineam
3613 5182 3715 5239 im-

2128 5273 2328 5330 brem?
2354 5272 2709 5345 Quapmpter'
2741 5270 2796 5326 in
2824 5271 3075 5342 proximo
3111 5281 3216 5337 est,
3255 5276 3485 5342 propter
3515 5271 3712 5328 delicta

2127 5378 2359 5434 quorum
2388 5363 2545 5420 nobis
2569 5363 2773 5420 conscii
2804 5374 3010 5430 sumus,
3056 5373 3113 5419 et
3141 5371 3325 5419 nostra
3368 5365 3707 5435 captivitas;

2127 5454 2369 5513 futurum
2395 5455 2646 5527 estquod
2686 5456 2983 5521 tradamur,
3015 5452 3061 5510 si
3094 5469 3200 5509 non
3228 5453 3505 5527 egerimus
3523 5456 3706 5527 paeni-

2127 5547 2375 5612 tentiam,
2398 5545 2895 5603 Nabuchodonosor
2930 5553 3093 5616 atque
3124 5545 3457 5617 Babyloniis,
3490 5548 3585 5616 qui
3608 5562 3711 5604 os

2125 5637 2452 5694 sensibilitcr
2481 5637 2814 5695 excrucient.
2855 5637 2978 5693 Istis
3022 5635 3136 5707 jam
3163 5635 3560 5706 adjacentibus,
3590 5651 3705 5693 scr-

504 5764 534 5799 ι
562 5754 695 5818 Qum
724 5762 1040 5823 sequuntur,
1068 5771 1133 5811 ex
1161 5755 1398 5813 bomiliis
1425 5753 1675 5827 Origcnis
1701 5753 1893 5811 hausta
1922 5763 2065 5811 sunt.
2092 5754 2247 5811 Εωτ.

2456 5857 2483 5875 θ
