3962 6198
253 307 353 365 797

1185 309 1548 367 EXPOSITIO
1585 307 1810 365 SUPER
1846 307 2214 362 JEREMIAM.
2254 341 2322 348 —
2361 307 2490 364 LIB.
2533 308 2573 362 ι.

3422 313 3528 369 798

243 435 434 475 triones
461 421 870 490 prophetarum,
903 435 1184 479 sermones
1211 424 1369 494 legis.
1401 436 1684 479 sermones
1705 437 1835 491 apo-
1863 429 1910 484 Α
1940 421 2030 490 qui
2066 421 2204 477 dixit
2235 438 2249 476 :
2289 441 2306 472 ι
2341 422 2409 476 Et
2438 437 2539 493 ego
2579 422 2956 493 paenitentiam
2988 439 3146 495 agam
3177 425 3244 482 de
3271 429 3526 485 clunibus

241 510 532 576 stolorum,
559 526 843 567 sermones
875 513 1039 570 etiam
1079 513 1296 570 Domini
1321 523 1378 568 et
1401 513 1704 568 Salvatoris
1727 529 1830 566 no-

241 600 337 654 stri
379 597 511 655 Jesu
565 601 770 657 Christi
822 604 1113 659 hortantur
1168 620 1268 660 nos
1314 605 1380 658 ad
1426 603 1831 675 ptenitentiam,

242 700 547 760 provocant
572 693 643 747 ad
688 692 937 748 salutem.
966 693 1024 748 Si
1071 694 1426 760 audierimus,
1455 692 1733 748 credimus
1760 691 1833 756 ei,

1939 512 2098 568 malis
2123 528 2242 582 quae
2267 513 2479 569 locutus
2508 530 2626 570 sum
2655 514 2836 570 facere
2859 516 2958 572 eis.
2997 537 3015 569 ι
3048 518 3120 574 Ει
3163 519 3278 574 haec
3306 523 3528 591 quidem

1941 602 1994 658 in
2018 604 2360 674 praefatione.

1500 943 1799 1021 LIBER
1878 943 2284 1023 PRIMUS.

762 1236 992 1296 CAPUT
1020 1237 1312 1296 PRIMUM.

247 1335 320 1392 De
353 1332 775 1404 sanctiﬁcatione
801 1341 850 1386 et
875 1333 1123 1404 missione
1148 1331 1423 1397 Jeremitc;
1449 1331 1514 1386 de
1537 1332 1680 1402 virga
1707 1331 1835 1403 uigi-

721 1401 862 1456 lante
886 1411 933 1455 et
964 1401 1068 1456 olla
1097 1419 1364 1456 succensa.

319 1540 339 1574 ι
366 1521 550 1577 Verba
593 1516 880 1583 Ieremia,
920 1517 1014 1573 ﬁlii
1062 1516 1284 1583 Helciaz,
1324 1517 1390 1572 de
1437 1515 1832 1582 sacerdotibus,

251 1633 269 1664 ι
312 1612 406 1682 qui
435 1611 658 1666 fuerunt
684 1609 736 1665 in
763 1608 1064 1674 Anathotb,
1092 1609 1146 1662 in
1180 1615 1321 1663 terra
1353 1603 1652 1675 Benjamin.
1682 1604 1836 1672 Quod

1945 1255 1965 1288 ς
2013 1246 2121 1292 tam
2168 1239 2420 1308 gentibus
2449 1239 2567 1296 dedi
2603 1250 2672 1297 te.
2699 1263 2716 1294 ι
2752 1244 2868 1300 Non
2910 1262 3016 1316 quo
3049 1256 3174 1303 ante
3215 1254 3530 1323 conceptio-

1940 1341 2097 1391 nem,
2143 1335 2202 1380 ut
2248 1328 2470 1384 hmrcsis
2515 1332 2846 1401 suspicatur,
2898 1333 3060 1390 fuerit
3107 1311 3401 1407 Jeretnias;
3437 1345 3532 1401 sed

1943 1431 2049 1486 quo
2079 1417 2377 1488 praescierit
2401 1436 2522 1474 eum
2571 1421 2812 1479 futurum
2844 1426 3122 1494 Dominus,
3152 1430 3236 1485 cui
3267 1446 3368 1488 nec
3400 1434 3528 1490 dum

1942 1505 2084 1561 facta
2107 1509 2220 1578 jam
2252 1509 2390 1565 facta
2415 1521 2561 1577 sunt,
2591 1516 2891 1571 secumlum
2923 1518 3051 1574 illm]
3078 1523 3222 1590 quod
3247 1523 3534 1594 Apostolus

1943 1595 2178 1668 loquitur
2205 1597 2384 1670 (Rom.
2410 1600 2492 1674 tv)
2520 1621 2582 1655 εει
2613 1604 2711 1672 Qui
2745 1609 2954 1663 vocavit
2978 1627 3042 1666 ea
3065 1628 3187 1683 qua:
3219 1631 3324 1670 non
3355 1625 3530 1685 erant,

252 1725 270 1757 ι
315 1705 520 1760 factum
563 1712 648 1759 est
679 1701 904 1758 verbum
944 1699 1158 1755 Domini
1190 1699 1256 1755 ad
1282 1715 1406 1755 eum
1450 1699 1504 1753 in
1535 1697 1724 1754 diebus
1753 1697 1838 1752 .Io—

1949 1693 2094 1760 quasi
2147 1706 2210 1747 ea
2255 1708 2376 1763 quae
2422 1705 2667 1750 essent.»
2701 1696 2854 1766 Quod
2905 1710 3087 1758 autem
3139 1707 3531 1777 sanctiﬁcatur,

253 1818 270 1848 ο
315 1798 410 1852 sim
447 1796 545 1852 ﬁlii
587 1794 762 1854 Amon
792 1793 936 1864 regis
963 1792 1122 1855 Juda,
1166 1792 1219 1847 in
1251 1792 1414 1848 tertio
1451 1791 1662 1846 decimo
1696 1805 1839 1844 anno

253 1909 271 1937 ι
316 1888 466 1958 regni
504 1886 643 1956 ejus.
691 1885 761 1940 Et
789 1884 990 1940 factum
1019 1893 1104 1938 est
1146 1887 1202 1938 in
1235 1883 1426 1938 diebus
1466 1881 1712 1938 Joachim
1747 1882 1839 1937 ﬁlii

253 2001 272 2031 σ
313 1979 476 2036 Josia:
505 1979 650 2050 regis
684 1976 844 2043 Juda,
869 1991 1042 2047 usque
1069 1975 1138 2031 ad
1181 1975 1705 2032 consummationem
1737 1990 1837 2028 un-

253 2092 272 2119 ο
317 2071 514 2128 decimi
548 2071 676 2126 anni
722 2069 1000 2126 Sedechize
1045 2067 1140 2122 ﬁlii
1182 2065 1345 2122 Josiae
1375 2065 1519 2136 regis
1545 2064 1707 2130 Juda,
1745 2081 1839 2120 us-

255 2184 272 2217 ι
314 2181 421 2235 que
467 2163 536 2219 ad
583 2162 1118 2233 transmigrationem
1168 2158 1530 2222 Hierusalem,
1563 2157 1616 2211 in
1655 2171 1842 2212 mense

253 2259 528 2328 cquinto.
554 2275 574 2307 ι
621 2253 903 2326 (Ιιὶενοη.)
949 2251 1144 2307 Caneri
1190 2251 1499 2322 prophetae,
1543 2258 1603 2304 ut
1641 2249 1839 2314 Isaias,

247 2346 411 2412 Osee,
435 2343 575 2408 Joel,
600 2344 818 2397 fuerunt
843 2349 968 2396 ante
994 2341 1362 2412 captivitatem
1387 2340 1570 2394 decem
1603 2339 1840 2393 tribuum

248 2437 437 2500 lsracl,
461 2436 576 2492 sive
606 2435 834 2490 duarum
868 2433 1105 2488 tribuum
1142 2429 1294 2487 Judze
1321 2439 1376 2485 et
1405 2431 1703 2499 Benjatnin.
1735 2429 1841 2483 Alii

249 2537 372 2598 post
396 2527 794 2597 captivitatem,
822 2535 882 2578 ut
927 2523 1146 2588 Daniel,
1175 2523 1402 2594 Aggzcus
1441 2532 1498 2575 et
1526 2522 1838 2577 Zacharias.

247 2619 518 2674 .Ieremias
550 2633 681 2673 vero
709 2625 766 2673 et
794 2615 1043 2671 Ezechiel
1073 2615 1387 2671 imminente
1416 2615 1727 2684 captivitate
1756 2628 1845 2667 va-

250 2707 502 2763 ticinium
537 2713 866 2761 texuerunt:
899 2704 992 2760 sed
1030 2703 1168 2759 alter
1195 2719 1382 2758 eorum
1423 2702 1478 2758 in
1509 2711 1652 2757 terra
1681 2698 1839 2768 Juda,

249 2797 390 2852 alter
415 2796 472 2852 in
505 2796 801 2867 Babylone.
828 2793 1094 2850 Jeremias
1122 2808 1244 2848 cum
1293 2792 1469 2847 adhuc
1513 2801 1656 2846 esset
1685 2806 1838 2860 puer,

248 2890 582 2961 prephetare
600 2887 768 2959 etrapit
791 2902 933 2942 anno
957 2886 1116 2942 tertio
1135 2885 1345 2941 decimo
1363 2883 1525 2940 Josizc
1547 2882 1640 2938 ﬁlii
1667 2883 1840 2936 Amen

252 2981 398 3052 regis
445 2979 626 3046 Judae;
670 2979 1120 3049 prophetavitque
1165 2977 1221 3032 in
1268 2975 1496 3046 imperio
1540 2975 1657 3046 ejus
1683 2975 1841 3029 anuis

1942 1781 1995 1835 iu
2051 1789 2204 1837 utero
2250 1783 2406 1853 juxta
2456 1783 2587 1840 illud
2632 1788 2874 1857 Apostoli
2915 1791 3174 1850 debemus
3231 1798 3525 1869 accipere:

1947 1891 1966 1924 ς
1993 1872 2284 1942 Postquam
2317 1883 2498 1930 autem
2530 1876 2732 1946 placuit
2760 1879 2832 1945 ei,
2876 1883 2967 1950 qui
2999 1900 3084 1940 me
3118 1890 3425 1959 segregavit
3469 1891 3535 1946 de

1943 1973 2098 2020 utero
2127 1968 2316 2020 matris
2351 1981 2505 2032 mete,
2536 1978 2593 2023 et
2626 1973 2839 2025 vocavit
2867 1988 2964 2042 per
3009 1979 3236 2046 gratiam
3269 1994 3444 2047 suam,
3474 1993 3535 2037 ut

1943 2053 2209 2108 revelaret
2239 2053 2432 2110 Filium
2468 2073 2621 2112 suum
2649 2060 2700 2114 in
2729 2076 2834 2128 me,
2866 2071 2924 2116 ut
2953 2067 3378 2138 evangelizarem
3408 2087 3532 2128 eum

1944 2143 1997 2198 in
2027 2145 2274 2215 gentibus
2315 2144 2457 2214 (Gal.
2485 2145 2546 2218 ι).
2593 2168 2612 2200 ι
2641 2147 2880 2207 Joannes
2903 2169 3117 2225 quoque
3146 2157 3386 2229 Baptista
3416 2177 3538 2216 san-

1943 2234 2214 2290 etiﬁcatur
2258 2236 2314 2290 in
2345 2245 2523 2305 utero,
2555 2246 2609 2294 et
2655 2239 2916 2308 Spiritum
2952 2255 3198 2302 sanctum
3229 2251 3445 2320 accipit,
3483 2262 3539 2310 et

1946 2337 2194 2383 movetur
2221 2329 2276 2383 in
2302 2329 2481 2393 vulva,
2511 2339 2566 2386 et
2593 2346 2692 2401 per
2719 2348 2780 2388 os
2809 2336 3001 2392 matris
3024 2336 3265 2408 loquitur
3287 2340 3439 2411 (Luc.
3470 2343 3532 2416 ι).

1944 2420 2096 2487 Quod
2142 2429 2321 2476 autem
2373 2420 2540 2485 dixit,
2589 2441 2607 2474 σ
2637 2421 2967 2495 Prophetam
3007 2429 3061 2484 in
3110 2432 3362 2502 gentibus
3411 2433 3532 2490 dedi

1945 2517 2019 2575 te,
2042 2529 2060 2560 ι
2096 2509 2226 2565 illud
2258 2510 2372 2565 vult
2402 2511 2623 2584 intelligi
2653 2515 2796 2585 quod
2829 2516 2882 2570 in
2913 2517 3034 2588 ipso
3061 2529 3247 2590 postea
3273 2525 3534 2594 propheta

1941 2598 2134 2655 lecturi
2167 2616 2376 2668 sumus,
2407 2604 2548 2672 quod
2589 2620 2696 2661 non
2741 2607 2916 2662 solum
2953 2607 3315 2678 Hierusalem,
3359 2615 3452 2670 sed
3484 2623 3539 2670 et

1944 2689 2128 2746 multis
2169 2691 2222 2746 in
2253 2693 2485 2748 circuitu
2530 2696 2782 2766 gentibus
2831 2700 3258 2769 prophetaverit.
3304 2701 3534 2770 Quidam

1944 2781 2089 2836 hunc
2115 2781 2292 2837 locum
2320 2799 2484 2853 super
2514 2783 2798 2841 Salvatore
2834 2788 3160 2860 intelligunt,
3192 2791 3282 2862 qui
3313 2795 3533 2865 proprie

1943 2873 2206 2944 propheta
2251 2875 2489 2945 gentium
2521 2876 2641 2942 fuit,
2673 2887 2728 2933 et
2775 2880 3048 2951 apostolos
3089 2885 3302 2940 vocavit
3345 2902 3539 2944 omnes

1945 2964 2213 3018 nationes.
2268 2965 2372 3020 iste
2420 2967 2565 3021 enim
2605 2985 2734 3024 vere
2793 2971 3106 3042 priusquam
3137 2974 3203 3030 .in
3239 2984 3397 3031 utero
3428 2978 3538 3033 vir-

249 3071 442 3127 decem
487 3079 543 3127 et
574 3086 792 3136 novem,
822 3079 878 3125 et
909 3079 1096 3141 postea
1145 3069 1244 3124 sub
1288 3066 1534 3123 Joachim
1575 3065 1685 3120 ﬁlio
1725 3063 1841 3134 ejus
1870 3058 1914 3120 C
1946 3054 2108 3126 ginali
2164 3054 2522 3123 ἴονωπεῑηῐ,
2585 3067 2641 3114 et
2693 3069 2984 3132 antequam
3039 3064 3210 3119 exiret
3261 3066 3327 3121 de
3384 3066 3540 3122 vulva

251 3164 414 3218 annis
457 3162 752 3218 undecim:
787 3173 841 3216 et
883 3161 984 3216 sub
1016 3159 1301 3223 Sedechia,
1347 3159 1439 3228 qui
1477 3158 1697 3212 ultimus
1742 3157 1844 3212 fuit

252 3270 443 3326 regqu
463 3253 623 3319 Juda,
653 3252 810 3308 annis
827 3252 1099 3316 undecim,
1127 3263 1296 3320 usque
1325 3251 1392 3306 ad
1421 3250 1669 3320 quintum
1700 3265 1845 3303 men-

251 3358 366 3397 sem
393 3383 409 3408 ,
452 3342 669 3412 quando
716 3358 745 3396 a
781 3339 1091 3410 Babyloniis
1135 3349 1292 3410 capta
1347 3347 1432 3395 est
1475 3337 1842 3395 Hierusalem.

249 3433 491 3489 Joachaz
526 3448 658 3488 vero
682 3441 738 3487 et
765 3431 1040 3488 Jecltonhe
1067 3431 1203 3486 terni
1243 3444 1457 3485 menses
1486 3429 1737 3501 (quorum
1766 3429 1844 3482 al-

252 3536 336 3582 ter
359 3527 414 3582 in
447 3525 767 3598 Egyptum,
795 3527 935 3582 alter
959 3541 1082 3581 cum
1114 3533 1288 3580 matre
1326 3525 1519 3579 ductus
1547 3534 1632 3579 est
1660 3526 1712 3579 in
1743 3522 1845 3578 Ba-

254 3615 550 3686 bylonem),
578 3616 634 3670 in
674 3617 999 3686 supradictis
1025 3615 1183 3672 annis
1213 3623 1614 3686 computantur.
1641 3613 1719 3668 Ac
1747 3629 1845 3682 per

254 3708 358 3763 hoc
384 3707 455 3762 ab
479 3707 704 3763 exordio
731 3706 1026 3779 prophetiae
1049 3722 1159 3762 suae
1186 3721 1358 3776 usque
1384 3705 1450 3761 ad
1476 3705 1841 3775 captivitatem

253 3797 619 3860 ilierusalem,
652 3799 704 3852 in
733 3814 841 3868 qua
880 3805 934 3854 et
981 3798 1096 3868 ipse
1138 3807 1330 3868 captus
1364 3804 1469 3860 est,
1498 3795 1846 3867 prophetarit

254 3889 412 3944 anuis
466 3890 826 3959 quadraginta
879 3896 934 3944 et
977 3903 1122 3952 uno,
1169 3894 1366 3957 przeter
1419 3886 1548 3941 illud
1596 3895 1839 3955 tempus,

253 3981 470 4048 quando
511 3981 706 4034 ductus
739 3990 822 4033 est
852 3980 904 4033 in
932 3977 1248 4049 Egyptum.
1276 3977 1463 4046 ibique
1499 3975 1845 4046 prophetavit

252 4072 308 4128 in
339 4069 602 4142 Taphnis,
650 4082 708 4124 ut
753 4071 854 4126 hoc
897 4072 1014 4142 ipso
1063 4070 1333 4125 volumine
1375 4067 1705 4124 continetur.
1736 4063 1844 4118 Pro

252 4164 434 4218 verbis
479 4162 730 4218 Jeremim
779 4163 1132 4234 Septuaginta
1179 4169 1512 4233 posuerunt,
1548 4179 1565 4211 ‹
1605 4156 1842 4212 Verbum

251 4255 397 4324 quod
431 4253 637 4320 factum
660 4263 745 4310 est
771 4257 839 4309 ad
865 4253 1176 4319 Jeremiam,
1201 4274 1218 4305 ι
1249 4255 1354 4309 hoc
1379 4253 1629 4308 videlicet
1653 4266 1840 4315 sensu,

250 4345 397 4415 quod
426 4346 591 4400 verba
619 4343 870 4402 Ieremia:
897 4345 1122 4401 verbum
1149 4345 1221 4400 sit
1247 4343 1482 4400 Domini.
1513 4342 1639 4397 Fuit
1661 4351 1843 4397 autem

1948 3146 2175 3214 matris,
2229 3147 2596 3204 sanetiﬁcatus
2657 3158 2813 3205 utero
2873 3161 2957 3207 est
3012 3162 3067 3208 et
3126 3163 3286 3210 notus
3353 3155 3538 3222 Patri,

1945 3238 2144 3309 quippe
2184 3239 2275 3309 qui
2323 3253 2537 3308 semper
2574 3239 2629 3294 in
2680 3239 2875 3302 Patre.
2925 3242 2980 3297 in
3030 3258 3138 3313 quo
3187 3253 3271 3300 est
3323 3261 3540 3318 semper

1947 3329 2125 3385 Pater.

2021 3440 2039 3473 ι
2070 3421 2138 3475 Ει
2164 3421 2273 3476 dixi
2301 3439 2312 3476 :
2346 3417 2445 3488 Ha,
2478 3419 2566 3486 ha,
2600 3423 2692 3488 ha,
2725 3421 2953 3493 Domine
2989 3424 3169 3481 Deus:
3197 3441 3326 3483 ecce
3359 3429 3542 3485 nescio

1950 3534 1969 3566 ι
2015 3513 2191 3584 loqui,
2233 3515 2358 3585 quia
2407 3530 2544 3584 puer
2587 3529 2686 3585 ego
2735 3531 2875 3570 sum.
2908 3532 2927 3566 ι
2977 3515 3336 3589 Septuaginta
3375 3539 3388 3574 :
3426 3539 3443 3570 ι
3474 3519 3545 3574 Et

1945 3605 2088 3660 dixi:
2121 3605 2166 3662 Ο
2198 3605 2422 3661 Domine
2450 3607 2611 3671 Deus,
2638 3622 2766 3663 ecce
2802 3609 2984 3664 nescio
3030 3609 3198 3680 loqui,
3227 3611 3352 3680 quia
3380 3611 3544 3680 juve-

1947 3696 2029 3750 nis
2063 3711 2246 3762 sumq
2294 3697 2601 3752 Detestatur
2628 3696 2886 3764 cilicium,
2927 3701 3068 3770 quod
3101 3716 3201 3771 pro
3231 3711 3390 3758 :etate
3430 3719 3536 3757 non

1945 3797 2120 3860 potest
2163 3789 2450 3855 sustinere,
2499 3791 2688 3846 eadem
2731 3793 3056 3848 verecundia
3103 3810 3210 3865 qua
3260 3803 3316 3850 et
3360 3795 3537 3852 Moses

1947 3881 2123 3935 tenuis
2180 3888 2235 3936 ct
2285 3881 2502 3952 gracilis
2544 3882 2695 3938 vocis
2746 3898 2868 3938 esse
2911 3899 2970 3939 se
3014 3884 3145 3939 dicit
3196 3883 3395 3958 (Exod.
3441 3887 3540 3958 iv).

1947 3969 2053 4026 Sed
2089 3970 2175 4026 ille
2216 3971 2369 4040 quasi
2401 3987 2606 4041 magum
2637 3973 2980 4044 robustaeque
3004 3974 3180 4029 aetatis
3207 3977 3539 4046 corripitur:

1948 4063 2073 4119 huic
2100 4064 2345 4134 pueritiae
2373 4065 2533 4119 datur
2553 4065 2730 4131 venia,
2756 4081 2875 4136 quae
2905 4067 3230 4122 verecundia
3253 4076 3307 4123 et
3334 4068 3542 4138 pudore

1946 4156 2256 4212 decoratur.

2022 4266 2040 4299 ι
2070 4246 2133 4300 Et
2161 4246 2296 4302 dixit
2329 4245 2588 4300 Dominus
2616 4247 2684 4301 ad
2714 4261 2800 4301 me
2826 4265 2839 4302 :
2872 4247 2989 4305 Noli
3013 4247 3212 4309 dicere.
3243 4249 3367 4318 quia
3399 4264 3537 4322 puer

1953 4359 1971 4392 ‹
2016 4354 2160 4403 sum,
2191 4337 2444 4407 quoniam
2487 4337 2555 4392 ad
2584 4337 2767 4392 omnia
2806 4353 2927 4408 qum
2957 4337 3167 4392 mittam
3210 4346 3284 4404 te,
3323 4337 3442 4402 ibis,
3484 4347 3543 4394 et

250 4438 319 4493 de
341 4452 544 4508 genere
567 4439 934 4504 sacerdotum,
956 4438 1048 4508 qui
1079 4434 1394 4492 habitabant
1417 4443 1606 4492 contra
1633 4443 1844 4506 septen-
1871 4424 1922 4484 D
1954 4451 1971 4482 ε
2017 4429 2268 4486 universa
2297 4443 2418 4500 qua:
2443 4429 2774 4484 mandavero
2797 4429 2917 4495 tibi,
2948 4429 3204 4500 loqueris.
3239 4428 3316 4486 Ne
3341 4429 3544 4490 timeas

252 4529 486 4585 triouem
517 4529 852 4587 Hierusalem
880 4531 932 4586 iu
961 4530 1126 4586 tertio
1151 4529 1401 4585 milliaria
1423 4537 1476 4584 et
1499 4528 1674 4584 viculo
1698 4527 1844 4583 Ana-

1951 4540 1968 4571 σ
2014 4535 2043 4575 a
2079 4520 2218 4575 facie
2244 4531 2452 4582 eorum,
2494 4519 2620 4590 quia
2653 4527 2833 4574 tecum
2866 4534 3006 4584 sum,
3035 4527 3095 4573 ut
3121 4534 3308 4575 eruam
3343 4529 3421 4588 te,
3457 4521 3546 4577 di-

253 4618 430 4675 tbotb.
455 4620 734 4691 Simulque
755 4621 1094 4677 admirabilis
1117 4620 1404 4677 clementia
1436 4619 1670 4684 Domini,
1697 4618 1840 4692 quod

1952 4631 1970 4664 ε
2017 4611 2091 4667 cit
2119 4611 2396 4666 Dominus.
2421 4630 2438 4660 ι
2470 4607 2548 4664 Ne
2571 4618 2806 4676 aetatem,
2835 4609 3030 4680 inquit,
3059 4609 3402 4678 consideres;
3432 4611 3539 4667 alio

251 4708 360 4780 iam
405 4712 719 4781 captivitate
746 4712 952 4778 vicina,
995 4721 1051 4768 et
1088 4710 1384 4782 Babylonio
1431 4710 1672 4766 exercitu
1721 4708 1839 4764 val-

252 4801 400 4858 lante
443 4802 802 4870 Hierusalem,
831 4804 1218 4861 nihilhominus
1259 4801 1517 4874 populum
1558 4802 1627 4856 ad
1660 4801 1841 4872 poeni-

252 4893 479 4948 tentiam
525 4903 816 4963 provocat,
848 4895 1054 4950 malens
1093 4892 1303 4949 salvare
1345 4905 1638 4948 conversos
1669 4906 1839 4961 quam

253 4983 484 5054 perdere
543 4983 935 5054 delinquentes.
984 4983 1090 5040 Pro
1141 4982 1648 5054 transmigratioue,
1695 4979 1841 5050 quod

252 5088 446 5130 omnes
477 5074 570 5130 alii
595 5091 726 5132 voce
749 5091 987 5132 consona
1029 5073 1442 5137 transtulerunt,
1487 5071 1840 5144 Septuaginta

253 5178 554 5239 posuerunt
578 5170 948 5240 captivitatem.
971 5169 1100 5226 P03t
1127 5168 1413 5223 exordium
1443 5176 1624 5222 autem
1655 5163 1842 5220 vatici-

258 5259 497 5316 nationis
539 5258 811 5327 Jeremiaa.
839 5259 1115 5316 tricesimo
1153 5259 1344 5328 quinto
1385 5255 1684 5328 prophetia:
1723 5253 1842 5324 ejus

251 5364 417 5412 anno.
464 5349 717 5406 Ezechiel
763 5349 816 5406 in
846 5350 1118 5422 Babylone
1164 5348 1250 5404 his
1283 5348 1377 5419 qui
1417 5362 1544 5403 cum
1585 5359 1652 5402 eo
1697 5341 1841 5415 capti

253 5438 493 5505 ﬁlerunt,
521 5456 749 5496 exorsus
769 5449 853 5496 est
877 5441 1224 5512 prophetare.

333 5547 350 5580 ι
383 5529 446 5584 Et
493 5529 698 5585 factum
739 5537 825 5586 est
860 5527 1084 5585 verbum
1127 5527 1341 5584 Domini
1387 5527 1457 5582 ad
1491 5541 1578 5581 me
1607 5525 1833 5580 dicens:

261 5641 280 5674 ι
323 5621 649 5692 Priusquam
679 5627 733 5676 te
760 5620 1054 5676 formarem
1084 5619 1137 5676 in
1166 5629 1344 5684 utero,
1387 5616 1510 5673 novi
1543 5625 1625 5682 te;
1659 5627 1715 5672 et
1747 5633 1843 5672 an-

260 5731 280 5766 σ
331 5722 545 5784 quuam
586 5713 771 5769 exires
797 5712 862 5769 de
907 5711 1084 5777 vulva,
1120 5709 1454 5770 sanctiﬁcavi
1487 5721 1578 5767 te:
1609 5709 1840 5786 prophe-

1943 4703 2087 4758 enim
2126 4702 2391 4774 propheta
2430 4699 2684 4772 loquente
2728 4701 2963 4757 didicisti
2999 4719 3016 4757 :
3054 4719 3080 4754 ‹
3127 4703 3267 4758 Cani
3299 4703 3538 4760 hominis

1945 4795 2209 4866 sapientia
2237 4791 2353 4863 ejus
2383 4792 2534 4867 (Sap.
2562 4793 2661 4867 tv).
2687 4813 2705 4845 ι
2745 4792 2875 4849 Tum
2901 4793 2970 4848 sit
3003 4801 3207 4849 tantum
3236 4794 3531 4852 voluntatis

1944 4894 2005 4940 ut
2048 4899 2272 4957 pergas;
2308 4901 2394 4940 me
2438 4885 2693 4940 comitem
2738 4883 2984 4950 habebis,
3017 4900 3125 4955 quo
3154 4893 3346 4941 cuncta
3380 4884 3538 4954 adju-

1943 4985 2105 5032 vante
2132 4977 2448 5047 complebis.
2486 4994 2506 5028 ι
2534 4977 2696 5047 Aperi
2741 4991 2804 5032 os
2834 4985 3007 5040 tuum,
3045 4984 3101 5031 et
3130 4975 3362 5045 implebo
3405 4975 3538 5033 illud

1944 5069 2114 5144 (Prol.
2143 5072 2329 5141 uxr).
2355 5089 2372 5121 ι
2407 5069 2520 5124 Nec
2563 5068 2872 5124 consideres
2917 5065 3313 5122 multitudinem
3343 5083 3528 5125 eorum

1944 5144 2022 5220 ad.
2039 5178 2174 5234 quos
2201 5171 2258 5217 et
2285 5168 2475 5217 contra
2500 5175 2634 5230 quos
2659 5160 2936 5215 locuturus
2967 5172 3049 5222 es,
3075 5157 3169 5211 sed
3217 5170 3302 5210 me
3328 5157 3418 5225 qui
3453 5166 3536 5216 te-

1944 5270 2066 5310 cum
2095 5269 2234 5316 sum,
2262 5261 2322 5306 ut
2364 5262 2552 5306 eruam
2575 5258 2654 5314 te,
2685 5249 2816 5305 dicit
2859 5247 3139 5302 Dominus.
3187 5242 3405 5300 Liberet
3431 5263 3532 5302 au-

1945 5353 2056 5400 tem
2093 5341 2370 5405 Dominus,
2405 5352 2511 5394 non
2542 5354 2650 5409 quo
2679 5338 2942 5409 propheta
2990 5337 3455 5407 persecutionibus
3483 5347 3540 5394 et

1944 5430 2207 5504 angustiis
2235 5438 2448 5494 careat,
2489 5428 2691 5499 quippe
2735 5440 2859 5482 cum
2913 5425 3153 5496 legamus
3193 5440 3319 5480 eum
3366 5427 3536 5483 multa

1944 5534 2256 5596 perpessum
2281 5535 2295 5585 ;
2323 5519 2416 5574 sed
2443 5525 2502 5573 ut
2527 5518 2740 5589 patiens
2767 5515 2949 5572 omnia
2980 5522 3229 5586 superet,
3255 5531 3354 5572 nec
3381 5518 3536 5574 cedat

1943 5612 2229 5686 angustim.

2021 5727 2036 5758 ε
2070 5706 2135 5760 Et
2180 5704 2324 5761 misit
2373 5701 2633 5760 Dominus
2682 5716 2902 5758 manum
2950 5716 3136 5767 suam,
3178 5709 3236 5757 et
3263 5701 3437 5776 tetigit
3478 5715 3542 5758 os
