3962 6198
453 288 555 363 799

994 318 997 321 λ
1090 313 1149 367 Β.
1194 286 1455 372 uanam
1486 315 1703 374 mum
1742 317 2057 391 ARCHIEP.
2102 320 2409 381 uocum.
2451 321 2741 384 eranum
2780 327 2967 386 rans
3007 331 3092 387 ill.

3622 318 3725 395 δοῦ

453 441 473 472 ι
519 436 718 489 meum,
754 433 810 479 et
847 423 984 481 dixit
1012 426 1273 483 Dominus
1296 429 1363 483 ad
1401 445 1527 485 me:
1555 430 1696 487 Ecce
1718 432 1841 487 dedi
1868 434 2031 489 verba
2062 441 2110 497 Α
2138 443 2301 492 tantae
2349 438 2677 496 multitudini
2721 451 2779 497 et
2820 443 2997 499 noluit
3035 452 3092 500 et
3136 448 3397 504 obedlvit.
3448 447 3728 519 Superbus

454 528 474 562 ι
520 528 640 569 mea
690 514 742 569 in
790 531 886 572 ore
917 525 1029 572 tuo.
1056 538 1073 569 ι
1116 518 1422 575 Notandum
1459 523 1605 591 quod
1653 522 1742 579 hic
1782 524 2034 579 mittatur

449 621 641 661 manus
666 606 781 671 Dei,
811 623 930 677 qua
960 606 1141 681 tangat
1174 625 1237 666 os
1271 612 1567 682 prophetae,
1611 621 1667 668 et
1694 614 1907 670 dicatur
1934 616 1983 670 ci
2011 632 2024 667 :

453 713 473 747 ‹
505 696 642 751 Ecce
666 696 787 752 dedi
822 699 988 754 verba
1029 716 1148 755 mea
1177 701 1229 755 in
1258 717 1353 757 ore
1389 711 1511 771 tuo;
1534 723 1553 756 ι
1585 704 1638 758 in
1667 704 1806 761 Isaia
1845 719 2028 762 autem

448 785 705 854 scriptum
735 788 841 841 sit:
879 806 899 838 ι
927 788 993 842 Et
1023 790 1220 845 missus
1259 800 1344 847 est
1378 792 1446 847 ad
1485 808 1572 848 me
1602 810 1740 850 unus
1768 795 1836 851 de
1882 811 2031 852 sera—

446 888 618 958 phim,
643 898 699 944 et
724 889 780 943 in
812 906 973 945 manu
1001 892 1234 948 habebat
1259 895 1571 962 carbonem,
1611 911 1773 967 quem
1820 895 2027 968 forcipe

449 987 645 1043 tulerat
670 990 737 1045 de
766 990 922 1046 altari
950 1008 964 1045 :
991 1000 1046 1046 et
1076 992 1248 1065 tetigit
1277 1008 1339 1049 os
1380 1010 1580 1060 meum,
1605 1003 1661 1051 et
1689 996 1823 1052 dixit
1847 1015 1861 1051 :
1887 997 2026 1054 Ecce

445 1081 621 1151 tetigit
650 1082 754 1137 iste
792 1083 931 1139 labia
961 1093 1073 1151 tua,
1105 1095 1162 1141 et
1202 1085 1413 1142 auferet
1454 1088 1767 1158 iniquitates
1797 1098 1939 1156 tuas,
1968 1097 2024 1145 et

443 1189 664 1252 peccata
701 1190 793 1243 tua
837 1185 1115 1240 mundabit
1144 1184 1278 1259 (Isa.
1301 1187 1398 1259 vi).
1421 1207 1440 1240 ι
1471 1187 1547 1242 lbi
1585 1189 1730 1244 enim
1761 1190 1888 1260 quia
1933 1205 2023 1247 so-

442 1271 564 1328 lidae
587 1282 643 1329 et
674 1275 930 1345 perfectae
951 1277 1129 1333 astatis
1158 1286 1292 1343 erat,
1324 1287 1380 1334 ct
1406 1279 1519 1350 ipse
1546 1282 1866 1353 simpliciter
1892 1300 2021 1340 con-

443 1366 624 1421 fitetur
649 1368 791 1437 quod
837 1369 1111 1425 immunda
1160 1370 1299 1427 labia
1337 1372 1564 1439 habeat,
1611 1383 1669 1431 et
1709 1376 1918 1433 habitet
1968 1379 2020 1434 in

440 1455 619 1512 medio
646 1458 828 1528 populi
855 1458 1128 1514 immunda
1152 1459 1292 1516 labia
1319 1461 1586 1517 habentis.
1614 1462 1845 1520 Mittitur
1881 1482 2021 1523 unus

440 1543 507 1598 de
534 1547 831 1616 serapliim,
864 1548 955 1618 qui
984 1563 1091 1604 non
1118 1564 1301 1615 manu,
1331 1551 1428 1607 sed
1454 1549 1661 1625 forcipe
1696 1561 1754 1609 et
1785 1555 2022 1611 carbone

439 1647 627 1719 tangat
663 1656 725 1696 os
751 1639 887 1711 ejus,
913 1650 968 1697 et
994 1641 1302 1711 iniquitates
1325 1642 1538 1699 auferat
1562 1654 1617 1700 et
1642 1646 1866 1702 mundet
1892 1663 2019 1719 pec-

435 1716 577 1786 cata.
628 1730 729 1787 Hic
789 1741 967 1789 autem
1009 1733 1179 1805 ipsius
1219 1732 1322 1812 Dei
1369 1750 1563 1791 manus
1614 1716 2019 1808 mittitur,vper

435 1837 598 1892 quam
623 1832 822 1881 cuncta
865 1834 1121 1895 operatus
1149 1833 1252 1893 est,
1283 1835 1340 1882 et
1366 1842 1487 1898 quae
1514 1828 1570 1883 in
1598 1827 1706 1884 alio
1744 1829 1863 1886 loco
1891 1831 2016 1888 bra-

432 1913 618 1969 chium
667 1912 864 1969 dicitur
896 1932 909 1969 :
945 1930 1054 1971 non
1088 1923 1148 1972 ut
1191 1924 1414 1986 peccata
1455 1916 1705 1984 auferat,
1750 1934 1871 1988 quae
1919 1935 2020 1990 per

433 2006 720 2077 pueritiam
764 2005 931 2062 multa
968 2023 1074 2062 non
1120 2006 1342 2073 fecerat,
1384 2011 1478 2065 sed
1507 2017 1567 2065 ut
1599 2008 1852 2080 loquendi
1893 2027 2014 2082 gra-

433 2096 559 2151 tiam
589 2096 808 2152 tribuat.
837 2098 1006 2153 Porro
1032 2098 1283 2155 Ezechiel
1311 2099 1507 2155 librum
1540 2100 1762 2156 devorat
1786 2110 1843 2156 et
1866 2102 2013 2159 intus

426 2194 483 2242 et
514 2185 646 2242 foris
667 2188 945 2257 scriptum,
974 2196 1085 2243 tam
1113 2199 1456 2245 sacramenta
1484 2190 1663 2245 divina
1691 2208 1855 2261 quam
1882 2193 2014 2247 sim-

426 2275 620 2346 plicem
669 2277 954 2333 historiam
990 2280 1358 2336 continentem
1402 2280 1619 2353 (Exeo/1.
1647 2282 1730 2354 ιι).
1763 2282 2011 2340 Jeremiae

424 2381 487 2424 os
536 2368 796 2441 tangitur,
841 2378 896 2424 et
922 2369 1142 2426 Domini
1184 2373 1353 2427 verba
1380 2373 1710 2437 tribuuntur,
1742 2384 1805 2430 ut
1842 2376 2011 2430 confi-

423 2461 664 2516 dentiam
693 2461 925 2532 accipiat
963 2462 1312 2532 praedicandi.
1354 2462 1699 2535 Pulchreque
1735 2463 1892 2535 juxta
1924 2465 2011 2519 lit-

422 2561 597 2608 teram
630 2568 826 2609 manus
868 2548 1123 2621 mittitur,
1161 2564 1221 2611 ut
1261 2556 1619 2612 humanorum
1662 2566 1880 2614 artuum
1929 2558 2010 2614 vi-

422 2641 557 2697 dens
594 2642 1023 2709 similitudinem,
1054 2653 1256 2703 tactum
1293 2662 1487 2702 manus
1520 2663 1627 2703 non
1668 2646 2005 2705 reformidet.

420 2726 624 2803 (Greg.)
667 2730 774 2789 Sed
806 2732 1106 2799 sciendum,
1137 2736 1279 2804 quod
1325 2752 1712 2809 nonnunquam
1747 2740 2007 2809 praedica-

421 2817 582 2874 tionis
607 2816 841 2875 ofﬁcium
864 2827 920 2874 et
953 2821 1197 2878 nonnulli
1240 2823 1584 2881 laudabiliter
1621 2838 1902 2898 appetunt,
1949 2837 2005 2884 et

418 2909 486 2965 ad
536 2910 640 2966 hoc
695 2911 917 2966 nonnuli
970 2911 1312 2979 laudabiliter
1363 2918 1535 2972 coacti
1586 2920 1999 2988 pertrahuntur.

417 2998 570 3065 Quod
615 2999 816 3070 liquide
856 3004 1219 3074 agnoscimus,
1250 3005 1296 3061 si
1324 3017 1746 3063 memorator-um
1773 3011 1999 3066 duorum

2135 530 2278 584 enim
2316 529 2561 587 fortassis
2598 542 2774 600 esset,
2815 536 2861 590 si
2906 536 3162 591 ducatum
3205 538 3381 608 plebis
3424 539 3729 597 innumera:

2134 623 2253 678 sine
2303 624 2662 695 trepidatione
2707 627 3045 698 susciperet;
3092 636 3149 684 et
3196 645 3413 685 rursum
3459 631 3727 701 superbus

2132 715 2424 782 existeret,
2468 716 2513 772 si
2560 717 2814 773 Auctoris
2871 721 3101 790 imperio
3146 721 3368 776 obedire
3422 733 3722 778 recusaret.

2134 804 2432 877 Utrobique
2457 822 2590 878 ergo
2616 808 2890 877 subjectus
2912 820 2970 867 et
3011 828 3243 883 praeesse
3281 813 3494 884 populis
3520 825 3723 870 semet-

2131 897 2307 967 ipsum
2336 900 2623 955 metuendo
2650 901 2841 969 noluit,
2870 913 2929 959 et
2971 913 3155 961 tamen
3187 905 3253 960 de
3287 904 3619 975 imperantis
3651 905 3723 962 vi-

2131 990 2291 1045 ribus
2305 992 2596 1046 consentit.
3530 1006 3546 1017 '

2204 1098 2223 1131 α
2254 1080 2393 1137 Ecce
2421 1098 2523 1153 ego
2557 1083 2813 1139 constitui
2842 1092 2896 1139 te
2925 1085 3086 1141 hodie
3114 1101 3279 1156 super
3318 1096 3510 1158 gentes
3547 1096 3605 1145 et
3631 1104 3719 1144 su-

2132 1186 2153 1220 ¢
2198 1183 2296 1237 per
2320 1184 2505 1240 regna,
2537 1179 2596 1226 ut
2621 1172 2838 1238 evellas,
2863 1182 2919 1229 et
2945 1175 3218 1243 destruas,
3247 1186 3303 1232 et
3330 1177 3636 1249 disperdas,
3665 1187 3720 1235 et

2133 1276 2152 1309 ε
2197 1259 2447 1331 dissipes,
2493 1271 2547 1318 et
2592 1263 2849 1331 :ediflces,
2877 1278 2933 1321 et
2960 1265 3197 1337 plantes.
3224 1288 3242 1320 ι
3281 1268 3560 1343 (Hirrum)
3609 1271 3718 1327 Hoc

2125 1350 2265 1421 quod
2298 1367 2395 1408 nos
2429 1354 2495 1409 de
2525 1353 2795 1413 liebraico
2822 1357 3126 1415 addidimus
3156 1361 3396 1432 dissipes,
3424 1362 3544 1417 sive
3567 1364 3717 1435 depo-

2124 1458 2240 1507 nas,
2282 1442 2339 1498 in
2365 1443 2509 1499 LXX
2549 1461 2656 1501 non
2689 1448 2939 1503 habetur.
2970 1448 3039 1505 Et
3068 1451 3526 1529 considerandum
3571 1457 3712 1526 quod

2121 1541 2354 1603 quatuor
2388 1536 2635 1593 tristibus
2677 1538 2782 1594 duo
2812 1539 2932 1595 heia
2976 1542 3289 1598 succedant.
3333 1543 3526 1614 Neque
3569 1547 3711 1602 enim

2119 1624 2375 1680 aedificari
2405 1626 2570 1694 bona,
2593 1628 2698 1683 nisi
2726 1630 2999 1688 destructa
3026 1645 3215 1690 essent
3238 1636 3411 1702 mala;
3439 1652 3542 1694 nec
3568 1638 3716 1710 plan-

2119 1716 2225 1772 tari
2281 1718 2513 1788 optima,
2564 1721 2670 1777 nisi
2722 1724 3132 1782 eradicarentur
3201 1729 3490 1799 pessima:
3535 1733 3713 1789 omnis

2046 1795 2093 1856 Β
2118 1810 2263 1866 enim
2300 1812 2582 1883 plantatio,
2625 1831 2787 1886 quam
2835 1834 2940 1874 non
2967 1795 3226 1890 plantavit
3255 1823 3497 1879 caelestis
3524 1824 3709 1889 Pater,

2119 1903 2484 1960 eradicabitur
2529 1905 2749 1978 (Manli.
2775 1910 2888 1980 xv).
2938 1911 3007 1966 Et
3049 1912 3357 1981 aedificatio,
3388 1930 3513 1985 qua:
3548 1931 3713 1986 super

2117 2006 2328 2065 petram
2358 2008 2466 2053 non
2511 1999 2675 2054 habet
2702 1998 3137 2070 fundamentum,
3180 2006 3274 2061 sed
3314 2007 3366 2062 in
3398 2023 3571 2063 arena
3617 2025 3711 2064 ex-

2117 2093 2323 2140 structa
2361 2096 2470 2154 est,
2501 2102 2750 2145 sermone
2781 2091 2875 2146 Dei
2904 2090 3189 2149 suffoditur
3213 2103 3375 2165 atque
3407 2096 3712 2153 destruitur

2117 2174 2328 2249 (Matth.
2353 2181 2473 2252 vn).
2504 2181 2648 2236 Illam
2691 2191 2870 2237 autem
2897 2200 3058 2255 quam
3104 2195 3388 2242 consumet
3414 2186 3581 2244 Iesus
3608 2190 3710 2261 Spi-

2115 2268 2221 2322 ritu
2265 2269 2377 2323 oris
2421 2270 2537 2337 sui,
2578 2280 2632 2326 et
2659 2271 2899 2333 destruet
2947 2275 3181 2331 adventu
3231 2281 3538 2349 praesentiae
3574 2297 3703 2348 sum,

2112 2375 2328 2415 oinnem
2352 2362 2559 2418 scilicet
2585 2365 2902 2436 sacrilegam
2929 2384 3348 2442 perversamque
3373 2373 3702 2443 doctrinam,

2113 2452 2386 2523 disperdet
2442 2456 2495 2511 in
2540 2467 2884 2528 perpetuum.
2933 2460 3104 2518 Porro
3147 2481 3211 2520 ea
3259 2482 3380 2536 qua!
3419 2468 3708 2525 elevantur

2111 2555 2299 2602 contra
2335 2549 2615 2605 scientiam
2649 2552 2775 2617 Dei;
2811 2562 2866 2609 et
2893 2554 2945 2609 iu
2982 2570 3078 2611 sua
3106 2557 3382 2613 confidunt
3412 2561 3704 2630 sapientia,

2110 2653 2230 2707 qure
2262 2641 2403 2709 apud
2429 2641 2597 2697 Deum
2625 2645 2850 2699 stultitia
2880 2655 2985 2713 ess,
3021 2648 3306 2726 dissipabit
3340 2660 3508 2722 atque
3542 2654 3705 2724 depo-

2108 2739 2200 2785 net
2226 2750 2238 2785 :
2262 2740 2321 2788 ut
2345 2734 2677 2791 :edificentur
2709 2752 2807 2808 pro
2834 2738 2918 2794 his
2953 2741 3198 2807 humilia,
3229 2750 3283 2797 et
3311 2742 3364 2798 in
3396 2744 3582 2800 locum
3617 2762 3703 2801 su-

2108 2823 2378 2891 periorum
2409 2841 2528 2895 qua
2557 2826 2827 2883 destructa
2854 2840 2980 2885 sunt
3004 2841 3059 2887 et
3096 2833 3304 2899 evulsa,
3346 2844 3702 2891 exstruantur

2107 2921 2269 2983 atque
2303 2913 2616 2984 plantentur
2663 2935 2784 2990 qua:
2823 2922 3205 2979 ecclesiastica
3241 2926 3582 2981 conveniunt
3612 2942 3701 2981 ve-

2107 3006 2285 3071 rilati;
2318 3015 2372 3063 et
2413 3007 2702 3078 impleatur
2730 3011 2871 3081 quod
2917 3012 3049 3068 dicit
3095 3013 3387 3084 Apostolus
3431 3015 3488 3078 (1
3515 3015 3691 3072 Corin.

416 3092 854 3165 prophetantium
898 3093 1039 3149 facta
1068 3112 1376 3166 pensamus,
1404 3114 1633 3169 quorum
1666 3116 1807 3155 unus
1832 3109 1891 3157 ut
1931 3103 1999 3158 ad
2026 3119 2070 3181 ρ
2103 3096 2226 3169 in):
2264 3118 2281 3150 ι
2312 3098 2405 3153 Dei
2441 3100 2747 3167 aedificatio,
2792 3102 2884 3158 Dei
2930 3103 3257 3173 agricultura
3287 3106 3459 3160 estis?
3486 3125 3506 3159 ι
3548 3106 3693 3161 Mulli

414 3182 815 3252 praedicandum
868 3185 1010 3242 mitti
1062 3186 1335 3244 debuisset
1388 3198 1578 3259 sponte
1628 3206 1687 3246 se
1734 3193 1994 3262 praebuit,

417 3289 646 3341 quorum
675 3283 853 3331 tamen
882 3276 1018 3332 alter
1054 3294 1278 3349 pergere
1313 3295 1435 3335 cum
1462 3296 1662 3351 pavore
1706 3286 1995 3339 recusavit.

412 3361 578 3419 Isaias
599 3363 797 3434 quippe
825 3365 1050 3423 Domino
1077 3369 1338 3437 quan-emi
1367 3385 1526 3440 quem
1560 3373 1822 3438 mitteret,
1853 3376 1997 3431 ultro

412 3468 473 3508 se
501 3453 696 3508 obtulit
729 3455 949 3512 dicens:
982 3475 1000 3508 ι
1029 3457 1108 3513 Eu
1129 3474 1251 3531 ego,
1276 3460 1431 3517 mitte
1461 3476 1547 3518 me
1576 3462 1710 3534 (lsa.
1736 3464 1833 3537 vi).
1857 3484 1877 3517 ι
1907 3458 1999 3521 ie?

414 3544 612 3600 remias
635 3554 817 3599 autem
845 3545 1099 3611 mittitur,
1126 3556 1180 3604 et
1207 3557 1386 3606 tamen
1414 3566 1482 3606 ne
1512 3552 1651 3608 mitti
1681 3554 1875 3610 debeat
1900 3557 1996 3611 hu-

413 3642 613 3698 militer
652 3643 949 3700 reluctatur
982 3646 1168 3703 dicens
1208 3667 1223 3727 ς
1265 3667 1284 3701 ι
1324 3650 1435 3718 lla,
1483 3653 1583 3718 ba,
1629 3655 1720 3721 ha,
1770 3656 1996 3714 Domine

412 3733 576 3799 Deus,
598 3748 724 3790 ecce
753 3736 936 3792 nescio
965 3736 1131 3808 loqui,
1156 3740 1283 3809 quia
1314 3755 1447 3810 puer
1471 3757 1571 3813 ego
1602 3760 1742 3799 sum.
1765 3766 1784 3799 ο
1819 3746 1899 3801 En
1925 3749 1993 3804 ab

408 3826 656 3895 utrisque
679 3827 920 3883 exterius
947 3828 1161 3885 diversa
1205 3846 1308 3887 vox
1336 3833 1554 3902 prodiit,
1583 3835 1676 3889 sed
1708 3851 1814 3892 non
1843 3853 1873 3892 a
1901 3838 1987 3893 di-

409 3928 567 3971 verso
606 3916 755 3972 fonte
786 3916 1090 3974 dilectionis
1135 3923 1426 3977 emanavit.
1476 3924 1593 3979 Duo
1637 3925 1837 3996 quippe
1868 3938 1993 3984 sunt

406 4014 675 4077 praecepta
702 4007 1005 4073 charitatis,
1036 4009 1133 4064 Dei
1176 4010 1424 4066 videlicet
1453 4026 1627 4078 amor,
1653 4021 1710 4070 et
1734 4016 1988 4084 proximi.

408 4095 515 4153 Per
540 4097 769 4153 activam
794 4098 961 4153 vitam
1005 4100 1169 4170 igitur
1194 4100 1451 4169 prodesse
1472 4103 1734 4173 proximis
1767 4106 1991 4176 cupiens

405 4188 592 4254 lsaias,
640 4187 874 4245 cilicium
912 4191 1310 4260 praedicationis
1354 4194 1584 4263 appetit;
1612 4211 1711 4266 per
1748 4205 1990 4253 contem-

405 4278 666 4351 plativam
699 4294 829 4337 vero
858 4278 1120 4337 Jeremias
1147 4282 1319 4337 amori
1350 4282 1658 4342 Conditoris
1683 4286 1866 4342 sedulo
1908 4288 1989 4343 in-

407 4372 617 4428 bzerere
641 4371 976 4439 desiderans,
1004 4388 1072 4429 ne
1102 4372 1241 4429 mitti
1265 4373 1332 4430 ad
1362 4375 1764 4445 praedicandum
1793 4377 1987 4434 debeat

2101 3190 2247 3246 hunc
2284 3191 2460 3247 locum
2493 3209 2657 3264 super
2690 3210 2979 3264 personam
3011 3196 3211 3252 Christi
3242 3197 3575 3271 intelligunt.
3607 3198 3694 3254 Je-

2102 3282 2299 3337 remias
2333 3284 2474 3340 enim
2506 3285 2894 3355 interpretatur
2932 3287 3165 3344 excelsus
3214 3288 3445 3354 Domini,
3476 3291 3573 3360 qui
3603 3290 3691 3345 de-

2098 3373 2295 3426 struxit
2331 3388 2492 3443 regna
2526 3374 2741 3441 diaboli,
2770 3392 2890 3446 qua:
2917 3377 3018 3432 sibi
3048 3378 3099 3432 in
3127 3377 3343 3433 excelso
3373 3378 3577 3433 montis
3606 3395 3694 3435 os-

2100 3461 2385 3528 tenderat;
2433 3463 2771 3520 adversarius
2832 3466 3069 3535 perdidit
3108 3475 3450 3537 potestates,
3506 3468 3690 3526 deleas

2096 3552 2512 3625 chirographum
2562 3569 2809 3610 errorum
2856 3556 2907 3610 in
2943 3571 3125 3611 cruce.
3176 3556 3254 3612 De
3302 3557 3501 3626 quibus
3535 3565 3591 3613 et
3633 3559 3688 3614 in

2095 3644 2328 3715 psalmo,
2355 3655 2475 3715 post
2502 3645 2742 3702 historia:
2769 3647 3078 3713 veritatem,
3104 3655 3362 3723 τροπικῶς
3395 3648 3639 3719 loquitur
3665 3664 3681 3703 :

2100 3753 2118 3785 ι
2149 3734 2328 3802 Quare
2365 3735 2699 3790 fremuerunt
2741 3745 2955 3807 gentes,
2980 3747 3037 3791 et
3066 3737 3248 3807 populi
3280 3728 3531 3792 meditati
3563 3746 3687 3794 sunt

2094 3822 2308 3879 inania?
2334 3823 2636 3880 Astlterunt
2675 3840 2832 3896 rcges
2861 3834 3040 3888 terrze,
3075 3834 3131 3881 et
3170 3826 3443 3897 principes
3481 3842 3682 3883 conve-

2094 3923 2288 3970 nerunt
2314 3916 2366 3968 in
2393 3930 2556 3969 unum
2584 3911 2755 3986 (Paul.
2781 3914 2863 3987 ll).
2888 3935 2905 3967 ι
2952 3915 3058 3971 Pro
3097 3916 3182 3970 his
3210 3915 3431 3981 evulsis,
3469 3918 3685 3972 destru-

2090 4004 2212 4069 ctis,
2235 4004 2461 4074 perditis
2474 4013 2528 4059 et
2552 4005 2604 4060 in
2628 4004 2882 4060 inferiora
2901 4005 3178 4071 detractis,
3199 4006 3502 4062 aedificatur
3518 4018 3682 4079 atque

2089 4094 2364 4166 plantatur
2408 4092 2646 4150 Ecclesia
2683 4095 2799 4150 Dei.
2837 4094 3013 4165 Super
3057 4094 3305 4151 Jeremize
3344 4103 3531 4151 autem
3563 4113 3683 4168 per-

2088 4202 2221 4243 sona
2256 4186 2402 4242 nulla
2453 4187 2716 4243 dubitatio
2762 4197 2865 4243 est.
2913 4186 3164 4259 Legimus
3205 4187 3349 4243 enim
3396 4188 3450 4241 in
3490 4203 3681 4245 conse-

2087 4260 2379 4348 quentibus
2406 4277 2548 4348 quod
2578 4277 2631 4332 in
2675 4293 2839 4333 manu
2871 4278 3100 4349 accipiat
3135 4277 3358 4333 calicem
3392 4280 3530 4333 meri
3566 4278 3677 4350 ple-

2088 4382 2238 4434 num,
2265 4376 2319 4424 et
2344 4368 2631 4440 propinare
2654 4368 2909 4439 iubeatur
2937 4368 3149 4423 cunctis
3191 4368 3247 4422 in
3294 4367 3549 4423 circuitu'
3578 4382 3677 4422 na-

406 4462 746 4519 contradicit.
773 4463 927 4533 Quod
954 4478 1082 4536 ergo
1109 4463 1448 4521 laudabiliter
1473 4464 1606 4521 alter
1632 4468 1854 4537 appetit,
1883 4468 1986 4531 hoc
2014 4476 2064 4536 ι)
2090 4457 2345 4514 tionibus.
2394 4455 2593 4530 (Orig.)
2645 4456 2872 4529 Mystice
2919 4465 3096 4513 autem
3146 4458 3457 4529 quicunque
3495 4474 3527 4514 a
3568 4460 3679 4515 Deo

404 4550 753 4608 laudabiliter
791 4552 931 4608 alter
952 4553 1187 4623 expavit.
1219 4554 1326 4610 Iste
1355 4568 1424 4609 ne
1450 4555 1627 4610 tacita:
1657 4556 1987 4627 contempla-
2087 4546 2285 4616 πείρίῑ
2325 4547 2511 4614 verba,
2542 4560 2761 4603 ευωθυε
2801 4548 3031 4619 Summ
3059 4548 3297 4604 οωιθεῑίε
3338 4545 3566 4619 θεοίιιιὶῑ,
3596 4549 3677 4604 id"

404 4642 569 4701 tionis
601 4642 750 4699 lucra
796 4643 1063 4714 loquendo
1104 4644 1374 4717 perderet,
1407 4644 1496 4702 ille
1533 4660 1602 4702 ne
1637 4647 1835 4704 damna
1872 4657 1983 4705 stu-

402 4732 543 4793 diosi
584 4734 764 4806 operis
791 4735 1017 4791 tacendo
1061 4736 1307 4793 sentiret.
1356 4736 1464 4794 Sed
1491 4738 1596 4795 hoc
1637 4740 1692 4795 in
1734 4742 1980 4815 utrisque

396 4832 487 4887 est
517 4824 788 4881 subtiliter
827 4825 1183 4881 intuendum:
1222 4826 1348 4898 quia
1378 4834 1435 4884 et
1460 4828 1506 4883 is
1552 4829 1644 4900 qui
1685 4832 1977 4897 recusavit,

398 4918 635 4992 pleniter
667 4933 774 4975 non
805 4917 1043 4986 resistit;
1082 4926 1140 4973 et
1180 4916 1227 4973 is
1255 4918 1348 4988 qui
1373 4919 1514 4974 mitti
1551 4920 1722 4977 voluit
1766 4930 1894 4978 ante
1919 4937 1980 4980 se

398 5025 496 5083 per
517 5007 704 5065 altaris
724 5007 992 5065 calculum
1019 5017 1306 5082 purgatum
1333 5010 1484 5077 vidit,
1512 5025 1581 5067 ne
1603 5020 1696 5067 aut
1720 5028 1828 5067 non
1855 5028 1980 5084 pur—

395 5110 555 5177 gatus
595 5101 746 5158 adire
787 5100 1018 5173 quisque
1061 5116 1215 5157 sacra
1262 5100 1565 5157 ministeria
1610 5101 1836 5171 audeat,
1884 5111 1979 5161 aut

394 5210 557 5268 quem
585 5208 815 5266 superna
842 5194 1017 5266 gratia
1056 5191 1250 5263 elegit,
1293 5193 1394 5249 sub
1436 5191 1756 5250 humilitatis
1798 5194 1977 5277 specie

391 5285 623 5356 superba
668 5286 1023 5342 contradicat.
1066 5282 1203 5352 Quia
1246 5281 1409 5356 igitur
1444 5282 1598 5340 valde
1638 5281 1851 5339 difﬁcile
1892 5291 1977 5340 est

389 5388 677 5447 purgatum
711 5393 772 5434 se
815 5377 1102 5448 quemlibet
1133 5388 1292 5446 posse
1334 5389 1684 5445 cognoscere,
1712 5374 1973 5444 praedica-

390 5476 553 5531 tionis
581 5475 818 5534 omcium
865 5475 1032 5532 tutius
1075 5474 1410 5537 declinatur;
1443 5486 1544 5528 nec
1576 5481 1755 5529 tamen
1803 5471 1970 5527 decli-

391 5569 536 5632 nari,
566 5576 627 5623 ut
665 5567 918 5631 diximus,
950 5566 1301 5637 pertinaciter
1331 5565 1511 5631 debet,
1549 5579 1671 5619 cum
1700 5564 1766 5619 ad
1794 5563 1968 5619 susci-

389 5656 649 5727 piendum
691 5657 796 5712 hoc
838 5672 1069 5727 superna
1122 5657 1372 5728 voluntas
1431 5655 1781 5743 aguoscitur._
1813 5653 1970 5722 Quod

392 5747 568 5804 Moses
610 5758 896 5821 utrumque
926 5749 1062 5805 miro
1107 5764 1268 5820 opere
1299 5748 1565 5823 explevit,
1610 5748 1701 5820 qui
1735 5761 1966 5820 praeesse

2085 4637 2232 4694 circo
2258 4652 2320 4692 ea
2347 4637 2564 4708 accipit,
2596 4644 2654 4692 ut
2684 4653 2850 4709 regna
2898 4646 3195 4708 gentesque
3227 4637 3474 4694 eradicet
3510 4642 3677 4710 atque

2084 4729 2382 4785 subvertat.
2431 4728 2539 4785 Sed
2586 4743 2711 4785 cum
2757 4727 3105 4785 nominentur
3152 4744 3319 4800 regna
3363 4736 3422 4786 et
3456 4739 3671 4803 gentes,

2083 4820 2260 4875 omnis
2284 4821 2376 4893 qui
2404 4820 2585 4876 divina
2607 4819 2771 4876 verba
2804 4822 3067 4891 suscepit,
3096 4820 3220 4878 nolo
3254 4836 3383 4878 eum
3414 4838 3673 4895 corpora-

2083 4911 2210 4968 liter
2252 4911 2549 4984 intelligere
2595 4927 2758 4983 regna
2800 4921 2857 4969 et
2902 4921 3126 4986 gentes;
3170 4913 3267 4970 sed
3314 4914 3670 4974 considerans

2084 5005 2294 5061 animas
2312 5004 2588 5061 hominum
2616 5004 2940 5078 gubernatas
2954 5021 2985 5060 a
3006 5014 3248 5077 peccato,
3265 5005 3421 5076 juxta
3444 5008 3502 5064 id
3524 5009 3669 5081 quod

2083 5098 2137 5154 in
2166 5098 2421 5169 Apostolo
2458 5099 2718 5170 scriptum
2744 5109 2865 5155 est:
2902 5099 3018 5157 Non
3063 5110 3253 5174 regnet
3296 5116 3431 5173 ergo
3466 5119 3662 5175 pecca-

2082 5198 2194 5245 tum
2221 5191 2276 5245 in
2303 5190 2517 5245 mortali
2545 5197 2726 5245 vestro
2760 5205 3018 5262 corpore;
3066 5191 3256 5248 videns
3281 5206 3500 5264 quoque
3530 5194 3668 5250 mul-

2081 5287 2165 5336 tas
2206 5280 2415 5351 species
2439 5279 2780 5346 delictorum,
2826 5280 3137 5353 allegorizet
3180 5297 3345 5354 regna
3389 5291 3445 5339 et
3474 5292 3664 5357 gentes

2080 5385 2179 5442 per
2198 5370 2347 5425 varia
2370 5368 2588 5437 delicta,
2612 5384 2734 5440 quae
2758 5370 3024 5428 humanas
3047 5371 3259 5428 animas
3281 5377 3658 5443 possederunt.

2077 5463 2147 5518 Et
2175 5463 2291 5518 haec
2332 5469 2495 5517 erunt
2535 5476 2656 5533 quae
2698 5460 2996 5517 evellentur
3032 5472 3196 5534 atque
3222 5462 3586 5517 suffodieutur
3628 5479 3661 5517 a

2078 5553 2417 5611 sermonibus
2453 5551 2577 5613 Dei,
2625 5551 2718 5622 qui
2761 5551 2870 5607 dati
2920 5562 3047 5607 sunt
3090 5552 3205 5608 sive
3248 5551 3506 5606 Jeremias
3544 5551 3659 5607 sive

2077 5646 2287 5703 caeteris
2343 5644 2565 5701 sanctis.
2610 5642 2804 5714 Neque
2851 5659 2978 5700 vero
3032 5646 3347 5717 ignoramus
3391 5642 3656 5712 quosdam

2074 5755 2192 5797 esse
2223 5739 2313 5811 qui
2347 5740 2449 5798 ista
2493 5741 2747 5806 referant,
2783 5738 2936 5810 quasi
2967 5730 3171 5807 majora
3201 5733 3458 5799 .leremia,
3492 5747 3657 5804 super
