3962 6198
234 266 331 323 8ὸ1

1162 261 1525 329 EXPOSITIO
1562 260 1789 321 SUPER
1826 262 2199 321 JEREXIAM.
2240 293 2308 304 κ-
2352 262 2488 320 LIB.
2529 262 2569 319 ἰ.

3409 270 3519 328 8(τῖ

236 378 521 435 Salvatore
567 384 755 435 nostro
800 386 857 434 et
890 378 1119 434 Domino
1165 375 1291 432 Jesu
1341 377 1579 434 Christo.
1630 376 1822 433 Scien-
1848 382 1900 441 Α
1925 374 2044 444 ejus
2073 375 2392 431 Emmanuel
2425 376 2562 447 (Isa.
2589 375 2706 449 vn).
2732 393 2750 429 ι
2796 376 2975 447 linque
3015 375 3252 444 additur,
3288 399 3305 432 ι
3337 382 3517 450 prius-

235 470 475 539 dumque
502 456 675 539 plura
713 483 781 525 ex
824 468 911 525 his
947 483 1068 524 esse
1115 482 1235 538 qua:
1282 477 1511 539 possunt
1560 467 1825 525 Salvatori

234 558 548 623 convenire,
575 573 699 629 quae
732 558 897 613 etiam
926 572 1026 613 nos
1053 557 1485 628 interponemus.
1513 557 1694 616 Pauca
1733 574 1830 615 au-

237 660 343 705 tem
386 665 577 705 eorum
622 664 743 719 quae
777 649 848 704 ad
880 645 1171 704 Jeremiam
1213 647 1356 703 dicta
1395 656 1521 703 sunt
1545 657 1826 704 eoarctant

234 739 593 807 intellectum,
640 738 785 808 quod
827 753 933 794 non
961 737 1194 809 possint,
1221 746 1279 792 ut
1311 737 1492 809 plures
1532 740 1825 807 aestimant,

232 834 302 888 ad
347 832 521 889 Deum
569 829 784 885 referri.
813 829 944 897 Quae
969 846 1098 901 ergo
1127 838 1252 884 sunt
1293 846 1415 901 qua:
1438 839 1667 901 possunt
1699 847 1827 888 con-

235 922 422 977 venire
442 921 510 976 ad
541 921 864 976 Dominum?
896 939 915 972 ι
947 921 1029 975 Ad
1052 938 1213 977 omne
1235 936 1589 994 quoscunque
1614 922 1826 979 mittam

235 1022 309 1081 te,
348 1014 475 1077 ibis,
512 1020 568 1067 et
593 1011 774 1067 omnia
802 1026 924 1082 quae
968 1014 1164 1067 manlo
1196 1012 1309 1079 tibi,
1345 1012 1605 1083 loqueris.
1637 1012 1715 1069 Ne
1754 1014 1827 1068 ti-

235 1123 386 1163 meas
411 1124 443 1162 a
473 1105 612 1162 facie
639 1108 847 1173 eorum,
875 1105 1002 1176 quia
1037 1116 1215 1164 tecum
1238 1122 1341 1180 ego
1368 1123 1515 1174 sum,
1558 1118 1618 1165 ut
1638 1124 1827 1166 eruam

237 1204 311 1261 te.
333 1197 467 1253 dicit
504 1197 784 1252 Dominus.
823 1216 843 1250 ι
870 1195 1111 1253 Necdum
1148 1198 1251 1255 ista
1277 1199 1453 1256 otiose
1480 1200 1733 1257 videntur
1759 1201 1825 1257 ad

235 1286 575 1344 Salvatorem
622 1287 835 1354 referri,
880 1304 947 1345 ea
992 1304 1123 1345 vero
1175 1305 1296 1360 quae
1333 1299 1674 1361 sequuntur:
1710 1312 1727 1343 ι
1759 1292 1829 1348 Ει

235 1378 478 1434 extendit
512 1378 773 1433 Dominus
808 1393 1029 1433 manum
1058 1394 1213 1434 suam
1244 1378 1312 1435 ad
1342 1395 1451 1446 me,
1476 1387 1532 1436 et
1561 1380 1737 1453 tetigit
1764 1396 1828 1437 os

235 1484 419 1524 meum
451 1478 508 1524 et
532 1468 670 1523 dixit
708 1466 777 1522 ad
806 1483 894 1523 me
920 1486 935 1522 :
959 1467 1098 1523 Ecce
1127 1467 1249 1524 dedi
1287 1482 1567 1525 sermones
1595 1484 1744 1524 meos
1771 1471 1827 1525 in

236 1573 297 1613 os
344 1567 531 1623 tuum;
564 1573 692 1613 ecce
734 1558 989 1613 constitui
1036 1566 1088 1613 te
1131 1559 1292 1615 hodie
1337 1574 1502 1629 super
1547 1570 1736 1631 gentes
1774 1569 1830 1615 et

238 1664 425 1720 regna,
451 1648 732 1704 eradicare
757 1656 811 1703 et
839 1648 1170 1719 disperdere,
1201 1658 1256 1703 et
1282 1648 1572 1715 mdiﬁcare,
1599 1670 1616 1700 ι
1650 1650 1715 1705 de
1742 1648 1830 1704 Je-'

1927 483 2089 540 quam
2134 476 2426 540 cognoscat
2469 482 2624 538 puer.
2648 487 2668 521 ι
2705 467 2763 524 Si
2803 477 2985 523 autem
3015 479 3071 525 et
3115 470 3184 525 de
3224 472 3525 545 Evangelia

1926 560 2175 630 accipere
2227 568 2443 632 oportet
2488 561 2884 623 testimonium,
2929 560 3090 618 Jesus
3135 565 3365 620 necdum
3406 569 3513 634 vir,

1926 649 2020 706 sed
2047 649 2224 704 adhuc
2249 648 2445 716 infans,
2471 652 2600 720 quia
2627 664 2685 706 se
2712 651 3089 708 exinaniverat
3114 652 3341 710 formam
3372 659 3517 714 servi

1926 739 2199 811 accipiens
2240 737 2463 811 (Philip.
2487 740 2575 812 tt),
2606 741 2946 811 proﬁciebat.
2976 743 3143 799 Nemo
3174 755 3356 807 autem
3392 766 3525 821 [ιι-ος

1926 830 2062 896 ﬁcit,
2089 831 2183 902 qui
2216 831 2490 901 perfectus
2535 840 2658 887 est:
2694 832 2788 887 sed
2818 833 2907 888 ille
2937 834 3152 903 proﬁcit
3189 837 3279 906 qui
3315 837 3519 909 indiget

1925 918 2189 992 profectu.
2220 921 2361 992 Ergo
2396 921 2715 992 proficiebat
2744 932 2924 990 aetate,
2955 924 3272 994 proﬁciebat
3309 930 3520 999 sapien-

1928 1010 2025 1076 tia,
2053 1011 2372 1082 proﬁcicbat
2413 1013 2586 1083 gratia
2612 1014 2753 1083 apud
2788 1014 2954 1069 Deum
2982 1023 3036 1070 et
3063 1017 3205 1086 apud
3236 1018 3510 1077 homines.

1927 1099 2063 1156 Nam
2104 1102 2149 1157 si
2183 1113 2541 1158 evacuaverat
2585 1119 2822 1174 sctpsum
2853 1105 2921 1160 ad
2962 1120 3063 1163 nos
3102 1108 3438 1166 descendens
3462 1121 3520 1167 et
3619 1120 3627 1129 ‘

1927 1206 2197 1247 evacuans
2220 1193 2481 1262 seipsum.
2507 1196 2799 1264 resumpsit
2825 1196 3022 1251 iterum
3052 1213 3116 1252 ea
3142 1198 3207 1254 de
3234 1201 3428 1269 quibus
3457 1218 3518 1258 se

1926 1282 2077 1353 prius
2136 1291 2515 1339 evacuaverat.
2567 1283 2705 1351 Quid
2761 1285 3036 1357 indignum
3087 1295 3172 1342 est
3223 1289 3519 1359 profecisse

1926 1387 2051 1426 cum
2099 1372 2385 1442 sapientia,
2429 1373 2725 1443 profecisse
2762 1384 2941 1441 aetate,
2993 1376 3289 1446 profecisse
3343 1383 3518 1451 gratia

1928 1464 2069 1535 apud
2099 1463 2267 1519 Deum
2295 1474 2351 1520 et
2383 1464 2654 1532 homines,
2682 1474 2737 1520 et
2764 1482 2891 1521 vera
2926 1468 2991 1523 de
3015 1483 3080 1524 eo
3110 1484 3232 1526 esse
3262 1471 3366 1526 ista
3398 1487 3521 1545 qua:

1929 1553 2073 1609 dicta
2115 1561 2261 1620 sunt,
2299 1572 2318 1606 ι
2346 1555 2660 1625 priusquam
2703 1568 3001 1626 cognoscat
3029 1575 3166 1630 puer
3189 1561 3390 1618 bonum
3421 1572 3521 1620 aut

1928 1644 2193 1712 malum,»
2235 1654 2289 1701 et
2315 1662 2380 1702 ea
2406 1662 2527 1717 quae
2557 1648 2623 1702 de
2664 1655 2853 1704 eodem
2899 1650 3358 1721 interposuimus?
3408 1656 3517 1711 Sed

238 1740 406 1795 rentia
437 1737 707 1794 difﬁcilem
739 1737 947 1793 faciunt
991 1737 1514 1808 interpretationem,
1554 1738 1656 1793 nisi
1687 1737 1827 1794 forte
1860 1727 1903 1786 Β
1931 1738 2060 1793 dicit
2090 1739 2219 1792 mibi
2247 1738 2477 1810 aliquis:
2508 1739 2684 1794 Etiam
2717 1741 2762 1795 si
2795 1750 2951 1812 potes
2979 1741 3108 1797 illud
3136 1743 3201 1798 de
3230 1744 3514 1802 Salvatore

236 1831 566 1903 accipiamus
592 1845 659 1886 eo
687 1830 846 1885 modo
868 1845 974 1899 quo
1001 1844 1164 1899 supra
1189 1830 1444 1896 diximus,
1473 1838 1533 1885 nt
1556 1832 1827 1901 acceperit

236 1925 289 1979 in
321 1939 481 1980 manu
511 1923 736 1979 calicem
767 1922 900 1977 meri
946 1921 1189 1992 plenum,
1218 1930 1274 1977 et
1307 1923 1495 1993 jussus
1525 1923 1599 1979 sit
1641 1923 1825 1995 propi-

235 2030 368 2070 nare
394 2014 607 2070 cunctis
633 2013 689 2068 in
719 2012 946 2068 circuitu
978 2012 1307 2068 nationibus.
1339 2013 1486 2081 Quas
1523 2013 1667 2068 enim
1695 2029 1826 2087 gen-

237 2113 318 2160 tes
352 2102 653 2159 eradicavit
694 2101 989 2166 Jeremias,
1037 2117 1158 2172 quae
1208 2118 1374 2175 regna
1422 2104 1718 2168 subvertit,
1767 2112 1828 2160 ut

234 2193 433 2249 merito
467 2194 517 2248 ei
543 2192 746 2247 dictum
773 2191 866 2256 sit,
902 2209 919 2241 ι
947 2189 1089 2247 Ecce
1119 2191 1374 2246 constitui
1407 2199 1456 2246 te
1482 2192 1641 2247 hodie
1665 2206 1826 2263 super

235 2292 428 2353 gentes
454 2290 511 2338 et
541 2297 706 2352 regna
745 2281 1027 2336 eradicare
1056 2290 1112 2337 et
1149 2279 1451 2338 suﬂ‘odere?
1471 2300 1493 2335 ι
1525 2281 1697 2350 Quam
1732 2283 1826 2337 ha-

233 2374 352 2429 buit
380 2381 709 2444 potestatem
751 2371 819 2426 ad
861 2370 1307 2443 disperdendum,
1353 2380 1414 2427 ut
1461 2373 1693 2429 audierit
1724 2393 1741 2424 ι
1773 2380 1827 2429 et

235 2464 585 2537 disperdere?
626 2483 645 2515 ι
674 2462 821 2532 Quos
850 2478 917 2518 ve
947 2478 981 2518 ο
1010 2461 1297 2518 :ediﬁcavit
1324 2473 1385 2518 ut
1431 2473 1827 2535 consequenter

235 2556 466 2611 addatur
486 2574 504 2607 ι
525 2564 580 2610 et
603 2554 911 2610 aediﬁcare?
937 2573 955 2606 ι
983 2552 1247 2609 Jeremias
1263 2554 1428 2609 dixit:
1454 2575 1472 2607 ι
1493 2554 1609 2610 Νοιι
1627 2555 1824 2625 profui,

236 2661 415 2717 neque
454 2645 657 2716 profuit
699 2646 831 2699 mihi
882 2644 1093 2715 aliquis.
1121 2663 1139 2695 ι
1170 2645 1239 2699 Ει
1271 2646 1540 2714 quomodo
1579 2646 1704 2700 data
1741 2655 1827 2702 est

236 2736 285 2790 ei
314 2735 605 2791 :ediﬁeatio
635 2742 800 2804 atque
842 2734 1148 2805 plantatio?
1177 2732 1323 2800 Haec,
1371 2741 1431 2789 ut
1476 2736 1730 2802 diximus,
1759 2735 1827 2790 ad

237 2827 578 2883 Salvatorem
628 2825 801 2881 relata
848 2840 953 2880 non
1011 2834 1298 2880 eoarctant
1351 2824 1822 2897 interpretantem.

237 2917 506 2975 leremias
548 2917 691 2973 enim
723 2917 774 2971 in
804 2916 924 2971 istis
959 2915 1264 2972 Salvatoris
1292 2917 1463 2988 ﬁgura
1491 2923 1595 2972 est.
1625 2914 1732 2973 Sed
1759 2933 1823 2974 ea

242 3028 364 3083 qua:
398 3018 716 3082 sequuntur
743 3010 908 3063 etiam
953 3007 1272 3064 doctissimo
1302 3007 1507 3063 homini
1537 3007 1825 3063 diﬁiculta-

1929 1828 2228 1902 intelligere
2261 1829 2463 1884 dictum
2511 1844 2632 1884 esse
2680 1830 2805 1899 quia
2852 1831 3088 1895 neseiat,
3127 1840 3181 1886 et
3207 1842 3401 1889 cetera
3440 1837 3515 1891 is-

1931 1919 2181 1974 tiusmodi
2225 1934 2346 1989 qua:
2392 1920 2599 1974 minora
2630 1929 2774 1981 sunt,
2805 1921 2966 1987 etiam
2999 1921 3043 1975 si
3074 1920 3151 1993 [et
3176 1922 3245 1995 si]
3286 1938 3518 1992 puerum

1927 2025 2050 2065 eum
2079 2009 2333 2080 accipias,
2365 2023 2542 2064 nonne
2562 2007 2789 2065 offendis
2819 2008 2892 2062 ita
2928 2011 3210 2065 sentiendo
3230 2012 3295 2066 de
3322 2013 3512 2083 unige-

1928 2102 2043 2158 nito
2067 2111 2123 2157 et
2164 2102 2524 2173 primogenita
2564 2101 2831 2157 universae
2857 2111 3154 2169 creaturae;
3190 2102 3257 2159 de
3290 2120 3376 2170 eo,
3418 2107 3514 2177 q..i

1929 2201 2222 2261 antequam
2280 2191 2657 2262 conciperetur
2703 2191 3053 2247 annuutialus
3097 2202 3213 2259 est,
3260 2194 3517 2264 loquente

1928 2283 2178 2340 Gabriele
2214 2283 2404 2356 angelo
2429 2303 2441 2339 :
2484 2303 2499 2335 ι
2526 2283 2759 2354 Spiritus
2785 2288 3007 2339 sanctus
3033 2284 3211 2341 veniet
3244 2300 3407 2357 super
3438 2295 3513 2351 te,

1928 2384 1983 2429 et
2008 2377 2179 2430 virtus
2204 2374 2462 2429 Altissimi
2490 2374 2835 2430 obumbrabit
2865 2383 2916 2430 te
2942 2375 3094 2447 (Luc.
3124 2378 3189 2448 ι),
3213 2396 3231 2429 ι
3264 2388 3319 2432 et
3352 2379 3520 2435 audes

1928 2464 2110 2520 dicae
2139 2465 2261 2537 quia
2291 2464 2493 2519 nesciat
2526 2464 2705 2533 loqui?
2734 2463 3096 2532 Quamobrem
3123 2466 3317 2522 videbo
3347 2467 3392 2522 si
3429 2484 3519 2538 po-

1930 2565 2045 2611 tero
2085 2555 2290 2626 aliquid
2338 2556 2555 2627 dignum
2600 2555 2664 2609 de
2712 2554 2996 2610 Salvatore
3041 2544 3111 2610 in
3145 2557 3247 2611 hoc
3278 2558 3396 2613 loco
3438 2558 3519 2612 af-

1928 2646 2090 2712 ferre,
2138 2647 2405 2718 quomodo
2447 2645 2692 2717 quardam
2739 2647 2988 2701 nesciens
3025 2646 3198 2717 major
3239 2647 3344 2715 sit,
3376 2648 3419 2703 si
3453 2663 3517 2703 ea

1931 2739 2258 2808 ignoraverit
2289 2754 2450 2808 quam
2478 2739 2523 2794 si
2564 2738 2770 2794 scierit.
2804 2736 3034 2794 Utamur
3059 2754 3190 2795 voce
3223 2741 3359 2810 ejus,
3387 2755 3519 2811 quu-

1929 2830 2089 2884 motlo
2128 2828 2237 2884 sint
2280 2830 2482 2900 aliqua,
2520 2844 2640 2898 quae
2684 2828 2909 2884 nesciat.
2960 2829 3260 2898 Respondit
3293 2832 3373 2886 eis
3420 2831 3515 2901 qui

1929 2918 2031 2973 sibi
2079 2919 2366 2974 dicebant:
2407 2937 2426 2970 ι
2457 2917 2643 2973 Nonne
2682 2918 2735 2972 in
2771 2919 2989 2974 nomine
3022 2927 3112 2973 tuo
3158 2922 3518 2989 comedimus,

1929 3018 1984 3064 et
2019 3010 2073 3062 in
2103 3009 2323 3064 nomine
2355 3016 2444 3064 tuo
2477 3009 2737 3075 bibimus,
2780 3018 2836 3069 et
2864 3008 2917 3062 in
2964 3009 3180 3063 nowine
3210 3019 3299 3064 tuo
3325 3011 3522 3066 daemo-

242 3114 348 3158 tem
381 3099 734 3171 expositionis
764 3100 1093 3171 important,
1142 3099 1415 3170 quomodo
1443 3100 1654 3171 possint
1698 3115 1829 3156 con-
1856 3093 1902 3155 C
1932 3100 2020 3154 uia
2062 3097 2337 3168 ejecinms,
2376 3106 2432 3155 et
2468 3099 2697 3154 virtutes
2743 3097 3006 3154 fecimus?
3050 3098 3319 3154 Discedite
3350 3117 3379 3154 a
3410 3115 3517 3166 me,

243 3209 441 3267 gruere
472 3192 581 3266 [AL
608 3192 733 3247 add.
764 3191 1037 3264 Domino].
1073 3210 1091 3243 ι
1114 3191 1178 3246 Et
1210 3192 1322 3247 dixi
1352 3209 1365 3246 :
1393 3190 1495 3259 Qui
1542 3207 1621 3258 es,
1654 3192 1828 3248 domi-

241 3295 403 3342 natur
430 3284 693 3340 Domine?
734 3283 873 3340 Ecce
917 3284 1104 3340 nescio
1131 3283 1300 3354 loqui.
1343 3302 1363 3337 ι
1394 3282 1497 3351 Qui
1545 3292 1630 3341 est
1658 3285 1829 3341 virtus

134 3404 139 3411 ν
241 3378 363 3446 Dei,
400 3377 493 3449 qui
539 3384 623 3433 est
668 3376 955 3447 sapientia,
987 3376 1042 3431 in
1086 3391 1193 3447 quo
1228 3375 1507 3447 plenitudo
1533 3376 1831 3433 divinitatis

246 3473 468 3529 habitat
508 3473 883 3543 corporaliter,
913 3473 1181 3543 quomodo
1231 3472 1358 3528 huic
1408 3474 1580 3542 aptari
1618 3481 1828 3544 potest,

244 3554 421 3619 nescio
451 3562 635 3635 loqui?
662 3562 769 3618 Sed
805 3572 861 3618 et
891 3564 1054 3630 illud,
1092 3563 1216 3634 quia
1242 3563 1452 3633 juvenis
1479 3580 1571 3634 ego
1601 3580 1718 3618 sunt
1753 3564 1833 3618 in-

209 3728 221 3735 _
247 3653 534 3711 terdicitur
556 3654 629 3722 ei,
656 3655 815 3726 quasi
847 3671 954 3709 non
978 3655 1114 3709 bene
1141 3654 1498 3726 responderit.
1530 3653 1587 3710 Si
1611 3654 1755 3710 enim
1780 3655 1830 3711 ei

247 3746 380 3802 dicit
405 3742 695 3802 Dominus:
722 3762 740 3796 ι
764 3745 881 3801 Noli
907 3746 1106 3811 dicere,
1131 3746 1255 3816 quia
1280 3745 1492 3814 juvenis
1515 3762 1618 3819 ego
1640 3762 1783 3813 sum,
1805 3766 1825 3800 ι

247 3830 596 3894 rnahife'stum
622 3845 710 3892 est
734 3838 886 3908 quasi
918 3852 1026 3892 non
1055 3836 1193 3892 bene
1222 3836 1492 3892 dicentem
1538 3838 1704 3893 fuisse
1748 3852 1832 3892 re-

246 3928 598 4000 prehensum.
642 3926 768 3983 Htec
796 3939 923 3984 sunt
964 3941 1084 3998 quae
1127 3925 1396 3982 Salvatori
1441 3926 1693 3983 videntur
1721 3943 1831 3982 non

248 4004 564 4076 convenire.
589 4017 883 4089 Superiora
913 4028 1094 4073 autem
1122 4016 1265 4072 facili
1300 4015 1577 4072 intellectu
1612 4016 1680 4073 ad
1709 4032 1832 4072 eum

248 4102 581 4167 referuntur.
607 4107 665 4165 In
695 4109 797 4164 hoc
841 4123 1021 4164 sermo
1067 4108 1478 4179 interpretantis
1514 4119 1836 4181 coangusta-

240 4209 363 4256 1ur.
389 4196 576 4256 Iesum
601 4198 874 4254 Christum
902 4199 1102 4254 scimus
1128 4199 1315 4254 Deum.
1342 4198 1645 4267 Quaerimus
1673 4200 1834 4255 verba

242 4289 403 4362 quod
425 4290 568 4345 dicta
592 4298 719 4346 sunt
736 4289 893 4361 juxta
916 4304 1164 4360 personae
1192 4302 1464 4360 exponere
1494 4291 1832 4362 dignitatem.

251 4381 617 4453 Quapropter
637 4395 860 4435 necesse
888 4380 1045 4436 nobis
1081 4388 1163 4435 est
1199 4379 1508 4450 Scripturas
1536 4389 1754 4437 sanctas
1781 4383 1835 4438 in

1932 3203 2040 3243 non
2087 3187 2209 3242 novi
2252 3202 2348 3242 vos
2392 3185 2609 3261 (Matth.
2632 3184 2795 3258 vu).o
2845 3185 3012 3242 Putas
3037 3204 3105 3242 ne
3131 3187 3235 3242 hoc
3274 3189 3416 3259 quod
3445 3190 3525 3243 ait

1932 3298 2036 3336 non
2073 3282 2192 3336 novi
2239 3298 2347 3347 vos,
2388 3281 2651 3336 minorem
2688 3281 2942 3337 virtutem
2971 3281 3088 3351 ejus
3131 3282 3409 3352 approbat,
3451 3299 3520 3338 an

1931 3372 2191 3443 majorem
2234 3381 2397 3442 atque
2423 3370 2749 3438 mirabilem,
2773 3371 2900 3441 quia
2929 3371 3100 3426 malos
3135 3372 3514 3443 periturusque

1932 3464 2171 3520 nesciat?
2200 3462 2316 3519 Scit
2344 3463 2488 3519 enim
2518 3461 2585 3518 ab
2619 3463 2704 3517 his
2729 3462 3095 3528 differentias,
3128 3465 3233 3520 scit
3258 3464 3480 3520 meliora
3503 3505 3520 3530 ,

1932 3555 2036 3612 scit
2067 3555 2323 3610 Dominus
2355 3568 2451 3609 eos
2483 3553 2576 3623 qui
2603 3551 2720 3622 ejus
2758 3563 2914 3620 sunt,
2949 3563 3004 3608 et
3035 3553 3080 3607 si
3120 3554 3243 3624 quis
3271 3554 3521 3626 ignorat,

1933 3647 2230 3719 ignoratur.
2248 3645 2431 3717 Igitur,
2450 3655 2508 3700 ut
2529 3654 2763 3710 constat,
2778 3652 3033 3714 peccator
3050 3645 3233 3717 ignora
3242 3655 3327 3699 tur
3345 3661 3374 3699 a
3391 3645 3519 3700 Deo.

1931 3738 2074 3795 Dicit
2122 3738 2253 3792 mibi
2292 3736 2487 3808 aliquis
2518 3738 2583 3791 de
2627 3736 2965 3792 auditoribus
3003 3755 3015 3790 :
3053 3735 3350 3793 Ostendisti
3397 3739 3522 3807 quia

1932 3830 2139 3885 nesciat
2171 3838 2486 3900 peccatores
2524 3829 2682 3892 Deus,
2715 3826 2998 3882 ostendisti
3025 3827 3150 3896 quia
3182 3828 3393 3898 ignoret
3427 3843 3521 3888 eos

1934 3921 2025 3994 qui
2065 3930 2362 3992 operantur
2404 3919 2765 3990 iniquitatem,
2806 3934 2981 3990 neque
3023 3919 3169 3974 enim
3208 3918 3353 3990 digni
3396 3929 3522 3976 sunt

1932 4012 2207 4085 agnitione
2252 4011 2369 4083 ejus
2411 4027 2426 4065 :
2474 4010 2745 4081 quomodo
2788 4009 3114 4082 approbabis
3159 4025 3415 4081 magnum
3464 4020 3521 4065 et

1935 4103 2225 4175 gloriosum
2268 4116 2388 4158 esse
2430 4103 2572 4173 quod
2602 4102 2669 4156 ab
2710 4092 2775 4156 eo
2809 4102 3012 4156 dictum
3048 4108 3130 4155 est
3167 4119 3181 4156 :
3217 4099 3408 4155 Nescio
3445 4100 3531 4155 lo-

1933 4193 2066 4266 qui?
2090 4190 2260 4264 Loqui
2296 4192 2589 4248 humanum
2629 4200 2733 4257 est,
2761 4199 2815 4246 et
2845 4190 3146 4246 elocutione
3171 4206 3383 4262 semper
3420 4191 3522 4246 uti-

1937 4292 2045 4351 tur,
2088 4283 2239 4338 verbi
2270 4298 2432 4339 causa
2463 4282 2813 4336 Hebrazorum
2857 4295 2987 4334 voce
3027 4280 3142 4335 sive
3181 4277 3521 4348 Gmeorum,

1936 4375 2051 4431 sive
2082 4373 2411 4444 reliquorum
2435 4387 2702 4427 sermone.
2738 4370 2877 4442 Ergo
2907 4369 2954 4424 si
2981 4369 3290 4426 ascenderis
3306 4371 3373 4443 ad
3398 4364 3522 4426 Sal;

253 4473 628 4531 testimonium
658 4487 871 4528 vocare.
920 4466 1124 4528 sensus
1163 4472 1362 4543 quippe
1391 4472 1565 4535 nostri
1590 4481 1642 4528 et
1671 4489 1837 4529 enar-
1864 4454 1916 4515 Ι)
1940 4476 2187 4522 valerem
2211 4473 2267 4520 et
2289 4464 2480 4519 scieris
2503 4479 2625 4520 eum
2652 4454 2713 4517 in
2740 4460 3007 4532 principio
3035 4462 3174 4533 apud
3204 4462 3372 4519 Deum
3401 4458 3533 4519 Ver-

238 4566 499 4623 ‘ratlones
518 4565 639 4621 sine
672 4563 760 4619 his
804 4563 1030 4620 testibus
1059 4578 1166 4618 non
1202 4561 1404 4618 habent
1432 4560 1613 4618 ﬁdem.
1639 4563 1707 4618 Et
1734 4564 1837 4621 hoc

251 4648 401 4727 quod
428 4655 633 4712 dictum
669 4662 789 4710 est:
822 4671 841 4705 ι
869 4653 928 4708 1η
961 4669 1057 4709 ore
1082 4654 1311 4709 duorum
1339 4662 1396 4710 et
1422 4654 1586 4709 trium
1616 4655 1835 4709 testium

252 4750 426 4807 stabit
459 4763 620 4805 omne
642 4745 869 4803 verbum
899 4745 982 4816 (II
1008 4742 1129 4800 Cor.
1156 4745 1304 4812 xm),
1327 4764 1346 4798 ι
1380 4744 1553 4816 magis
1586 4746 1839 4801 convenit

254 4842 327 4898 ad
376 4836 786 4913 interpretantis
830 4839 1205 4910 probationem
1250 4852 1413 4907 quam
1461 4838 1528 4893 ad
1576 4852 1835 4907 quorum-

254 4948 475 5005 cunque
500 4932 778 4988 hominum
813 4945 1119 4986 numerum.
1148 4928 1218 4985 Ut
1252 4928 1460 4983 ﬁrmem
1490 4927 1725 4984 Verbum
1758 4930 1837 4984 in-

257 5024 510 5080 tellectus
538 5023 669 5089 mei,
701 5021 969 5091 accipiens
998 5021 1133 5076 duos
1159 5027 1328 5075 testes
1353 5020 1420 5074 de
1459 5017 1609 5075 Novo
1636 5029 1691 5076 et
1733 5021 1840 5076 Ve-

259 5114 361 5169 teri
392 5112 763 5177 Testamento,
792 5111 1065 5181 accipiens
1092 5117 1203 5165 tres
1233 5117 1401 5166 testes
1432 5108 1499 5165 de
1526 5109 1839 5181 Evangelio,

256 5205 327 5260 de
370 5202 663 5274 propheta,
706 5200 773 5257 de
817 5201 1090 5272 apostolis,
1127 5201 1206 5256 sic
1248 5200 1392 5255 enim
1422 5220 1440 5252 ι
1478 5201 1643 5255 stabit
1684 5215 1843 5256 omne

256 5296 506 5350 verbum.
528 5314 548 5346 ι
573 5293 854 5362 Quomodo
883 5294 1044 5365 igitur
1066 5293 1364 5348 valebimus
1384 5292 1487 5347 ista
1515 5293 1844 5364 conjungere

259 5387 568 5444 Salvatori?
609 5387 709 5441 Det
753 5384 887 5441 mihi
934 5384 1300 5440 testimonium
1330 5381 1499 5439 Vetus
1531 5383 1842 5438 Testamen-

1941 4556 2094 4623 bum,
2122 4553 2328 4626 inspice
2368 4553 2491 4624 quia
2522 4552 2727 4609 nesciat
2763 4551 2933 4623 loqui,
2975 4567 3097 4606 cum
3128 4552 3424 4610 humanum
3454 4553 3527 4610 sit

1943 4650 2049 4706 hoc
2089 4650 2231 4720 quod
2272 4648 2468 4704 dicitur
2512 4647 2691 4717 loqui?
2721 4645 2825 4702 Sed
2851 4647 2973 4702 ideo
3001 4648 3223 4713 neseiat,
3260 4650 3385 4720 quia
3415 4644 3526 4707 sint

1943 4738 2148 4811 majora
2181 4755 2300 4811 qua:
2325 4738 2552 4794 noverit.
2582 4737 2640 4793 Si
2684 4745 2862 4792 autem
2898 4745 2953 4793 et
2978 4739 3288 4809 angelorum
3318 4740 3527 4813 linguas

1916 4831 2196 4895 \humanis
2239 4827 2640 4901 comparaveris
2683 4827 2898 4900 linguis,
2925 4838 2981 4883 et
3027 4830 3216 4884 scieris
3264 4829 3391 4901 quia
3423 4830 3524 4884 iste

1946 4923 2117 4995 major
2163 4923 2232 4978 sit
2277 4922 2440 4978 etiam
2487 4919 2556 4975 ab
2595 4919 2820 4992 angelis,
2869 4921 3027 4975 sicuti
3076 4929 3306 4975 testatus
3349 4921 3415 4974 de
3460 4935 3526 4974 eo

1943 5013 2231 5085 Apostolus
2262 5014 2315 5069 in
2360 5011 2598 5083 Epistola
2629 5026 2725 5066 sua
2761 5025 2921 5082 quam
2953 5011 3142 5065 scribit
3174 5011 3239 5064 ad
3273 5008 3526 5065 Hebraeos

1948 5105 2134 5177 (Hebr.
2157 5103 2223 5177 1),
2261 5104 2526 5175 intelliges
2571 5102 2829 5172 majorem
2862 5116 2983 5157 eum
3020 5099 3331 5170 angelorum
3359 5098 3524 5153 etiam

1943 5196 2140 5270 linguis
2164 5194 2351 5258 fuisse,
2379 5194 2593 5264 quando
2621 5201 2826 5247 tantum
2854 5191 2948 5247 Dei
2978 5188 3213 5245 Verbum
3236 5200 3355 5243 erat
3382 5188 3525 5259 apud

1945 5288 2181 5343 Patrem.
2234 5284 2373 5339 Dicit
2415 5299 2562 5354 ergo,
2603 5292 2659 5338 et
2699 5281 3093 5352 quodammodo
3132 5279 3329 5349 accipit
3368 5279 3530 5333 disci-

1943 5380 2145 5454 plinam
2194 5393 2299 5432 non
2353 5391 2700 5447 magnorum,
2745 5372 2838 5429 sed
2884 5370 3198 5427 inferiorum
3239 5385 3304 5426 ac
3348 5370 3526 5454 mino-

259 5489 414 5535 tum:
448 5495 469 5530 ι
499 5478 624 5548 quia
654 5478 969 5548 priusquam
1016 5480 1274 5546 agnoscat
1318 5486 1454 5540 puer
1500 5470 1702 5526 bonum
1752 5482 1847 5525 aut
1945 5450 2088 5528 rum.
2118 5469 2185 5525 Et
2215 5469 2357 5525 sicut
2390 5481 2488 5538 ego
2524 5465 2791 5521 balbutire
2819 5464 2992 5527 disco,
3020 5460 3331 5517 violentiam
3369 5450 3531 5545 mihi.

261 5571 535 5637 malum,»
580 5580 685 5625 etc.
717 5586 731 5633 ;
776 5569 867 5623 det
908 5566 1071 5622 etiam
1115 5565 1282 5621 Isaias
1309 5581 1328 5618 ι
1362 5583 1380 5616 ι
1404 5563 1545 5619 Ecce
1592 5562 1755 5633 Virgo
1790 5562 1844 5617 in

264 5674 419 5719 utero
446 5661 717 5731 concipiet
746 5671 800 5716 et
826 5659 1001 5730 pariet
1040 5658 1231 5724 ﬁlium,
1259 5665 1315 5714 et
1339 5656 1620 5713 vocabitur
1651 5670 1846 5711 nomen

1946 5562 2159 5634 tnetipsi
2202 5560 2427 5625 faciens,
2457 5557 2669 5627 quando
2698 5570 2823 5609 cum
2855 5552 3090 5625 parvulis
3111 5552 3320 5623 loquor,
3350 5540 3528 5629 neque

1946 5652 2092 5711 enim
2126 5651 2262 5717 scio,
2303 5657 2362 5705 ut
2389 5650 2464 5704 ita
2491 5648 2684 5710 dicam,
2727 5644 3044 5701 infautiliter
3079 5643 3245 5714 loqui,
3281 5653 3337 5702 et
3365 5644 3529 5702 infra-
