3962 6198
401 361 509 418 805

1050 351 1109 408 Β.
1153 343 1408 405 RABANI
1449 339 1670 399 MAI)!“
1706 332 2034 394 ARCHIEP.

2140 327 2391 389 MUNT.
2431 325 2714 386 ορειιῐιιι
2753 323 2938 381 PARS
2971 322 3059 380 ιιι.

3583 316 3702 372 8θῶ

402 477 506 532 clis
533 473 712 530 verbis
733 469 847 543 jam
869 465 1187 541 grandmvus
1211 475 1335 518 cum
1365 457 1548 531 pueris
1589 447 1943 510 sermocinari
1971 463 1984 498 :
2018 446 2066 505 Α
2096 443 2237 498 tihus
2256 442 2483 513 positus,
2507 441 2733 496 observa
2761 438 2815 492 in
2839 433 3300 505 consequentibus
3318 447 3445 489 cum
3467 434 3710 502 jubetur

403 564 607 622 Eodem
637 537 800 616 modo
843 537 900 612 et
945 553 1197 611 Salvator
1235 552 1292 606 in
1339 543 1735 620 magniﬁcentia
1773 537 1990 611 quidem

408 657 594 728 gloria:
619 655 733 717 Dei,
771 661 827 707 et
855 649 909 705 in
936 647 1100 704 Patre
1128 643 1452 706 consistens,
1488 654 1595 694 non
1625 635 1865 706 loquitur
1899 631 2000 686 hu—

410 725 591 812 mana,
639 742 811 800 nescit
861 738 1164 794 Pharismos
1219 733 1396 808 [affari
1449 728 1564 802 eos]
1611 727 1704 797 qui
1749 725 1999 780 deorsum

411 851 556 898 sunt.
589 838 816 908 Quando
846 843 1024 888 autem
1056 829 1204 884 venit
1234 828 1290 882 in
1335 839 1532 894 corpus
1573 823 1888 881 humanum,
1921 815 2003 870 dl-

411 933 488 988 cit
526 931 579 986 in
617 907 904 984 exordio:
951 941 969 973 ι
1023 919 1218 975 Nescio
1271 916 1436 985 loqui,
1481 914 1604 984 quia
1648 907 1863 979 juvenis
1903 920 2004 976 ego

412 1037 531 1079 sum
577 1039 590 1074 :
648 1041 666 1073 ι
703 1015 948 1088 juvenis,
996 1019 1220 1084 propter
1271 1006 1757 1078 dispensationem;
1815 1013 2002 1062 senex,

408 1115 566 1185 juxta
601 1111 702 1165 hoc
731 1107 873 1178 quod
901 1101 1294 1174 primogenitus
1324 1095 1500 1151 onmis
1529 1101 1826 1156 creatum;
1851 1088 2008 1158 juve-

417 1179 524 1265 nis,
569 1201 661 1270 qui
712 1199 766 1252 in
813 1191 1280 1252 consummatione
1311 1186 1426 1257 jam
1475 1184 1817 1247 smculorum,
1846 1187 1904 1236 et
1951 1179 2006 1234 in

415 1300 718 1347 extremum
745 1287 904 1355 hujus
933 1285 1059 1338 \‘iL’B
1092 1293 1303 1350 tempus
1332 1277 1566 1334 advenit.
1614 1273 1755 1330 Dicit
1787 1273 2006 1342 itaque:

426 1401 446 1433 ε
473 1381 664 1436 Nescio
679 1379 844 1448 loqui,
871 1397 888 1428 ι
909 1375 1021 1431 scio
1041 1375 1186 1428 enim
1214 1370 1458 1441 quaedam
1483 1367 1684 1437 majora
1715 1361 2012 1433 loqui,scio

420 1473 670 1543 quaedam
701 1469 924 1524 meliora
957 1467 1060 1521 isto
1093 1476 1342 1519 sermone
1370 1458 1606 1514 mortali.
1628 1455 1722 1511 Vis
1753 1469 1839 1510 me
1867 1452 2012 1524 loqui

424 1560 810 1619 terrestribus?
831 1574 931 1613 nec
960 1557 1084 1612 dum
1122 1553 1388 1622 assumpsi
1428 1552 1717 1605 humanam
1752 1545 2014 1618 fragilita-

425 1663 564 1715 tem;
596 1651 772 1705 habeo
801 1648 1074 1718 eloquium
1104 1655 1274 1709 tuum,
1306 1642 1542 1697 Verbum
1571 1648 1720 1695 tuum
1744 1654 1886 1702 sum,
1919 1637 2012 1692 tibi

423 1744 538 1798 scio
567 1741 735 1810 loqui,
753 1737 1062 1794 hominibus
1088 1735 1272 1791 nescio
1295 1733 1462 1804 loqui,
1484 1732 1611 1801 quia
1633 1729 1848 1799 juvenis
1869 1743 2010 1784 sum.

2097 537 2420 608 prophetare
2451 532 2517 588 ad
2544 546 2732 586 omnes
2757 541 2983 601 gentes;
3016 543 3138 582 nam
3169 525 3475 582 istiusmodi
3504 539 3712 595 super-

2099 624 2322 696 scriptio
2348 631 2432 679 est
2460 638 2582 694 quae
2622 618 2966 691 prophetarit
3005 615 3271 673 Jeremias
3309 630 3476 686 super
3503 629 3712 669 omnes

2101 724 2287 786 gentes
2313 712 2512 777 IEIam,
2551 711 2816 775 Damasci,
2849 708 3038 773 Moab;
3067 717 3121 762 et
3146 706 3369 762 habebis
3395 706 3528 776 quia
3571 720 3711 776 pro—

2102 805 2406 877 phetaverit
2448 802 2515 858 ad
2557 816 2748 857 onmes
2791 807 2979 872 gentes
3019 797 3169 869 juxta
3211 797 3262 852 id
3305 796 3450 866 quod
3492 795 3712 851 dictum

2103 905 2229 952 est:
2263 913 2281 946 ι
2314 893 2640 963 Prophetam
2691 892 2745 946 in
2790 889 3044 962 gentibus
3083 888 3236 960 posui
3271 896 3343 953 te,
3383 907 3402 940 ι
3433 885 3481 942 si
3520 894 3716 940 tamen

2105 989 2340 1045 volueris
2368 990 2483 1044 ha:c
2513 987 2578 1042 de
2611 983 2845 1041 Ieremia
2888 984 3030 1039 dicta
3061 982 3283 1038 sentire.
3314 979 3372 1035 Si
3405 987 3598 1035 autem
3632 979 3718 1034 in-

2110 1080 2462 1152 telligentiam
2491 1077 2556 1132 ad
2589 1075 2873 1130 Dominum
2903 1073 3222 1139 transferas,
3263 1071 3369 1127 iste
3403 1085 3538 1126 vere
3569 1071 3719 1125 inter

2111 1172 2396 1227 universas
2444 1178 2630 1238 gentes
2670 1165 2997 1238 przedicavit.
3038 1163 3135 1220 Est
3175 1163 3372 1234 quippe
3413 1161 3566 1218 sicut
3606 1160 3716 1216 alia

2110 1262 2326 1324 similia,
2357 1261 2436 1316 sic
2465 1269 2519 1314 et
2545 1259 2824 1329 propheta,
2849 1264 2908 1311 ut
2945 1264 3027 1310 est
3059 1254 3309 1325 princeps
3335 1252 3713 1316 sacerdotum,

2113 1364 2172 1409 ut
2198 1361 2280 1408 est
2312 1351 2581 1414 Salvator,
2632 1357 2692 1403 ut
2732 1356 2819 1404 est
2859 1347 3131 1412 medicus;
3181 1345 3432 1400 similiter
3478 1353 3537 1400 et
3591 1359 3714 1415 pro-

2114 1449 2274 1518 pheta
2297 1455 2400 1500 est.
2428 1445 2604 1499 Moses
2623 1443 2949 1498 annuntians
2969 1442 3036 1500 de
3056 1456 3124 1497 eo
3149 1456 3252 1496 non
3278 1440 3452 1498 solum
3477 1439 3715 1511 prephe-

2119 1548 2252 1604 tam,
2289 1538 2385 1593 sed
2423 1535 2795 1591 admirabilem
2829 1535 2970 1589 inter
2999 1543 3223 1590 cunctos
3252 1533 3560 1588 nominavit
3591 1548 3716 1603 pro-

2115 1631 2352 1700 phetam,
2397 1627 2583 1682 dicens
2617 1643 2630 1679 :
2669 1645 2686 1676 ι
2729 1624 3055 1694 Prophetam
3097 1640 3166 1678 ex
3212 1622 3476 1678 fratribus
3515 1623 3720 1676 vestris

2119 1719 2406 1777 suscitabit
2454 1719 2606 1774 vobis
2660 1719 2920 1773 Dominus
2971 1716 3160 1771 Deus:
3193 1715 3346 1786 quasi
3391 1729 3482 1770 me
3531 1714 3721 1768 au.lite

435 1855 454 1886 ι
494 1833 609 1889 Noli
639 1833 819 1888 dicere
844 1849 856 1884 :
885 1829 1106 1885 Juvenis
1134 1842 1233 1899 ego
1262 1842 1399 1887 sum,
1438 1824 1693 1895 quoniam
1731 1822 1798 1876 ad
1829 1836 2018 1875 omnes
2045 1804 2092 1862 Β
2119 1829 2263 1869 eum.
2292 1812 2355 1866 Et
2381 1813 2502 1876 erit,
2533 1812 2840 1882 quicunque
2867 1825 2974 1864 non
3020 1809 3252 1864 audierit
3285 1809 3616 1880 prophetam
3651 1808 3720 1862 il-

423 1935 780 1996 quoscunque
804 1920 1014 1974 mittam
1053 1927 1105 1974 te
1139 1917 1259 1972 ibis.
1300 1935 1318 1968 ι
1354 1915 1559 1970 Deinde
1581 1911 1875 1968 commovit
1900 1927 2017 1966 ma-

433 2032 561 2070 num
589 2013 657 2068 ad
693 2011 1016 2083 tangendum
1059 2023 1121 2064 os
1162 2009 1298 2079 ejus,
1342 2014 1401 2061 ut
1434 2006 1482 2061 ei
1513 2005 1604 2060 det
1641 2004 1804 2059 verba
1828 2002 2023 2073 quibus

436 2106 679 2162 eradicet
735 2103 979 2175 imperia.
1031 2100 1216 2170 Neque
1270 2113 1400 2153 vero
1455 2095 1730 2168 indigebat
1777 2093 2026 2149 Salvator

433 2199 636 2262 verbis,
667 2203 816 2250 utea
846 2194 1136 2264 acciperet,
1191 2190 1406 2261 quando
1433 2197 1550 2243 erat
1589 2189 1643 2243 in
1690 2187 1873 2253 Patre,
1909 2185 2027 2240 nul-

437 2289 505 2346 lis
538 2289 589 2344 in
615 2287 756 2344 caelo
781 2284 980 2356 dignis,
1009 2299 1129 2354 qua:
1165 2291 1506 2337 mererentur
1530 2278 1723 2335 everti.
1750 2278 1856 2333 Sed
1885 2289 2030 2332 nunc

437 2379 637 2449 accipit
667 2392 852 2449 parva,
886 2378 1142 2430 deserens
1170 2371 1306 2446 [Αι.,
1339 2369 1615 2443 dill'erens]
1665 2370 1870 2441 majora
1900 2385 2030 2439 pau-

439 2471 624 2540 lisper.
656 2468 832 2538 Atque
861 2466 935 2521 ita
963 2480 1027 2520 ex
1058 2465 1160 2520 hoc
1198 2463 1549 2534 approbatur,
1579 2461 1732 2516 sicuti
1772 2459 1898 2515 alibi
1925 2457 2033 2530 glo-

441 2563 588 2618 riose
618 2561 866 2614 dixerat:
907 2577 926 2610 ι
958 2557 1154 2612 Nescio
1197 2572 1317 2624 vos,
1343 2555 1466 2626 quia
1497 2554 1732 2626 operarii
1772 2552 1904 2608 estis
1931 2551 2033 2606 ini—

443 2654 669 2726 quitatis
709 2651 860 2726 (Luc.
908 2649 1054 2722 xm),
1093 2669 1112 2702 ι
1151 2657 1207 2704 et
1241 2663 1384 2704 nunc
1409 2648 1572 2703 verba
1612 2647 1847 2718 gloriose
1875 2658 2034 2699 acce-

445 2741 589 2813 pisse
615 2756 699 2804 se,
725 2755 848 2794 cum
875 2739 1015 2793 Deus
1044 2737 1136 2802 sit,
1177 2745 1234 2792 et
1255 2734 1407 2803 juxta
1439 2734 1896 2806 magniﬁcentiam
1925 2746 2037 2788 sua:

445 2831 648 2886 dixisse
676 2829 880 2902 gloria,
913 2847 932 2880 ι
965 2827 1159 2884 Nescio
1190 2827 1356 2898 loqui,
1388 2846 1406 2878 ι
1436 2827 1487 2881 id
1515 2836 1618 2892 est,
1656 2827 1890 2882 humana
1930 2840 2037 2880 non

448 2923 595 2979 novi.
630 2941 649 2974 ι
683 2922 1025 2992 Priusquam,
1071 2921 1266 2990 inquit,
1319 2928 1373 2975 te
1415 2919 1740 2990 plasmarcm
1770 2919 1826 2972 in
1861 2929 2033 2982 utero,

449 3016 574 3072 novi
604 3023 674 3070 te.
713 3033 730 3067 ι
759 3013 816 3069 Si
847 3028 1037 3072 omnes
1069 3013 1219 3068 novit
1240 3013 1402 3078 Deus,
1433 3011 1704 3083 quomodo
1733 3011 1887 3081 quasi
1911 3026 2041 3081 prato

449 3108 668 3179 cipuum
699 3121 728 3160 a
756 3104 967 3160 caeteris
989 3102 1237 3158 Jeretnia:
1263 3103 1413 3168 dicit,
1448 3121 1465 3154 ι
1502 3101 1636 3157 Novi
1671 3102 1755 3156 te?
1785 3121 1804 3154 ι
1838 3099 1918 3154 Αιι
1947 3115 2040 3156 eos

457 3207 668 3254 tantum
696 3196 800 3252 scit
829 3195 1088 3251 Dominus
1109 3195 1200 3264 qui
1229 3193 1455 3249 scientia
1490 3191 1608 3262 ejus
1635 3193 1780 3263 digni
1811 3200 1956 3257 sunt,
1988 3199 2042 3245 et

452 3287 733 3360 cognoscit
761 3300 856 3341 eos
883 3285 974 3355 qui
995 3283 1114 3352 ejus
1139 3284 1300 3338 sunt?
1321 3283 1570 3354 indignos
1596 3297 1725 3337 vero
1755 3282 1925 3337 nescit
1953 3297 2043 3336 ne-

458 3397 564 3453 que
594 3380 754 3436 Pater
783 3390 960 3447 neque
1010 3374 1191 3439 Filius,
1235 3374 1420 3430 dicens
1457 3391 1470 3427 :
1505 3392 1523 3424 ι
1560 3371 1677 3428 Non
1716 3374 1838 3428 novi
1869 3389 1976 3428 vos.
2021 3393 2040 3424 ι

458 3472 568 3529 Nos
595 3486 717 3527 cum
749 3469 920 3524 simus
956 3465 1228 3532 homines,
1257 3466 1301 3521 si
1335 3465 1517 3536 aliqua
1549 3464 1808 3520 fuerimus
1837 3463 2048 3535 prtediti

459 3563 739 3636 dignitate,
772 3559 906 3615 alios
931 3565 1114 3614 nostra
1155 3558 1346 3612 notitia
1372 3557 1580 3626 dignos,
1609 3555 1744 3611 alios
1781 3555 2049 3626 judicavi-

2122 1907 2255 1971 lum,
2279 1905 2520 1961 interibit
2533 1906 2597 1960 de
2612 1902 2804 1975 populo
2828 1917 2924 1958 suo
2939 1901 3116 1974 (Deut.
3135 1902 3312 1970 xvnt).
3336 1920 3354 1952 ι
3370 1901 3481 1956 lste
3494 1909 3581 1955 est
3593 1915 3721 1971 pro-

2124 1997 2285 2068 pheta
2328 1995 2653 2050 constitutus
2683 1993 2739 2049 in
2781 1992 3054 2063 gentibus,
3085 2001 3140 2046 et
3166 1992 3374 2063 accepit
3402 1991 3641 2063 gratiam
3690 2004 3723 2046 a

2125 2088 2238 2143 Deo
2270 2085 2495 2141 eﬂ'usam
2526 2085 2578 2139 in
2611 2084 2768 2139 labiis
2796 2083 2929 2149 suis,
2962 2092 3020 2137 ut
3058 2097 3165 2138 non
3215 2082 3388 2138 solum
3424 2098 3555 2137 cum
3584 2098 3726 2152 prmo

2127 2193 2254 2234 sens
2283 2179 2470 2232 aderat
2493 2189 2741 2246 corpore,
2771 2174 2864 2229 sed
2906 2173 3068 2228 etiam
3098 2188 3241 2227 nunc
3265 2187 3390 2226 cum
3421 2173 3586 2226 adest
3618 2172 3727 2224 vir-

2128 2275 2243 2322 tute
2277 2273 2332 2320 et
2361 2265 2572 2338 spiritu,
2609 2264 2894 2335 prophetet
2941 2262 3007 2316 ad
3047 2277 3238 2316 omnes
3261 2270 3472 2332 gentes,
3504 2269 3565 2316 et
3595 2276 3728 2330 pro-

2127 2358 2311 2428 phetia
2336 2371 2431 2411 sua
2453 2371 2520 2410 ex
2553 2364 2666 2409 toto
2684 2354 2816 2409 orbe
2841 2353 3080 2408 attrahat
3104 2352 3352 2406 homines
3371 2351 3440 2405 ad
3464 2350 3728 2406 salutem.

2131 2451 2284 2519 Quod
2305 2459 2484 2504 autem
2513 2447 2642 2502 dicit
2671 2463 2683 2498 :
2709 2463 2727 2496 ι
2756 2445 3010 2500 Extendit
3034 2444 3293 2499 Dominus
3318 2458 3547 2497 manum
3572 2457 3730 2496 suam

2133 2549 2200 2605 ad
2229 2563 2338 2613 me,
2364 2555 2420 2602 et
2460 2545 2629 2615 tetigit
2675 2558 2738 2599 os
2786 2557 2985 2604 meum,
3025 2549 3080 2595 et
3123 2539 3262 2595 dixit
3307 2540 3376 2593 ad
3422 2553 3555 2593 me:
3593 2537 3735 2592 Ecce

2134 2643 2257 2699 dedi
2295 2654 2573 2698 sermones
2603 2651 2751 2693 meos
2796 2635 2849 2690 in
2898 2650 2961 2690 os
2993 2643 3165 2698 tuum,
3207 2647 3333 2688 ecce
3376 2631 3645 2687 constitui
3684 2639 3738 2684 te

2137 2735 2296 2792 hodie
2343 2746 2504 2802 super
2544 2738 2766 2800 gentes,
2807 2736 2862 2784 et
2905 2741 3069 2798 regna
3120 2723 3420 2780 eradicare.
3464 2742 3484 2775 ι
3519 2721 3628 2789 Qui
3659 2722 3738 2776 sic

2137 2829 2329 2885 beatus
2358 2835 2466 2890 est,
2497 2835 2556 2878 ut
2597 2837 2761 2893 regna
2805 2818 2996 2884 multa,
3036 2833 3157 2888 qua:
3205 2815 3422 2871 Christo
3482 2813 3741 2869 diabolus

2139 2918 2399 2984 ostendit,
2434 2930 2600 2987 regna
2625 2913 2953 2976 dtemonum,
2997 2924 3161 2981 regna
3190 2905 3420 2979 peccati,
3468 2905 3739 2969 eradicet,

2141 3012 2228 3068 bis
2255 3011 2344 3081 qui
2375 3008 2425 3064 ei
2460 3008 2571 3065 dati
2595 3015 2720 3063 sunt
2747 3021 2776 3059 a
2801 3005 2910 3060 Deo
2942 3001 3299 3060 sermonibus.
3328 2997 3616 3069 Scriptum
3657 3004 3744 3052 cst

2143 3106 2287 3162 enim
2318 3121 2332 3158 :
2365 3123 2382 3155 ι
2413 3102 2552 3158 Ecce
2583 3099 2701 3156 dedi
2737 3109 3018 3154 sermones
3051 3109 3203 3149 meos
3231 3093 3287 3148 in
3314 3107 3378 3148 os
3407 3101 3592 3155 tuum,
3615 3099 3748 3144 ecce

2144 3198 2398 3257 constitui
2429 3207 2482 3253 te
2510 3196 2671 3252 hodie
2695 3208 2857 3264 super
2882 3200 3071 3264 gentes
3095 3199 3151 3246 et
3173 3204 3340 3261 regna
3370 3187 3681 3242 eradicare.
3719 3202 3739 3238 ι

2145 3291 2427 3362 Quomodo
2474 3297 2654 3344 autem
2694 3301 2859 3357 regna
2907 3292 3033 3340 sunt
3077 3281 3334 3353 plurima,
3380 3279 3572 3350 plures
3620 3285 3748 3332 sunt

2147 3383 2396 3441 similiter
2423 3389 2479 3437 et
2527 3388 2749 3451 gentes;
2777 3391 2880 3432 nec
2907 3383 3084 3446 potest
3108 3372 3325 3443 aliquod
3355 3385 3590 3442 regnum
3617 3368 3746 3432 diei,

2147 3476 2251 3532 nisi
2273 3473 2416 3547 quod
2457 3473 2557 3528 sub
2603 3485 2661 3526 se
2694 3468 2933 3524 continet
2964 3465 3230 3520 nationes.
3262 3461 3422 3518 Verbi
3451 3460 3637 3534 gratia
3670 3459 3749 3514 di-

2149 3577 2302 3625 ctum
2348 3565 2455 3623 sit:
2483 3563 2694 3633 Regnat
2735 3557 3021 3614 fornicatio
3064 3555 3118 3610 in
3171 3552 3392 3609 homine
3431 3559 3748 3622 peccatore,

461 3669 584 3711 mus
613 3652 861 3722 indignos
885 3667 900 3716 ;
932 3657 987 3704 et
1015 3663 1150 3718 quos
1179 3649 1322 3702 scire
1349 3647 1616 3708 nolumus,
1665 3661 1840 3716 neque
1865 3646 2036 3702 audirt

2152 3673 2374 3717 necesse
2407 3666 2491 3713 est
2535 3663 2595 3710 ut
2644 3667 2869 3724 regnum
2909 3647 3280 3704 fornicationis
3321 3645 3524 3700 habeat
3561 3653 3753 3715 gentes

463 3745 735 3804 volumus,
763 3757 856 3797 eos
892 3741 1182 3797 nescimus.
1212 3739 1350 3806 Quid
1382 3739 1668 3794 arbitraris
1693 3739 1759 3794 de
1789 3739 2036 3794 universi-

2155 3766 2300 3808 suas.
2329 3749 2506 3818 Ipsum
2533 3743 2662 3801 illud
2691 3740 2942 3814 generale
2966 3739 3222 3794 delictum
3245 3734 3495 3792 avaritia:
3520 3743 3581 3788 et
3610 3733 3754 3786 frau-

465 3835 594 3892 tatis
643 3832 788 3889 Deo?
825 3830 952 3887 Vult
997 3830 1139 3886 scire
1184 3828 1559 3894 Pharaonem,
1610 3827 1724 3883 vult
1772 3827 2036 3900 Λεωτριὶοε

2155 3841 2262 3906 dis,
2305 3853 2412 3910 quo
2462 3835 2550 3890 vix
2597 3832 2794 3904 aliquis
2842 3829 3098 3886 immunis
3143 3836 3246 3891 est,
3300 3826 3466 3880 habet
3521 3838 3755 3894 regnum

468 3939 649 3992 nosse,
678 3924 773 3980 sed
803 3921 1008 3994 indigni
1034 3930 1161 3976 sunt
1188 3920 1381 3975 notitia
1410 3918 1556 3990 ejus;
1591 3919 1686 3974 sed
1723 3919 1821 3990 ipsi
1852 3919 2057 3974 faciunt
2158 3947 2338 3998 suum,
2374 3939 2430 3987 ει
2467 3928 2570 3985 sub
2597 3940 2766 3998 regno
2792 3939 2900 3980 ιωο
2927 3921 3122 3978 multas
3151 3919 3389 3991 possidet
3412 3925 3632 3989 gentes,
3659 3931 3759 3986 per

465 4025 528 4072 ut
559 4015 893 4087 ignorentur.
923 4010 1041 4068 Scit
1073 4018 1254 4066 autem
1291 4009 1496 4076 Mosen,
1529 4011 1632 4065 scit
1666 4010 1976 4081 prophetas,
2004 4025 2032 4065 e

2158 4023 2420 4098 plurimas
2454 4019 2663 4076 scilicet
2705 4017 2912 4087 species
2960 4012 3223 4069 avaritiae.
3269 4009 3350 4067 Ob
3393 4009 3446 4065 id
3488 4024 3633 4080 opus
3676 4015 3760 4066 est

469 4108 515 4164 si
543 4107 668 4178 quis
705 4103 899 4160 similis
943 4117 1132 4159 eorum
1173 4109 1277 4158 est.
1326 4101 1550 4156 Multum
1580 4112 1631 4158 te
1665 4111 1881 4172 oportet
1910 4101 2036 4157 labe

2162 4114 2503 4172 sermonibus
2547 4107 2782 4174 Domini,
2815 4115 2874 4162 ut
2911 4103 3214 4178 istiusmodi
3258 4116 3420 4172 regna
3471 4115 3603 4156 cum
3644 4099 3762 4156 suis

471 4167 620 4266 rare,
643 4206 703 4254 ut
723 4196 874 4252 nosci
913 4194 1189 4266 incipiaris
1221 4208 1252 4248 a
1278 4193 1408 4248 Deo.
1439 4193 1504 4247 Et
1529 4167 1819 4250 Jerem-iam
1843 4191 2036 4265 quidcn

2163 4204 2412 4277 gentibus
2432 4201 2748 4259 evellantur.
2770 4167 3031 4254 Salvator
3069 4167 3156 4250 in‘
3172 4167 3468 4264 Evangelia
3517 4189 3763 4248 ostendit

473 4296 790 4366 priusquam
820 4291 1114 4363 plasmaret
1134 4288 1186 4343 in
1215 4295 1394 4354 utero,
1423 4288 1705 4358 cognovit;
1735 4286 1901 4342 alium
1933 4301 2036 4341 ven

2165 4298 2395 4354 dicens:
2433 4314 2452 4346 ι
2497 4291 2686 4350 Omnis
2724 4288 2986 4361 plantatio
3012 4301 3173 4357 quam
3211 4300 3320 4340 non
3356 4282 3633 4354 plantavit
3661 4280 3763 4335 Pa-

473 4388 542 4444 de
570 4385 852 4459 prophetis
900 4383 1118 4454 triginta
1149 4397 1412 4437 annorum
1459 4380 1626 4452 cmpit
1671 4396 1852 4447 nosse,
1899 4380 2036 4435 aliun

2169 4397 2250 4445 ter
2288 4403 2442 4443 meus
2479 4384 2734 4447 caelestis,
2763 4380 3128 4439 eradicabitur
3166 4375 3384 4450 (Matth.
3413 4373 3530 4446 xv).
3563 4395 3585 4427 ι
3625 4373 3766 4430 Sunt

474 4479 853 4551 quadraginta.
883 4475 1174 4530 Sermones
1205 4483 1328 4530 sum
1365 4473 1662 4530 ineffabiles
1690 4475 1755 4531 de
1783 4473 2064 4530 Salvalol'c
2094 4503 2145 4564 ι)
2170 4479 2414 4551 quaedam
2439 4477 2768 4533 intrinsecus
2789 4473 2844 4528 in
2869 4471 3066 4527 animis
3086 4469 3286 4525 nostris
3308 4467 3638 4537 insita,qu:e
3659 4481 3765 4521 non

475 4581 532 4627 et
553 4588 657 4627 non
687 4581 1012 4640 magnOpcre
1035 4566 1309 4638 quzercndi
1327 4585 1340 4629 ;
1361 4567 1429 4623 de
1448 4565 1683 4621 Jeremia
1706 4581 1854 4631 vero,
1877 4581 2062 4621 eorum

478 4661 572 4733 qui
602 4659 884 4716 scientiam
908 4659 1310 4729 Scripturarum
1339 4657 1560 4723 habent,
1584 4655 1804 4713 auribus
1830 4655 2067 4728 indigen-

480 4759 584 4818 tes,
618 4751 888 4822 quomodo
926 4751 1110 4806 dicat:
1146 4769 1164 4800 ι
1200 4745 1527 4821 Priusquam
1570 4758 1624 4805 te
1658 4750 1986 4820 plasmarem
2011 4749 2065 4804 in

483 4853 659 4906 utero.
688 4841 814 4897 novi
849 4851 928 4904 te;
959 4851 1014 4895 et
1041 4839 1355 4910 priusquam
1392 4841 1570 4896 exires
1596 4841 1662 4896 de
1690 4840 1847 4896 vulva
1877 4841 2070 4896 matris

485 4948 610 5000 tum,
640 4929 975 4991 sanctiﬁcavi
1003 4936 1085 4994 te;
1125 4947 1144 4980 ο
1176 4927 1318 4982 Deus
1352 4925 1451 4980 sibi
1485 4925 1601 4996 ipse
1637 4926 1940 4982 sanctificat
1970 4926 2067 4982 ali-

483 5045 640 5102 quos.
692 5026 858 5082 Istum
897 5039 1003 5078 non
1049 5027 1328 5090 exspectat
1369 5026 1425 5073 ut
1477 5019 1775 5074 sanctificet
1805 5021 2066 5091 genitum,

481 5122 574 5178 sed
606 5119 758 5191 prius
788 5113 1094 5172 sanctificat
1127 5127 1288 5183 quam
1315 5126 1344 5166 e
1370 5110 1524 5164 vulva
1553 5112 1878 5180 egrediatur.
1917 5111 1974 5167 Si
1998 5113 2066 5168 ad

483 5215 842 5276 Salvatorem,
878 5218 937 5264 ut
965 5208 1096 5272 dixi,
1125 5204 1351 5271 referas,
1391 5221 1497 5261 non
1531 5214 1616 5261 est
1659 5204 1858 5261 malum
1884 5206 2066 5262 dicere

486 5301 641 5372 prius
660 5314 783 5353 eum
809 5298 1205 5354 sanctificatum
1233 5312 1351 5352 esse
1373 5314 1536 5368 quam
1567 5308 1769 5353 natum.
1805 5301 1862 5356 Si
1889 5302 1954 5355 de
1977 5303 2075 5356 Do-

492 5391 637 5444 mino
662 5386 946 5460 intelligas,
994 5405 1100 5445 non
1147 5389 1320 5444 solum
1363 5399 1650 5460 antequam
1681 5392 1746 5446 de
1787 5392 1943 5448 vulva
1973 5407 2072 5447 ex-

492 5477 596 5533 iret
621 5477 990 5535 sanetilicatus
1020 5487 1128 5547 est,
1159 5479 1253 5535 sed
1278 5479 1490 5537 infinito
1515 5490 1640 5537 ante
1678 5490 1918 5553 tempore
1945 5498 2073 5540 san-

493 5576 612 5625 ctus
632 5583 846 5640 semper
871 5569 972 5625 fuit
999 5588 1012 5624 :
1045 5571 1133 5626 hic
1153 5587 1282 5627 vero
1303 5580 1592 5642 antequam
1616 5573 1682 5628 de
1703 5582 1855 5628 utero
1880 5574 2072 5641 exiret,

493 5661 864 5718 sanctificatns
883 5669 986 5718 est.
1013 5681 1031 5712 ι
1060 5661 1384 5734 Prophetam
1410 5665 1463 5720 in
1484 5665 1734 5736 gentibus
1757 5667 1910 5737 posui
1941 5675 2011 5722 te.
2049 5689 2070 5721 ι

497 5751 557 5806 Si
579 5750 646 5806 de
669 5749 900 5808 Ieremia
927 5752 1125 5824 quaeris
1155 5756 1426 5824 quomodo
1464 5757 1536 5813 sit
1559 5758 1819 5829 propheta
1859 5759 1913 5814 in
1942 5775 2075 5833 gen-

2172 4571 2434 4645 plantavit
2463 4569 2700 4626 caelestis
2729 4567 2891 4622 Pater
2918 4583 2932 4619 :
2959 4579 3149 4621 omnes
3181 4562 3379 4634 quippe
3397 4561 3770 4633 cogitationes

2171 4664 2444 4734 pessimtc,
2473 4659 2786 4723 homicidia,
2817 4657 3106 4722 adulteria,
3145 4654 3552 4718 fornicationes,
3597 4652 3764 4718 furta,

2173 4755 2305 4811 falsa
2337 4751 2666 4818 testimonia,
2691 4749 3061 4822 blasphemiae,
3081 4746 3442 4818 plantationes
3471 4754 3602 4801 sunt
3636 4761 3771 4817 quas

2174 4862 2280 4901 non
2308 4843 2572 4915 plantavit
2615 4841 2852 4896 caelestis
2872 4839 3052 4894 Pater.
3077 4836 3136 4892 Si
3161 4844 3343 4892 autem
3369 4836 3451 4891 vis
3481 4837 3631 4893 scire
3672 4853 3770 4893 cu-

2169 4935 2260 5005 jus
2288 4935 2358 4990 sit
2387 4931 2647 5004 plantatio
2678 4929 2980 4986 istiusmodi
3001 4927 3285 4998 cogitatus,
3309 4925 3433 4980 audi
3457 4927 3592 4996 quia
3621 4947 3641 4978 (
3673 4925 3770 4980 ini-

2180 5031 2350 5084 micus
2379 5029 2542 5082 homo
2575 5025 2677 5081 hoc
2709 5024 2856 5089 fecit,
2885 5021 2977 5093 qui
3003 5019 3452 5094 superseminavit
3500 5021 3772 5076 zizaniam

2177 5121 2228 5174 in
2261 5119 2439 5175 medio
2463 5117 2648 5172 tritici.
2691 5136 2708 5168 ι
2744 5114 2914 5170 Instat
2937 5129 3064 5170 ecce
3095 5113 3254 5178 Deus,
3285 5112 3452 5167 instat
3493 5113 3772 5176 diabolus,

2182 5210 2439 5265 habentes
2469 5208 2696 5263 semina.
2737 5206 2794 5261 Si
2823 5204 3133 5260 dederimus
3168 5203 3345 5258 locum
3385 5201 3634 5266 diabolo,
3676 5202 3773 5259 ini-

2179 5303 2353 5357 micus
2388 5302 2550 5357 homo
2595 5299 2891 5369 superserit
2923 5296 3337 5367 plantationem,
3375 5296 3640 5365 quoniam
3668 5310 3771 5349 non

2180 5391 2442 5464 plantavit
2483 5391 2723 5448 cmlestis
2759 5389 2940 5451 Pater.
2988 5389 3173 5458 utique
3216 5386 3628 5442 eradicandam.
3679 5384 3771 5440 Sin

2185 5491 2385 5548 autem,
2417 5481 2632 5555 repulso
2661 5479 2896 5545 diabolo,
2920 5479 3095 5535 locum
3123 5478 3432 5534 dederimus
3460 5475 3600 5541 Deo,
3647 5492 3776 5546 gau-

2185 5578 2320 5634 dens
2345 5577 2488 5634 Deus
2531 5591 2692 5647 super
2716 5573 3015 5644 principale
3041 5572 3222 5628 cordis
3249 5568 3422 5625 nostri
3457 5567 3671 5638 spargit
3698 5581 3776 5620 se-

2185 5682 2308 5726 men
2334 5681 2512 5723 suum.
2537 5665 2649 5725 Nec
2667 5665 2864 5736 aliquis
2887 5665 3118 5720 aestimet
3139 5663 3307 5717 Deum
3331 5660 3490 5716 triste
3520 5659 3769 5730 quiddam

2186 5757 2435 5814 Jeremize
2466 5757 2808 5829 pncccpissc,
2836 5756 2927 5827 qui
2970 5755 3292 5810 constitutus
3323 5753 3396 5811 sit
3427 5751 3495 5806 ad
3525 5750 3766 5807 eradica-
