1981 3099
116 170 169 199 805

116 230 218 257 tionem
231 236 375 265 regnarunt
388 233 416 256 et
428 230 557 265 gentium.
575 230 708 258 Bonitatis
718 231 764 259 Dei
782 231 852 259 istud
868 231 909 259 in-

115 275 216 302 dicium
236 280 289 307 est,
308 275 449 303 eradicare
466 275 530 303 vitia
550 283 600 311 per
625 283 776 309 sermones,
801 277 911 306 inimica

115 321 273 349 ctelestibus
287 322 378 358 regnis
391 330 475 358 regna
489 322 638 355 destruere,
656 327 684 351 et
702 323 834 351 bellantes
849 332 911 352 cum

116 376 164 396 sua
176 373 258 405 gente
271 373 393 397 evertere
406 369 539 402 nationes,
556 369 695 398 eradicare
705 374 733 397 et
743 371 911 398 subvertere.

115 415 164 442 Est
177 414 301 450 quaedam
316 415 460 443 aedificatio
472 415 582 448 diaboli,
596 420 638 443 est
649 416 771 451 quaedam
793 416 912 444 tedilica-

115 462 152 489 tio
170 461 229 489 Dei.
241 460 319 495 Quod
331 468 412 496 super
432 468 542 489 arenam
556 462 715 494 exstruitur,
735 462 833 490 diaboli
848 467 910 489 est:

114 514 197 541 super
210 507 284 534 nullo
297 507 368 534 enim
388 506 477 535 stabili
491 507 654 542 robustaque
674 507 813 534 solidatur.
835 507 912 540 Quod

114 557 205 580 autetn
219 560 302 589 super
322 558 425 588 petram
449 553 607 586 aediﬁcatur,
630 554 682 581 hoc
695 554 742 582 Dei
763 559 813 582 est.
836 554 912 582 Unde

112 603 140 627 et
157 600 201 627 his
214 600 260 634 qui
275 599 333 635 ejus
355 604 428 632 sunt,
453 600 569 627 dicitur:
587 609 597 625 ι
615 600 663 627 Dei
677 600 849 636 agricultura,
863 600 911 627 Dei

114 645 259 673 adiﬁcatio
271 645 337 673 estis
349 644 375 681 (1
386 644 447 673 Cor.
469 645 521 681 ιιι).
542 655 552 672 ι
567 645 655 681 Super
667 651 761 681 gentes
777 651 805 673 et
828 654 910 680 regna

113 691 263 722 eradicare,
276 695 303 718 et
317 691 483 724 subvertere,
493 695 520 718 et
534 690 699 726 disperdere.
718 701 727 717 ι
747 691 775 719 Si
789 692 911 719 eradica-

114 741 158 764 tur
172 737 275 772 aliquid
296 742 323 763 et
345 736 490 764 eradicatio
511 736 567 771 ipsa
591 744 645 763 non
665 737 798 771 disperiit,
821 737 910 765 adhuc

113 786 254 817 permanet
268 782 340 816 quod
350 781 472 809 evulsum
491 785 542 808 cst.
562 780 591 809 Si
608 781 747 809 subruitur
760 781 867 814 domus,
882 785 911 809 et

112 829 216 864 lapides
240 829 267 855 in
289 828 366 855 ruina
385 833 448 856 sunt.
468 829 578 864 integri,
592 829 719 863 dissipata
742 834 784 856 est
801 828 907 861 domus,

112 882 165 901 non
190 878 280 901 tamen
303 874 418 908 perdita.
434 873 508 909 Opus
526 878 567 902 est
583 874 663 910 igitur
681 874 845 910 benignitate
861 875 907 902 Dei

111 923 141 946 ut.
154 924 183 946 et
196 919 344 947 eradicatio
366 919 421 954 ipsa
436 924 463 947 et
478 919 618 947 subversio
632 924 685 947 tota
702 920 845 954 dispereat.
863 919 907 946 Di—

111 964 239 1000 ligentius
261 964 318 1000 lege
331 964 466 999 quomodo
481 965 616 992 eradicata
642 965 799 999 perdantur.
818 975 826 990 I
852 964 904 991 Pa-

110 1010 167 1037 leas
201 1014 292 1037 autem
316 1010 457 1037 comburet
479 1010 532 1046 igni
563 1010 775 1046 inexstinguibili
806 1020 814 1037 ι
840 1011 873 1038 Et
899 1019 905 1037 :

112 1065 122 1081 ι
138 1056 232 1091 Ligate
247 1055 399 1090 manipulos
417 1056 594 1088 zizaniorum,
617 1062 643 1083 et
664 1056 763 1083 tradite
777 1064 823 1084 cos
841 1056 905 1092 igni.

110 1100 224 1135 (Matth.
240 1101 299 1136 ιιι).
319 1111 328 1127 ι
343 1101 389 1128 Sic
399 1108 430 1128 ea
444 1109 504 1136 qum
515 1106 578 1129 sunt
588 1101 725 1129 eradicata
740 1101 905 1136 dispereunt.

110 1145 138 1173 Si
158 1150 251 1172 autem
267 1145 308 1173 vis
323 1147 393 1173 scire
409 1146 544 1181 quomodo
565 1151 593 1173 et
610 1147 749 1174 subversio
769 1148 908 1183 redigatur

109 1193 136 1221 in
153 1194 268 1222 nihilum
279 1215 285 1227 ,
303 1193 437 1229 quomodo
451 1194 637 1222 aedilicatiunis
648 1195 771 1229 pessimae
793 1196 906 1222 materia
926 1228 929 1231 ι

108 1240 135 1266 in
152 1240 293 1274 pulverem
312 1239 522 1272 comminuatur,
538 1240 634 1267 domus
658 1247 688 1267 ea
716 1248 776 1275 qua:
796 1245 907 1275 propter

108 1284 212 1319 lepram
229 1283 472 1318 distribuijubetur
484 1284 578 1320 (Leuit.
595 1284 661 1319 xiv),
674 1292 734 1312 cum
754 1284 834 1312 fuerit
849 1285 907 1320 pul-

107 1331 149 1357 vis
163 1330 272 1363 elfecta,
293 1335 370 1358 extra
395 1331 532 1357 civitatem
551 1330 702 1366 projicitur,
727 1335 757 1357 ut
780 1337 813 1357 ne
837 1329 907 1365 lapis

104 1376 217 1412 quidem
232 1385 264 1404 ex
280 1384 311 1404 ea
327 1377 449 1404 residuus
462 1377 507 1409 sit,
518 1376 594 1411 juxta
610 1377 682 1412 quod
696 1377 825 1412 scriptum
843 1381 904 1404 est:

111 1431 120 1447 ‹
140 1422 272 1450 Similiter
297 1428 329 1450 ut
349 1422 433 1450 lutum
457 1423 608 1457 platearum
630 1423 725 1451 delebo
747 1430 793 1450 eos
817 1422 903 1457 (Psal.

108 1467 187 1504 xvn).
213 1478 222 1493 ι
246 1467 357 1503 Oportet
375 1469 474 1503 quippe
496 1469 603 1503 penitus
626 1468 738 1495 interire
763 1468 903 1495 malitiam.

109 1511 275 1540 Subversum
296 1517 337 1540 est
354 1513 467 1548 aliquid,
482 1512 584 1548 lapides
604 1521 711 1548 quoque
734 1513 769 1540 illi
790 1514 836 1548 qui
858 1514 904 1541 tle-

107 1558 205 1585 structi
219 1562 290 1588 sunt.
304 1561 490 1591 conterantur,
503 1565 535 1586 ne
548 1558 579 1585 ad
595 1558 675 1585 aliam
688 1558 902 1591 :edilicalionem,

590 172 771 202 EXPOSITIO
790 173 901 201 SUPER
921 173 1106 204 JEREMIAM.
1128 192 1161 196 —
1181 177 1245 205 LIB.
1266 178 1286 206 Ι.

1702 182 1755 210 806

924 234 950 265 Α
964 232 1076 260 Latinus
1101 233 1185 261 lector
1202 234 1343 269 intelligat.
1367 240 1428 267 Tm
1453 244 1508 263 nux
1527 236 1645 269 dicitur;
1667 238 1756 273 uigilia

963 284 1055 307 autem
1069 280 1111 328 vel
1125 280 1186 328 uigil
1201 281 1259 308 sive
1273 281 1379 316 tigilare
1393 282 1543 317 appellatur
1553 288 1625 328 apto.
1643 284 1718 313 Unde
1728 292 1757 328 et

963 325 990 352 in
1003 325 1199 359 posterioribus
1212 326 1312 361 pardus
1320 326 1437 362 vigilans
1446 327 1500 359 hoc
1515 321 1626 364 nomine
1634 321 1765 364 ponitur.”

962 369 1004 398 Ab
1015 377 1049 398 eo
1067 370 1150 406 igitur
1160 371 1233 405 quod
1244 370 1345 398 dicitur
1365 379 1431 405 nu,
1443 376 1555 407 propter
1570 374 1645 402 verbi
1661 374 1758 402 sitnili-

964 417 1083 444 tudinem
1095 418 1128 445 ad
1141 417 1226 458 uigilis
1240 417 1442 453 intelligentiam
1458 427 1555 447 nomen
1568 414 1667 448 allusit.
1679 420 1757 454 Quod

962 462 1071 496 quidem
1091 467 1119 490 et
1134 462 1161 490 in
1177 463 1287 491 Dauiele
1298 462 1374 497 juxta
1393 464 1602 493 Theodotionem
1624 467 1756 502 scriptum

962 511 1014 539 est,
1029 511 1059 534 ut
1072 507 1106 534 de
1119 507 1262 535 arboribus
1275 511 1370 543 σχίνου
1386 511 1427 535 καὶ
1439 510 1543 546 πρίνου,
1559 509 1617 538 ilice
1630 511 1757 540 videlicet

961 556 989 579 et
1007 552 1126 584 lentisco,
1141 553 1236 580 scissio
1257 558 1337 587 atque
1359 555 1471 581 serratio
1492 554 1622 584 adulteris
1644 556 1757 592 presby-

962 596 1028 624 teris
1038 596 1208 624 decernatur.
1225 597 1349 631 Alioquin
1365 604 1391 625 et
1405 599 1430 624 in
1446 599 1578 634 principio
1588 598 1725 637 Geneseos
1738 609 1754 629 a

960 640 1031 673 viro,
1047 640 1093 675 qui
1114 640 1212 668 dicitur
1234 646 1290 674 tam,
1314 642 1410 670 mulier
1434 643 1582 678 appellatur
1595 649 1662 674 πω
1676 646 1755 679 quasi

961 686 1084 720 quaedam
1100 685 1204 721 virago,
1226 693 1258 713 eo
1281 687 1352 721 quod
1376 687 1409 715 de
1430 688 1488 714 viro
1507 693 1612 723 sumpta
1632 689 1677 716 sit.
1702 689 1757 717 Pro

961 732 1054 759 baculo
1065 740 1156 764 nucea,
1173 733 1271 767 virgam
1289 732 1448 768 vigilantem,
1468 734 1563 768 Aquila
1583 738 1610 761 et
1630 734 1755 770 Symma-

961 778 1047 805 chus:
1060 778 1215 809 ,Theodotio
1227 787 1302 813 vero,
1319 780 1526 815 antygdalinam,
1546 782 1753 810 transtulerunt.

961 822 1059 858 Vigilat
1081 829 1170 852 autem
1192 825 1280 861 virga,
1297 830 1394 853 cuncta
1414 826 1504 861 populi
1524 827 1710 861 considerans,
1725 832 1755 856 ut

960 871 1094 905 percutiat
1109 872 1285 907 et_corripiat
1298 872 1493 907 delinquentes.
1507 872 1625 901 Unde‘et
1636 874 1754 909 Aposto-

924 918 945 946 Β
960 915 1001 942 lus
1026 916 1121 943 scribit
1142 917 1336 951 peccantibus:
1354 927 1363 942 ‹
1379 917 1449 951 Quid
1464 918 1563 946 vultis?
1580 919 1608 946 in
1619 919 1693 955 virga
1708 928 1755 948 ve-

957 961 1030 988 niam
1043 962 1076 989 ad
1090 970 1148 995 vos,
1165 971 1200 990 an
1216 963 1243 990 in
1257 963 1391 991 eharitate
1411 968 1438 991 et
1457 964 1552 999 spiritu
1567 967 1753 994 mansuetudi-

957 1007 1016 1034 nis?
1030 1016 1040 1033 ι
1055 1007 1082 1043 (1
1100 1007 1161 1034 Car.
1178 1007 1227 1043 tv.)
1241 1008 1294 1035 ista
1309 1013 1351 1036 est
1365 1009 1441 1044 virga
1454 1010 1496 1037 vel
1518 1009 1640 1043 baculus,
1652 1012 1685 1038 de
1698 1019 1753 1046 qua

956 1057 984 1079 et
996 1052 1080 1080 David
1094 1053 1213 1088 loquitur
1228 1062 1234 1080 :
1252 1062 1261 1079 ι
1281 1054 1360 1089 Virga
1383 1058 1426 1081 tua
1442 1059 1469 1082 et
1481 1055 1592 1083 baculus
1606 1060 1677 1088 tuus,
1694 1057 1752 1091 ipsa

957 1105 1001 1125 me
1016 1098 1153 1126 consolata
1176 1103 1238 1126 sunt
1258 1098 1345 1134 (I’sal.
1368 1099 1446 1135 mi).
1467 1099 1637 1135 Pulchreque
1650 1102 1752 1136 posuit,

959 1152 969 1169 ί
987 1144 1125 1172 consolata
1147 1148 1220 1171 sunt.
1241 1154 1250 1170 ι
1264 1144 1305 1171 Ad
1319 1145 1371 1172 hoc
1383 1144 1456 1171 enim
1480 1145 1610 1173 Dominus
1630 1146 1753 1181 corripit,

956 1194 986 1216 ut
999 1190 1134 1218 emendet.
1150 1190 1183 1217 Et
1196 1190 1331 1225 quomodo
1346 1198 1399 1217 nux
1419 1190 1475 1218 sive
1489 1190 1659 1226 amygdalum
1675 1199 1752 1218 ama-

957 1236 1091 1264 rissimam
1103 1236 1185 1264 habet
1195 1236 1336 1269 corticem,
1346 1242 1374 1264 et
1384 1242 1454 1265 testa
1466 1237 1611 1264 durissima
1623 1238 1752 1272 cingitur,

956 1286 987 1309 ut
1006 1282 1134 1309 detractis
1157 1282 1353 1310 austerioribus
1374 1288 1400 1309 et
1422 1282 1497 1309 duris
1510 1282 1613 1309 l'ructus
1627 1283 1752 1311 dulcissi-

957 1334 1016 1354 mus
1039 1327 1190 1362 reperiatur
1208 1335 1215 1342 ·
1233 1327 1273 1354 sic
1287 1326 1376 1354 omnis
1389 1326 1526 1361 correptio
1537 1331 1565 1354 et
1578 1326 1654 1354 labor
1663 1327 1752 1354 conti-

957 1373 1065 1405 nentia),
1077 1381 1170 1400 amara
1186 1373 1294 1409 quidem
1308 1373 1412 1400 videtur
1423 1373 1457 1401 ad
1477 1380 1607 1408 prmsens,
1626 1373 1674 1400 sed
1694 1372 1753 1400 lni-

955 1425 1016 1446 etus
1030 1419 1102 1454 parit
1119 1419 1300 1446 dulcissimos.
1321 1419 1397 1447 Unde
1418 1423 1445 1446 et
1468 1423 1544 1446 vetus
1559 1418 1603 1445 illa
1618 1419 1752 1446 sententia

955 1469 997 1491 est
1009 1473 1015 1491 :
1030 1463 1193 1491 Litterarum
1209 1463 1315 1492 radices
1328 1472 1439 1496 amaras,
1456 1464 1560 1491 fructus
1573 1463 1675 1491 dulces.
1688 1464 1753 1498 Qni-

956 1509 1017 1536 dam
1046 1509 1149 1544 virgam
1177 1509 1333 1544 vigilantem
1356 1513 1439 1544 atque
1462 1517 1575 1537 naccam
1599 1509 1753 1545 intelligunt

955 1555 1110 1587 Dominum,
1124 1555 1158 1582 de
1172 1563 1226 1589 quo
1245 1555 1311 1582 dicit
1332 1554 1414 1582 Isaias
1430 1564 1436 1582 :
1455 1565 1463 1580 ι
1480 1555 1558 1582 Exiet
1570 1554 1645 1589 virga
1659 1555 1692 1582 de
1708 1563 1753 1582 ra—

107 1611 190 1638 qunm
215 1603 337 1631 diabolus
354 1604 517 1631 concinnare
540 1608 637 1639 potest,
663 1605 771 1644 assumi,
787 1604 902 1633 valeant.
917 1595 940 1625 (ἶ
956 1603 1015 1630 dice
1023 1603 1100 1631 Iesse
1115 1602 1183 1638 (Ita.
1198 1602 1247 1638 XI).
1264 1613 1273 1628 ι
1292 1603 1366 1631 Unde
1379 1607 1406 1630 et
1421 1603 1495 1638 virga
1509 1603 1610 1636 Aaron,
1624 1610 1684 1638 quae
1700 1611 1751 1638 pn-

107 1649 178 1683 Quid
201 1649 267 1676 mihi
281 1650 403 1684 prodest,
415 1649 437 1677 si
456 1657 509 1677 non
524 1657 573 1684 pro
586 1649 625 1676 eis
646 1657 706 1685 quze
726 1650 863 1678 eradicata
878 1655 906 1678 et

108 1694 221 1722 suﬂossa
235 1698 308 1727 sunt,
321 1695 432 1722 meliora
448 1695 473 1721 in
488 1701 531 1722 me
549 1695 705 1730 pinntentur
719 1700 800 1730 atque
819 1695 904 1723 aedili-

107 1744 215 1767 centur.
239 1739 385 1774 Propterea
409 1740 456 1767 Dei
472 1740 554 1768 verba
572 1740 689 1775 primum
706 1740 818 1773 faciunt,
834 1741 904 1776 quod

107 1793 220 1813 necesse
236 1790 289 1819 est,
311 1787 460 1819 eradicant,
480 1787 632 1818 destruunt,
655 1787 781 1821 perdunt,
796 1792 823 1814 et
844 1792 906 1822 post

107 1830 166 1858 htcc
180 1831 316 1858 aedificant
333 1835 414 1867 atque
426 1832 558 1867 plantam.
573 1831 783 1860 Obscrvavimus
797 1840 905 1868 semper

107 1875 134 1903 in
151 1875 300 1911 Scripturis
315 1877 410 1909 sacris,
426 1877 543 1912 primum
558 1884 589 1905 ea
602 1885 661 1912 quae
677 1877 801 1905 videntur
816 1878 904 1905 tristia

107 1922 254 1955 nominari,
262 1922 358 1950 deinde
369 1930 400 1950 ea
411 1930 471 1957 qua:
479 1923 608 1950 hilariora
618 1923 815 1955 sunt,secundo
826 1923 877 1951 dici
895 1933 902 1951 :

109 1977 119 1993 ι
139 1967 198 2004 Ego
215 1967 355 2000 occidam,
373 1973 401 1996 et
419 1976 469 2004 ego
494 1968 636 1996 vivificabo
654 1968 748 2005 (Deut.
770 1969 873 2008 xxxii).
891 1978 900 1995 ι

106 2013 167 2042 Non
182 2013 251 2041 dixit
263 2014 349 2049 prius,
373 2013 428 2049 Ego
441 2014 592 2047 viviﬁcabo,
608 2018 634 2041 et
654 2017 755 2049 postea.
770 2014 901 2042 occidam.

106 2059 275 2095 lmposslbile
296 2059 369 2087 enim
390 2060 463 2095 quod
484 2059 568 2087 semel
588 2059 736 2087 vivificabit
754 2059 835 2092 Deus,
857 2064 904 2087 aut

107 2104 142 2131 ab
152 2112 185 2131 eo
196 2104 264 2140 ipso,
279 2109 326 2131 aut
340 2104 374 2132 ab
387 2104 441 2132 alio
453 2104 550 2137 occidi,
564 2104 610 2132 sed
626 2114 633 2132 :
652 2113 661 2130 ι
676 2105 732 2140 Ego
742 2105 902 2132 interﬁciant

106 2156 134 2178 et
150 2158 200 2185 ego
215 2150 365 2178 viviﬁcabo.
381 2160 390 2175 ι
407 2149 493 2184 Quem
515 2150 695 2178 interﬁciam?
708 2150 821 2178 Paulum
841 2158 903 2185 pro-

106 2197 235 2230 ditorem,
249 2197 361 2224 Paulum
377 2202 592 2232 persecutorem;
608 2202 634 2225 et
644 2198 798 2231 vivilicabo,
813 2202 842 2226 ut
856 2199 903 2226 liat

106 2242 209 2270 Paulus
224 2242 360 2278 apostolus
379 2242 479 2271 Christi
493 2242 567 2271 Jesu.
584 2243 704 2272 Primum
720 2248 771 2278 est,
789 2249 818 2272 ut
832 2245 901 2272 mala

107 2289 267 2317 auferantur
279 2297 294 2316 a
310 2290 387 2317 nobis
405 2298 412 2317 :
434 2298 488 2318 non
501 2294 590 2325 potest
605 2290 631 2317 in
646 2290 706 2318 loco
718 2290 903 2319 aediﬁcationls

107 2333 186 2361 mala:
206 2334 342 2362 aediﬁcare
359 2335 497 2363 Dominus.
517 2344 527 2361 ι
550 2335 615 2369 Quae
638 2335 711 2363 enim
733 2337 903 2372 participatio

103 2379 220 2415 justitiaa
243 2384 271 2407 et
291 2380 463 2415 iniquitatis?
477 2380 543 2414 Qua:
566 2381 774 2410 communicatio
798 2382 849 2410 luci
869 2382 902 2409 ad

107 2425 252 2452 tenebras?
267 2435 277 2451 ι
291 2424 403 2460 Oportet
415 2426 545 2453 malitiam
560 2434 594 2454 ex
608 2426 669 2454 imis
682 2427 791 2454 sedibus
811 2427 902 2455 eradi-

105 2470 165 2498 cari
179 2479 185 2497 :
200 2475 308 2506 oportet
319 2471 523 2500 :edilicationern
541 2473 687 2508 pessimam
698 2473 732 2500 ab
745 2473 842 2501 animis
855 2481 903 2500 no-

105 2517 172 2544 stris
183 2517 291 2552 penitus
304 2516 415 2551 auferri,
441 2522 470 2545 ut
493 2522 584 2553 postea
602 2526 742 2546 sermones
762 2519 808 2546 Dei
820 2519 903 2546 aedili-

106 2566 170 2591 (ent
185 2567 266 2598 atque
278 2563 399 2598 plantent

145 2617 155 2634 ι
172 2608 318 2635 Etiactum
342 2613 384 2636 est
399 2609 510 2637 verbum
530 2609 636 2637 Domini
658 2610 691 2637 ad
711 2617 764 2642 me,
789 2610 899 2637 dicens:

108 2664 119 2680 ι
141 2653 213 2687 Quid
226 2659 254 2681 tu
273 2655 358 2687 vides,
373 2654 507 2683 Ieremia?
527 2656 559 2682 Et
574 2656 628 2683 dixi
644 2665 650 2682 :
667 2655 775 2691 Virgam
790 2656 903 2692 vigilan-

109 2709 118 2726 ι
140 2704 196 2727 tem
211 2707 261 2735 ego
276 2700 362 2728 video.
376 2700 410 2727 Et
423 2700 489 2728 dixit
505 2701 635 2728 Dominus
649 2700 683 2728 ad
697 2708 758 2728 me:
774 2701 846 2729 Bene
858 2702 902 2729 vi-

109 2755 119 2772 ι
140 2745 214 2778 disti,
238 2746 300 2780 quia
318 2746 435 2782 vigilabo
451 2754 501 2782 ego
523 2754 604 2782 super
627 2747 710 2774 verbo
729 2755 790 2775 meo
809 2752 838 2775 ut
858 2747 899 2775 fa-

108 2801 118 2818 c
139 2792 211 2820 ciam
225 2792 299 2819 illud.
314 2802 323 2818 ι
341 2792 477 2828 (Iliorum)
492 2792 544 2820 Pro
556 2793 630 2828 virga
644 2792 771 2827 vigilante
786 2793 901 2828 Septua-

105 2837 181 2873 ginta
207 2837 329 2865 baculum
344 2846 454 2865 nuceum
481 2838 684 2866 transtulerunt.
710 2838 899 2867 Laborandum

104 2884 187 2921 igitur
212 2883 290 2912 nobis
309 2887 351 2911 est
370 2888 401 2911 ut
416 2884 536 2912 breviter
554 2883 695 2913 Hebraaam
710 2884 899 2922 etymologiam

957 1648 1065 1676 tabatur
1079 1652 1213 1680 emortua,
1230 1648 1256 1675 iu
1274 1648 1473 1676 resurrectione
1501 1647 1607 1675 Domini
1629 1647 1753 1676 ﬂoruisse

955 1699 1093 1722 narratur.

994 1749 1004 1765 ι
1026 1740 1060 1767 Et
1070 1740 1170 1767 factum
1184 1744 1227 1767 est
1247 1739 1359 1775 verbum
1375 1739 1480 1767 Domini
1503 1739 1622 1768 secundo
1642 1740 1676 1768 ad
1696 1748 1750 1773 me,

958 1796 968 1813 ι
990 1786 1103 1814 dicens:
1120 1786 1190 1820 Quid
1204 1791 1232 1813 tu
1248 1786 1339 1814 vides?
1361 1790 1390 1814 et
1401 1786 1455 1813 dixi
1470 1795 1477 1813 :
1490 1786 1577 1814 Ollatn
1592 1794 1751 1815 sucoensam

957 1841 967 1857 ι
989 1839 1041 1867 ego
1056 1832 1146 1865 video,
1169 1836 1198 1859 et
1219 1831 1316 1859 faciem
1342 1831 1400 1867 ejus
1423 1839 1439 1858 a
1463 1830 1532 1860 facie
1551 1832 1695 1867 aquilonis.
1718 1832 1754 1860 Et

958 1886 968 1902 ι
990 1877 1059 1905 dixit
1082 1877 1214 1905 Dominus
1239 1878 1273 1905 ad
1297 1884 1363 1904 me:
1388 1876 1430 1905 Ab
1452 1877 1578 1912 aquilone
1597 1878 1754 1913 aperientur

957 1932 967 1948 ε
989 1923 1053 1959 (sive
1074 1924 1264 1959 exardesceut)
1283 1923 1351 1950 mali
1375 1931 1456 1958 super
1474 1931 1569 1951 omnes
1586 1924 1754 1953 habitatores

958 1978 968 1994 ι
990 1974 1080 1996 terrae.
1104 1979 1114 1996 ι
1138 1968 1274 2004 (Ηίενωι.)
1297 1969 1463 2002 Quibusdam
1479 1969 1618 2004 gradibus,
1637 1977 1754 2003 peccari.

954 2017 1026 2044 tibus
1055 2020 1187 2044 tormenta
1212 2016 1376 2048 tribuuntur,
1396 2020 1426 2043 ut
1445 2015 1575 2050 paulatim
1595 2016 1753 2044 veniautad

955 2061 1080 2089 salutem.
1097 2060 1147 2095 Qui
1166 2061 1303 2089 noluerint
1317 2061 1485 2096 percutiente
1507 2060 1581 2096 virga
1601 2060 1752 2094 emendari.

955 2107 1102 2134 mittuntur
1116 2108 1144 2134 in
1155 2106 1236 2134 ollam
1250 2113 1350 2134 aeream
1362 2111 1445 2141 atque
1458 2113 1633 2134 suceensam:
1648 2107 1684 2134 de
1698 2115 1752 2142 qua

953 2153 1060 2189 plenius
1073 2153 1168 2181 scribit
1179 2153 1316 2185 Ezechiel,
1329 2160 1390 2188 quae
1406 2161 1421 2180 a
1437 2152 1505 2181 facie
1515 2152 1648 2187 aquilonis
1655 2160 1752 2181 accen-

954 2199 1037 2230 ditur,
1045 2198 1221 2234 Babylonium
1232 2206 1322 2234 regem
1334 2198 1492 2234 signiﬁcans
1501 2202 1529 2226 et
1536 2198 1629 2225 urbem
1640 2197 1753 2226 Jerusa-

955 2244 1018 2272 lem.
1027 2244 1196 2279 Pulchreque
1211 2243 1344 2271 infertur:
1359 2254 1368 2269 ι
1381 2243 1422 2271 Ab
1437 2243 1561 2278 aquilone
1573 2243 1752 2271 exardescent

917 2275 1025 2317 Dmala
1048 2296 1130 2324 super
1149 2275 1245 2317 omnes
1268 2288 1434 2316 habitatores
1458 2275 1550 2320 term,
1573 2298 1583 2314 ι
1608 2287 1651 2316 vel
1670 2292 1752 2317 teme

954 2336 1034 2369 Juda,
1051 2336 1093 2364 vel
1104 2340 1178 2364 certe
1193 2336 1327 2363 universae
1340 2340 1429 2363 terrae.
1442 2335 1481 2363 De
1492 2335 1591 2370 quibus
1604 2339 1632 2362 et
1644 2335 1672 2363 in
1681 2336 1753 2370 Apo-

955 2382 1056 2418 calypsi
1073 2382 1203 2417 scriptum
1217 2387 1278 2409 est:
1299 2391 1308 2407 ι
1325 2380 1372 2408 Vae
1383 2389 1464 2417 super
1474 2389 1570 2409 omnes
1584 2382 1752 2409 habitatorts

956 2432 1045 2456 terrae.
1062 2438 1071 2454 ι
1088 2427 1179 2455 Sancti
1195 2428 1267 2455 enim
1279 2435 1331 2455 non
1347 2431 1409 2455 sunt
1421 2427 1588 2455 habitatores
1601 2431 1688 2459 terrae,
1702 2428 1750 2454 sed

954 2473 1066 2501 advena:
1079 2478 1107 2502 et
1123 2474 1275 2509 peregrini;
1296 2481 1412 2508 quorum
1425 2481 1496 2501 unus
1508 2473 1574 2501 dicit
1587 2482 1593 2499 :
1612 2482 1621 2498 ι
1639 2473 1750 2500 Advena

953 2527 1004 2555 ego
1019 2527 1079 2547 sum
1093 2527 1174 2554 super
1198 2524 1298 2547 terram
1322 2523 1349 2546 et
1374 2519 1541 2553 peregrinus,
1567 2518 1636 2545 sicut
1654 2509 1750 2545 euntes

954 2569 1046 2599 patres
1060 2564 1112 2591 mei
1128 2563 1215 2599 (Paul.
1229 2563 1355 2598 xxxvut).
1371 2572 1380 2588 ι
1397 2563 1431 2590 Et
1452 2563 1519 2590 alius
1533 2571 1540 2589 :
1559 2572 1568 2587 ι
1584 2561 1663 2589 Parvi
1686 2566 1749 2589 sunt

955 2613 983 2637 et
996 2609 1107 2644 pessimi
1119 2609 1177 2636 dies
1191 2608 1254 2641 mei,
1268 2608 1368 2643 quibus
1380 2614 1429 2643 ego
1449 2607 1605 2642 peregrinor
1625 2606 1652 2633 in
1676 2611 1748 2633 terra

956 2654 1033 2691 (Gen.
1045 2655 1139 2690 vau).
1154 2664 1164 2680 ι
1180 2653 1257 2682 Unde
1269 2659 1298 2682 et
1309 2655 1405 2682 Petrus
1421 2653 1586 2681 Catholicam
1601 2652 1747 2687 Epistolam

955 2701 1049 2728 scribit
1071 2700 1182 2727 advenis
1208 2703 1289 2734 atque
1306 2699 1457 2734 peregrinis
1479 2698 1568 2731 Ponti,
1586 2698 1700 2726 Galatiae
1722 2703 1749 2726 ct

955 2747 1141 2782 Cappadociae.
1159 2746 1192 2773 Et
1203 2746 1280 2781 juxta
1302 2746 1430 2781 mysticus
1453 2745 1604 2772 intellectus
1621 2744 1749 2772 Salomon

955 2793 1094 2828 loquitur:
1111 2801 1120 2817 ι
1142 2792 1249 2827 Aquilo,
1271 2796 1367 2818 ventus
1388 2791 1481 2818 durus.
1498 2801 1508 2815 ι
1526 2791 1673 2827 (Mannum)
1695 2791 1745 2818 No-

954 2839 1027 2867 mine
1040 2843 1131 2866 autem
1146 2838 1240 2867 dexter
1253 2842 1375 2870 vocatur,
1393 2838 1456 2873 quia
1471 2845 1532 2865 cum
1555 2845 1603 2873 per
1615 2845 1644 2866 se
1662 2838 1747 2866 durus

954 2886 990 2914 sit
1013 2885 1133 2918 sinister,
1148 2890 1176 2913 et
1199 2884 1305 2913 cervice
1317 2883 1475 2919 durissima,
1486 2884 1581 2921 iugum
1609 2885 1657 2913 Dei
1681 2885 1746 2913 nolit
