3962 6198
441 321 544 378 807

1080 320 1139 375 Β.
1181 320 1432 377 RABANI
1471 318 1688 374 MAURI
1729 313 2046 372 ARCl-llEP.
2078 311 2398 368 diOGUNT.
2440 310 2722 368 OPEBUM
2763 309 2942 366 PARS
2977 307 3061 364 Ill.

442 439 705 510 recipere,
736 439 805 493 ab
833 437 919 493 his
948 438 1039 508 qui
1083 439 1200 508 ejus
1226 440 1510 509 obriguere
1545 437 1744 509 frigore
1783 445 1840 490 et
1881 434 2026 490 calo-
2054 434 2100 492 Α
2130 437 2407 498 queretur,
2452 425 2746 482 conditoris
2775 421 3092 480 reverentia:
3137 419 3548 477 oblivisceretur
3589 421 3703 491 (HI

443 545 559 584 rem
592 527 712 583 fidei
747 528 1098 599 perdiderunt
1123 547 1136 582 :
1165 529 1258 599 qui
1283 537 1488 599 ponunt
1517 529 1669 584 dulce
1697 540 1940 582 amarum
1969 533 2024 580 et

446 636 687 676 amarum
717 619 903 676 dulce:
938 622 1026 690 qui
1056 630 1261 690 ponunt
1293 621 1465 676 lucem
1501 622 1751 675 tenebras
1780 628 1837 674 et
1871 627 2021 674 tene—

444 712 575 766 bras
603 712 797 766 lucem.
851 711 916 765 Et
953 712 1132 765 nullus
1171 720 1254 766 est
1288 713 1378 781 qui
1434 711 1562 765 fumi
1597 710 1755 780 hujus
1797 724 2022 764 acumen

445 799 682 872 effugiat.
729 801 900 856 Nemo
925 802 1068 855 enim
1115 803 1322 871 absque
1361 811 1604 871 peccato,
1642 814 1742 854 nec
1779 801 1825 854 si
1867 799 2028 854 unius

447 894 552 948 diei
588 892 750 948 fuerit
775 895 883 948 vita
928 893 1062 962 ejus.
1101 894 1250 949 Unde
1283 895 1350 950 de
1376 895 1479 949 hac
1503 894 1610 948 olla
1657 894 1708 948 in
1751 893 1886 948 libro
1927 889 2029 945 Job

450 983 592 1054 (Job.
623 983 720 1054 tv),
753 985 840 1038 ubi
878 985 1135 1040 Dominus
1165 984 1403 1054 loquitur
1431 984 1498 1037 ad
1529 984 1701 1054 ipsum
1725 982 1826 1038 Job
1862 983 1929 1038 de
1951 982 2030 1036 fa-

449 1089 603 1132 ctura
631 1077 948 1143 Leviathan,
983 1081 1056 1133 ita
1087 1080 1318 1151 legitur:
1351 1099 1368 1130 ι
1404 1081 1482 1138 De
1508 1080 1729 1135 naribus
1757 1079 1874 1148 ejus
1899 1095 2029 1149 pro-

449 1169 594 1224 cedit
635 1168 834 1235 fumus,
873 1171 1015 1225 sicut
1062 1170 1181 1225 ollm
1221 1186 1494 1226 succensa:
1543 1179 1703 1240 atque
1751 1169 2028 1225 ferventis.

451 1261 660 1315 Halitus
700 1262 816 1330 ejus
862 1279 1064 1332 prunas
1094 1263 1284 1318 ardere
1329 1263 1479 1329 facit,
1511 1271 1565 1317 et
1590 1261 1801 1317 ﬂamma
1833 1262 1898 1316 de
1939 1275 2034 1316 ore

452 1355 570 1422 ejus
594 1356 889 1424 egreditur.
930 1374 947 1405 ι
979 1354 1179 1426 (Greg.)
1203 1353 1318 1409 Olla
1349 1354 1492 1407 enim
1522 1352 1888 1416 succenditur,
1910 1366 2034 1406 cum

456 1461 610 1500 mens
636 1447 872 1500 humana
897 1445 1117 1514 maligni
1160 1445 1329 1500 hostis
1357 1445 1698 1500 suasionibus
1728 1442 2032 1513 instigatur.

455 1536 571 1592 Olla
598 1545 776 1592 autem
806 1535 975 1592 fervet
1024 1551 1145 1591 cum
1171 1537 1282 1606 jam
1308 1536 1473 1589 etiam
1504 1550 1602 1605 per
1629 1548 1952 1590 consensum
1982 1534 2034 1588 in

459 1629 742 1683 desideriis
773 1645 955 1697 pravae
983 1629 1350 1698 persuasionis
1382 1628 1715 1684 accenditur.
1743 1628 1809 1681 Et
1838 1635 1917 1682 tot
1940 1642 2040 1680 un-

459 1723 555 1775 das
586 1722 738 1790 quasi
769 1719 1026 1776 fervendo
1051 1719 1286 1790 projicit,
1315 1733 1410 1789 per
1439 1720 1582 1789 quod
1613 1733 1670 1774 se
1711 1719 1824 1773 suis
1854 1718 2039 1787 nequi-

2133 518 2264 589 Περ.
2285 518 2424 588 xxi).
2452 517 2707 571 Avaritia:
2728 530 2945 585 quoque
2963 513 3085 584 igne
3108 512 3292 566 Achab
3313 513 3559 567 animum
3585 529 3719 568 eoo-

2128 613 2415 674 cremavit,
2436 624 2558 664 cum
2587 623 2709 662 eum
2739 607 2807 661 ad
2839 605 3195 676 appetendam
3235 604 3468 660 alienam
3501 606 3720 660 vineam

2134 699 2543 770 impatientibus
2568 699 2849 753 desideriis
2878 696 3107 766 impulit,
3139 705 3193 751 et
3219 712 3314 766 per
3336 697 3439 750 hoc
3456 712 3633 765 usque
3657 698 3724 751 ad

2130 801 2339 846 reatum
2369 790 2644 846 homicidii
2669 789 2932 857 pertraxit
2956 787 3074 857 (HI
3104 787 3387 858 Regaxxt).
3414 787 3596 841 Tanto
3626 788 3726 856 igi-

2133 879 2527 934 turLeviathan
2557 880 2659 934 istc
2681 878 2846 932 halitu
2869 877 2922 931 in
2947 877 3135 946 prunis
3160 876 3274 941 ﬂat,
3289 887 3498 946 quanto
3526 878 3725 933 adnisa

2131 971 2493 1042 suggestionis
2553 969 2782 1025 occultae
2831 971 3097 1024 humanas
3151 979 3359 1026 mentes
3405 970 3476 1024 ad
3535 971 3727 1025 illicita

2133 1061 2458 1116 inﬂammat.
2487 1059 2639 1115 Unde
2687 1067 2742 1113 et
2769 1059 2905 1114 bene
2932 1075 3054 1114 mox
3097 1061 3347 1115 subditur
3376 1078 3390 1114 :
3425 1079 3443 1112 ι
3479 1061 3550 1114 Ει
3574 1060 3728 1117 ﬂam-

2137 1166 2224 1204 ma
2271 1150 2337 1204 de
2388 1165 2483 1204 ore
2529 1148 2646 1217 ejus
2675 1150 2970 1219 egreditur.
3011 1169 3032 1201 ι
3084 1149 3324 1204 Flamma
3355 1150 3560 1221 quippe
3620 1153 3730 1207 oris

2135 1241 2253 1312 ejus
2277 1249 2362 1295 est
2398 1241 2513 1310 ipsa
2567 1240 2843 1310 instigatio
2900 1240 3125 1294 occulta:
3170 1239 3477 1295 locutionis.
3539 1240 3731 1296 Pravrc

2138 1330 2282 1384 enim
2339 1329 2613 1384 suasionis
2660 1330 2828 1384 verba
2883 1329 2950 1382 ad
3010 1329 3431 1400 uniuscujusque
3478 1332 3730 1386 animum

2139 1421 2298 1487 facit;
2353 1423 2448 1476 sed
2478 1421 2693 1476 ﬂamma
2746 1431 2830 1476 est
2867 1423 3008 1492 quod
3043 1422 3110 1477 de
3136 1439 3232 1478 ore
3279 1425 3400 1493 ejus
3423 1426 3733 1496 egreditur,

2141 1512 2269 1581 quia
2305 1511 2463 1567 ardet
2492 1512 2547 1566 in
2577 1512 2859 1566 desideriis
2889 1512 3102 1567 animus
3133 1529 3255 1567 cum
3280 1513 3398 1582 ejus
3425 1517 3737 1586 suggestio-

2141 1603 2300 1658 nibus
2328 1603 2636 1674 instigatur.
2664 1603 2788 1657 Haec
2834 1604 3075 1672 quotidie
3117 1606 3375 1675 suggerit,
3411 1606 3533 1660 haec
3561 1622 3738 1676 usque

2146 1696 2212 1749 ad
2241 1694 2523 1765 prmsentis
2547 1696 2668 1748 vita:
2699 1695 2984 1748 terminum
3026 1709 3314 1764 suggerere
3356 1711 3463 1750 non
3492 1696 3734 1752 desistit.

462 1809 552 1862 “is
581 1783 701 1880 nm,
730 1817 860 1878 quo,
886 1825 944 1864 se
974 1783 1472 1880 negluil'iasllisqué
1490 1808 1556 1861 ad
1579 1808 1850 1862 exteriora
1879 1783 2042 1877 θύετε
2074 1791 2118 1850 Β
2149 1785 2253 1839 Sed
2285 1793 2431 1880 tunc.
2455 1799 2514 1838 se
2543 1783 2773 1880 nequius
2811 1783 3022 1880 dilatat,
3051 1799 3176 1880 cum
3205 1801 3303 1854 per
3331 1785 3485 1880 illum
3517 1787 3740 1880 damna-

462 1900 726 1954 extendit.
771 1899 925 1954 Hunc
949 1915 1182 1969 namque
1221 1899 1454 1954 carnalis
1482 1898 1845 1964 conscientiae,
1875 1898 1928 1953 id
1965 1907 2047 1952 est

465 1991 605 2056 ollae,
636 1989 926 2055 fervorem,
959 2007 1024 2046 ex
1051 1990 1345 2044 Leviathan
1389 1988 1536 2043 fumo
1564 1989 1888 2052 venientem,
1911 2003 2047 2058 pra:—

464 2095 590 2135 sens
646 2082 905 2151 pmpheta
955 2088 1330 2149 conspexerat,
1361 2095 1485 2134 cum
1533 2080 1788 2134 dicebat:
1823 2098 1842 2130 ι
1874 2079 2046 2135 Ollam

465 2178 782 2227 succensam
823 2186 921 2242 ego
959 2173 1133 2237 video,
1176 2181 1232 2227 et
1276 2169 1467 2227 faciem
1512 2170 1630 2240 ejus
1661 2187 1691 2225 a
1724 2171 1863 2227 facie
1898 2172 2050 2241 aqui-

466 2262 622 2316 lonis.
681 2282 698 2314 ι
745 2263 826 2316 Ab
865 2263 1133 2333 aquilonis
1183 2264 1382 2318 etenim
1439 2263 1578 2318 facie
1637 2264 1855 2319 humani
1926 2279 2048 2319 cor—

468 2352 552 2406 dis
595 2350 700 2406 olla
736 2352 1109 2418 succenditur,
1140 2367 1262 2406 cum
1285 2367 1380 2421 per
1407 2353 1805 2423 instigationem
1857 2354 2048 2409 adver-

470 2441 601 2496 sarii
659 2442 861 2497 illicitis
909 2442 1190 2498 desideriis
1247 2443 1629 2498 inﬂammatur.
1682 2443 1773 2500 Ille
1821 2458 2052 2512 namque

472 2531 565 2600 qui
612 2531 740 2584 ait:
795 2550 814 2582 ι
864 2530 1068 2586 Ponant
1124 2533 1302 2587 sedem
1361 2549 1536 2588 meam
1591 2535 1658 2589 ad
1708 2534 2047 2604 aquilonem,

472 2630 529 2677 et
575 2637 671 2677 ero
705 2623 897 2678 similis
944 2623 1222 2680 Altissimo
1279 2624 1462 2696 (Psal.
1529 2626 1691 2698 xrv),
1745 2647 1762 2679 ι
1813 2637 2051 2683 mentem

473 2728 635 2784 quam
659 2715 824 2770 semel
850 2717 1052 2784 ceperit
1075 2717 1323 2787 malignis
1356 2719 1720 2787 persuasionis
1764 2735 1875 2775 suae
1909 2721 2053 2776 ﬂati-

475 2808 595 2873 bus,
645 2807 796 2878 quasi
842 2808 1135 2879 suppositis
1179 2809 1414 2880 ignibus,
1467 2811 1730 2877 accendit,
1786 2821 2055 2882 quatenus

473 2913 582 2954 non
634 2908 886 2954 contenta
947 2901 1302 2970 prmsentilius
1360 2901 1726 2957 indesinenter
1771 2918 1867 2973 per
1916 2903 2057 2958 desi-

475 2989 625 3044 deria
677 2997 868 3044 :estuet
921 2999 980 3045 ut
1032 2989 1135 3044 alia
1195 2990 1585 3046 contemnenda
1641 2988 1899 3062 appetat,
1953 2993 2057 3048 alia

476 3079 668 3150 adepta
699 3090 1010 3136 contemnat
1046 3101 1058 3136 :
1091 3089 1150 3136 ut
1179 3083 1339 3138 modo
1369 3083 1480 3138 suis
1506 3084 1838 3153 compendiis
1866 3085 2054 3151 inhiet,

2149 1884 2258 1928 tum
2291 1874 2561 1928 hominem
2609 1874 2852 1937 veniens,
2906 1873 2958 1926 in
3012 1871 3168 1941 hujus
3215 1875 3402 1929 mundi
3451 1890 3514 1930 se
3563 1877 3735 1947 gloria

2147 1965 2390 2036 apertius
2438 1973 2696 2020 ostentat.
2759 1964 2908 2018 Tunc
2961 1964 3030 2018 ab
3076 1962 3192 2033 ejus
3246 1966 3471 2020 naribus
3531 1969 3742 2022 vastior

2160 2056 2343 2110 fumus
2370 2057 2632 2127 procedit,
2665 2056 2790 2125 quia
2823 2057 3060 2111 humana
3091 2057 3276 2122 corda,
3315 2059 3600 2127 signorum
3628 2059 3743 2126 ejus

2149 2147 2601 2202 admirationibus
2633 2148 2843 2212 territa,
2892 2147 3120 2217 amplius
3148 2147 3428 2218 instigatio
3477 2152 3741 2219 percutit.

2153 2240 2306 2294 Tunc
2330 2241 2448 2308 ejus
2485 2240 2684 2294 halitus
2719 2240 2911 2294 ardere
2953 2240 3328 2296 vehementius
3355 2257 3566 2311 prunas
3591 2241 3746 2305 facit,

2151 2333 2276 2402 quia
2311 2335 2663 2403 reproborum
2701 2341 2931 2397 mentes,
2962 2348 3098 2402 quas
3127 2331 3241 2401 jam
3275 2332 3520 2386 calentes
3551 2347 3743 2387 amore

2152 2425 2335 2497 gloria:
2385 2427 2697 2497 temporalis
2740 2426 3029 2492 invenerit,
3059 2427 3416 2497 suggestionis
3451 2442 3572 2482 sua:
3601 2427 3746 2482 ﬂati-

2155 2515 2256 2570 bus
2285 2531 2455 2585 usque
2484 2516 2552 2570 ad
2593 2517 2886 2585 nequitiam
2931 2517 3249 2571 exercenda:
3289 2516 3641 2571 crudelitatis
3669 2519 3748 2572 in-

2155 2605 2356 2659 cendit.
2413 2605 2563 2659 Tunc
2617 2607 2683 2660 de
2729 2621 2824 2660 ore
2864 2605 2980 2675 ejus
3021 2605 3234 2660 ﬂamma
3265 2607 3568 2677 egreditur,
3620 2609 3745 2678 quia

2157 2694 2415 2764 quidquid
2447 2709 2543 2762 per
2565 2709 2643 2760 se,
2670 2694 2932 2771 quidquid
2963 2710 3058 2764 per
3079 2694 3464 2764 prmdicatores
3495 2710 3629 2750 suos
3669 2696 3749 2749 lo-

2162 2789 2346 2859 quitur
2368 2789 2506 2857 ignis
2531 2798 2615 2842 est
2642 2804 2747 2858 quo
2771 2788 3099 2843 infructuosa
3125 2789 3265 2858 ligna
3298 2799 3744 2844 concremantur.

2158 2880 2284 2951 lgne
2335 2890 2518 2933 autem
2561 2890 2790 2934 terrena:
2843 2880 3295 2950 concupiscentiae
3345 2895 3537 2935 eorum
3592 2896 3748 2936 mens

2162 2971 2416 3042 tangitur,
2452 2970 2544 3041 qui
2574 2987 2911 3041 nequaquam
2941 2971 3057 3025 ﬁeri
3087 2973 3325 3042 pretiosa
3354 2972 3575 3026 metalla
3607 2989 3743 3028 con-

2163 3068 2463 3136 cupiscunt.
2499 3066 2600 3132 Qui
2629 3080 2760 3134 ergo
2786 3068 2896 3121 oris
2917 3067 3032 3138 cjus
3062 3082 3168 3120 non
3189 3066 3303 3120 vult
3326 3065 3544 3121 ﬂamma
3579 3066 3748 3130 aﬂici,

478 3146 638 3225 modo
688 3171 880 3226 alienis
929 3171 1226 3226 commodis
1255 3171 1421 3226 etiam
1464 3187 1586 3228 cum
1629 3146 1849 3244 ἰποριιίο
1890 3146 2056 3230 dem;
2085 3146 2130 3209 Ο
2157 3157 2312 3227 juxta
2335 3157 2448 3212 veri
2469 3157 2708 3212 dOCLOI‘iS
2733 3158 3077 3224 sententiam,
3113 3173 3216 3211 non
3268 3157 3495 3228 lignum,
3536 3156 3750 3222 fenum,

478 3269 661 3315 mento
689 3260 1049 3326 contradicat,
1068 3262 1226 3316 modo
1247 3263 1424 3317 carnis
1451 3261 1719 3318 illecebris
1738 3265 2054 3331 satisfaciat,

480 3350 641 3407 modo
693 3352 848 3422 quasi
897 3353 950 3407 in
999 3353 1231 3421 quodam
1281 3353 1515 3408 culmine
1566 3369 1664 3423 per
1713 3357 2057 3426 cogitationis

478 3443 786 3512 superbiam
840 3451 1012 3512 rapta,
1044 3442 1248 3498 carnali
1274 3458 1405 3498 cura
1430 3445 1761 3516 postposita,
1792 3454 1955 3500 totam
1999 3461 2058 3502 se

481 3532 535 3586 in
569 3542 694 3604 typo
725 3532 857 3604 [Al.,
887 3531 1072 3604 typho]
1105 3533 1353 3588 elationis
1383 3534 1612 3589 attollat.
1644 3535 1780 3602 Quia
1809 3551 1939 3607 ergo
1965 3552 2061 3604 cor

477 3638 577 3692 per
604 3625 750 3678 varia
775 3624 1037 3678 desideria
1067 3625 1301 3689 ducitur,
1331 3625 1475 3694 quod
1500 3625 1842 3696 instigatione
1867 3626 2058 3682 Levia-

481 3713 610 3769 tban
652 3713 807 3768 istius
849 3713 1232 3778 inﬂammatur,
1268 3723 1414 3769 recte
1438 3712 1554 3783 ejus
1583 3715 1762 3772 fumus
1787 3730 2060 3772 succensae

480 3812 537 3861 et
562 3803 788 3859 ferventi
833 3803 953 3858 olla:
1002 3804 1194 3859 similis
1238 3819 1357 3859 esse
1397 3806 1756 3875 perhibetur:
1793 3806 1919 3876 quia
1964 3820 2062 3877 per

482 3901 560 3950 tot
585 3909 644 3949 se
683 3893 921 3950 fervores
956 3893 1133 3951 amata
1157 3897 1274 3967 ejus
1313 3897 1704 3953 tentationibus
1727 3899 2059 3954 conscientia

479 3985 640 4057 erigit
667 4026 682 4052 ,
740 4000 838 4056 per
863 3995 995 4055 quot
1039 3987 1182 4041 intra
1221 4001 1280 4043 se
1325 3987 1682 4059 cogitationes
1729 3989 2057 4044 intumescit.

479 4077 634 4144 Quod
663 4075 844 4131 verbis
873 4075 993 4133 aliis
1020 4077 1197 4132 adhuc
1230 4077 1434 4134 veritas
1458 4079 1698 4148 apertius
1725 4079 2057 4148 exsequitur,

482 4167 610 4222 dum
633 4165 945 4236 subjungit:
979 4186 998 4218 ι
1032 4165 1263 4232 Halitus,
1287 4167 1481 4236 inquit,
1505 4167 1622 4236 ejus
1644 4182 1846 4237 prunas
1870 4170 2063 4224 ardere

483 4256 634 4313 facit.
672 4278 690 4310 ι
711 4257 851 4324 Quid
876 4258 1019 4314 enim
1045 4273 1266 4328 prunas,
1304 4258 1408 4314 nisi
1433 4273 1724 4315 succensas
1754 4260 1809 4314 in
1831 4260 2063 4316 terrenis

482 4347 936 4418 concupiscentiis
957 4351 1306 4420 reproborum
1331 4350 1609 4404 hominum
1643 4359 1852 4408 mentes
1879 4351 2064 4422 appel-

483 4441 596 4496 lat?
621 4441 828 4497 Ardent
855 4442 998 4497 enim
1019 4457 1140 4497 cum
1166 4441 1443 4512 quodlibet
1469 4443 1759 4514 temporale
1781 4453 2060 4515 appetunt,

484 4532 611 4601 quia
638 4533 892 4587 nimirum
919 4541 1082 4587 urunt
1103 4533 1389 4599 desideria,
1418 4547 1538 4604 qua:
1574 4535 1814 4605 quietum
1849 4535 1934 4589 vel
1975 4536 2060 4590 in-

488 4629 697 4692 tegrum
745 4638 865 4678 esse
881 4623 1128 4678 animum
1169 4639 1274 4679 non
1316 4625 1655 4694 permittunt.
1689 4626 1871 4683 Toties
1900 4626 2065 4698 igitur

485 4709 784 4767 Leviathan
813 4713 1009 4767 halitus
1050 4727 1253 4782 prunas
1276 4714 1552 4780 accendit,
1583 4715 1796 4785 quoties
1828 4715 1945 4787 ejus
1971 4731 2064 4772 oc-

485 4801 633 4858 culta
677 4802 950 4872 suggestio
985 4803 1254 4858 humanas
1300 4813 1508 4860 mentes
1561 4807 1630 4862 ad
1678 4807 2064 4864 delectationes

485 4893 700 4949 illicitas
734 4892 1001 4963 pertrahit
1051 4911 1064 4947 :
1122 4893 1255 4950 alias
1293 4910 1526 4966 namque
1578 4897 1884 4967 superbiae,
1933 4899 2066 4954 alias

486 4983 723 5050 invidiae,
764 4984 896 5039 alias
927 4985 1172 5050 luxuriae,
1201 4987 1336 5042 alias
1357 4988 1600 5042 avaritiae
1624 4987 1830 5046 facibus
1858 4989 2066 5046 inﬂam-

485 5084 618 5130 mat.
651 5074 928 5145 Supcrbiaa
957 5076 1151 5148 quippe
1182 5076 1354 5133 facem
1381 5079 1547 5134 menti
1576 5079 1701 5135 Evae
1743 5084 2064 5153 supposuit,

485 5182 608 5224 cum
641 5166 781 5221 hanc
801 5167 870 5221 ad
894 5170 1284 5224 contemnenda
1306 5170 1469 5225 verba
1493 5171 1783 5227 Dominicaa
1805 5173 2063 5243 jussionis

487 5255 930 5328 iustigavit(Geu.
965 5256 1071 5331 ιιι).
1096 5259 1533 5332 Ιηνίόίιεᾳυοίιιιε
1559 5262 1771 5318 ﬂamma
1795 5264 1927 5319 Cain
1954 5267 2067 5321 ani-

488 5363 638 5403 mum
667 5349 965 5414 succendit,
994 5364 1115 5404 cum
1141 5349 1208 5406 de
1235 5361 1459 5423 accepto
1484 5352 1668 5410 fratris
1687 5355 1955 5411 sacrificio
1977 5357 2069 5411 do-

488 5437 607 5502 luit,
633 5449 690 5494 et
716 5455 812 5508 per
837 5442 940 5496 hoc
961 5457 1133 5512 usque
1165 5443 1234 5498 ad
1265 5441 1550 5499 fratricidii
1587 5445 1793 5501 facinus
1825 5449 2068 5516 pervenit

490 5528 648 5600 (Gen.
662 5530 1015 5604 rv).Luxuriae
1026 5533 1234 5589 facibus
1245 5549 1339 5590 cor
1352 5535 1654 5591 Salomonis
1667 5537 1890 5601 exussit,
1906 5552 2064 5607 quem

493 5628 646 5676 tanto
656 5622 974 5679 mulieribus
985 5639 1167 5680 amore
1180 5625 1435 5692 subdidit,
1451 5634 1511 5680 ut
1525 5642 1694 5698 usque
1713 5627 1781 5682 ad
1803 5625 2065 5683 idolorum

490 5713 897 5769 venerationem
917 5714 1193 5782 deductus,
1221 5718 1346 5771 dum
1368 5717 1548 5776 carnis
1561 5719 1966 5776 delectationem
1985 5736 2069 5775 sc-

2087 4495 2139 4554 D

2161 3246 2355 3317 stipula
2383 3285 2398 3310 ,
2452 3246 2546 3301 sed
2588 3262 2778 3301 aurum
2809 3287 2823 3312 ,
2867 3255 3148 3318 argentum
3193 3255 3248 3301 et
3288 3248 3562 3317 pretiosus
3613 3248 3752 3320 lapis

2161 3345 2315 3392 curet
2363 3335 2630 3400 inveniri,
2669 3336 2795 3406 quia
2857 3344 3008 3390 tanto
3065 3336 3205 3407 ignis
3265 3337 3537 3390 suasionis
3608 3337 3754 3392 illius

2159 3426 2389 3497 amplius
2420 3426 2678 3490 incendit,
2734 3434 2938 3496 quanto
2986 3441 3044 3480 se
3080 3427 3130 3481 ei
3176 3425 3242 3480 ad
3295 3428 3750 3482 consentiendum

2160 3519 2463 3574 molliorem
2487 3519 2716 3589 quisque
2739 3519 3051 3587 praebuerit.
3098 3518 3204 3574 Sed
3228 3519 3319 3588 qui
3350 3519 3495 3576 nulla
3539 3521 3755 3575 ratione

2161 3610 2495 3676 conceditur,
2521 3619 2580 3664 ut
2606 3625 2758 3664 mens
2784 3610 2836 3664 in
2858 3610 2960 3664 hac
2995 3611 3330 3680 corruptibili
3373 3627 3541 3666 carne
3573 3613 3750 3682 posita

2162 3716 2503 3770 nequaquam
2535 3700 2804 3755 suasionis
2837 3698 2955 3768 ejus
3011 3701 3206 3756 ardore
3258 3710 3531 3770 tangatur,
3585 3711 3757 3756 restat

2162 3807 2221 3846 ut
2249 3792 2500 3863 malignis
2553 3792 2769 3848 ﬂatibus
2821 3794 3033 3858 adusta,
3082 3795 3148 3848 ad
3189 3793 3454 3849 orationis
3506 3809 3754 3864 opernse

2161 3886 2279 3939 sine
2306 3885 2612 3940 cessatione
2642 3896 2943 3942 convertat.
2982 3887 3282 3942 Flammam
3315 3886 3519 3958 quippe
3563 3903 3759 3960 sugge-

2161 3976 2398 4030 stionum
2428 3976 2571 4031 illius
2619 3977 2918 4048 exstinguit
2968 3979 3128 4034 citius
3157 3978 3296 4032 unda
3355 3977 3753 4050 lacrymarum.

2242 4087 2259 4118 ι
2289 4067 2423 4134 Quia
2472 4085 2597 4124 ecce
2649 4083 2748 4140 ego
2790 4073 3100 4127 convocabo
3150 4085 3338 4126 omnes
3393 4071 3758 4142 cognationes

2166 4177 2184 4210 ι
2221 4173 2511 4230 regnorum
2541 4162 2808 4231 aquilonis
2830 4203 2843 4228 ,
2875 4164 2950 4216 ait
2994 4164 3292 4220 Dominus:
3343 4173 3401 4219 et
3439 4164 3674 4220 venient
3706 4174 3760 4220 et

2169 4268 2185 4300 ι
2226 4260 2429 4319 ponent
2456 4252 2827 4321 unusquisque
2862 4252 3054 4308 solium
3083 4269 3239 4308 suum
3276 4253 3329 4308 in
3369 4252 3607 4308 introitu
3635 4269 3760 4323 por-

2167 4363 2186 4394 ‹
2227 4351 2401 4397 tarum
2432 4341 2791 4408 Hierusalem,
2823 4352 2879 4399 et
2906 4359 3070 4415 super
3096 4359 3286 4399 omnes
3327 4359 3518 4399 muros
3545 4345 3672 4413 ejus
3703 4347 3756 4400 in

2169 4453 2187 4485 ι
2217 4435 2472 4500 circuitu,
2496 4441 2551 4490 et
2579 4450 2742 4505 super
2770 4436 3053 4492 universas
3081 4436 3243 4490 urbes
3268 4434 3435 4491 Judaz.
3469 4436 3538 4490 Et
3564 4436 3760 4507 loquar

2171 4545 2189 4573 ε
2227 4527 2429 4598 judicia
2467 4543 2586 4584 mea
2629 4544 2754 4584 cum
2793 4529 2872 4584 eis
2907 4544 3069 4600 super
3106 4531 3252 4584 omni
3291 4529 3498 4584 malitia
3539 4547 3758 4592 eorum,

2170 4636 2188 4669 ι
2223 4619 2350 4689 quia
2378 4619 2784 4689 dereliquerunt
2809 4636 2914 4686 me,
2932 4632 2986 4676 et
3008 4621 3312 4677 libaverunt
3337 4620 3441 4674 diis
3458 4621 3683 4686 alienis,
3705 4630 3759 4677 et

2171 4735 2190 4769 ι
2223 4717 2728 4787 adoraveruntopus
2741 4733 2997 4772 manuum
3012 4732 3254 4772 suarum.
3279 4735 3296 4768 ι
3320 4716 3337 4787 (
3349 4714 3601 4786 Hieron.)
3619 4716 3758 4769 Nulli

2164 4808 2384 4864 dubium
2424 4809 2621 4865 multas
2649 4818 2838 4880 gentes
2863 4818 2920 4866 et
2955 4809 3287 4878 singularum
3315 4809 3562 4881 gentium
3601 4824 3759 4880 rcges

2168 4899 2464 4973 Babylonio
2491 4903 2604 4973 regi
2634 4902 2799 4958 fuisse
2821 4903 3134 4974 subjectos:
3167 4901 3258 4972 qui
3287 4902 3510 4957 obsessa
3534 4901 3760 4958 Jerusa-

2167 4993 2615 5066 lem,posuerunt
2657 4997 2710 5050 in
2741 4997 2971 5051 circuitu
3016 5004 3073 5051 et
3119 4995 3353 5049 maxime
3418 4994 3474 5048 in
3519 4995 3762 5050 exitibus

2169 5097 2450 5158 portarum
2497 5089 2750 5142 thronum
2798 5105 2956 5144 suum
3005 5099 3168 5160 atque
3211 5089 3466 5154 tentoria,
3518 5107 3591 5146 ne
3636 5092 3759 5160 quis

2167 5194 2354 5234 eorum
2370 5179 2460 5248 qui
2485 5179 2650 5234 clausi
2672 5190 2828 5234 erant
2849 5189 3029 5250 posset
3048 5196 3356 5251 erumpere,
3379 5191 3434 5236 et
3455 5197 3565 5236 non
3583 5183 3756 5236 solum

2167 5269 2492 5335 Jerusalem»,
2520 5271 2612 5325 sed
2651 5281 2706 5327 et
2735 5288 2924 5328 omnes
2972 5274 3135 5329 urbes
3171 5273 3372 5329 Judzca:
3414 5275 3580 5329 simili
3611 5276 3759 5329 olsi-

2171 5365 2332 5421 dione
2380 5363 2628 5419 vallatus.
2681 5363 2943 5435 Cumque,
2989 5367 3098 5432 ait,
3141 5375 3297 5436 capta
3339 5365 3507 5420 fuerit
3541 5367 3753 5426 civitas.

2172 5465 2301 5510 tunc
2340 5455 2532 5526 loquar
2557 5455 2624 5511 ad
2665 5471 2759 5511 eos
2800 5466 2949 5512 recta
2981 5473 3100 5512 mea
3132 5457 3300 5512 fuisse
3323 5458 3550 5527 judicia,
3594 5469 3650 5512 et
3674 5475 3756 5511 re-

2172 5544 2381 5613 cepisse
2409 5543 2650 5614 singulos
2673 5544 2816 5613 quod
2847 5546 3195 5600 merebantur
3222 5561 3236 5598 :
3269 5561 3376 5598 non
3406 5561 3508 5615 pro
3546 5545 3754 5600 caeteris

2171 5633 2319 5689 vitiis
2349 5632 2544 5702 quibus
2566 5633 2808 5704 subiacet
2833 5635 3066 5690 humana
3111 5636 3370 5700 conditio,
3399 5636 3494 5691 sed
3523 5637 3750 5690 maxime

2179 5738 2273 5792 pro
2297 5722 2624 5788 idololatria,
2686 5740 2781 5793 pcr
2806 5739 2966 5794 quam
2999 5725 3310 5779 deserentes
3337 5742 3445 5790 me,
3493 5727 3744 5778 adorave-
