3962 6198
238 344 341 404 309

968 336 971 341 ·
1047 330 1490 413 πωπω.
1530 344 1598 402 IN
1636 340 2258 403 ECCLESEKSTIGEII.
2297 372 2369 393 .—-—
2405 343 2536 401 me.
2576 345 2642 403 ιι.

3422 346 3526 408 ΜΘ

234 470 461 517 omnem
894 424 1181 527 parmam
1210 456 1441 528 penitus
1478 469 1825 528 spernamus.
1855 456 1911 521 Α
1933 469 2045 511 non
2069 452 2251 511 (Βᾶθι-ι
2273 454 2525 512 conferre
2534 454 2798 513 Ecclesia:
2819 456 3103 515 ministris.
3135 458 3209 517 De
3231 474 3339 533 quo
3356 471 3416 520 et
3430 476 3526 523 se.

233 552 315 609 De
341 566 456 622 quo
476 557 532 605 et
556 550 612 603 in
638 532 951 605 Proverbiis
978 546 1275 617 Sapientia
1298 550 1572 612 uertatur,
1602 546 1793 602 dicens
1810 564 1830 601 ς

244 661 262 694 ι
297 641 425 705 Fili,
452 641 582 696 audi
616 647 806 705 me,.et
833 639 1063 694 attende
1083 638 1264 694 verbis
1292 639 1415 693 oris
1457 639 1582 702 mei,
1616 653 1687 693 ne
1711 638 1837 693 abs-

242 734 491 790 trahatur
536 744 693 785 mens
735 736 827 783 tua
880 727 1087 783 inviis
1122 726 1292 793 illius,
1324 742 1505 799 neque
1549 726 1839 797 decipiaris

239 820 451 884 sc‘tuitis
478 820 616 891 ejus.
644 819 845 877 Multos
873 819 1019 879 enim
1057 818 1383 891 vulneratos
1400 817 1619 889 deiecit,
1645 825 1701 873 et
1724 817 1837 873 for-

239 915 438 973 tissimi
450 914 661 984 quique
684 895 1105 969 interfectieunt
1118 911 1205 973 an
1218 922 1303 965 ea.
1328 911 1443 967 viae
1462 908 1623 967 inferi
1648 911 1842 966 domus

241 1005 379 1077 ejus,
411 994 762 1076 penetrantes
785 992 1047 1076 interiora
1075 996 1268 1055 mortis
1293 992 1480 1081 (Prov.
1506 994 1624 1072 vti).
1652 1019 1670 1052 ι

317 1115 341 1149 ι
374 1095 594 1153 Honora
637 1101 851 1165 patrem
867 1092 875 1100 ’⁷
900 1100 1072 1157 tuum,
1099 1101 1156 1147 et
1202 1080 1466 1164 gemitum
1507 1091 1700 1148 matris
1735 1099 1842 1147 tuae

246 1207 269 1241 ι
310 1202 382 1243 ne
403 1184 769 1250 obliviscaris;
800 1190 1077 1266 memento
1129 1183 1384 1253 quoniam
1437 1182 1542 1240 nisi
1582 1197 1680 1253 per
1720 1180 1843 1239 illos

247 1302 267 1339 ι
310 1289 472 1339 natus
509 1295 620 1335 non
666 1278 894 1344 fuisses;
925 1284 981 1332 et
1015 1277 1260 1334 retribue
1304 1276 1442 1342 illis,
1474 1276 1747 1348 quomodo
1786 1283 1841 1331 et

247 1392 266 1426 α
310 1374 389 1428 illi
421 1372 541 1427 tibi.
566 1390 584 1422 ι
620 1368 832 1439 Smpius
864 1367 1212 1423 commendat
1239 1369 1499 1423 honorem
1529 1374 1838 1439 parentum,

238 1464 499 1536 quoniam
527 1460 659 1516 illud
688 1460 1007 1515 mandatum
1037 1459 1273 1528 primum
1312 1467 1398 1514 est
1443 1458 1499 1513 in
1540 1458 1840 1530 repromis~

1936 546 2125 615 quitur
2154 564 2169 600 :

2010 655 2032 689 ‹
2070 637 2147 691 Da
2193 635 2300 692 illis
2335 644 2546 707 partem
2584 639 2724 694 sicut
2752 640 3181 719 mandatumest
3210 645 3305 700 tioi
3335 646 3530 716 primi-

1942 750 1969 784 ι
2010 731 2208 787 tiaram
2238 737 2294 787 et
2316 733 2677 803 purgationis,
2710 742 2764 788 et
2796 724 2863 789 de
2889 732 3214 807 negligentia
3244 750 3334 794 tua
3367 756 3535 812 purga

1945 840 1977 875 ιι
2004 828 2063 880 ω
2086 837 2210 878 cum
2252 823 2459 894 paucis.
2487 842 2505 875 ι
2533 823 2905 879 Primitiarum
2927 836 2982 881 et
3011 825 3344 883 decimarum
3375 840 3539 901 atque

1939 912 2274 969 oblationum
2308 914 2649 969 diversarum
2691 915 3013 981 oblationes,
3041 933 3161 987 quae
3182 918 3452 976 Dominus
3480 922 3538 978 in

1941 1003 2061 1076 lege
2076 1003 2239 1073 jussit
2260 1004 2470 1071 oﬁ‘erri,
2503 1007 2571 1061 ad
2592 1008 2937 1063 sacerdotum
2966 1017 3022 1063 et
3050 1009 3336 1066 levitarum
3376 1028 3536 1076 usum

1938 1097 2305 1167 pertinebant.
2328 1099 2578 1154 ‘Dicentc
2625 1100 2854 1155 Domino
2900 1101 2967 1155 ad
3002 1099 3184 1157 Aaron
3222 1110 3276 1158 et
3301 1104 3367 1157 ad
3399 1104 3538 1163 ﬁlios

1939 1190 2095 1260 ejus:
2126 1208 2146 1240 ι
2182 1189 2384 1247 Omnes
2426 1190 2699 1262 primitias
2746 1193 3076 1259 sanctuarii,
3118 1210 3257 1264 quas
3300 1196 3541 1253 oﬂ‘eruut

1941 1277 2036 1334 ﬁlii
2064 1279 2227 1341 Israel
2259 1280 2512 1346 Domino,
2550 1281 2647 1337 tibi
2679 1282 2802 1338 dedi
2833 1293 2888 1338 et
2912 1284 3038 1339 ﬁliis
3077 1301 3142 1343 ac
3178 1287 3393 1344 ﬁliabus
3428 1290 3537 1346 tuis

1932 1364 2058 1437 jure
2080 1377 2363 1438 perpetuo.
2396 1368 2622 1426 Pactum
2665 1372 2794 1427 salis
2819 1383 2905 1428 est
2930 1376 3319 1444 sempiternum
3348 1394 3536 1435 coram

1940 1457 2171 1519 Domino
2197 1459 2293 1515 tibi
2323 1474 2390 1515 ac
2426 1459 2553 1517 ﬁliis
2587 1462 2713 1517 tuis.
2747 1463 3003 1534 Dixitque
3032 1465 3294 1524 Dominus
3327 1469 3395 1524 ad
3422 1468 3534 1525 Aa-

238 1555 413 1610 sione.
460 1550 618 1608 Unde
656 1557 721 1605 et
748 1548 950 1604 Paulus
992 1549 1152 1604 docet
1195 1546 1422 1613 viduas,
1457 1562 1577 1618 quae
1615 1546 1757 1604 ﬁlios
1786 1556 1851 1603 et
1941 1564 2039 1606 ron
2064 1569 2082 1604 :
2106 1550 2168 1607 In
2200 1558 2345 1607 terra
2373 1566 2564 1609 eorum
2586 1554 2721 1609 nihil
2749 1556 3117 1626 possidebitis,
3140 1576 3242 1617 nec
3267 1562 3541 1619 habebitis

239 1653 468 1715 nepotes
486 1628 723 1716 habent,
751 1649 813 1694 ut
837 1639 1049 1696 discant
1070 1638 1309 1710 primum
1330 1640 1550 1695 domum
1576 1654 1739 1696 suam
1758 1654 1842 1695 re-

1938 1650 2153 1711 pertam
2172 1644 2311 1699 inter
2339 1659 2453 1701 eos.
2487 1645 2599 1716 Ego
2619 1662 2747 1716 pars
2767 1657 2823 1703 et
2847 1649 3137 1707 haereditas
3162 1659 3255 1708 tua
3282 1653 3336 1708 in
3359 1654 3537 1712 medio

239 1753 371 1810 gere
396 1779 412 1803 ,
465 1742 522 1790 et
564 1732 1029 1810 niutuam'viccm
1080 1731 1312 1787 reddere
1343 1731 1666 1802 parentibus
1693 1747 1706 1786 :
1734 1732 1840 1788 hoc
1940 1728 2172 1787 ﬁliorum
2202 1731 2398 1799 israel;
2431 1734 2556 1791 ﬁliis
2570 1746 2757 1793 autem
2779 1739 2911 1795 Levi
2930 1742 3055 1797 dedi
3081 1757 3272 1799 omnes
3297 1746 3536 1804 decimas

241 1808 388 1887 extim
847 1811 1034 1880 coram
1060 1821 1193 1878 Deo.
1221 1822 1394 1878 Aliter
1417 1831 1639 1879 autem:
1666 1822 1841 1879 Deum
1868 1816 1913 1876 Β
1940 1819 2156 1878 lsraelis
2181 1824 2235 1879 in
2261 1826 2659 1895 possessionem
2682 1844 2783 1899 pro
2807 1831 3133 1900 ministerio,
3159 1850 3268 1907 quo
3290 1837 3537 1896 serviunt

239 1923 465 1979 Patrem
482 1911 798 1987 rectaﬁde,
824 1928 880 1975 et
900 1919 1063 1976 bonis
1087 1917 1344 1989 operibus
1372 1919 1648 1976 honorare
1668 1919 1835 1975 debe-
1943 1911 2076 1965 mihi
2106 1911 2162 1967 in
2194 1913 2542 1971 tabernaculo
2585 1916 2840 1985 foederis,
2873 1930 2932 1975 ut
2959 1938 3077 1978 non
3106 1924 3368 1981 accedant
3392 1927 3535 1983 ultra

240 2024 396 2081 mus;
429 2022 495 2069 et
526 2013 785 2085 gemitum
830 2011 1021 2066 matris
1066 2010 1345 2078 Ecclesiae,
1373 2027 1501 2083 quae~
1524 2028 1623 2068 nos
1648 2020 1840 2084 partu-

239 2105 434 2163 riendo
475 2105 706 2161 multum
759 2101 1054 2168 laboravit,
1100 2118 1209 2158 non
1260 2104 1530 2170 oblivisci,
1583 2105 1839 2175 quoniam

240 2197 514 2263 nom-nisi
550 2211 651 2267 per
695 2193 841 2259 illos,
869 2192 1167 2251 Christiani
1209 2192 1521 2259 fuissemus,
1547 2204 1606 2250 et
1644 2195 1700 2251 in
1743 2212 1843 2252 nu-

241 2303 398 2345 mero
427 2286 661 2342 ﬁliorum
698 2283 796 2339 Dei
825 2298 930 2339 non
978 2292 1437 2354 computaremur.
1470 2281 1664 2341 Omnia
1693 2285 1839 2341 enim

243 2379 385 2434 bona
405 2376 554 2447 justa
584 2382 639 2431 et
675 2383 889 2439 sancta,
915 2390 1037 2445 qua:
1054 2373 1223 2430 nobis
1260 2373 1531 2441 fecerunt,
1555 2390 1681 2432 cum
1704 2392 1841 2447 gra-

244 2472 448 2526 tiarum
497 2469 713 2525 actione
756 2465 1020 2536 recipere,
1043 2473 1099 2521 et
1131 2466 1346 2523 laudem
1386 2468 1712 2537 condignam
1737 2466 1843 2525 illis

243 2562 454 2618 referre
482 2562 765 2617 debemus.
798 2556 901 2614 Cui
922 2558 1103 2614 etiam
1127 2560 1307 2615 sensui
1336 2560 1618 2631 sequentia
1647 2560 1840 2617 viden-

246 2665 337 2712 tur
357 2653 658 2727 astipulari.

872 2795 1099 2859 CAPUT
1137 2795 1207 2857 Χ.

252 2908 328 2963 De
380 2909 571 2963 timore
611 2907 712 2964 Dei
762 2920 811 2963 et
866 2908 1226 2963 sacerdotibus
1270 2906 1628 2975 honorandi},
1667 2905 1844 2976 eisque

744 2980 1006 3051 primitias
1030 2979 1345 3049 oﬂ‘erendas.

326 3130 351 3164 ι
382 3113 441 3169 In
471 3116 602 3179 tota,
638 3113 832 3184 inquit,
864 3113 1044 3169 anima
1074 3120 1167 3167 tua
1195 3110 1327 3167 time
1353 3111 1545 3174 Deum,
1576 3117 1844 3165 et'sacer-

254 3225 274 3259 ι
316 3205 473 3262 dotes
519 3204 661 3271 illius
704 3198 1017 3269 sanctiﬂca,
1045 3205 1099 3259 in
1129 3202 1277 3259 omni
1316 3203 1517 3259 virtute
1560 3209 1651 3258 tua
1683 3199 1847 3272 dilige

255 3318 275 3351 ι
319 3299 443 3353 eum
472 3297 564 3368 qui
598 3306 653 3353 te
698 3296 943 3353 fecitzet
982 3296 1260 3351 ministros
1299 3294 1418 3366 ejus
1457 3309 1564 3349 non
1611 3291 1846 3348 derelin-

255 3411 274 3443 ι
316 3406 475 3461 quas.
499 3410 519 3443 ι
553 3389 827 3445 Timorem
852 3402 985 3460 ergo
1009 3396 1174 3458 atque
1199 3401 1442 3442 amorem
1468 3386 1565 3441 Dei
1592 3385 1647 3440 in
1676 3386 1845 3441 hono-

249 3480 522 3537 riﬁcentia
568 3482 940 3536 ministrorum
981 3478 1097 3550 ejus
1137 3480 1368 3550 probare
1396 3476 1686 3543 debemus;
1717 3477 1846 3547 quia

248 3573 367 3645 ipse
403 3572 540 3628 dixit
571 3572 623 3627 in
653 3571 980 3643 Evangelio:
1016 3590 1035 3623 ί
1072 3570 1176 3639 Qui
1216 3585 1313 3626 vos
1353 3570 1605 3636 honorat,
1634 3585 1722 3625 me
1750 3568 1847 3624 ho-

248 3675 440 3730 norat;
470 3672 523 3720 et
540 3663 644 3734 qui
671 3679 767 3719 vos
795 3664 1007 3734 recipit,
1039 3678 1127 3717 me
1158 3661 1382 3733 recipit;
1416 3662 1506 3730 qui
1540 3669 1722 3717 autem
1747 3674 1846 3716 vos

248 3755 476 3826 spernit,
507 3771 594 3810 me
627 3755 834 3826 spernit
854 3752 1073 3826 (Matth.
1099 3752 1220 3825 x)..a
1256 3751 1364 3809 Sed
1391 3753 1519 3824 quia
1547 3752 1720 3808 honor
1745 3750 1845 3805 ali-

249 3844 468 3917 quando
531 3843 912 3899 necessitatum
970 3844 1345 3915 praebitionem
1405 3853 1462 3899 et
1528 3844 1845 3901 solatiorum

249 3937 489 3992 subsidia
526 3934 816 4005 signiﬁcat,
844 3934 1119 4007 subjungit
1151 3951 1164 3988 :

328 4047 348 4079 ι
385 4028 601 4103 llonora
644 4028 817 4082 Deum
846 4042 911 4081 ex
940 4034 1051 4083 tota
1086 4027 1269 4082 anima
1313 4035 1425 4091 tua,
1453 4035 1520 4082 et‘
1545 4025 1847 4082 honoriﬁca

254 4138 275 4172 ι
315 4120 650 4184 sacerdotes,
687 4126 741 4173 et
782 4133 951 4189 purga
982 4126 1034 4172 te
1060 4132 1184 4173 cum
1213 4116 1472 4173 brachiis.
1498 4136 1516 4169 ι
1551 4116 1706 4173 Unde
1746 4117 1849 4171 Do-

250 4212 434 4266 minus
469 4210 746 4280 discipulis
780 4211 893 4266 suis
940 4208 1052 4264 ait:
1086 4228 1105 4260 ι
1146 4209 1349 4281 Dignus
1392 4212 1536 4266 enim
1565 4210 1847 4279 operarius

250 4303 377 4358 cibo
408 4316 527 4358 suo.
582 4301 640 4356 In
683 4315 1061 4371 quamcunque
1106 4301 1382 4356 civitatem
1429 4308 1523 4355 aut
1563 4300 1845 4355 castellum

252 4393 610 4456 intraveritis,
640 4393 973 4461 interrogate
1014 4392 1135 4462 quis
1161 4392 1213 4446 in
1238 4406 1302 4448 ea
1329 4392 1524 4463 dignus
1554 4392 1625 4448 sit
1651 4410 1663 4445 :
1688 4400 1744 4447 et
1772 4392 1847 4447 ibi

251 4494 473 4539 manete
513 4482 685 4538 donec
711 4482 920 4538 excutis
950 4481 1164 4555 (Matth.
1200 4481 1280 4554 χ).
1309 4500 1327 4535 ι
1359 4482 1499 4538 Hinc
1527 4491 1583 4538 et
1608 4482 1842 4554 Aposto-

253 4571 339 4627 lus
359 4573 471 4626 ait:
501 4591 519 4623 ε
556 4572 917 4628 Laborantem
957 4542 1251 4644 agricolam
1278 4580 1491 4642 oportet
1515 4542 1750 4642 primum
1778 4573 1844 4628 de
1872 4542 1922 4603 Β

257 4659 522 4716 fructibus
560 4663 844 4733 percipere
876 4660 968 4736 (11
986 4662 1119 4718 Tim.
1159 4661 1250 4736 ιι).
1274 4683 1295 4716 ι
1330 4663 1397 4718 Et
1435 4664 1602 4719 item:
1632 4681 1651 4714 ι
1688 4662 1842 4731 Quis,

256 4754 453 4823 inquit,
479 4753 677 4808 militat
712 4755 823 4809 suis
854 4754 1136 4824 stipendiis
1164 4754 1442 4825 unquam?
1478 4754 1613 4823 Quis
1638 4756 1847 4825 plantat

254 4844 491 4908 vineam,
533 4852 589 4896 et
634 4843 842 4898 fructus
874 4843 989 4911 ejus
1031 4860 1137 4900 non
1184 4845 1329 4899 edit?
1355 4845 1488 4913 Quis
1517 4847 1695 4917 pascit
1726 4862 1850 4919 gre-

255 4938 402 5003 gem,
433 4939 489 4987 et
514 4932 582 4987 de
610 4930 751 4987 lacte
775 4934 955 5003 gregis
978 4949 1084 4988 non
1122 4936 1413 4991 manducat
1443 4935 1496 5008 (I
1526 4934 1648 4991 Cor.
1678 4936 1793 5010 ix)?
1820 4956 1840 4990 ι

258 5023 326 5077 Et
363 5030 486 5093 post
524 5034 694 5091 pauca
724 5040 736 5076 :
764 5021 820 5077 Si
848 5039 969 5089 nos,
1003 5024 1099 5091 ait,
1127 5025 1281 5081 vobis
1312 5027 1576 5097 spiritalia
1615 5030 1849 5085 semina-

257 5115 455 5179 vimus,
483 5128 737 5184 magnum
782 5113 941 5168 estsi
971 5113 1208 5170 carnalia
1259 5125 1438 5173 vestra
1483 5119 1791 5175 metamus?
1822 5137 1844 5172 ι

259 5204 329 5260 Et
374 5218 593 5259 rursum
622 5222 635 5258 :
667 5221 686 5254 σ
730 5202 956 5258 Nescitis
979 5242 992 5269 ,
1024 5205 1233 5274 inquit,
1260 5208 1522 5276 quoniam
1553 5210 1646 5279 qui
1676 5211 1731 5265 in
1753 5225 1846 5267 sa-

259 5298 444 5352 erario
470 5306 785 5367 operantur,
806 5310 928 5367 quae
950 5296 1018 5351 de
1039 5298 1281 5354 sacrario
1302 5309 1427 5355 sunt
1448 5302 1651 5357 edunt?
1673 5312 1728 5358 et
1755 5303 1849 5374 qui

261 5388 419 5444 altari
447 5388 778 5455 deserviunt,
804 5403 930 5443 cum
970 5388 1128 5443 altari
1159 5390 1522 5462 participant?
1549 5393 1626 5448 lta
1655 5402 1713 5450 et
1737 5394 1847 5451 Do-

262 5482 445 5535 minus
483 5479 749 5534 ordinavit
780 5479 866 5534 bis
898 5478 990 5547 qui
1018 5477 1363 5551 Evangelium
1407 5486 1752 5552 annuutiant,
1785 5486 1852 5542 de

260 5571 557 5647 Evangeiio
595 5571 776 5626 vivere
805 5568 1018 5644 (Πήάκ).
1042 5590 1061 5623 ι
1108 5569 1306 5643 Purgat
1347 5589 1409 5629 se
1437 5590 1564 5631 cum
1590 5577 1848 5645 brachiis,

263 5666 355 5737 qui
380 5666 449 5721 de
474 5665 663 5720 labore
695 5676 954 5719 manuum
994 5676 1218 5718 suarum
1245 5664 1637 5739 eleemosynam
1663 5669 1852 5725 tribuit

265 5759 476 5833 egenis,
500 5758 654 5814 etde
682 5754 946 5810 fructibus
971 5754 1087 5810 suis
1127 5754 1366 5813 decimas
1390 5767 1555 5830 atque
1583 5760 1850 5833 primitias

630 5847 903 5909 Parma.
951 5845 1117 5909 CIX.

1944 2000 2039 2057 ﬁlii
2081 2001 2246 2063 Israel
2276 2005 2345 2063 ad
2374 2006 2802 2073 tabernaculum,
2831 2025 2931 2067 nec
2974 2014 3321 2071 committant
3346 2031 3537 2085 pecca-

1944 2092 2449 2161 tummortiferum,
2475 2096 2605 2153 solis
2634 2097 2758 2154 ﬁliis
2786 2100 2914 2156 Levi
2943 2102 3075 2158 mihi
3105 2104 3158 2158 in
3187 2105 3538 2164 tabernaculo

1941 2185 2323 2251 servientibus,
2337 2193 2394 2242 et
2409 2189 2756 2259 portantibus
2775 2202 2995 2260 peccata
3016 2193 3218 2263 populi,
3232 2193 3535 2264 legitimum

1942 2278 2332 2349 sempiternum
2379 2278 2486 2335 erit
2530 2279 2587 2335 in
2633 2281 3077 2352 generationibus
3124 2286 3341 2342 vestris.
3389 2287 3537 2344 Nihil

1952 2363 2098 2422 aliud
2109 2368 2479 2437 possidebunt,
2493 2371 2822 2426 decimarum
2837 2369 3108 2424 oblatione
3119 2372 3526 2441 contenti,quas

1954 2458 2007 2514 in
2032 2474 2167 2515 usus
2193 2476 2383 2517 eorum
2405 2472 2461 2519 et
2484 2464 2784 2519 necessaria
2811 2463 3050 2531 separari
3072 2463 3266 2534 (Num.
3291 2465 3474 2535 xvui).
3498 2481 3523 2519 ι

1945 2547 2154 2619 Quibus
2173 2565 2282 2608 non
2309 2551 2482 2608 solum
2505 2552 2870 2623 primitiarum
2891 2564 2947 2611 et
2966 2556 3296 2615 decimarum
3319 2559 3542 2619 donatio

1945 2641 2188 2714 delegata
2234 2650 2342 2709 est,
2372 2643 2470 2700 sed
2517 2645 2681 2699 etiam
2731 2644 3032 2702 hostiarum
3080 2656 3137 2705 et
3174 2649 3540 2718 victimarum,

1945 2751 2066 2806 quae
2089 2736 2319 2793 Domino
2340 2734 2709 2795 offerebantur
2730 2738 2786 2794 in
2812 2737 2930 2807 ejus
2956 2755 3087 2796 usus
3110 2755 3404 2799 concessus
3431 2751 3537 2805 est.

1947 2826 2102 2884 Unde
2145 2826 2296 2893 dicit,
2327 2834 2403 2883 et,
2427 2827 2790 2898 primitiarum
2811 2868 2826 2895 ,
2850 2838 2907 2885 et
2950 2831 3285 2902 purgationis
3328 2840 3539 2901 partem

1946 2919 2212 2975 ministris
2264 2919 2360 2974 Dei
2399 2919 2657 2975 dandam.
2712 2919 2847 2988 Quia
2894 2920 3001 2991 ipsi
3049 2931 3273 2991 peccata
3320 2934 3542 2995 portant

1945 3007 2127 3078 populi
2192 3017 2248 3064 et
2294 3015 2459 3065 orant
2508 3022 2607 3079 pro
2660 3009 2762 3065 eis.
2786 3054 2791 3061 .
2815 3009 2971 3078 Quod
3022 3020 3209 3069 autem
3256 3013 3539 3087 subiungi-

1950 3106 2040 3155 tur
2069 3117 2082 3154 :

1872 3174 1918 3238 C
2024 3210 2043 3244 ι
2081 3190 2150 3246 Et
2179 3191 2247 3247 de
2286 3191 2611 3264 negligentia
2660 3200 2751 3248 tua
2784 3207 2955 3264 purga
3004 3202 3057 3251 te
3105 3209 3229 3250 cum
3276 3209 3484 3265 paucis,
3515 3217 3536 3250 ι

1946 3281 2185 3338 ostendit
2208 3281 2352 3351 quod
2382 3283 2609 3349 oblatio,
2639 3298 2761 3353 quae
2783 3298 2850 3339 ex
2885 3283 3074 3339 humili
3116 3294 3303 3341 mente
3321 3295 3378 3342 et
3405 3301 3543 3357 pura

1946 3371 2236 3428 dilectione
2268 3370 2380 3428 Deo
2426 3371 2674 3442 oﬂ’ertur,
2720 3374 2846 3431 licet
2890 3391 3056 3446 parva
3100 3377 3172 3437 sit
3212 3380 3542 3449 quantitate,

1946 3460 2242 3521 multorum
2288 3462 2608 3525 delictorum
2658 3467 3019 3538 negligentias
3059 3477 3273 3541 purgat.
3331 3469 3407 3525 De
3434 3484 3545 3540 quo

1947 3551 2208 3623 scriptum
2236 3562 2356 3609 est:
2384 3572 2405 3606 ‹
2435 3553 2690 3613 Charitas
2717 3559 2897 3627 cperit
2919 3558 3321 3614 multitudinem
3344 3575 3541 3629 pecca-

1948 3649 2135 3701 torum
2177 3643 2226 3715 (Ι
2261 3640 2410 3699 Patr.
2454 3644 2554 3717 ιν).
2579 3664 2598 3700 ι
2649 3646 2719 3701 Ει
2766 3647 3053 3704 Psalmista
3080 3664 3095 3702 :
3124 3668 3142 3702 ‹
3177 3648 3541 3718 Sacriﬁcium,

1949 3736 2142 3808 inquit,
2171 3739 2282 3794 Deo
2316 3738 2542 3808 spiritus
2571 3742 2989 3807 oontribulatus,
3020 3758 3117 3798 cor
3145 3745 3442 3800 contritum
3485 3755 3546 3800 et

1946 3828 2307 3891 bumiliatum,
2339 3830 2507 3898 Deus,
2534 3846 2643 3887 non
2668 3834 2933 3903 despicies
2957 3832 3127 3905 (Psal.
3154 3833 3229 3902 ι).
3251 3855 3270 3886 ι
3305 3834 3459 3891 Unde
3487 3835 3545 3889 iu

1947 3921 2239 3993 Evangelia
2256 3922 2382 3993 ipse
2404 3924 2662 3979 Dominus
2682 3927 2797 3981 duo
2816 3925 2942 3982 aeris
2965 3926 3170 3980 minuta
3202 3928 3542 3998 paupercuke

1947 4010 2124 4067 vidua:
2171 4024 2281 4066 non
2333 4013 2566 4079 sorevit,
2616 4014 2713 4069 sed
2763 4021 3041 4085 gratanter
3085 4015 3294 4084 accepit
3341 4014 3539 4087 (Marc.

1947 4100 2067 4175 κη)

2025 4215 2043 4246 ι
2084 4196 2280 4251 Datum
2317 4196 2668 4253 brachiorum
2700 4205 2915 4254 tuorum
2937 4237 2952 4264 ,
2980 4206 3037 4253 et
3062 4198 3388 4255 sacriﬁcium
3418 4213 3542 4255 san-

1953 4307 1979 4340 ι
2015 4288 2362 4345 ctiﬁcationis
2400 4288 2599 4345 oﬁ‘eres
2640 4289 2870 4346 Domino
2899 4300 2955 4347 et
3000 4292 3155 4347 initia
3202 4301 3536 4359 sanctorum,

1952 4399 1975 4434 ι
2019 4390 2075 4436 et
2118 4383 2343 4452 pauperi
2387 4383 2607 4453 porrige
2657 4399 2879 4440 manum
2928 4394 3097 4452 tuam,
3126 4396 3199 4441 ut.
3229 4386 3544 4458 perﬁciatur

1954 4492 1976 4526 ι
2016 4473 2352 4544 propitiatio,
2378 4483 2436 4529 et
2470 4474 2776 4531 benedictio
2822 4484 2912 4531 tua
2940 4494 2954 4531 :
2980 4477 3153 4549 gratia
3193 4479 3304 4533 dati
3332 4479 3386 4532 in
3412 4494 3544 4537 oon-

1948 4574 2137 4637 spectu
2163 4566 2344 4622 omnis
2370 4566 2619 4623 viventis.
2652 4586 2672 4620 ι
2706 4568 2869 4624 Sicut
2892 4569 3140 4640 superius
3173 4584 3271 4640 per
3294 4569 3541 4627 collatio-

1949 4674 2074 4714 nem
2103 4659 2463 4725 oblationum,
2487 4675 2607 4729 quas
2644 4659 2915 4716 ministris
2942 4662 3036 4717 Dei
3065 4660 3387 4725 otl'eruntur.
3414 4677 3546 4732 pur-

1949 4748 2223 4818 gationem
2269 4749 2558 4819 spopondit
2602 4749 2993 4817 oﬁ'erentibus,
3039 4753 3116 4808 ita
3159 4762 3216 4809 et
3258 4769 3405 4809 nunc
3446 4768 3546 4822 per

1949 4841 2415 4911 eieemosynarum
2460 4841 2834 4913 largitionem,
2881 4858 3002 4914 qua:
3052 4860 3120 4900 ex
3163 4844 3312 4915 justo
3354 4844 3543 4899 labore

1949 4935 2279 5005 pauperibus
2302 4936 2633 5002 tribuuntur,
2660 4937 2871 4993 veniam
2900 4946 3269 5007 peccatorum,
3292 4946 3351 4991 et
3376 4936 3545 4992 bene-

1949 5025 2206 5081 dictionis
2231 5027 2467 5097 gratiam
2499 5027 2746 5098 benignis
2772 5034 2828 5081 et
2851 5027 3293 5082 misericordibus
3320 5025 3543 5094 promit-

1949 5116 2036 5170 tit.
2064 5114 2203 5183 Quia
2226 5117 2368 5171 sicut
2393 5130 2534 5186 aqua
2552 5116 2851 5186 exstinguit
2872 5116 3071 5187 ignem,
3097 5114 3539 5184 ita-eleemosyua

1949 5206 2246 5276 exstinguit
2266 5213 2569 5275 peccatum.
2597 5204 2751 5262 Unde
2778 5205 2892 5274 ipsa
2918 5202 3127 5258 Veritas
3163 5203 3220 5255 in
3248 5201 3542 5273 Evangelio

1951 5299 2028 5354 ait
2051 5316 2065 5352 :
2100 5315 2120 5350 ι
2153 5298 2293 5354 Date
2308 5297 2729 5370 eleemosynam,
2755 5306 2811 5352 et
2836 5311 2964 5352 ecce
2986 5295 3171 5351 omnia
3193 5296 3393 5351 munda
3416 5303 3545 5352 sunt

1954 5390 2112 5448 vobis
2130 5388 2282 5462 (Luc.
2313 5388 2449 5461 χή..)
2465 5388 2608 5445 Sane
2634 5389 2915 5445 sciendum
2935 5387 3081 5456 quod
3108 5388 3204 5457 qui
3230 5386 3542 5443 sceleratis-

1954 5482 2093 5539 sime
2120 5480 2330 5546 vivunt,
2361 5494 2462 5534 nec
2486 5487 2681 5534 curant
2708 5477 2872 5532 talem
2908 5478 3076 5532 vitam
3100 5490 3389 5547 moresque
3420 5493 3543 5532 cor-

1954 5574 2154 5645 rigere,
2188 5578 2245 5626 et
2283 5571 2424 5625 inter
2452 5569 2567 5639 ipsa
2595 5566 2834 5622 facinora
2872 5574 2929 5624 et
2960 5566 3161 5637 ﬂagitia
3187 5581 3283 5622 sua
3309 5566 3544 5623 elemno-

1952 5682 2118 5741 synas
2140 5665 2487 5737 frequentare
2518 5677 2626 5718 non
2650 5669 2887 5729 cessant,
2918 5659 3119 5717 frustra
3149 5661 3225 5717 illi
3256 5661 3359 5719 sibi
3389 5660 3541 5717 blan-

1954 5763 2204 5828 diuntur;
2232 5757 2486 5830 quoniam
2509 5755 2769 5815 Dominus
2788 5756 2893 5812 ait:
2916 5775 2932 5806 ‹
2962 5754 3096 5810 Date
3117 5755 3539 5830 elecmosyuam.

2987 5847 3065 5910 εδ
