1981 3099
229 152 278 180 811

554 152 583 180 Β.
603 152 729 181 RABAM
748 152 859 180 MAURI
879 153 1039 181 ARCiilEP.
1062 153 1216 182 MOGIJNT.
1239 154 1380 184 OPERUM
1398 155 1490 184 PARS
1502 155 1523 184 Ι.

1813 159 1861 188 813

226 213 253 236 et
267 216 331 237 ecce
351 209 443 236 omnia
467 209 565 237 munda
581 215 645 238 sunt
658 211 743 239 vobis.
756 221 764 237 I
783 211 839 239 Hoc
852 212 923 238 enim
938 219 1017 246 quam
1033 215 1056 243 Α
1071 213 1135 247 quid
1148 213 1342 245 admonuisset,
1356 217 1382 241 et
1403 213 1469 248 quid
1486 213 1536 248 ipsi
1560 213 1649 241 facere
1663 221 1715 242 non
1727 222 1859 248 curarent.

226 254 280 282 late
292 260 382 290 pateat
401 262 453 283 non
471 255 633 290 intelligunt,
647 257 693 284 sed
708 261 737 284 ut
751 257 914 293 intelligant,
929 260 1017 284 atten-

225 301 292 329 dant
302 301 399 336 quibus
411 301 517 329 dixerit.
530 302 631 337 Nempe
643 303 670 329 in
682 303 825 339 Evangelio
836 304 875 331 sic
886 303 1017 338 scriptum

223 352 284 375 est:
302 357 311 373 ι
328 347 395 374 Cum
420 347 589 382 loqueretur,
607 350 710 384 rogavit
726 350 799 377 illum
815 350 925 384 quidam
945 350 1018 377 Pha-

224 392 330 425 risazus,
342 397 371 419 ut
385 393 530 427 pranderet
543 395 613 428 apud
626 401 664 422 se.
684 395 718 422 Et
731 396 867 430 ingressus
883 396 1015 423 recubuit.

225 437 376 465 Pbarismus
397 442 486 464 autem
511 439 593 473 carpit
618 439 689 466 intra
711 447 740 467 sc
763 446 892 475 reputans
915 441 1016 473 dicere,

223 491 305 517 quare
323 490 373 510 non
390 484 540 517 baptizatus
555 488 626 511 esset
640 489 704 513 ante
715 487 868 519 prandium.
884 486 917 513 Et
932 486 968 513 ait
982 486 1016 513 ad

223 528 295 555 illum
310 528 439 555 Dominus
453 537 458 554 :
472 529 549 556 Nunc
564 537 611 558 vos
623 530 754 558 Pliaristei
771 532 842 566 quod
854 531 956 559 deforis
975 535 1017 559 est

220 574 313 602 calicis
337 577 365 601 et
389 575 472 602 catini
498 575 737 611 mundatiszquod
763 582 853 605 autem
878 578 951 605 intus
974 582 1016 605 est

219 625 350 653 vestrum,
373 620 480 654 plenum
503 624 546 649 est
569 622 663 656 rapina
685 626 713 650 et
733 623 886 658 iniquitate.
916 624 1013 656 Stulte,

220 675 308 695 nonne
322 667 366 701 qui
389 666 452 694 fecit
474 668 500 694 id
523 668 593 701 quod
614 668 715 696 deforis
733 673 789 701 est,
806 669 888 696 etiam
903 669 929 696 id
944 669 1015 703 quod

219 713 251 740 de
268 714 339 740 intus
353 716 395 740 est
412 713 492 741 fecit?
510 715 700 741 Verumtamen
717 714 788 750 quod
804 719 938 750 superest,
952 715 1014 742 date

216 758 428 794 eleemosynam,
440 764 467 786 et
478 767 540 787 ecce
550 760 640 787 omnia
656 760 754 787 munda
768 764 832 787 sunt
844 760 921 788 vobis
936 759 1012 796 (Lac.

218 804 266 840 in).
280 814 288 829 I
306 804 381 832 ltanc
397 805 448 832 hoc
459 805 624 833 intellecturi
642 813 746 838 sumus,
762 810 792 833 ut
802 806 947 834 Pharisaiis
960 813 1012 833 non

219 849 380 877 habentibus
400 849 480 877 fidem
501 850 613 883 Christi,
631 851 712 878 etiam
727 851 749 878 si
762 858 816 878 non
831 851 857 878 in
873 858 935 879 eum
954 859 1013 879 cre-

218 895 346 928 diderint,
358 902 407 923 nec
420 896 507 923 renati
517 895 618 924 fuerint
628 904 661 924 ex
673 905 744 931 aqua
756 900 783 925 et
792 897 894 932 Spiritu
905 902 1008 931 sancto,
1024 890 1048 919 Β

216 943 317 971 munda
333 943 386 971 sint
396 944 490 971 omnia
505 951 511 970 :
523 948 626 971 tantum
639 943 661 971 si
673 944 859 980 eleemosynas
867 944 1001 978 dederint,

215 990 293 1032 sicut.
302 989 344 1017 isti
358 996 404 1017 eas
419 989 523 1017 dandas
535 990 719 1024 putanticum
731 992 786 1017 sint
798 991 929 1018 immundi
945 998 1004 1017 om.

218 1039 276 1063 nes,
286 1030 359 1065 'quos
370 1038 425 1059 non
438 1031 550 1058 mundat
563 1031 630 1058 fides
638 1030 749 1059 Christi.
760 1031 798 1059 De
807 1040 859 1067 qua
870 1032 1002 1068 scriptum

217 1081 260 1104 est
275 1085 283 1104 :
298 1087 306 1102 ι
322 1077 451 1104 Mundans
463 1077 514 1104 (ide
526 1076 607 1104 corda
618 1084 724 1117 eorum.
738 1087 747 1104 ι
761 1077 794 1105 Et
806 1078 1004 1113 dicamposte-

216 1119 278 1146 ins:
297 1128 306 1144 ι
323 1119 472 1146 lmmundis
484 1124 572 1146 autem
586 1123 613 1145 et
625 1119 779 1147 inﬁdelibus
796 1119 860 1147 nihil
872 1126 913 1148 est
924 1129 1005 1148 mun-

218 1164 292 1197 dum,
311 1165 357 1191 sed
371 1164 469 1199 polluta
482 1168 545 1191 sunt
564 1171 656 1191 eorum
671 1168 698 1191 et
714 1172 800 1198 mens,
813 1171 841 1193 et
855 1167 1001 1194 conscien-

219 1210 254 1237 tia
270 1210 336 1244 (Tit.
353 1211 384 1245 ι).
401 1220 411 1237 ι
425 1210 635 1245 Quomodoergo
644 1211 735 1238 omnia
744 1211 889 1240 Pliarismis
901 1212 1003 1240 munda

211 1263 314 1294 essent,
330 1260 352 1288 si
363 1260 548 1297 eleemosynas
563 1261 670 1295 darent,
684 1266 712 1289 et
726 1262 820 1290 fideles
835 1271 889 1291 non
900 1264 1008 1291 essent?

211 1305 265 1333 Aut
276 1307 413 1341 quomodo
428 1308 521 1335 tideles
532 1312 634 1341 essent,
649 1308 671 1335 si
688 1308 714 1335 in
730 1308 868 1337 Christum
884 1310 1006 1343 credere,

211 1354 293 1386 atque
316 1351 345 1378 in
365 1351 425 1387 ejus
446 1353 533 1389 gratia
554 1354 660 1381 renasci
683 1353 849 1382 noluissent?
867 1355 901 1381 Et
914 1360 1007 1383 tamen

210 1403 304 1423 verum
324 1400 367 1425 est
379 1399 451 1432 quod
463 1398 625 1426 audierunt:
640 1408 649 1424 ι
668 1398 736 1426 Date
756 1399 966 1435 eleemosynam,
980 1404 1007 1427 et

210 1449 274 1469 ecce
293 1443 383 1470 omnia
401 1444 502 1471 munda
519 1449 582 1472 sunt
602 1445 689 1473 vobis.
706 1454 715 1471 ι
736 1445 786 1479 Qui
800 1446 872 1473 enim
890 1446 946 1473 vult
962 1454 1007 1473 or-

209 1487 302 1515 dinate
324 1488 390 1516 dare
410 1488 618 1525 eleemosynam,
631 1497 645 1517 a
663 1489 755 1525 seipse
774 1490 854 1518 debet
873 1490 1003 1525 incipere,

208 1538 235 1561 et
245 1541 305 1562 eam
317 1534 369 1561 sibi
381 1535 499 1569 primum
513 1535 589 1564 dare.
604 1536 652 1564 Est
664 1537 736 1563 enim
754 1536 924 1572 cleemosyna
937 1545 1005 1572 opus

208 1580 413 1614 misericordiaz;
428 1581 623 1617 verissimeque
644 1583 745 1610 dictum
770 1587 811 1611 est
826 1593 832 1610 :
848 1593 858 1609 ι
877 1584 1004 1612 Miserere

207 1627 304 1654 animm
318 1631 371 1655 tua:
385 1627 495 1663 placens
512 1629 567 1656 Deo
581 1628 680 1664 (Eccle.
698 1629 765 1664 xxx)
778 1638 784 1655 :
799 1639 809 1655 ι
822 1634 933 1665 propter
952 1631 1004 1658 hoc

207 1673 385 1705 renascimur,
398 1677 428 1700 ut
442 1673 501 1701 Deo
517 1673 682 1708 placeamus,
702 1674 745 1701 cui
765 1674 862 1701 merito
881 1675 1005 1709 displicet

206 1719 277 1753 quod
298 1719 435 1747 nasuendo
458 1719 653 1747 contraximus.
673 1718 736 1747 Haec
760 1720 833 1748 enim
851 1725 893 1748 est
915 1721 1003 1756 prima

205 1763 388 1799 eleemosyna,
401 1772 482 1799 quam
495 1765 575 1792 nobis
594 1765 728 1798 dedimus,
747 1766 875 1800 quoniam
886 1771 1003 1794 nosmet-

1019 1565 1040 1596 Ο

205 1809 278 1843 ipsos
301 1809 416 1837 miseros
430 1817 481 1845 per
494 1810 649 1838 miserantis
664 1810 712 1838 Dei
730 1811 944 1839 misericordiam
960 1820 1003 1839 re-

204 1854 366 1889 quisivimus
372 1854 476 1890 justum
487 1854 619 1890 judicium
633 1855 691 1890 ejus
703 1856 874 1889 confitentes,
885 1864 940 1891 quo
953 1857 1002 1884 mi-

203 1900 257 1927 seri
277 1898 364 1928 efl‘ecti
389 1908 492 1929 sumus.
518 1900 556 1929 De
569 1908 623 1936 quo
636 1901 701 1928 dicit
718 1901 884 1936 Apostolus:
900 1911 909 1927 (
926 1901 1002 1929 Judi-

203 1946 275 1972 cium
290 1945 399 1981 quidem
412 1953 445 1973 ex
461 1954 515 1974 uno
526 1946 553 1973 in
565 1947 816 1974 condemnationem
828 1946 916 1983 (Rom.
929 1946 971 1982 v);
988 1957 997 1974 ι

200 1995 230 2018 et
246 1999 350 2027 magnae
363 1992 492 2020 charitati
503 1992 562 2027 ejus
571 1992 674 2027 gratias
685 1996 805 2028 agentes,
818 1992 850 2020 de
864 1999 915 2027 qua
928 1992 1000 2020 idem

202 2037 260 2072 ipse
283 2037 349 2064 dicit
371 2038 465 2073 gratia:
489 2038 667 2072 pnedicattir:
683 2047 692 2063 ε
709 2038 886 2065 Commendat
908 2042 999 2066 autem

195 2084 361 2110 rharitatem
378 2091 455 2111 suam
468 2083 539 2111 Deus
551 2084 578 2111 in
590 2084 679 2116 nobis,
694 2084 822 2118 quoniam
837 2091 898 2111 cum
912 2084 1000 2112 adhuc

200 2134 356 2164 peccatores
377 2137 499 2158 essemus
521 2130 667 2157 secundum
683 2134 798 2164 tempus,
813 2129 936 2157 Christus
951 2138 999 2165 pro

201 2176 279 2204 nobis
300 2181 423 2204 mortuus
445 2181 487 2204 est
509 2177 518 2211 (
546 2177 614 2204 Ibid.
639 2176 669 2213 ):
686 2186 695 2203 ι
714 2181 744 2204 ιιι
768 2180 795 2204 et
813 2177 946 2204 veraciter
966 2177 1000 2205 de

201 2227 293 2250 nostra
317 2223 427 2250 miseria
444 2222 607 2258 judieautes,
624 2227 651 2250 ct
675 2223 701 2249 in
725 2223 772 2250 Dei
793 2223 925 2250 charitate
944 2230 997 2257 qua

200 2268 309 2295 donavit
334 2269 391 2303 ipse
411 2277 441 2296 se
465 2268 616 2304 diligentes,
643 2268 686 2303 pic
711 2272 837 2302 recteque
861 2268 995 2300 vivamus,

199 2314 271 2348 quod
283 2310 416 2347 judicium
432 2319 459 2341 et
473 2314 635 2342 charitatem
652 2313 698 2340 Dei
710 2320 771 2340 eum
784 2314 913 2340 Pharisaei
927 2321 997 2348 pra:-

200 2359 332 2390 tcrircnt,
362 2359 532 2386 decimabant
558 2363 647 2385 tamen
674 2362 784 2393 propter
808 2358 995 2393 eleemosynas

199 2412 267 2439 quas
281 2404 425 2435 faciebant,
440 2404 522 2431 etiam
536 2410 649 2438 qumque
663 2403 843 2431 minutissima
858 2403 994 2431 fructuum

197 2459 325 2484 suorum;
341 2456 369 2479 ct
383 2450 442 2478 ideo
459 2458 512 2477 non
535 2450 636 2477 dabant
657 2449 858 2485 eleemosynam
872 2458 887 2477 a
901 2458 932 2478 se
952 2451 995 2478 in-

198 2497 338 2532 cipientes,
355 2503 501 2530 secumque
523 2495 598 2530 prius
615 2494 828 2523 misericordiam
845 2495 992 2529 facientes;

198 2547 309 2577 propter
329 2549 409 2577 quem
424 2541 576 2569 dilectionis
593 2541 716 2568 ordinem
729 2541 829 2569 dictum
843 2545 903 2568 est:
920 2551 928 2568 ι
946 2543 991 2569 Di-

197 2587 249 2622 lige
260 2588 498 2622 proximumtuum
510 2587 579 2614 sicut
591 2587 704 2622 teipsum
717 2586 813 2622 (Marc.
828 2586 890 2622 xii).
902 2597 911 2612 ι
924 2587 995 2615 Cum

196 2641 264 2669 ergo
275 2635 439 2668 inrrepasset
454 2641 510 2666 eos,
524 2633 595 2668 quod
605 2633 790 2660 forinsecusse
798 2632 935 2666 lavabant,
945 2633 989 2660 itt-

201 2685 244 2706 tns
258 2685 347 2706 autem
360 2681 452 2712 rapina
467 2685 494 2707 et
505 2680 646 2714 iniquitate
659 2679 727 2713 pleni
739 2685 828 2713 erant;
839 2681 987 2709 admonens

197 2721 342 2752 quamdam
354 2721 564 2757 eleemosynam,
581 2729 661 2757 quam
675 2722 724 2749 sibi
739 2723 819 2750 homo
833 2724 922 2756 debet,
937 2724 992 2759 pri-

198 2765 278 2793 mitus
302 2768 378 2799 dare,
398 2771 426 2794 et
446 2768 576 2795 interiora
596 2768 745 2795 mundare:
759 2777 768 2794 t
787 2768 990 2800 Verumtamen,

199 2809 294 2844 inquit,
315 2814 386 2846 quod
410 2818 542 2848 superest,
565 2814 627 2841 date
648 2813 862 2849 eleemosynam,
878 2819 906 2841 ct
927 2822 991 2842 ecce

197 2856 289 2884 omnia
313 2857 410 2885 munda
437 2862 500 2886 sunt
527 2858 612 2886 vobis.
630 2867 640 2885 ι
658 2857 760 2885 Deinde
784 2862 814 2885 ut
835 2858 990 2887 ostenderet

1069 266 1103 286 ne
1118 259 1191 286 illum
1203 263 1330 293 putarent
1345 266 1439 287 eorum
1455 259 1641 294 cleemosynas
1655 259 1782 294 ignorare
1794 270 1800 288 :
1812 261 1861 290 Sed

1072 312 1081 329 I
1094 303 1140 331 Vae
1161 304 1248 336 vobis,
1267 304 1364 338 inquit,
1390 303 1543 331 Pharisteis.
1557 313 1567 329 ι
1585 304 1727 339 Tanquam
1741 305 1860 335 diceret:

1068 349 1124 384 Ego
1148 350 1257 385 quidem
1276 348 1430 377 commonui
1446 356 1494 376 vos
1512 348 1711 384 eleemosynam
1737 350 1861 383 dandam,

1067 404 1115 431 per
1127 403 1208 431 quam
1232 396 1308 423 vobis
1329 395 1428 422 munda
1450 398 1514 422 sunt
1533 395 1639 428 omnia;
1652 396 1703 423 sed
1716 403 1758 423 va:
1780 397 1862 429 vobis,

1067 442 1112 476 qui
1128 441 1269 468 decimatis
1283 440 1570 473 mentbanyetrutam,
1585 444 1613 467 et
1623 447 1704 467 omne
1723 440 1785 468 olus
1797 449 1805 467 :
1818 441 1864 469 has

1067 488 1138 514 enim
1152 487 1213 514 novi
1226 486 1413 521 clcemosynas
1426 489 1539 515 vestras,
1555 492 1589 512 ne
1602 485 1635 512 de
1650 484 1702 512 illis
1722 493 1768 513 me
1793 494 1862 513 nunc

1066 541 1113 561 vos
1133 533 1305 560 admonuisse
1328 531 1514 564 arbitremini;
1530 535 1557 558 et
1575 531 1720 566 prieteritis
1729 531 1860 566 judicium

1065 584 1093 606 et
1106 578 1265 606 charitatcm
1281 577 1339 610 Dei,
1353 585 1406 612 qua
1422 577 1592 611 eleemosyna
1616 577 1727 611 possitis
1739 578 1777 605 ab
1790 579 1860 606 omni

1064 624 1270 659 inquinamento
1292 623 1420 651 interiore
1442 616 1583 654 mundari,
1609 627 1639 649 ut
1664 623 1741 651 vobis
1764 624 1860 651 munda

1064 674 1154 697 essent
1165 674 1193 696 et
1207 677 1332 704 corpora,
1348 677 1407 704 qua:
1421 668 1529 701 latratis,
1547 669 1598 696 hoc
1612 673 1653 696 est
1671 669 1743 696 enim
1760 671 1861 701 omnia,

1064 720 1091 742 et
1103 715 1231 742 interiora
1245 715 1349 742 scilicet
1366 719 1393 741 et
1406 715 1554 742 exteriora:
1577 714 1655 742 Sicut
1667 715 1730 742 alibi
1746 715 1859 751 legitur:

1067 770 1075 786 α
1094 760 1174 787 Mund
1195 764 1220 787 te
1231 768 1290 795 quae
1305 761 1378 788 intus
1398 765 1471 792 sunt,
1484 765 1511 787 et
1528 768 1587 795 quae
1603 760 1670 787 foris
1684 765 1749 788 sunt
1763 761 1861 788 munda

1063 809 1157 832 erunt:
1173 816 1182 832 ι
1196 806 1242 833 sed
1263 813 1296 833 ne
1310 806 1376 834 istas
1390 807 1585 841 eleemosynas,
1601 814 1660 840 qum
1677 805 1745 832 ﬁunt
1757 807 1792 833 de
1806 806 1860 833 fru-

1063 851 1151 879 ctibus
1177 856 1270 883 terrae,
1295 852 1431 886 respuisse
1456 852 1638 879 videreturn
1658 852 1736 884 Haec,
1759 852 1860 887 inquit,

1062 898 1182 932 oportuit
1199 897 1300 930 facere,
1312 897 1444 932 judicium
1469 901 1496 924 et
1516 897 1677 925 charitatem
1693 897 1743 924 Dei
1759 902 1807 925 :et
1818 897 1860 925 illa

1062 952 1116 972 non
1130 944 1255 972 omittere
1268 943 1377 980 (Matth.
1393 951 1459 970 χχιιι
1470 963 1477 976 ,
1490 948 1515 970 et
1530 943 1594 970 Luc.
1608 942 1657 979 ιι),
1673 953 1683 969 ι
1697 943 1722 970 id
1736 948 1780 970 est
1791 943 1860 971 elee-

1062 998 1190 1025 mosynas
1204 990 1339 1017 fructuum
1354 993 1536 1016 terrenorum.
1557 988 1616 1015 Non
1628 996 1694 1024 ergo
1708 996 1737 1015 se
1753 988 1858 1019 fallant,

1061 1035 1107 1069 qui
1122 1042 1170 1069 per
1182 1034 1367 1070 eleemosynas
1380 1034 1530 1069 quamlibet
1541 1033 1711 1068 largissimas
1721 1033 1859 1061 fructuum

1061 1089 1184 1114 suorum,
1205 1081 1248 1109 vel
1270 1080 1454 1116 cujuscunque
1477 1080 1600 1115 pecuniae
1625 1079 1816 1114 impunitatem
1834 1087 1861 1107 se

1060 1134 1151 1155 emere
1161 1127 1320 1154 existimant
1334 1127 1362 1154 in
1379 1124 1530 1154 facinorum
1555 1125 1727 1152 inununitate
1742 1132 1775 1152 ac
1789 1124 1861 1160 ﬂagi-

1060 1173 1159 1200 tiorum
1172 1172 1293 1207 nequitia
1306 1171 1500 1207 permanentia.
1522 1170 1580 1198 Non
1601 1170 1688 1198 solum
1707 1170 1783 1198 enim
1805 1170 1860 1198 lucc

1059 1217 1177 1250 faciunt,
1194 1218 1241 1245 sed
1258 1218 1294 1245 ita
1311 1217 1442 1253 diligunt,
1465 1221 1495 1244 ut
1518 1217 1545 1244 in
1571 1217 1611 1244 eis
1634 1223 1743 1251 semper
1767 1220 1861 1251 optent

1059 1264 1178 1299 (tantum
1204 1264 1226 1291 si
1252 1263 1356 1298 possint
1380 1262 1505 1299 impune)
1529 1262 1651 1290 versari:
1667 1271 1677 1287 ι
1694 1261 1747 1295 Qui
1769 1267 1860 1290 autem

1058 1309 1143 1344 diligit
1165 1309 1349 1343 iniquitatem,
1365 1308 1422 1335 odit
1447 1308 1565 1335 animam
1579 1315 1671 1340 suam;
1689 1312 1716 1334 et
1738 1307 1787 1342 qui
1805 1307 1859 1335 odit

1057 1355 1174 1381 animam
1185 1362 1273 1386 suam,
1286 1358 1391 1381 nonest
1405 1354 1431 1380 in
1443 1361 1504 1380 eam
1519 1353 1684 1384 misericors,
1700 1352 1749 1380 sed
1763 1353 1860 1380 crude-

1057 1399 1099 1426 lis.
1110 1409 1119 1424 ι
1135 1398 1274 1434 Diligendo
1285 1406 1345 1426 eam
1361 1398 1460 1434 quippe
1475 1398 1625 1425 secundum
1647 1398 1791 1429 s:eculum,
1803 1398 1859 1424 odit

1056 1453 1115 1472 eam
1130 1444 1278 1472 secundum
1291 1445 1385 1471 Deum.
1407 1444 1435 1471 Si
1448 1451 1514 1479 ergo
1526 1443 1608 1470 vellet
1618 1443 1643 1470 ei
1657 1443 1724 1470 dare
1740 1443 1859 1470 eleemc-

1056 1497 1161 1525 synam,
1177 1497 1226 1524 per
1246 1496 1329 1523 quam
1353 1488 1453 1515 munda
1474 1492 1566 1515 essent
1586 1488 1623 1515 illi
1638 1488 1742 1520 omnia,
1755 1488 1858 1516 odisset

1056 1542 1116 1562 eam
1127 1534 1274 1562 secundum
1286 1533 1424 1567 smculum,
1433 1539 1460 1561 et
1468 1533 1593 1568 diligeret
1604 1534 1754 1561 secundum
1761 1534 1856 1561 Deum.

1055 1580 1141 1607 Nemo
1153 1584 1244 1607 autem
1258 1580 1303 1607 dat
1326 1580 1527 1615 eleemosynam
1549 1579 1709 1614 quamlibet,
1725 1580 1779 1607 nisi
1796 1580 1857 1607 inde

1054 1626 1108 1657 det,
1124 1625 1195 1653 unde
1215 1625 1308 1653 abillo
1325 1625 1442 1659 accipiat
1454 1625 1501 1659 qui
1523 1632 1577 1652 non
1598 1629 1668 1661 eget.
1684 1624 1719 1651 Et
1740 1625 1803 1652 ideo
1819 1625 1858 1653 di-

1053 1675 1128 1699 ctum
1146 1675 1206 1699 est:
1223 1681 1232 1697 ι
1252 1671 1435 1699 Misericordia
1458 1670 1516 1705 ejus
1539 1671 1686 1705 praeveniet
1707 1678 1753 1698 me
1768 1670 1855 1706 (Paul.

1053 1725 1120 1746 LVIII
1144 1716 1165 1753 ).
1177 1726 1187 1743 ι

1364 1761 1478 1789 CAPUT
1497 1761 1542 1788 XI.

1081 1806 1135 1835 Pro
1150 1807 1280 1843 defunctis
1291 1813 1320 1834 ut
1334 1807 1479 1835 consolatio
1492 1807 1625 1834 tribuatur
1642 1806 1821 1842 plorantibus.

1090 1862 1099 1878 ι
1117 1852 1151 1879 Et
1172 1857 1279 1880 mortuo
1301 1860 1354 1880 non
1379 1852 1523 1887 prohibeas
1547 1852 1673 1887 gratiam.
1698 1852 1760 1881 Non
1783 1853 1855 1880 desis

1055 1908 1064 1925 ι
1086 1899 1253 1935 plorantibus
1267 1899 1293 1926 in
1306 1899 1502 1932 consolatione,
1511 1903 1537 1927 et
1549 1907 1609 1927 cum
1623 1899 1781 1934 lugentibus
1794 1908 1854 1927 am-

1055 1953 1064 1970 ι
1085 1943 1156 1971 bula.
1174 1954 1183 1970 ι
1200 1943 1275 1977 Quod
1289 1944 1323 1972 ad
1338 1944 1572 1980 eleemosynarum
1597 1944 1775 1972 donationem
1794 1953 1855 1980 per—

1051 1991 1138 2018 tineat
1152 1991 1203 2018 hoc
1217 1990 1289 2026 quod
1302 1991 1440 2026 sepultura
1464 1991 1577 2018 mortuis
1589 1990 1740 2025 praebetur,
1754 1992 1854 2019 Tobias

1050 2036 1203 2071 patriarcha
1226 2036 1332 2064 actibus
1356 2037 1413 2064 suis
1433 2036 1561 2064 insinuat.
1581 2037 1618 2064 De
1633 2036 1687 2071 quo
1708 2037 1854 2073 Scriptura

1051 2081 1144 2114 refert,
1159 2081 1230 2116 quod
1245 2081 1271 2108 in
1286 2082 1443 2116 captivitate
1464 2081 1637 2117 Assyriorum
1655 2082 1774 2116 positus,
1790 2090 1852 2117 per—

1050 2132 1126 2162 geret
1144 2135 1191 2162 per
1205 2134 1314 2154 onmem
1337 2127 1527 2163 cognationem
1547 2134 1634 2159 suam,
1648 2131 1676 2154 et
1690 2128 1853 2157 consolare-

1050 2177 1094 2200 tur
1115 2181 1177 2205 eos.
1202 2172 1389 2207 divideretque
1412 2172 1559 2207 unicuique
1584 2176 1663 2207 prout
1684 2178 1796 2207 poterat
1820 2174 1855 2201 dc

1051 2219 1225 2246 facultatibus
1237 2219 1303 2246 suis.
1323 2218 1481 2246 Esurientes
1494 2218 1594 2251 alebat,
1610 2218 1747 2253 nudisque
1771 2220 1855 2246 vesti-

1051 2269 1140 2292 menta
1155 2264 1303 2300 prcebebat,
1318 2268 1346 2291 et
1359 2264 1476 2291 mortuis
1499 2268 1581 2298 atque
1604 2263 1703 2290 occisis
1725 2264 1853 2298 sepultu-

1050 2318 1108 2337 ram
1130 2310 1260 2338 sollicitus
1284 2309 1439 2337 exhibebat.
1458 2309 1511 2337 Sed
1531 2309 1554 2336 si
1575 2313 1711 2335 mortuam
1737 2316 1853 2336 carnem

1048 2357 1217 2392 eleemosyna
1239 2361 1282 2384 est
1302 2356 1432 2391 sepelire,
1447 2356 1533 2384 multo
1550 2356 1635 2390 magis
1650 2355 1791 2383 hominem
1807 2357 1852 2383 vi-

1047 2409 1109 2428 vum
1124 2401 1150 2428 in
1167 2401 1340 2428 tribulatione
1360 2400 1495 2428 consolari
1516 2404 1598 2434 atque
1618 2399 1723 2427 solatiis
1747 2401 1849 2428 subve-

1047 2446 1115 2474 nire.
1133 2446 1208 2473 Unde
1222 2446 1320 2474 Paulus
1339 2447 1396 2474 ait:
1411 2456 1420 2471 (
1436 2446 1557 2473 Gaudete
1576 2453 1637 2472 cum
1651 2446 1850 2481 gaudentibus,

1046 2491 1108 2520 llete
1128 2499 1190 2519 cum
1213 2492 1339 2520 ﬂentibus
1352 2492 1438 2528 (Rom.
1453 2491 1513 2527 xu).
1525 2500 1535 2517 ι
1554 2490 1632 2524 Quod
1648 2496 1675 2519 et
1696 2500 1728 2520 se
1748 2493 1851 2521 fecisse

1046 2542 1190 2565 attestatur
1203 2558 1210 2571 ,
1225 2537 1317 2566 dicens
1333 2547 1339 2565 :
1355 2547 1364 2563 ‹
1382 2537 1449 2570 Quis
1473 2537 1640 2569 infirmatur,
1665 2541 1693 2565 et
1715 2545 1769 2573 ego
1792 2546 1849 2566 non

1045 2583 1184 2610 iniirmori
1215 2582 1282 2616 Quis
1304 2582 1518 2615 scandalizatur,
1540 2587 1568 2610 et
1586 2590 1637 2617 ego
1656 2590 1711 2610 non
1734 2583 1815 2610 uror?
1836 2593 1846 2608 ι

1044 2630 1141 2657 Factus
1151 2637 1212 2657 sum
1222 2629 1354 2661 inﬁrmus,
1366 2633 1396 2656 ut
1407 2628 1529 2657 infirmos
1537 2629 1726 2657 lucrifacerem
1735 2637 1742 2656 :
1751 2630 1847 2657 omnia

1044 2677 1169 2703 omnibus
1193 2675 1279 2703 factus
1304 2683 1372 2708 sum,
1389 2679 1419 2702 ut
1435 2682 1531 2703 omnes
1553 2674 1672 2703 facerem
1689 2675 1783 2703 salvos
1799 2674 1845 2709 (II

1044 2720 1105 2748 Cor.
1123 2721 1172 2757 iu).
1188 2721 1263 2749 Unde
1277 2725 1304 2748 et
1317 2720 1458 2755 sequitur:

1082 2776 1091 2792 ι
1109 2767 1168 2794 Non
1187 2771 1212 2794 te
1225 2767 1315 2801 pigeat
1329 2766 1437 2794 visitare
1456 2766 1592 2794 infirmum
1604 2787 1612 2799 ,
1625 2774 1660 2794 ex
1673 2767 1718 2794 bis
1731 2767 1759 2794 iu
1774 2766 1847 2794 dile-

1046 2822 1056 2839 ι
1079 2814 1168 2841 ctione
1189 2813 1347 2840 ﬁriuaberis.
1365 2822 1375 2839 ι
1401 2811 1529 2840 Probatio
1550 2820 1659 2848 quoque
1684 2813 1845 2840 dilectionis

1043 2859 1174 2887 exhibitio
1187 2863 1229 2888 est
1241 2857 1339 2893 operis.
1356 2857 1394 2886 De
1412 2865 1467 2893 quo
1477 2862 1504 2886 et
1516 2857 1633 2886 Joannes
1653 2858 1721 2886 dicit
1735 2867 1742 2887 :
1759 2867 1768 2885 ι
1788 2858 1844 2892 Qui
