1981 3099
133 188 184 217 813

579 190 755 220 ΟΟΜΜΕΝΤ.
774 191 808 220 ΙΝ
827 190 1131 221 ECCLESIASTICUM.
1151 207 1162 214 —
1179 208 1186 214 -
1205 192 1269 220 LIB.
1289 192 1322 220 II.

1719 195 1772 223 8H

132 247 259 275 habuerit
270 248 449 276 substantiam
464 247 565 281 mundi,
577 253 603 276 et
614 249 710 277 viderit
722 249 835 277 fratrem
850 256 927 277 suum
942 249 968 280 Α
980 248 1114 276 convertit
1133 248 1226 283 utique
1245 242 1281 276 'ad
1294 249 1498 283 perversitatem
1510 249 1614 283 judicii,
1630 252 1692 285 quia
1710 261 1770 280 mu-

131 301 243 322 nccesse
257 294 368 327 habere,
386 299 413 322 ct
424 295 552 323 clauserit
567 295 672 323 viscera
687 303 736 323 sua
749 295 783 323 ab
797 303 839 328 eo,
857 303 926 331 quo-

130 340 211 368 modo
224 339 344 367 charitas
358 339 405 367 Dei
421 343 511 367 manet
523 340 551 367 in
565 341 615 368 eo?
627 341 715 368 Filioli
728 341 798 374 mei,
814 349 866 369 non
887 342 927 369 dl-

129 386 244 421 ligamus
265 386 349 413 verbo
372 393 423 413 nec
448 385 550 422 lingua,
565 387 612 414 sed
627 395 709 422 opere
727 391 755 415 et
773 388 896 416 veritate.
914 398 922 415 ι

128 431 181 458 Sed
196 431 262 466 quia
286 438 366 458 nemo
389 435 478 466 potest
495 431 614 467 perfecte
634 438 777 468 peccatum
794 433 924 466 devitarc,

127 481 154 504 et
175 477 311 512 operibus!
325 476 438 511 justitia‘,
459 478 607 512 deservire,
634 479 686 506 nisi
712 480 758 515 qui
780 484 872 514 sperat
895 488 925 508 se

127 522 250 557 quotidie
260 522 294 549 de
308 522 360 549 hoc
371 522 471 550 mundo
483 524 609 559 migrare.
626 524 676 557 Qui
689 525 760 552 enim
771 525 925 553 considerat

125 567 215 601 qualis
237 571 281 594 est
303 567 329 594 in
357 573 453 601 morte,
469 576 576 603 semper
602 569 630 596 fit
656 570 763 597 timidus
783 570 810 597 in
832 578 924 606 opera—

125 613 211 645 tione,
228 617 310 648 atque
323 614 395 640 unde
411 613 437 640 in
448 614 534 642 oculis
548 615 603 642 suis
614 614 669 649 jam
683 616 760 650 quasi
777 623 831 644 non
844 617 920 648 vivit,

125 657 162 684 nil
173 658 247 693 quod
263 658 360 684 transit
375 658 485 693 appetit,
501 660 606 687 cunctis
619 660 760 695 praesentis
777 660 839 687 vita;
850 661 921 688 desi-

124 702 208 730 deriis
222 703 395 736 contradicit,
410 708 437 731 et
457 711 525 739 pene
547 709 683 732 mortuum
706 713 736 734 sc
755 701 919 740 considerat,

123 749 186 784 quia
202 750 365 777 moriturum
384 750 495 777 minimc
517 750 630 787 ignorat.
646 752 769 780 Perfecta
781 754 853 780 enim
867 754 920 780 vita

122 800 165 822 est
185 796 282 823 mortis
306 795 432 829 imitatio,
446 804 528 831 quam
551 797 614 824 dum
635 797 701 833 justi
724 797 839 826 sollicite
859 806 920 833 pcr-

122 846 222 876 agunt,
239 842 378 877 culparum
400 842 511 877 laqueos
531 843 658 870 evadunt.
682 843 758 871 Unde
780 843 919 880 subiungi-

123 891 188 915 tor:

980 300 1044 321 nera
1058 299 1195 322 excaecant
1214 295 1306 322 oculos
1328 295 1499 330 sapientium,
1517 300 1545 323 et
1563 301 1667 324 mutant
1691 300 1771 326 verba

974 338 1121 373 iustorum.
1137 339 1253 367 Proinde
1267 340 1395 367 Dominus
1408 341 1532 368 hortatur
1543 349 1639 369 cavere
1653 343 1686 369 ab
1698 345 1770 371 omni

977 384 1098 417 avaritia,
1113 390 1140 412 et
1156 385 1233 412 docet
1246 385 1393 419 discipulos
1406 394 1479 415 suos.
1493 387 1584 414 dicetis
1600 396 1605 413 :
1623 397 1632 413 ‹
1650 388 1772 417 Audistis

976 429 1038 464 quia
1056 430 1156 457 dictum
1177 436 1218 458 est
1232 440 1238 457 :
1252 431 1365 458 Oculum
1386 439 1435 466 pro
1450 433 1541 465 oculo,
1557 438 1584 461 ct
1598 434 1707 462 dentem
1722 444 1771 471 pro

975 476 1064 502 dente.
1077 476 1132 511 Ego
1147 480 1237 503 autem
1250 477 1309 505 dico
1323 478 1399 505 vobis
1414 486 1466 506 non
1481 479 1607 508 resistere
1623 481 1709 515 malo;
1723 483 1769 510 sed

975 521 998 549 si
1015 522 1076 557 quis
1090 526 1116 549 te
1131 523 1295 556 percusserit
1318 523 1343 550 in
1360 523 1499 551 dexteram
1523 526 1658 553 maxillam
1678 530 1768 561 tuam,

974 567 1064 602 praebe
1078 568 1116 595 illi
1129 572 1158 595 et
1170 568 1293 595 alteram.
1321 569 1356 596 Et
1376 570 1401 596 ei
1420 570 1465 605 qui
1488 570 1545 598 vult
1559 576 1649 599 tecum
1666 572 1770 607 judicio

974 614 1153 647 contendere,
1168 618 1196 641 et
1220 615 1339 642 tunicam
1364 619 1436 643 tuam
1460 610 1569 651 tollere,
1585 619 1690 648 dimitte
1703 620 1728 648 ci
1741 626 1768 648 ct

974 660 1101 695 pallium;
1115 665 1142 688 et
1155 661 1309 696 quicunque
1330 667 1356 689 te
1376 663 1558 697 angariaverit
1574 665 1645 693 mille
1659 674 1765 701 passus,

973 706 1040 733 vade
1054 713 1116 733 cum
1136 705 1181 733 illo
1194 710 1221 734 et
1243 702 1294 734 alia
1310 707 1373 735 duo.
1394 707 1445 740 Qui
1468 709 1562 743 petita
1578 715 1620 741 te,
1632 710 1665 737 da
1680 710 1722 743 ei;
1740 715 1768 738 ct

972 752 1073 779 volenti
1088 752 1205 779 mutuari
1221 760 1235 779 a
1252 756 1278 780 te
1293 760 1326 779 ne
1341 754 1474 781 avertaris
1487 754 1593 790 (Matth.
1608 755 1646 790 v).
1666 765 1675 781 ι

1010 805 1019 822 t
1039 796 1098 824 Non
1112 797 1201 832 litiges
1219 805 1280 824 cum
1300 797 1409 826 homine
1424 798 1553 834 linguato,
1570 804 1662 828 etnon
1675 805 1764 830 strues

973 852 982 868 ι
1005 842 1033 869 in
1045 843 1134 878 ignem
1148 843 1218 871 illius
1230 842 1312 878 ligna.
1334 843 1391 872 Non
1405 845 1589 872 communices
1603 845 1705 873 homini
1724 847 1764 875 in-

973 897 983 914 ‹
1006 888 1096 920 docto,
1111 896 1145 916 ne
1158 888 1226 916 male
1241 889 1273 916 de
1287 889 1415 924 progenie
1430 894 1474 917 tua
1493 890 1625 926 loquatur.
1637 901 1647 918 ι
1661 892 1762 920 Contra

188 932 217 959 In
232 933 358 961 omnibus
370 933 498 968 operibus
520 934 573 961 tuis
597 941 749 962 memorare
769 942 917 963 novtssrma
931 927 955 957 Β
969 941 1031 961 eum
1045 934 1092 969 qui
1107 934 1270 962 indiscretus
1288 939 1329 962 est
1347 935 1446 968 verbis,
1461 936 1572 964 stultum
1591 942 1634 965 est
1649 943 1763 965 conten-

124 986 134 1003 ι
155 982 214 1010 tua,
229 982 257 1005 et
272 978 298 1005 in
312 983 443 1005 aeternum
455 987 508 1005 non
525 979 660 1014 peccabis.
673 989 682 1006 ι
699 979 756 1007 Hoc
774 984 864 1008 tamen
882 981 916 1008 de

121 1024 195 1051 omni
215 1029 329 1058 peccato
348 1032 402 1052 non
416 1025 500 1052 dicit:
513 1026 576 1060 quia
590 1035 598 1051 ‹
615 1034 669 1053 non
685 1030 728 1054 est
740 1026 820 1054 homo
834 1034 917 1062 super

121 1073 222 1097 terram
238 1070 284 1104 qui
300 1069 383 1098 faciat
395 1071 504 1103 bonum,
520 1076 547 1099 et
568 1080 621 1099 non
637 1076 740 1107 peccet.
753 1082 762 1099 ι
779 1073 813 1100 Et
834 1072 916 1100 Joan-

119 1122 168 1142 nes
181 1124 188 1141 :
204 1123 213 1140 ‹
229 1114 257 1142 Si
275 1115 440 1148 dixerimus,
455 1116 552 1151 inquit,
568 1117 631 1153 quia
645 1112 785 1153 peccatum
799 1126 851 1145 non
866 1119 916 1146 ha-

119 1160 226 1193 bemus,
241 1160 291 1196 ipsi
310 1169 360 1189 nos
376 1161 530 1189 seducimus
542 1183 549 1195 ,
562 1166 590 1190 et
603 1164 703 1191 veritas
718 1164 745 1190 in
758 1164 837 1192 nobis
859 1171 913 1192 non

118 1211 160 1234 est
183 1206 211 1242 (Ι
230 1207 309 1234 Joan.
324 1207 376 1243 1).»
393 1207 446 1235 Sed
461 1208 494 1235 de
509 1215 627 1243 quonam
650 1209 701 1237 hoc
723 1208 781 1236 vult
802 1213 914 1243 peccato

119 1253 250 1289 intelligi?
271 1253 370 1289 Utique
392 1255 425 1281 de
439 1262 472 1282 eo
484 1254 555 1289 quod
577 1255 650 1282 ducit
668 1254 702 1281 ad
724 1259 850 1282 mortem.
876 1254 913 1282 De

117 1309 171 1336 quo
195 1301 313 1330 Joannes
330 1302 414 1331 dicit:
430 1313 438 1329 ι
454 1303 547 1331 Omnis
571 1303 617 1339 qui
639 1308 717 1331 natus
736 1307 779 1331 cst
793 1311 826 1331 ex
841 1303 911 1335 Deo,

117 1354 170 1374 non
186 1347 251 1375 facit
262 1353 419 1383 peccatum,
432 1349 494 1384 quia
512 1356 604 1377 semen
617 1348 675 1383 ejus
691 1349 717 1376 in
734 1349 792 1384 ipso
810 1353 910 1381 manet,

115 1397 141 1420 et
157 1401 210 1421 non
226 1399 315 1429 potest
327 1402 450 1429 peccare,
464 1395 526 1430 quia
538 1403 571 1422 ex
584 1395 638 1422 Deo
651 1399 730 1421 natus
741 1399 780 1421 est
791 1393 816 1430 (I
827 1393 909 1421 Joan.

115 1439 166 1475 Ill).
180 1449 190 1465 ι
205 1439 281 1473 Quod
295 1440 341 1474 ait,
354 1449 363 1467 t
378 1441 423 1476 qui
443 1445 522 1469 natus
535 1445 577 1468 est
589 1449 621 1468 ex
645 1441 709 1474 Deo,
722 1448 774 1468 non
787 1445 907 1475 peccat,»

115 1489 221 1512 eertum
243 1485 377 1520 quoddam
400 1492 538 1522 peccatum
555 1487 695 1523 intelligit,
711 1487 782 1522 quod
796 1495 847 1515 non
860 1495 910 1522 po-

116 1535 166 1558 test
191 1531 334 1559 admittere
349 1533 441 1565 homo',
456 1533 501 1568 qui
514 1541 547 1560 ex
563 1533 619 1560 Deo
633 1538 712 1560 natus
734 1538 791 1565 est;
809 1538 835 1561 et
858 1533 911 1561 talc

113 1581 254 1610 peccatum
277 1581 318 1604 est
341 1577 414 1610 illud,
428 1582 458 1605 ut
477 1579 498 1606 si
519 1579 661 1613 quisquam
684 1579 736 1606 hoc
758 1578 908 1611 admiserit,

112 1622 257 1650 confirmet
273 1628 379 1651 caetera.
397 1624 425 1652 Si
440 1625 501 1660 quis
519 1629 609 1653 autem
625 1626 676 1653 hoc
690 1632 743 1653 non
757 1625 907 1658 admiserit,

112 1668 200 1696 salvat
220 1673 328 1697 caetera.
353 1670 506 1698 Mandatum
521 1671 593 1699 enim
608 1671 727 1703 Christi,
742 1671 851 1699 dilectio
863 1678 910 1698 vo-

112 1718 191 1741 catur
203 1723 209 1741 ε
222 1721 270 1750 per
284 1715 354 1743 hanc
368 1715 539 1744 dilectionem
559 1721 670 1751 peccata
683 1716 835 1748 solvuntur,
852 1717 910 1744 haec

112 1761 133 1787 si
150 1768 204 1787 non
221 1764 354 1793 teneatur,
368 1766 395 1789 et
407 1769 488 1798 grave
501 1767 643 1798 peccatum
657 1767 708 1796 est,
722 1767 749 1790 et
764 1763 839 1790 radix
854 1770 910 1790 om-

112 1806 187 1834 nium
199 1811 381 1841 peccatorum.
619 1818 623 1823 -

413 1853 528 1881 CAPUT
552 1853 608 1881 XII.

294 1897 356 1925 Non
373 1897 528 1933 litigandum
543 1907 602 1925 cum
613 1903 723 1934 patente.

147 1944 224 1980 (CAr.
238 1944 309 1980 vui.)
328 1954 335 1969 ι
354 1944 412 1972 Νοη
431 1944 520 1979 litiges
535 1952 597 1972 cum
612 1945 721 1973 homine
739 1950 858 1980 potente,
874 1953 908 1973 ne

114 1998 123 2014 ι
147 1988 218 2017 forte
233 1989 335 2016 incidas
350 1989 375 2016 in
391 1997 487 2017 manus
500 1989 579 2017 illius.
593 1999 601 2015 ι
616 1990 756 2018 llomiuem
769 1995 907 2025 potentem

111 2034 227 2062 forsitan
246 2034 289 2061 hic
305 2035 450 2069 superbum
473 2034 528 2062 vult
544 2035 669 2070 intelligi,
684 2034 814 2062 adversus
827 2042 907 2070 quem

111 2080 278 2108 contendere
292 2088 345 2107 non
362 2085 403 2108 est
417 2080 490 2108 utile.
516 2080 592 2108 Unde
614 2081 641 2108 in
661 2080 814 2109 Proverbiis
838 2081 908 2108 scri-

111 2130 188 2161 ptum
208 2131 269 2153 est:
286 2135 296 2151 ‹
312 2125 350 2153 Ne
376 2127 538 2162 respondeas
561 2127 644 2154 stulto
665 2126 742 2161 juxta
765 2127 907 2154 stultitiam

112 2180 200 2206 suam,
215 2180 248 2199 ne
262 2171 387 2200 ciliciaris
402 2173 425 2200 ei
439 2173 535 2200 similis
546 2173 636 2209 (Prov.
651 2173 736 2209 xxvi).
750 2183 759 2200 ›
776 2173 849 2201 Inter
862 2181 908 2200 su-

112 2219 211 2253 perbos
233 2218 306 2245 enim
331 2225 437 2252 semper
456 2218 545 2254 jurgia
569 2223 641 2246 sunt.
674 2218 788 2246 Servum
817 2223 906 2245 autem

967 980 1041 1012 dere,
1057 980 1103 1007 ubi
1125 987 1177 1008 non
1200 981 1281 1014 ratio,
1297 981 1344 1009 sed
1358 981 1435 1009 furor
1450 982 1613 1011 dominatur.
1631 983 1762 1012 Similiter

965 1029 994 1052 ct
1004 1032 1066 1053 cum
1083 1025 1247 1060 imprudenti
1269 1026 1408 1061 disputare
1427 1027 1521 1056 inutile
1533 1033 1583 1059 est.
1595 1030 1659 1064 quia
1673 1030 1760 1058 facilis

966 1076 1008 1099 est
1034 1071 1068 1098 ad
1090 1071 1281 1107 proferendum
1304 1073 1504 1101 contumeliam.
1534 1074 1601 1101 Nam
1629 1075 1687 1103 lucc
1706 1076 1759 1104 duo

965 1116 1119 1145 testimonia
1138 1117 1200 1145 licet
1218 1118 1251 1145 ad
1270 1125 1365 1146 omnes
1376 1119 1538 1153 pertineant,
1561 1120 1719 1155 insipientes
1732 1126 1759 1149 et

964 1163 1156 1198 praviloquos,
1180 1168 1270 1192 tamen
1295 1165 1450 1199 specialiter
1474 1166 1600 1194 videntur
1629 1168 1758 1195 deuotam

965 1209 1118 1241 lnereticos.
1128 1209 1162 1236 de
1179 1209 1276 1244 quibus
1286 1209 1349 1237 alibi
1363 1210 1492 1245 scriptum
1507 1216 1583 1239 estu
1599 1212 1654 1239 Sub
1667 1212 1755 1248 lingua

964 1262 1059 1282 eorum
1073 1254 1149 1282 labor
1159 1259 1186 1282 et
1196 1255 1282 1288 dolor,
1297 1258 1325 1283 et
1338 1263 1471 1284 venenum
1484 1257 1605 1291 aspidum
1617 1258 1668 1285 sub
1678 1258 1757 1285 labiis

966 1306 1062 1327 eorum
1078 1299 1199 1332 Quorum
1214 1308 1245 1328 os
1260 1301 1452 1330 maledictione
1462 1306 1489 1330 et
1503 1303 1683 1330 amaritudine
1697 1303 1751 1338 ple-

967 1352 1030 1371 num
1044 1350 1098 1378 est,
1116 1345 1224 1373 veloces
1240 1347 1322 1381 pedes
1335 1355 1427 1375 eorum
1444 1349 1476 1375 ad
1490 1347 1679 1375 effundendum
1691 1355 1754 1375 san-

968 1391 1076 1426 guinem
1091 1390 1180 1426 (Paul.
1196 1391 1266 1425 xm).
1285 1401 1294 1418 ι
1310 1392 1376 1420 Cum
1395 1393 1436 1419 his
1454 1401 1518 1428 ergo
1535 1394 1753 1421 sermocinareet

963 1436 1165 1463 communicare
1176 1436 1358 1471 perniciosum
1369 1441 1421 1470 est,
1434 1438 1496 1472 quia
1510 1437 1611 1473 polluta
1625 1442 1666 1466 est
1679 1446 1755 1465 mens

963 1488 1056 1507 eorum
1069 1485 1098 1508 et
1110 1482 1286 1514 conscientia,
1298 1486 1325 1509 et
1336 1489 1425 1510 sermo
1437 1490 1530 1510 eorum
1545 1487 1573 1510 ut
1587 1491 1685 1510 cancer
1696 1491 1755 1511 ser~

962 1527 1021 1561 pit:
1034 1531 1167 1560 errantes,
1175 1532 1203 1555 et
1214 1527 1243 1555 in
1257 1535 1378 1556 errorem
1389 1529 1535 1557 mittentes.
1554 1529 1630 1558 Unde
1641 1530 1757 1565 Aposto-

962 1572 1005 1600 lus
1012 1571 1089 1607 jubet
1100 1573 1227 1600 stultaset
1234 1573 1292 1601 sine
1298 1573 1439 1608 disciplina
1447 1574 1610 1608 qurcstiones
1618 1575 1752 1608 devitarc;

961 1618 1087 1646 similiter
1099 1622 1126 1645 et
1139 1618 1254 1653 profana
1263 1623 1291 1646 et
1303 1619 1478 1654 inaniloquia,
1491 1627 1551 1654 qua:
1564 1620 1678 1647 multum
1692 1628 1757 1656 pro«

961 1664 1053 1692 ﬁeiunt
1065 1664 1099 1691 ad
1113 1664 1293 1699 impietatem;
1309 1670 1336 1692 et
1351 1664 1412 1692 Tito
1426 1665 1544 1700 scripsit,
1557 1670 1586 1693 ut
1599 1666 1755 1695 hazreticuin

961 1709 1098 1738 hominem
1114 1714 1175 1744 post
1194 1717 1275 1737 unam
1290 1715 1318 1737 et
1333 1710 1478 1738 secundam
1496 1712 1695 1746 correptioncm
1708 1713 1756 1740 do-

960 1756 1069 1790 vitaret,
1083 1756 1173 1784 sciens
1183 1757 1247 1791 quia
1264 1756 1411 1785 subversus
1425 1761 1476 1790 est,
1489 1758 1535 1793 qui
1549 1757 1681 1792 ejusmodi
1695 1763 1753 1791 est,

960 1806 987 1830 et
1004 1801 1118 1838 deliquit
1143 1803 1253 1838 proprio
1271 1802 1374 1838 judicio
1400 1805 1597 1832 condemnatus
1620 1805 1683 1841 ('l‘it.
1702 1805 1754 1841 Ill).

960 1849 1012 1876 Iste
1027 1849 1099 1877 enim
1115 1850 1147 1877 dc
1163 1850 1291 1884 progenie
1305 1854 1397 1878 nostra
1416 1851 1487 1879 male
1505 1851 1634 1886 loquitur,
1646 1854 1755 1888 quando

960 1895 1129 1930 blasphemat
1151 1895 1334 1923 Christianam
1364 1896 1521 1932 religionem
1544 1902 1570 1924 et
1592 1898 1755 1925 catholicam

960 1942 1056 1975 fidem;
1074 1942 1120 1970 sed
1137 1942 1202 1970 solis
1220 1942 1386 1977 blasphemis
1403 1951 1451 1971 sua
1475 1948 1555 1971 nocet
1575 1945 1753 1979 blasphemia,

959 1990 1022 2025 quia
1042 1989 1132 2016 omnia
1159 1989 1259 2016 munda
1280 1989 1399 2021 mundis,
1413 1990 1595 2024 coinquinatis
1618 1995 1707 2017 autem
1727 1995 1756 2018 et

960 2034 1113 2062 infidelibus
1136 2034 1203 2061 nihil
1230 2035 1370 2062 mundum.
1405 2034 1575 2062 Confitentur
1595 2036 1704 2070 quidem
1725 2044 1755 2063 so

959 2088 1039 2108 nosse
1051 2081 1147 2112 Deum,
1157 2079 1235 2107 factis
1245 2083 1334 2108 autem
1347 2083 1527 2115 negant,cum
1539 2080 1594 2108 sint
1605 2081 1754 2108 abominati

958 2131 986 2155 et
999 2126 1182 2159 incredibiles,
1193 2130 1220 2153 et
1234 2126 1268 2153 ad
1279 2133 1359 2154 omne
1370 2133 1438 2161 opus
1449 2126 1548 2153 bonum
1564 2127 1682 2161 reprobi.

996 2181 1006 2197 ι
1024 2171 1063 2199 Ne
1074 2170 1206 2205 despicias
1220 2170 1358 2197 hominem
1373 2175 1539 2198 avertentem
1553 2178 1582 2198 se
1595 2179 1609 2197 a
1629 2177 1753 2206 peccato,

962 2228 970 2243 ι
990 2224 1078 2252 neque
1100 2217 1266 2251 impmpercs
1285 2216 1479 2249 ei;memento
1503 2216 1631 2251 quoniam
1659 2225 1754 2246 omnes

113 2263 220 2290 Domini
236 2271 288 2290 non
305 2267 410 2298 oportet
423 2263 538 2298 litigare,
553 2264 599 2290 sed
614 2267 785 2291 mansuetum
799 2271 858 2291 esse
873 2263 905 2291 ad
922 2283 947 2313 Β
963 2273 971 2288 ι
991 2263 1017 2290 in
1032 2262 1203 2297 correptione
1217 2269 1320 2289 sumus.
1343 2271 1352 2287 ι
1372 2261 1457 2297 Magis
1471 2262 1601 2290 condecet
1620 2262 1754 2291 Christia-

111 2317 219 2341 omnes,
234 2309 387 2341 docibilem,
401 2310 564 2344 patientem,
579 2318 639 2337 eum
664 2309 796 2337 modestia
820 2310 906 2337 corri-

113 2355 231 2390 pientein
247 2356 292 2390 qui
308 2355 435 2383 resistunt
446 2356 566 2383 veritati.

151 2410 159 2425 ι
174 2400 234 2427 Non
246 2400 394 2428 contendas
404 2408 465 2428 cum
476 2401 534 2428 viro
543 2400 685 2436 locuplete,
694 2408 726 2428 ne
739 2400 807 2428 forte
815 2406 907 2428 contra

118 2450 158 2471 ite
167 2446 445 2474 constituatlitemtibi
458 2456 464 2473 :
478 2446 577 2473 multos
595 2447 666 2473 enim
683 2447 799 2481 perdidit
813 2455 907 2474 aurum

115 2500 124 2516 ε
148 2495 232 2520 atque
251 2496 391 2526 argentum
404 2501 410 2518 :
422 2497 449 2519 et
462 2499 548 2527 usque
569 2493 602 2519 ad
616 2500 663 2520 eor
676 2500 769 2528 regum
785 2493 909 2520 extendit

115 2546 126 2562 ι
149 2541 176 2564 ct
190 2537 331 2564 mnvertit.
344 2546 353 2562 ›
370 2536 554 2565 Periculosum
569 2542 611 2565 est
625 2546 688 2573 ergo
709 2547 769 2566 cum
786 2547 818 2566 eo
835 2539 909 2566 litem

113 2589 194 2617 agere
210 2582 255 2617 qui
270 2582 384 2609 terrenis
404 2582 486 2609 lucris
499 2586 580 2617 atque
592 2584 711 2611 avaritia:
726 2584 836 2611 testibus
848 2592 910 2619 pro-

112 2629 196 2656 batur
208 2629 351 2660 anhelare;
365 2629 427 2663 quia
442 2629 503 2656 inde
521 2630 646 2657 oriuntur
667 2630 785 2663 invidiae,
799 2636 911 2658 conten-

113 2674 216 2705 tiones,
241 2674 346 2705 odium,
368 2674 560 2707 homicidium,
582 2679 608 2701 et
634 2679 731 2702 czetera
757 2676 909 2709 hujusmodi

113 2719 214 2754 flagitia
236 2727 295 2755 qure
313 2724 438 2755 mergunt
450 2720 572 2748 homines
587 2721 613 2748 in
628 2721 765 2748 interitum
781 2725 808 2747 et
821 2721 909 2756 pcrdi-

114 2765 226 2793 tionem.
243 2775 252 2790 ‹
269 2765 356 2792 Radix
372 2774 486 2800 namque
499 2767 619 2793 omnium
635 2766 764 2794 malorum
777 2771 822 2793 est
834 2766 908 2802 cupi-

113 2810 297 2845 ditas:quam
320 2811 427 2845 quidam
452 2816 609 2847 appetentes
631 2817 789 2840 erraverunt
809 2821 823 2839 a
846 2813 906 2845 fide.

113 2859 139 2883 el
155 2856 327 2883 inseruerunt
343 2864 372 2883 se
388 2857 525 2884 doloribus
539 2857 630 2884 multis
643 2857 670 2892 (I
685 2857 752 2885 Tim.
767 2857 815 2893 vi).
828 2868 836 2884 ι
854 2858 908 2885 Nec

113 2910 167 2930 non
183 2906 209 2929 et
224 2903 306 2930 corda
331 2911 423 2936 regum
448 2903 579 2937 eiusmodi
596 2904 680 2937 pestis
695 2912 765 2937 sche
788 2904 908 2936 polluens

962 2317 1026 2336 num
1050 2308 1166 2343 compati
1195 2307 1336 2343 proximo,
1353 2315 1435 2343 quam
1460 2308 1642 2343 improperare
1668 2309 1755 2345 lapso.

962 2356 1023 2390 quia
1048 2354 1181 2382 incertum
1203 2357 1245 2381 cst
1270 2354 1340 2388 apud
1369 2362 1588 2390 unumquemque
1616 2356 1648 2383 ad
1674 2364 1754 2391 quem

963 2401 1043 2428 finem
1057 2400 1189 2434 perducat
1214 2404 1291 2427 actus
1317 2407 1396 2432 suos,
1412 2406 1463 2427 nec
1487 2399 1556 2428 scire
1577 2401 1676 2435 poterit
1691 2402 1755 2436 quid

963 2446 1014 2474 sibi
1041 2450 1155 2473 ventura
1177 2446 1266 2481 pariet
1294 2445 1359 2473 dies.
1388 2444 1465 2473 Unde
1487 2446 1587 2474 Paulus
1605 2452 1755 2482 praunonet

962 2491 1055 2518 dicens
1071 2500 1078 2518 :
1096 2500 1105 2515 ι
1122 2490 1215 2525 Itaque
1239 2491 1284 2525 qui
1299 2498 1327 2518 se
1352 2490 1490 2518 existimat
1513 2496 1595 2524 stare,
1617 2492 1707 2519 videat
1719 2496 1754 2518 ne

961 2536 1040 2564 cadat
1057 2535 1084 2572 (ι
1098 2535 1160 2563 Cor.
1174 2536 1211 2571 χ).
1232 2543 1243 2561 ι
1266 2536 1301 2563 Et
1319 2536 1404 2563 item:
1428 2545 1437 2561 ‹
1456 2536 1495 2563 Τυ
1522 2542 1631 2567 autem,
1653 2537 1752 2570 inquit,

961 2582 1025 2616 quid
1048 2580 1154 2616 judicas
1175 2581 1285 2608 fratrem
1312 2582 1464 2615 tuum?aut
1490 2585 1517 2608 tu
1539 2589 1624 2617 quare
1647 2582 1753 2616 spernis

961 2627 1071 2656 fratrem
1086 2628 1179 2655 tuum?
1198 2627 1298 2655 Omnes
1313 2629 1385 2655 enim
1405 2628 1536 2655 stabimus
1555 2632 1618 2655 ante
1637 2625 1754 2655 tribunal

961 2674 1061 2702 Christi
1083 2673 1171 2709 (Rom.
1192 2673 1259 2709 xiv).
1279 2683 1288 2699 ι
1312 2673 1404 2708 Itaque
1423 2673 1607 2708 unusquisque
1628 2677 1751 2700 nostrum

961 2728 1010 2751 pro
1025 2727 1054 2747 se
1066 2719 1197 2747 rationem
1212 2719 1307 2747 reddet
1317 2719 1382 2746 Deo.
1402 2718 1471 2746 Ilinc
1482 2722 1523 2746 est
1538 2719 1609 2754 quod
1624 2719 1753 2746 Dominus

962 2767 1058 2801 legitur
1074 2766 1100 2792 in
1123 2765 1267 2800 livangclio
1281 2765 1438 2800 publicanos
1460 2769 1488 2792 et
1507 2769 1665 2800 peccatores
1678 2773 1753 2794 recc—

962 2813 1044 2846 pisse,
1059 2815 1086 2838 et
1100 2810 1277 2837 manducasse
1299 2817 1360 2837 eum
1377 2809 1448 2843 illis;
1464 2815 1491 2837 ct
1505 2810 1645 2839 mulierem
1664 2819 1753 2839 merc—

962 2859 1055 2886 tricem
1071 2865 1130 2885 cum
1144 2856 1272 2892 lacrymis
1285 2856 1368 2891 pedes
1383 2856 1440 2891 ejus
1455 2857 1587 2893 rigantem
1603 2865 1616 2885 a
1631 2858 1752 2893 peccatis

961 2903 1107 2932 absolvisse
1125 2911 1131 2929 :
1146 2902 1191 2937 qui
1203 2907 1229 2930 ct
1241 2902 1625 2932 Phariszcismurnmrantibus
1638 2910 1751 2939 respou-
