3962 6198
487 366 591 423 815

1123 363 1184 417 Β.
1223 361 1473 417 RABANI
1513 359 1730 417 MAURI
1770 358 2087 413 ABCHIEP.
2127 357 2435 415 MOGUNT.
2473 357 2756 416 OPERUM
2788 353 2970 412 PARS
3007 351 3049 408 ι.

3626 349 3736 407 εις

473 479 560 532 dit
588 495 600 530 :
638 493 655 525 ι
688 475 887 529 Euntes
929 472 1118 526 discite
1148 473 1275 541 quid
1323 473 1414 536 sit,
1460 470 1880 525 Miscricordiam
1930 469 2052 527 volo
2079 476 2130 536 Α
2155 482 2212 527 et
2244 473 2502 528 doctrinae
2537 492 2550 527 :
2580 473 2719 527 insta
2748 472 2798 525 in
2837 469 2961 526 illis.
2988 468 3101 522 Hoc
3125 466 3269 521 enim
3310 466 3538 533 faciens,
3562 479 3621 524 et
3653 480 3738 524 to-

478 579 538 621 et
573 581 678 620 non
725 562 1088 618 sacrificium:
1139 576 1245 614 non
1273 561 1415 614 enim
1466 560 1588 614 veni
1620 574 1814 613 vocare
1855 557 2052 626 iustos,

482 655 576 710 sed
623 662 930 722 peccatores
962 650 1174 719 (Matth.
1210 649 1307 717 ιιι).
1345 669 1362 700 ι
1400 649 1466 703 Ει
1507 649 1670 704 alibi:
1729 666 1748 699 ε
1789 647 2056 703 Gaudium

481 755 584 809 est,
614 745 807 814 inquit,
850 744 902 797 in
942 743 1094 797 ceelis
1123 757 1285 811 super
1310 757 1418 795 uno
1459 751 1743 812 peccatore
1789 742 2058 811 paeniten-

483 834 617 888 tiam
656 840 865 900 agente,
903 845 1066 899 quam
1105 845 1266 898 super
1310 831 1600 900 nonaginta
1630 844 1821 884 novem
1860 826 2054 897 iustos,

478 927 572 995 qui
600 940 703 979 non
728 923 964 993 indigent
989 921 1307 992 pcenitentia
1336 921 1488 992 (Luc.
1521 919 1636 993 xv).
1678 939 1696 971 ι

547 1035 576 1066 -‹
611 1014 688 1070 Ne
709 1029 932 1084 spernas
959 1013 1230 1067 hominem
1262 1013 1315 1066 in
1347 1029 1441 1066 sua
1474 1019 1692 1066 senecta
1719 1029 1731 1063 :
1768 1012 1970 1064 etenim
1990 1025 2054 1065 ex

475 1106 640 1162 nobis
667 1113 974 1160 senescunt.
1008 1123 1026 1155 ι
1062 1103 1173 1157 Hoc
1193 1103 1542 1158 considerans
1571 1101 1926 1156 Ecclesiastes
1947 1100 2052 1155 ait:

469 1217 506 1248 -‹
551 1196 767 1250 Vanitas
794 1194 1092 1247 vanitatum
1134 1201 1188 1245 et
1217 1191 1397 1244 omnia
1439 1190 1652 1243 vanitas
1682 1187 1907 1260 (Eccles.
1934 1186 1995 1256 ι).
2033 1207 2050 1237 ι

483 1292 550 1345 Et
574 1292 700 1345 item
733 1288 923 1352 :Vidi,
957 1287 1165 1355 inquit,
1200 1301 1318 1355 qum
1360 1283 1494 1337 ﬁunt
1534 1283 1633 1337 sub
1678 1282 1791 1336 sole
1817 1299 1829 1334 :
1855 1288 1910 1334 et
1931 1295 2058 1334 ecce

453 1382 733 1436 «universa
781 1380 994 1434 vanitas
1043 1387 1098 1431 et
1149 1377 1364 1431 afllictio
1394 1375 1613 1445 spiritus
1662 1372 1876 1445 (Ibid.).
1924 1391 1944 1426 ι
1990 1372 2058 1426 Ει

480 1487 602 1542 post
653 1471 925 1540 aliquanta
963 1487 976 1522 :
1015 1487 1032 1518 ι
1071 1466 1288 1531 Omnia,
1333 1466 1429 1530 ait,
1478 1474 1691 1534 tempus
1727 1463 1949 1527 habent,
2001 1469 2058 1516 et

481 1565 594 1619 suis
652 1563 840 1633 spatiis
895 1567 1178 1614 transeunt
1231 1558 1480 1612 universa
1534 1558 1633 1612 sub
1679 1557 1837 1611 caelo.
1869 1573 1887 1607 ι
1919 1554 2057 1610 Hinc

471 1657 670 1708 beatus
695 1660 899 1722 martyr
938 1651 1237 1720 Cyprianus
1280 1647 1333 1702 in
1367 1647 1502 1701 libro
1543 1645 1610 1700 ad
1649 1647 2052 1701 Demetrianum

479 1747 547 1800 de
611 1743 935 1799 mortalitate
992 1746 1264 1812 eleganter
1323 1739 1492 1793 dixit:
1559 1756 1577 1790 ι
1613 1737 1738 1794 llrec
1787 1739 2053 1794 sententia

2154 565 2444 633 metipsum
2492 561 2698 632 salvum
2730 561 2917 626 facies,
2947 569 3002 614 et
3040 574 3134 614 eos
3161 559 3252 627 qui
3305 565 3359 612 te
3386 558 3611 612 audiunt
3639 560 3658 629 (
3707 555 3739 614 Ι

2158 653 2291 707 Tim.
2317 654 2412 725 ιν).
2454 673 2473 706 ι
2508 653 2641 708 Boni
2692 653 2835 706 enim
2888 649 3132 721 magistri
3171 666 3276 703 non
3330 649 3478 703 aliud
3530 649 3741 704 docent

2155 760 2315 815 quam
2345 745 2487 814 quod
2516 745 2616 815 ipsi
2661 761 2690 798 a
2716 744 2872 798 bonis
2900 741 3322 813 praeceptoribus
3345 752 3738 811 perceperunt,

2155 836 2298 905 quod
2335 835 2496 889 etiam
2533 850 2562 888 a
2595 850 2806 888 summo
2849 834 3108 901 magistro
3145 834 3213 888 ad
3251 849 3438 888 eorum
3477 834 3740 888 notitiam

2153 925 2418 994 pervenit.
2451 924 2599 979 Sicut
2625 924 2981 978 Ecclesiastes
3006 924 3260 989 ostendit,
3279 924 3463 978 dicens
3488 943 3530 978 ε(
3555 923 3738 980 Verba

2155 1014 2474 1084 sapientium
2513 1021 2571 1068 ut
2611 1012 2834 1074 stimuli.
2861 1021 2915 1067 et
2936 1013 3091 1082 quasi
3121 1012 3258 1068 cla'vi
3288 1014 3343 1068 in
3371 1014 3538 1067 altum
3568 1012 3739 1068 deﬁxi

2155 1102 2353 1175 (Eccle.
2382 1103 2481 1172 xu)
2511 1117 2526 1156 :
2554 1123 2572 1155 ι
2606 1118 2726 1172 quze
2751 1117 2846 1172 per
2870 1103 3257 1172 magistrorum
3287 1103 3576 1158 consilium
3609 1103 3738 1156 data

2156 1203 2282 1252 sunt
2311 1211 2342 1249 a
2370 1204 2584 1265 pastore
2611 1209 2737 1248 uno.
2780 1193 2916 1248 Hinc
2952 1202 3008 1248 et
3051 1194 3164 1250 iosa
3193 1195 3454 1263 sapientia
3481 1195 3741 1249 hortatur

2156 1286 2348 1348 adhuc,
2373 1286 2561 1341 dicens
2588 1305 2601 1340 :

2158 1438 2168 1447 ἱ
2231 1396 2248 1427 ι
2278 1376 2394 1431 Non
2433 1384 2485 1432 te
2512 1387 2798 1447 praetereat
2836 1376 3075 1432 narratio
3114 1375 3416 1443 seniorum;
3457 1375 3559 1446 ipsi
3591 1377 3738 1431 enim

2160 1489 2180 1521 ι
2206 1469 2513 1525 didicerunt
2539 1485 2569 1524 a
2595 1470 2838 1540 patribus
2866 1469 2977 1523 suis
2997 1482 3010 1522 :
3029 1469 3283 1538 quoniam
3312 1469 3380 1521 ab
3402 1468 3537 1539 ipsis
3559 1468 3740 1524 disces

2161 1579 2180 1612 ι
2217 1560 2571 1628 intellectum,
2620 1569 2676 1615 et
2707 1561 2762 1614 in
2812 1568 3051 1630 tempore
3079 1561 3417 1616 necessitatis
3465 1562 3604 1615 dare
3650 1576 3738 1616 re-

2159 1671 2178 1704 ι
2212 1667 2488 1722 sponsum.
2542 1671 2562 1705 ι
2619 1650 2712 1706 Sic
2761 1660 2817 1706 et
2868 1650 3146 1719 apostolus
3196 1650 3387 1704 Petrus
3449 1651 3736 1718 admonet,

2154 1742 2339 1798 dicens
2368 1758 2381 1795 :
2420 1761 2438 1792 ι
2467 1741 2751 1795 Dominum
2765 1748 2943 1795 autem
2971 1737 3154 1794 Jesum
3182 1738 3457 1794 Christum
3484 1740 3737 1794 sanctiﬁ-

481 1837 679 1892 mundo
705 1837 829 1891 data
854 1843 970 1898 est;
995 1835 1110 1887 hmo
1140 1831 1232 1885 Dei
1263 1830 1346 1884 lex
1380 1837 1482 1894 est,
1513 1837 1572 1882 ut
1600 1829 1780 1884 omnia
1813 1836 1930 1883 orta
1961 1845 2053 1884 oc-
2080 1813 2126 1871 Β
2155 1843 2274 1889 cate
2303 1832 2356 1887 in
2383 1831 2638 1887 cordibus
2666 1831 2883 1894 vestris,
2915 1829 3092 1892 parati
3140 1843 3353 1898 semper
3392 1829 3463 1883 ad
3514 1830 3739 1884 satisfa-

479 1929 682 1994 cidant,
711 1937 766 1982 et
789 1936 943 1980 aucta
972 1932 1282 1987 senescant,
1314 1933 1370 1978 et
1406 1922 1750 1976 inﬂrmentur
1785 1921 1965 1986 fortia,
1999 1931 2053 1978 et

467 2034 667 2089 magna
695 2018 1023 2071 minuantur.
1063 2034 1081 2066 ι
1114 2013 1247 2068 Nam
1275 2028 1397 2068 cum
1426 2013 1552 2067 olim
1593 2012 1732 2065 ultra
1773 2012 2053 2082 octingen-

460 2119 560 2164 tos
587 2117 640 2163 et
666 2115 961 2179 nongentos
989 2121 1158 2159 annos
1193 2104 1301 2158 vita
1332 2104 1612 2158 hominum
1652 2102 1889 2174 longaeva
1921 2117 2052 2173 pro-

463 2201 709 2265 cederet,
734 2199 820 2252 vix
849 2213 991 2252 nunc
1034 2196 1207 2266 possit
1249 2196 1316 2250 ad
1349 2194 1721 2250 centenarium
1764 2207 2050 2248 numerum

474 2290 774 2359 pervenire.
803 2286 982 2344 Canos
1001 2287 1248 2342 videmus
1288 2287 1342 2340 in
1363 2286 1565 2355 pueris,
1590 2284 1767 2354 capilli
1797 2285 2054 2340 deﬁciunt

477 2393 764 2454 antequam
789 2389 1065 2444 crescant;
1097 2394 1196 2434 nec
1219 2387 1350 2434 aetas
1389 2380 1442 2433 in
1471 2385 1802 2434 senectutem
1830 2378 2048 2444 desinit,

475 2476 570 2530 sed
621 2471 808 2544 incipit
834 2490 866 2528 a
905 2480 1223 2528 senectute:
1257 2473 1336 2526 sic
1384 2473 1439 2526 in
1483 2481 1606 2527 ortu
1655 2487 1752 2526 suo
1793 2470 1863 2526 ad
1889 2471 2049 2526 finem

475 2564 727 2618 nativitas
773 2570 1048 2631 properat.
1084 2559 1175 2616 Sic
1219 2561 1575 2630 quodcunque
1619 2576 1760 2615 nunc
1787 2559 2047 2625 nascitur,

469 2651 658 2705 mundi
681 2650 848 2719 ipsius
867 2657 1144 2704 senectute
1165 2650 1469 2719 degenerat,
1498 2649 1572 2702 ita
1603 2655 1663 2702 ut
1683 2662 1840 2703 nemo
1864 2646 2050 2701 mirari

471 2743 664 2797 debeat
693 2740 899 2813 singula
949 2743 1001 2797 in
1053 2741 1252 2796 mundo
1303 2741 1534 2810 ccepisse
1578 2739 1807 2796 deficere
1833 2740 2051 2810 quando

472 2844 617 2892 totus
641 2835 877 2907 ipseiam
892 2834 1121 2889 mundus
1142 2834 1198 2888 in
1230 2833 1534 2889 defectione
1557 2833 1628 2890 sit
1653 2842 1708 2890 et
1733 2833 1787 2888 in
1810 2832 1939 2889 fine.

1059 2944 1283 3002 CAPUT
1323 2945 1458 3001 Xlll.

471 3038 548 3093 De
577 3047 780 3092 mortuo
796 3037 1008 3092 inimico
1034 3053 1136 3091 non
1161 3054 1270 3092 esse
1283 3036 1638 3119 gaudendum,
1667 3037 1886 3092 scientes
1909 3037 2050 3109 quod

1006 3123 1182 3162 οιηηεε
1219 3125 1266 3160 m
1275 3125 1493 3162 ortmur.

541 3215 566 3250 ι
602 3196 722 3252 Νοιὶ
767 3195 834 3251 de
884 3204 1099 3251 mortuo
1136 3196 1357 3250 inimico
1414 3206 1505 3251 tuo
1553 3197 1809 3268 gaudere,
1861 3197 2042 3253 sciens

471 3309 496 3343 s
537 3290 1000 3360 quoniam-omnes
1026 3287 1292 3341 morimur
1320 3306 1332 3341 :
1357 3297 1411 3342 et
1439 3289 1492 3342 in
1519 3289 1770 3359 gaudium
1792 3288 2043 3344 nolumus

477 3401 496 3433 ι
533 3379 735 3434 venire.
782 3396 800 3429 ι
835 3377 1200 3441 Subauditur,
1239 3377 1580 3433 inimicorum
1615 3386 1940 3434 nostrorum.
1984 3377 2042 3434 Si

471 3469 616 3524 enim
654 3467 947 3523 secundum
976 3466 1188 3522 Domini
1217 3468 1529 3522 mandatum
1565 3467 1837 3540 diligimus
1865 3467 2044 3522 inimi-

437 3575 566 3616 'cos
591 3567 822 3624 nostros,
859 3565 915 3613 et
957 3558 1094 3612 bene
1146 3555 1372 3612 facimus
1405 3558 1492 3613 his
1530 3558 1621 3628 qui
1667 3557 1897 3613 oderunt
1920 3572 2041 3622 nos,

458 3651 620 3708 .nullo
669 3650 828 3706 modo
867 3649 934 3704 de
986 3663 1173 3704 eorum
1209 3662 1340 3704 casu
1390 3663 1676 3718 possumus
1732 3647 1917 3703 laetari.
1970 3647 2046 3704 De

459 3759 582 3812 squo
622 3749 678 3796 et
712 3740 838 3795 alibi
893 3738 1172 3808 Scriptura
1219 3755 1318 3794 nos
1363 3741 1630 3810 prohibet,
1663 3740 1881 3794 dicens:
1917 3759 1936 3790 ι
1968 3739 2046 3794 Ne

474 3832 671 3888 laeteris
696 3831 749 3886 in
771 3831 990 3885 alterius
1015 3845 1142 3886 casu
1161 3831 1340 3901 (Prov.
1366 3829 1523 3902 xvn),
1556 3850 1574 3882 ι
1606 3832 1698 3886 sed
1721 3845 1910 3886 eorum
1931 3831 2046 3886 vice

458 3925 840 3990 :condolentes,
895 3925 1036 3980 sicut
1075 3934 1321 3980 nostram
1371 3926 1448 3980 ita
1473 3934 1528 3981 et
1574 3926 1788 3982 illorum
1833 3927 2046 3981 ruinam

474 4017 750 4074 deﬂemus.
783 4015 967 4071 Mortis
1010 4016 1156 4071 enim
1191 4031 1416 4072 occasus
1456 4016 1706 4070 omnibus
1747 4016 2048 4074 communis

454 4116 590 4174 .est;
635 4117 690 4162 et
715 4107 834 4162 ideo
882 4105 1022 4161 sicut
1060 4121 1159 4161 nos
1198 4106 1446 4160 nolumus
1488 4106 1541 4159 in
1573 4106 1823 4175 gaudium
1866 4107 2046 4160 inimi-

477 4214 664 4255 corum
713 4206 1022 4253 nostrorum
1077 4197 1335 4263 incidere,
1384 4197 1461 4251 ita
1498 4211 1597 4250 nec
1628 4196 1727 4266 ipsi
1768 4197 1834 4251 de
1862 4211 2048 4251 eorum

461 4290 697 4348 .a'nteritu
717 4289 973 4344 debemus
988 4287 1250 4358 gaudere;
1275 4285 1368 4342 sed
1383 4285 1525 4342 illius
1539 4287 1820 4341 sententiae
1835 4300 2051 4356 semper

479 4395 746 4436 memores
794 4395 912 4435 esse
943 4419 958 4444 ,
990 4394 1095 4448 qua
1141 4378 1345 4432 dictum
1375 4385 1494 4432 est:
1535 4396 1552 4428 ι
1592 4376 1747 4445 Quod
1791 4376 1887 4430 tibi
1929 4376 2049 4432 ﬁeri

2151 1926 2382 1982 ctionem
2405 1925 2550 1979 omni
2580 1924 2818 1994 poscenti
2849 1939 2943 1978 vos
2983 1923 3247 1978 rationem
3290 1922 3356 1977 de
3388 1936 3474 1986 ea,
3515 1936 3646 1990 quas
3681 1922 3735 1978 in

2151 2018 2326 2082 vobis.
2357 2024 2440 2072 est
2467 2032 2560 2086 spe
2585 2015 2646 2086 (Ι
2677 2014 2790 2070 Pet.
2823 2013 2939 2088 ιιι).
2977 2034 2996 2066 ι
3023 2011 3293 2069 Condecet
3331 2013 3478 2068 enim
3516 2029 3738 2068 servum

2151 2107 2245 2160 Dei
2276 2107 2561 2177 diligenter
2591 2115 2647 2160 et
2685 2114 2841 2160 caute
2876 2120 2938 2160 ea
2979 2120 3010 2158 a
3048 2104 3321 2174 magistris
3341 2105 3590 2170 discere,
3619 2119 3738 2174 quae

2152 2197 2266 2268 ipse
2295 2197 2632 2268 postmodum
2671 2196 2792 2251 aliis
2813 2196 3105 2265 prudenter
3139 2203 3195 2250 et
3236 2195 3529 2250 salubriter
3564 2197 3738 2264 possit

2149 2289 2416 2358 proferre,
2445 2303 2512 2342 ne
2533 2287 2693 2352 forte,
2720 2287 2764 2340 si
2795 2286 2882 2340 ille
2910 2287 3061 2356 prius
3091 2286 3244 2357 piger
3278 2294 3333 2340 et
3358 2289 3543 2357 segnis
3572 2286 3647 2339 sit
3671 2284 3736 2339 ad

2150 2381 2543 2446 meditandum,
2571 2387 2757 2450 postea
2795 2379 2915 2436 aliis
2949 2379 3259 2435 inveniatur
3288 2378 3497 2435 inutilis
3527 2379 3600 2434 ad
3639 2379 3735 2434 do-

2151 2471 2402 2527 cendum.

2227 2581 2245 2614 ι
2270 2561 2348 2616 Ne
2369 2561 2626 2617 incendes
2654 2562 2918 2618 carbones
2957 2568 3307 2631 peccatorum
3339 2573 3581 2628 arguens
3619 2574 3734 2624 eos,

2157 2674 2174 2706 ι
2213 2663 2268 2710 et
2292 2670 2358 2710 ne
2384 2655 2690 2712 incendaris
2704 2652 2914 2710 flamma
2933 2654 3072 2724 ignis
3086 2663 3431 2724 peccatorum
3446 2651 3689 2707 illorum.
3712 2673 3731 2704 ι

2151 2747 2354 2802 Cautus
2379 2762 2502 2804 esse
2538 2747 2699 2803 debet
2719 2746 2809 2817 qui
2853 2745 2973 2800 aliis
3015 2745 3358 2814 disciplinam
3387 2743 3639 2806 adhibet,
3666 2758 3730 2799 ne

2150 2838 2289 2894 forte
2307 2854 2407 2908 per
2435 2839 2770 2893 nimietatem
2799 2835 3156 2905 correptionis
3181 2835 3331 2905 pejor
3356 2833 3457 2887 ﬁat
3488 2834 3734 2888 irritatus

2153 2931 2365 2986 animus
2419 2929 2782 3000 delinquentis
2812 2969 2828 2993 ,
2861 2928 2945 2983 vel
2993 2941 3062 2981 ne
3101 2927 3214 2998 ipse
3265 2926 3425 2982 laesus
3479 2937 3735 2993 gravetur

2150 3021 2390 3092 peccatis
2416 3019 2625 3076 alienis.
2677 3017 2830 3074 Unde
2877 3018 3165 3089 Apostolus
3191 3017 3411 3072 Galatas
3454 3018 3732 3082 admonet,

2152 3111 2387 3167 utillum
2431 3111 2526 3181 qui
2572 3120 2973 3181 praeoccupatus
3001 3109 3164 3164 fuerit
3209 3109 3388 3178 aliquo
3415 3109 3644 3176 delicto,
3683 3109 3737 3164 hi

2151 3203 2243 3274 qui
2286 3202 2557 3274 spiritales
2615 3212 2741 3258 sunt
2784 3203 3054 3258 instruant
3099 3201 3152 3256 in
3198 3203 3391 3272 spiritu
3443 3202 3732 3268 lenitatis,

2147 3293 2552 3349 considerantes
2577 3293 2804 3363 seipsos,
2830 3307 2898 3348 ne
2920 3303 2974 3348 et
2995 3293 3096 3362 ipsi
3124 3293 3619 3363 tententur(Galat.
3639 3294 3734 3365 vi).

2146 3382 2285 3436 llinc
2337 3391 2393 3437 et
2433 3381 2486 3436 in
2518 3381 2932 3436 Deuteronomio
2981 3381 3239 3436 Dominus
3283 3382 3440 3452 jubet
3489 3399 3618 3439 eum
3647 3384 3737 3453 qui

2146 3490 2268 3530 cum
2291 3474 2466 3528 amico
2493 3475 2543 3527 in
2573 3472 2760 3527 silvam
2787 3472 2854 3527 ad
2873 3473 3212 3528 incidendum
3233 3473 3375 3546 ligna
3403 3475 3550 3541 ierit,
3586 3477 3634 3532 si
3663 3491 3744 3532 se-

2147 3567 2292 3622 curis
2318 3565 2566 3637 effugerit
2589 3581 2825 3630 manum,
2853 3573 2908 3619 et
2935 3564 3296 3619 vulneraverit
3315 3568 3653 3636 proximum,
3679 3569 3724 3624 is

2147 3659 2237 3729 qui
2286 3657 2550 3728 percussit
2596 3657 2919 3727 proximum,
2968 3655 3138 3727 fugiat
3181 3658 3249 3711 ad
3292 3673 3458 3712 unam
3515 3661 3735 3715 urbium

2149 3749 2378 3814 illarum,
2419 3763 2536 3817 quze
2561 3747 2762 3818 refugis
2787 3747 3050 3816 deputata!
3073 3753 3218 3811 sunt,
3258 3754 3314 3801 et
3354 3747 3426 3800 ibi
3455 3748 3523 3801 ab
3557 3750 3734 3804 ultore

2149 3839 2426 3910 sanguinis
2478 3839 2708 3908 proximi
2756 3837 2955 3892 illaesus
2996 3845 3241 3891 servetur
3271 3835 3449 3908 (Deut.
3485 3839 3632 3909 xxx).
3659 3840 3738 3894 Ad

2148 3931 2340 3986 silvam
2375 3945 2497 3985 cum
2524 3931 2699 3985 amico
2737 3929 2895 3992 imus,
2929 3928 3140 3998 quoties
3167 3943 3288 3982 eum
3314 3927 3563 3997 quolibet
3617 3945 3739 4000 pro—

2150 4021 2295 4075 ximo
2337 4020 2403 4074 ad
2456 4019 2708 4074 intuenda
2754 4017 2949 4073 delicta
2996 4025 3183 4072 nostra
3234 4017 3654 4082 convertimur;
3687 4027 3740 4072 et

2152 4109 2474 4179 simpliciter
2520 4107 2665 4178 ligna
2715 4107 3070 4171 succidimus,
3131 4122 3254 4162 cum
3299 4105 3734 4176 delinquentium

2148 4201 2278 4255 vitia
2308 4201 2394 4270 pia
2421 4199 2718 4255 intentione
2765 4214 3102 4264 resecamus;
3132 4199 3226 4254 sed
3257 4199 3467 4252 securis
3509 4213 3734 4253 manum

2150 4291 2302 4362 fugit,
2333 4307 2456 4347 cum
2510 4305 2631 4345 sese
2667 4290 2960 4359 increpatio
3003 4289 3124 4360 plus
3175 4303 3337 4358 quam
3385 4303 3623 4344 necesse
3653 4298 3736 4344 est

2149 4382 2206 4437 in
2257 4383 2600 4452 asperitatem
2640 4380 2926 4450 pertrahit,
2963 4378 3273 4448 ferrumque
3319 4378 3386 4432 de
3438 4378 3736 4433 manubrio

456 4488 589 4528 ,ιιθιι
618 4473 722 4535 vis,
779 4470 931 4526 alteri
983 4484 1051 4524 ne
1090 4467 1283 4524 feceris
1314 4467 1463 4539 (Tob.
1495 4466 1592 4539 ιν).
1623 4486 1642 4519 ι
1681 4466 1789 4523 Nec
1839 4482 1946 4522 non
1995 4475 2051 4521 et
2072 4508 2127 4568 Β
2150 4473 2380 4544 prosilit,
2409 4487 2531 4527 cum
2563 4471 2629 4526 de
2671 4470 3008 4539 correptione
3056 4483 3232 4523 sermo
3272 4466 3459 4522 durior
3495 4468 3736 4533 excedit,

464 4564 624 4619 illius
650 4562 914 4618 Dominici
938 4561 1212 4632 praecepti,
1232 4575 1339 4629 quo
1369 4560 1445 4613 ait
1475 4576 1488 4613 :
1527 4577 1545 4610 ‹
1577 4557 1771 4615 Omnia
1797 4572 2049 4628 quaecun-

457 4665 586 4720 que
611 4651 773 4705 vultis
799 4658 859 4704 ut
886 4648 1088 4703 faciant
1119 4648 1270 4703 vobis
1314 4647 1577 4713 homines,
1618 4645 1806 4703 eadem
1850 4660 1944 4701 vos
1972 4645 2026 4700 fa

453 4772 467 4787 ι-
481 4743 588 4798 cite
618 4740 722 4796 illis
750 4738 965 4812 (Matth.
991 4754 1101 4803 vu;
1133 4737 1258 4791 Luc.
1288 4738 1384 4807 vi).
1424 4756 1444 4789 ι

560 4853 577 4885 ε
615 4831 693 4886 Ne
738 4829 1002 4899 despicias
1054 4829 1420 4882 narrationem
1468 4825 1903 4897 presbyterorum
1959 4839 2050 4880 sa-

487 4946 507 4979 ι
543 4925 837 4997 picntium;
880 4930 935 4976 et
975 4921 1027 4975 in
1071 4918 1376 4974 Proverbiis
1433 4917 1646 4972 illorum
1691 4931 2046 4982 conversare;

453 5082 459 5088 _
487 5041 504 5073 ι
537 5020 604 5076 ab
636 5018 766 5089 ipsis
798 5015 941 5072 enim
971 5013 1166 5067 .disces
1203 5009 1520 5080 sapientiam
1555 5016 1608 5062 et
1641 5007 1940 5062 doctrinam
1971 5007 2053 5061 in-

486 5135 505 5166 c
542 5112 804 5173 tellectus,
832 5115 886 5162 et
910 5106 1114 5162 servire
1142 5102 1410 5173 magnatis
1438 5102 1553 5156 sine
1573 5100 1812 5170 querela.
1839 5119 1858 5152 ι
1887 5100 2053 5155 Recte

475 5204 737 5260 admonet
782 5197 1207 5255 ecclesiasticum
1256 5194 1541 5264 populum,
1596 5200 1654 5247 ut
1697 5192 1940 5248 subditus
1985 5192 2056 5248 sit

481 5296 684 5352 salictis
717 5291 1047 5356 doctoribus,
1078 5296 1133 5344 et
1176 5286 1424 5342 assiduus
1454 5291 1667 5340 maneat
1720 5285 1774 5338 in
1811 5283 2053 5337 doctrinm

481 5386 718 5448 illorum,
750 5382 876 5453 quia
908 5381 1032 5435 inde
1072 5377 1346 5448 perveniet
1373 5375 1441 5430 ad
1477 5374 1806 5429 intellectum
1838 5373 2052 5442 sapien-

477 5476 602 5541 tiae,
649 5481 706 5528 et
745 5474 814 5527 ad
870 5470 1230 5526 moralitatem
1279 5465 1597 5536 disciplime.
1652 5463 1808 5519 Unde
1857 5461 2054 5516 Paulus

483 5565 768 5620 Timotheo
792 5563 1044 5634 praecepit
1070 5602 1085 5626 ,
1111 5561 1296 5616 dicens
1329 5575 1343 5612 :
1381 5576 1398 5609 ι
1446 5557 1580 5611 Dum
1623 5556 1802 5622 venio,
1838 5554 2057 5608 attende

470 5656 700 5712 lectioni
727 5695 742 5722 ,
791 5654 1153 5712 exhortationi
1199 5661 1253 5709 et
1290 5651 1579 5715 doctrinae;
1613 5650 1666 5703 in
1698 5649 1782 5703 bis
1807 5656 1926 5703 esto
1956 5688 1971 5712 ,
1999 5654 2059 5702 ut

465 5746 761 5817 profectus
789 5754 911 5802 tuus
933 5744 1252 5802 manifestus
1273 5745 1346 5802 sit
1381 5743 1652 5800 omnibus.
1691 5741 1925 5798 Attende
1960 5739 2058 5797 tibi

2157 4571 2211 4616 et
2235 4563 2466 4617 amicum
2497 4561 2808 4630 percutiens
2841 4559 3058 4624 occidit,
3107 4558 3200 4628 qui
3239 4557 3545 4612 auditorem
3581 4574 3740 4614 suum

2156 4654 2364 4725 prolata
2417 4649 2734 4706 contumelia
2769 4649 2837 4704 ab
2877 4649 3069 4719 spiritu
3115 4646 3416 4702 dilectionis
3453 4647 3735 4704 interficit.

2155 4742 2405 4812 Correpti
2433 4755 2668 4810 namque
2711 4751 2863 4793 mens
2913 4746 3132 4808 repente
3185 4737 3249 4792 ad
3289 4737 3472 4791 odium
3499 4739 3737 4806 proruit,

2156 4831 2202 4886 si
2229 4831 2369 4886 hanc
2411 4827 2770 4886 iuunoderata
2825 4826 3119 4896 increpatio
3165 4825 3288 4896 plus
3326 4840 3492 4894 quam
3551 4827 3739 4881 debuit

2156 4921 2376 4976 addicit.
2409 4919 2516 4974 Sed
2553 4919 2599 4974 is
2622 4919 2714 4988 qui
2745 4919 2958 4973 incaute
3002 4918 3201 4988 lignum
3242 4917 3496 4987 percutit,
3529 4926 3586 4971 et
3611 4934 3738 4988 pro-

2154 5018 2359 5072 ximum
2388 5017 2702 5087 exstinguit,
2727 5017 2793 5070 ad
2825 5024 2936 5070 tres
2969 5029 3190 5070 necesse
3225 5021 3308 5068 est
3331 5014 3498 5069 urbes
3542 5013 3739 5082 fugiat,

2156 5117 2216 5162 ut
2237 5109 2290 5164 in
2313 5123 2417 5162 una
2443 5122 2630 5161 earum
2657 5107 2907 5162 defensus
2927 5105 3093 5160 vivat.
3129 5101 3264 5171 Quia
3299 5104 3342 5158 si
3377 5104 3444 5157 ad
3464 5107 3739 5172 poeniten-

2157 5197 2246 5250 tia:
2271 5196 2821 5251 lamenta—conversus
2837 5194 2889 5248 in
2912 5194 3116 5248 unitate
3137 5191 3464 5247 sacramenti
3493 5193 3598 5247 sub
3619 5207 3739 5262 spe,

2160 5287 2264 5343 fide
2294 5296 2350 5343 et
2368 5288 2629 5342 cbaritate
2656 5287 3002 5341 absconditur
3027 5325 3042 5351 ,
3072 5299 3196 5339 reus
3222 5286 3519 5353 perpetrati
3560 5285 3737 5339 homi-

2159 5379 2282 5433 cidii
2311 5394 2414 5432 non
2438 5386 2672 5453 tenetur,
2685 5391 2912 5445 eumque
2933 5376 3186 5430 exstincti
3207 5375 3507 5445 proximus,
3536 5383 3741 5431 etcum

2160 5469 2444 5534 invenerit,
2495 5485 2601 5524 non
2646 5467 2863 5522 occidit.
2901 5465 3037 5533 Quia
3087 5481 3210 5520 cum
3244 5465 3526 5520 districtus
3570 5467 3742 5538 judex

2161 5559 2390 5624 venerit,
2419 5558 2511 5628 qui
2541 5573 2660 5613 sese
2689 5557 2842 5611 nobis
2869 5571 2968 5625 per
3011 5564 3217 5610 natura:
3253 5565 3454 5609 nostrze
3506 5571 3740 5611 consor-

2162 5650 2296 5705 tium
2319 5649 2519 5720 junxit,
2553 5649 2620 5702 ab
2649 5663 2715 5703 eo
2751 5646 2935 5717 procul
2961 5647 3122 5701 dubio
3145 5646 3438 5700 vindictam
3467 5647 3536 5700 de
3571 5645 3743 5714 eulpae

2165 5748 2315 5794 reatu
2354 5753 2460 5795 non
2487 5737 2710 5809 expetit,
2739 5751 2896 5807 quem
2937 5736 3035 5792 sub
3079 5735 3196 5807 ejus
3222 5735 3378 5790 venia
3419 5749 3574 5805 spes,
3605 5733 3741 5788 ﬁdes
