3962 6198
212 327 320 391 817

1106 322 1460 383 (ΙΟΗΜΕΝΤ.
1497 322 1569 380 ιΝ
1604 315 2216 379 ECCLESIASTICUM.
2257 346 2328 359 --
2364 312 2491 372 LIB.
2527 314 2594 370 ιι.

3376 306 3489 373 8⁸18

211 456 271 503 et
291 443 537 501 cbaritas
571 440 897 498 abscondit:
928 439 1091 496 citius
1116 455 1249 512 ergo
1296 438 1453 510 culpa
1488 436 1800 503 dimittitur,
1830 439 1880 499 Α
1913 450 1933 485 ι
1967 432 2136 498 vadit,
2164 439 2221 486 et
2242 428 2404 486 simul
2440 442 2565 485 cum
2610 423 2839 482 stultitia
2888 424 3030 480 iilius
3064 424 3288 496 peribis.
3325 444 3347 479 ι
3378 429 3493 481 Au-

212 550 339 608 qua
357 547 698 605 nequaquam
726 531 948 588 malitia;
972 531 1153 587 studio
1186 537 1544 603 perpetratnr.

809 641 1039 699 CAPUT
1062 641 1200 699 XIV.

216 738 295 795 De
348 737 578 795 vitandis
635 733 791 790 malis
839 734 1015 805 dictis,
1048 734 1235 805 factis,
1275 730 1675 804 cogitationibus
1708 745 1807 803 per

806 803 1072 859 auxilium
1092 803 1214 858 Dei.

289 918 311 953 ι
344 896 429 954 Ne
464 904 657 954 contra
684 894 879 951 faciem
908 903 1022 951 stes
1054 893 1468 959 contumeliosi,
1519 906 1590 947 ne
1616 891 1807 947 sedeat

219 1010 239 1045 ι
270 989 428 1062 quasi
490 988 791 1044 insidiator
823 987 907 1042 ori
955 995 1068 1041 tuo.
1098 1004 1117 1037 ι
1155 984 1620 1042 Contumeliosum
1667 985 1808 1041 bene

213 1095 507 1154 possumus
557 1078 806 1149 accipere
848 1076 1163 1132 bmreticum
1194 1117 1209 1143 ,
1249 1076 1340 1147 qui
1387 1090 1602 1145 semper
1640 1074 1807 1129 verba

214 1179 402 1227 nostra
430 1168 628 1240 quaerit
645 1167 984 1232 subvertere,
1005 1175 1061 1221 et
1081 1165 1149 1221 ad
1178 1166 1475 1235 nequitiam
1503 1179 1697 1221 sensus
1723 1163 1808 1219 sui

211 1260 561 1334 pertrahere,
589 1258 817 1328 proinde
843 1254 1004 1324 hujus
1044 1255 1332 1311 collocatio
1359 1254 1667 1325 perniciosa
1697 1264 1805 1319 est,

213 1360 271 1407 et
293 1350 421 1405 ideo
440 1348 668 1404 omnino
697 1345 970 1417 fugienda,
999 1345 1141 1400 sicut
1163 1343 1216 1398 in
1244 1343 1556 1399 Proverbiis
1584 1341 1812 1412 Sapien~

214 1443 291 1497 tia
320 1441 597 1505 hortatur,
627 1438 813 1493 dicens
837 1455 852 1490 :
880 1453 900 1488 ι
934 1435 1036 1490 Fili
1064 1437 1154 1499 mi,
1185 1434 1231 1490 si
1256 1442 1308 1489 te
1337 1433 1661 1488 lactaverint
1683 1448 1811 1503 pec-

214 1547 436 1591 catores
468 1571 484 1598 ,
512 1546 582 1587 ne
617 1529 934 1600 acquiescas
960 1526 1147 1600 (Prov.
1178 1525 1243 1599 ι).
1275 1545 1296 1579 ι
1340 1527 1409 1581 Ει
1442 1525 1574 1581 item
1606 1542 1620 1579 :
1660 1543 1679 1577 t
1705 1523 1811 1581 Fili

215 1631 313 1696 Ini,
348 1644 422 1686 ne
458 1626 706 1683 ambules
749 1639 877 1680 cum
924 1623 1036 1690 eis;
1081 1621 1313 1693 prohibe
1344 1619 1539 1690 pedem
1599 1625 1750 1673 tuum
1778 1632 1811 1672 a

215 1721 434 1779 semitis
446 1734 658 1777 eorum.
683 1716 859 1774 Pedes
876 1715 1023 1771 enim
1042 1728 1233 1770 eorum
1255 1713 1322 1768 ad
1340 1710 1540 1766 malum
1558 1714 1809 1775 currunt,

218 1824 277 1871 et
300 1812 567 1869 festinant
592 1819 655 1867 ut
674 1810 955 1867 effundant
968 1807 1286 1880 sanguinem
1308 1805 1360 1878 (1
1366 1804 1522 1876 bid.).
1552 1823 1572 1857 ι

298 1922 319 1955 ι
350 1901 473 1957 Noli
500 1901 739 1957 funerari
763 1895 971 1954 homini
995 1896 1209 1953 fortiori
1234 1904 1316 1962 te;
1344 1892 1492 1964 quod
1515 1892 1563 1949 si
1606 1890 1814 1948 fenera-

222 2012 246 2046 ι
283 1993 451 2057 veris,
501 2000 764 2061 tanquam
802 1988 1074 2059 perditum
1118 1986 1280 2043 habe.
1318 2002 1338 2037 ι
1370 1984 1677 2040 Fortiorem
1723 1982 1815 2038 hic

221 2099 331 2139 non
357 2083 564 2138 viribus
579 2080 835 2144 validum,
861 2079 958 2135 sed
973 2076 1206 2133 elatione
1226 2074 1492 2131 tumidum
1514 2080 1812 2142 nuncupat,

220 2174 313 2230 cui
355 2171 608 2242 prohibet
653 2170 811 2225 fenus
854 2168 1133 2233 tribuere;
1162 2165 1290 2235 quia
1324 2179 1434 2219 non
1483 2162 1667 2217 laudat
1690 2175 1816 2216 cum

222 2279 292 2320 eo
321 2261 595 2318 amicitias
607 2257 856 2330 jungere.
884 2255 1132 2326 Superbo
1155 2255 1360 2325 itaque,
1386 2253 1495 2308 hoc
1515 2259 1619 2318 est,
1646 2252 1819 2306 haere-

225 2356 340 2410 tice
373 2351 800 2415 communicare,
824 2346 1039 2417 injurias
1083 2346 1260 2418 magis
1289 2345 1686 2401 incrementum
1710 2348 1815 2409 est,

225 2460 397 2517 quam
451 2442 650 2513 quietis
679 2439 1134 2505 emolumentum;
1175 2444 1232 2493 et
1280 2437 1402 2509 ideo
1456 2436 1515 2491 in
1568 2434 1719 2491 omni
1759 2448 1821 2489 re

227 2540 406 2610 magis
430 2536 778 2595 devitandum
814 2541 899 2590 est
950 2533 1069 2604 ejus
1108 2531 1441 2588 consortium
1473 2570 1490 2597 ,
1522 2543 1687 2600 quam
1714 2527 1821 2583 ali--

228 2631 403 2702 eujus‘
417 2627 555 2684 lucri
581 2635 678 2682 aut
701 2623 1025 2695 eloquentia:
1046 2636 1147 2693 per
1172 2636 1298 2678 eum
1324 2620 1684 2692 appetendum
1724 2619 1823 2675 ad-

236 2719 587 2786 miniculum;
616 2716 797 2788 perdit
834 2715 979 2772 enim
1004 2715 1161 2771 fenus
1184 2755 1201 2781 ,
1229 2713 1324 2785 qui
1354 2713 1567 2784 ingrato
1595 2711 1819 2779 tribuit;

235 2820 295 2867 et
327 2810 525 2866 minuit
577 2806 963 2873 substantiam,
1008 2805 1102 2875 qui
1129 2818 1386 2876 perverso
1434 2804 1819 2860 communicat.

241 2902 400 2960 Unde
427 2900 684 2958 Salomon
728 2899 783 2955 in
808 2897 1119 2956 Proverbiis
1140 2899 1412 2964 admonet,
1439 2896 1662 2953 dicens:
1694 2915 1714 2949 ι
1741 2896 1826 2952 Bi-

238 2997 311 3055 be
336 3008 538 3067 aquam
562 2993 631 3051 de
660 2993 898 3049 cisterna
926 2999 1036 3056 tua,
1056 2999 1114 3046 et
1134 2988 1333 3046 ﬂuenta
1356 2989 1506 3060 putei
1527 2989 1605 3044 tui
1626 2990 1826 3046 habeto

236 3101 301 3143 ea
333 3084 503 3151 solus,
532 3097 635 3139 nec
663 3083 773 3140 sint
806 3082 968 3138 alieni
1011 3081 1305 3152 participes
1336 3080 1415 3136 tui
1447 3077 1644 3153 (Prov.
1669 3079 1755 3153 v).
1800 3098 1819 3132 ι

1903 527 2066 583 daces
2091 525 2181 581 hic
2200 538 2489 597 possumus
2519 522 2724 578 sentire
2748 519 3054 586 haereticos,
3091 520 3187 590 qui
3232 534 3503 591 pem

1902 623 2107 695 ptionis
2165 635 2277 678 suae
2319 618 2556 676 condunt
2583 624 2792 679 sectas;
2824 615 2880 670 in
2909 613 3113 684 quibus
3134 614 3353 669 omnino
3382 629 3489 670 non

1904 723 1991 771 est
2016 713 2173 770 nobis
2217 709 2594 784 gradiendum,
2639 705 2766 778 quia
2812 706 3107 761 secundum
3157 703 3495 761 voluntatem

1907 821 2087 870 suam,
2122 813 2180 859 et
2225 817 2332 857 non
2381 800 2674 857 secundum
2710 798 3041 854 voluntatem
3092 797 3196 853 Dei
3236 797 3442 852 vadunt
3474 815 3499 851 ι

1906 892 1999 969 qui
2026 895 2173 952 enim
2206 893 2420 948 illorum
2471 890 2692 946 semitas
2734 904 3019 960 perversas
3039 888 3299 961 graditur,
3331 887 3491 943 simul

1907 1002 2031 1043 cum
2069 984 2299 1041 stultitia
2334 982 2547 1038 illorum
2591 981 2809 1052 peribit.
2857 977 2994 1033 Nota
3050 979 3178 1049 quia
3230 979 3374 1033 sicut
3407 992 3495 1033 su-

1907 1079 2091 1149 perius
2117 1076 2395 1147 prohibuit
2435 1082 2625 1130 contra
2675 1071 2869 1127 faciem
2915 1070 3294 1126 contumeliosi
3345 1077 3493 1125 stare

1910 1177 1967 1225 et
2029 1166 2236 1224 fortiori
2301 1165 2542 1221 fenerari
2573 1205 2589 1230 ,
2653 1164 2726 1219 ita
2775 1171 2832 1218 et
2872 1179 3017 1218 nunc
3077 1163 3329 1234 prohibet
3367 1179 3492 1219 cum

1909 1261 2116 1318 audace
2168 1259 2222 1314 in
2271 1257 2360 1312 via
2394 1255 2690 1321 ambulare,
2734 1255 2860 1324 quia
2912 1256 3210 1309 secundum
3258 1254 3498 1324 psalmo-

1910 1352 2102 1426 graphi
2166 1350 2492 1407 sententiam
2538 1366 2553 1403 :
2617 1365 2634 1398 ι
2689 1347 2888 1401 Beatus
2946 1355 3030 1401 est
3088 1346 3173 1401 vir
3235 1346 3328 1416 qui
3387 1361 3501 1401 non

1911 1447 2045 1501 abiit
2078 1445 2134 1499 in
2171 1442 2397 1500 consilio
2452 1441 2738 1511 impiorum
2770 1480 2785 1506 ,
2817 1447 2871 1494 et
2918 1440 2972 1493 in
3022 1438 3109 1493 via
3148 1448 3503 1509 peccatorum

1911 1550 2020 1591 non
2047 1534 2219 1596 stetit,
2249 1541 2306 1588 et
2336 1532 2389 1587 in
2420 1531 2676 1586 cathedra
2705 1529 3026 1602 pestilentiae
3061 1544 3170 1583 non
3200 1530 3380 1595 sedit;
3405 1529 3501 1584 sed

1912 1627 1968 1682 in
1996 1626 2115 1696 lege
2135 1624 2349 1680 Domini
2378 1623 2626 1678 voluntas
2651 1621 2789 1692 ejus,
2818 1629 2875 1676 et
2904 1621 2959 1675 in
2991 1620 3106 1692 lege
3130 1617 3247 1688 ejus
3270 1619 3504 1674 medita-

1913 1719 2062 1774 bitur
2089 1717 2178 1773 die
2209 1731 2275 1771 ac
2316 1722 2480 1771 nocte
2505 1712 2678 1787 (Ptol.
2698 1712 2759 1786 ι).
2797 1730 2815 1765 ι
2849 1713 2926 1768 De
2951 1727 3059 1783 quo
3085 1721 3140 1766 ct
3169 1711 3346 1767 adhuc
3372 1710 3504 1765 hor-

1840 1803 1888 1864 B
1915 1816 2064 1864 tatur
2096 1805 2471 1878 subjungenszz

1989 1918 2010 1952 ι
2045 1897 2182 1954 Cum
2211 1898 2471 1952 iracundo
2493 1912 2603 1952 non
2624 1896 2794 1951 facias
2833 1895 3029 1962 rixam,
3053 1903 3107 1950 et
3140 1909 3261 1949 cum
3302 1894 3507 1949 audace

1920 2012 1937 2045 ι
1973 2005 2081 2047 non
2104 2006 2198 2046 eas
2222 1991 2275 2044 in
2306 1990 2584 2045 desertum
2607 2008 2619 2043 :
2642 1990 2895 2060 quoniam
2918 1989 3072 2060 quasi
3104 1987 3352 2042 nihilost
3380 1996 3508 2042 ante

1922 2096 1942 2134 ι
1970 2080 2121 2136 illum
2169 2080 2414 2149 sanguis,
2452 2087 2509 2133 et
2537 2080 2627 2134 ubi
2675 2095 2784 2134 non
2811 2088 2897 2134 est
2942 2079 3293 2149 adjutorium,
3343 2078 3509 2134 elidct

1923 2191 1942 2225 ι
1973 2180 2045 2227 te.
2084 2190 2105 2224 ι
2160 2171 2316 2225 Licet
2362 2170 2717 2226 historialiter
2764 2185 2865 2226 nos
2916 2171 3205 2225 admoneat
3250 2170 3507 2225 vitiosum

1917 2276 2083 2339 atque
2132 2266 2393 2322 furiosum
2425 2265 2700 2320 hominem
2747 2265 3006 2330 devitarc,
3058 2260 3512 2337 tamen‘mysticé
3594 2312 3609 2329 δ

1920 2362 2078 2418 docet
2126 2360 2616 2431 blasphemantium
2666 2358 2976 2415 Judaeorum
3024 2369 3080 2415 et
3126 2360 3509 2416 haereticorum

1921 2464 2194 2512 consortia
2232 2452 2439 2525 fugere,
2466 2460 2593 2509 ante
2622 2467 2851 2523 quorum
2886 2440 3073 2510 oculos
3103 2452 3237 2508 nihil
3262 2462 3352 2509 est
3377 2468 3513 2508 san-

1922 2546 2063 2619 guis,
2101 2547 2228 2616 quia
2271 2556 2364 2601 aut
2389 2546 2746 2616 corporaliter
2787 2536 3008 2600 carnem
3054 2543 3302 2600 ambiunt
3342 2545 3512 2599 trucis

1921 2638 2072 2705 dare,
2119 2647 2219 2695 aut
2266 2638 2443 2710 magis
2504 2638 2715 2692 animas
2764 2635 3119 2708 spiritualiter
3164 2650 3264 2706 per
3309 2635 3514 2691 erroris

1918 2732 2244 2804 pravitatem
2268 2744 2519 2785 enecare.
2557 2728 2785 2784 Veloces
2808 2729 2955 2784 enim
2978 2728 3146 2800 pedes
3170 2741 3363 2783 eorum
3386 2734 3517 2782 sunt

1922 2824 1990 2879 ad
2038 2821 2420 2879 eli‘undendum
2457 2821 2796 2892 sanguinem,
2840 2827 2898 2875 et
2943 2818 3198 2875 contritio
3238 2825 3401 2888 atque
3432 2814 3515 2872 in-

1923 2913 2156 2971 felicitas
2174 2920 2259 2968 est
2289 2913 2344 2968 in
2357 2913 2461 2967 viis
2478 2928 2688 2977 eorum,
2712 2911 2803 2982 qui
2826 2919 2883 2966 et
2901 2910 2957 2965 in
2982 2910 3255 2966 desertum
3277 2911 3479 2965 ducunt
3496 2926 3514 2962 :

1924 3005 2050 3076 quia
2076 3005 2145 3060 de
2175 3013 2324 3060 terra
2365 3004 2618 3060 Ecclesia
2658 3003 2905 3070 evellere,
2942 3012 2998 3059 et
3025 3004 3079 3058 in
3109 3004 3266 3059 devia
3313 3003 3517 3059 erroris

1928 3097 2034 3163 sui,
2079 3111 2435 3167 quoscunque
2482 3104 2729 3169 possunt,
2765 3096 3022 3153 inducere
3055 3095 3404 3152 contendunt.
3438 3094 3517 3151 De

316 3195 337 3228 ι
366 3176 485 3233 Non
540 3176 809 3248 spondeas
856 3190 1020 3246 super
1061 3174 1319 3230 virtutem
1366 3182 1558 3242 tuam;
1597 3174 1741 3244 quod
1778 3173 1827 3229 si
1853 3165 1899 3228 C
1931 3165 2128 3260 quum;
2150 3196 2207 3244 ει
2241 3165 2417 3244 θάὴὶιο
2441 3165 2688 3244 ειξικιίιυι-
2722 3205 2737 3242 τ

243 3291 264 3325 ι
297 3271 675 3343 spoponderis,
703 3270 861 3341 quasi
882 3269 1179 3326 restituens
1219 3268 1417 3338 cogita.
1447 3287 1468 3320 ι
1500 3265 1712 3323 Βοιιιιιιι
1743 3274 1829 3322 est

232 3373 296 3421 ut
312 3378 549 3434 quisque
573 3362 882 3419 consideret
916 3374 1230 3417 mensuram
1264 3359 1460 3415 virium
1498 3372 1745 3425 suarum,
1771 3364 1829 3413 et

233 3458 317 3514 sic
338 3465 528 3519 votum
556 3463 839 3528 temperet,
862 3469 931 3510 ne
953 3454 1008 3509 in
1029 3452 1533 3509 mendaeiireatum
1560 3452 1825 3508 incurrat.

238 3546 397 3605 Unde
418 3545 681 3601 Dominus
699 3561 795 3617 per
825 3545 1042 3616 Moysen
1064 3542 1344 3613 praecepit,
1366 3541 1551 3599 dicens
1575 3559 1591 3597 :
1628 3562 1647 3596 ι
1689 3542 1826 3599 Cum

233 3637 452 3701 voveris
479 3644 666 3694 votum
713 3634 942 3691 Domino
973 3635 1084 3692 Deo
1121 3644 1215 3690 tuo
1236 3674 1251 3698 ,
1282 3648 1392 3715 nqn
1435 3634 1677 3691 tardabis
1706 3634 1831 3689 red-

234 3730 387 3796 dere,
410 3730 541 3799 quia
591 3727 834 3799 requiret
872 3725 1004 3782 illud
1032 3726 1296 3783 Dominus
1335 3727 1481 3783 Deus
1510 3733 1667 3794 tuus;
1699 3735 1757 3783 et
1781 3725 1829 3782 si

235 3829 482 3879 moratus
508 3821 697 3887 fueris,
739 3818 1013 3890 reputabit
1062 3819 1161 3875 tibi
1212 3818 1268 3875 in
1285 3828 1611 3891 -peccatum;
1648 3818 1696 3875 si
1727 3833 1829 3875 no-

234 3910 407 3968 lueris
428 3911 695 3982 polliceri,
715 3911 921 3982 absque
950 3919 1177 3981 peccato
1214 3910 1326 3967 eris
1368 3910 1550 3983 (Deut.
1579 3909 1766 3981 XXIII).
1802 3928 1822 3963 ι

234 4002 395 4072 Quod
420 4009 602 4058 autem
630 4001 800 4058 semel
830 4016 1112 4074 egressum
1135 4008 1220 4057 est
1256 4001 1324 4058 de
1361 4001 1521 4058 labiis
1571 4001 1701 4067 tuis,
1725 4000 1828 4056 ob-

234 4093 502 4160 servabis,
530 4101 587 4150 et
610 4091 778 4151 facies
797 4093 939 4149 sicut
968 4092 1267 4164 promisisti
1309 4092 1541 4148 Domino
1570 4091 1684 4147 Deo
1712 4101 1826 4157 tuo,

235 4201 296 4249 et
316 4190 541 4263 propria
571 4189 851 4247 voluntate
870 4205 941 4245 ex
966 4204 1067 4246 ore
1094 4197 1188 4245 tuo
1232 4189 1446 4245 locutus
1480 4204 1560 4245 es.
1607 4186 1746 4244 Hinc
1772 4195 1829 4240 et

234 4278 597 4336 Ecclesiastes
625 4279 740 4335 ait:
773 4297 792 4331 ι
826 4278 886 4336 Si
908 4279 1043 4350 quid
1072 4279 1269 4336 vovisti
1308 4280 1421 4335 Deo
1449 4318 1465 4345 ,
1494 4293 1565 4333 ne
1592 4276 1828 4333 moreris

236 4369 471 4426 reddere
494 4386 513 4437 ;
546 4369 795 4441 displicet
813 4370 958 4426 enim
983 4370 1037 4425 ei
1065 4369 1299 4425 infidelis
1324 4377 1382 4425 et
1404 4368 1568 4425 stulta
1589 4367 1828 4438 promis-

236 4461 355 4530 sio;
388 4461 487 4517 sed
527 4461 890 4531 quodcunque
920 4461 1155 4526 voveris,
1186 4460 1385 4515 redde:
1418 4459 1696 4529 multoque
1722 4474 1832 4515 me-

235 4556 344 4617 lius
368 4565 589 4613 estnon
617 4571 837 4622 vovere,
866 4571 1029 4626 quam
1071 4563 1195 4625 post
1220 4562 1404 4611 votum
1430 4554 1696 4625 promissa
1719 4568 1827 4610 non

238 4645 695 4719 metentem
722 4645 802 4718 v).
834 4666 854 4699 ι

315 4757 337 4791 ι
372 4737 493 4794 Non
507 4737 722 4809 judices
748 4746 939 4794 contra
961 4736 1198 4806 judicem
1217 4736 1501 4808 :quoniam
1527 4737 1849 4793 secundum

244 4849 266 4882 ι
298 4831 448 4910 quod
470 4830 693 4899 dignum
716 4839 803 4885 est
817 4828 1043 4898 iudicat.
1083 4848 1102 4880 ι
1138 4829 1263 4885 Haec
1281 4829 1548 4885 sententia
1575 4836 1631 4886 et
1650 4844 1829 4886 mora-

238 4920 489 4977 liternos
512 4920 692 4987 docet,
735 4928 796 4976 ut
821 4921 992 4977 simus
1039 4921 1266 4992 subjecti
1306 4921 1612 4992 praepositis
1650 4930 1706 4977 et
1739 4919 1830 4989 ju-

241 5014 459 5071 dicibus
481 5014 687 5069 nostris
707 5053 724 5080 ,
755 5014 847 5084 qui
893 5029 993 5071 nos
1038 5015 1333 5070 secundum
1367 5015 1606 5071 divinam
1652 5014 1824 5085 legem

234 5106 513 5180 judicent,
545 5113 601 5161 et
631 5105 789 5177 juxta
833 5106 1155 5178 allegoriam
1198 5106 1451 5163 omnibus
1501 5105 1829 5161 adversariis

241 5197 516 5263 veritatis,
571 5198 675 5253 hoc
723 5204 809 5253 est
854 5196 1071 5266 iudicis,
1107 5198 1332 5270 paganis
1371 5206 1428 5253 et
1456 5197 1725 5253 haereticis
1745 5197 1828 5251 in-

246 5289 531 5347 terdicitur
549 5304 620 5344 ne
638 5289 993 5347 adversentur
1018 5289 1308 5361 Evangelia
1328 5288 1557 5355 Christi,
1571 5287 1827 5357 quoniam

242 5383 362 5455 ipse
390 5394 476 5441 est
522 5384 850 5439 constitutus
877 5399 907 5438 a
931 5384 1044 5440 Deo
1082 5383 1251 5453 judex
1294 5382 1542 5437 vivorum
1582 5389 1638 5436 et
1677 5394 1825 5435 mor-

245 5483 493 5529 tuorum:
519 5483 577 5529 et
611 5494 631 5527 ι
670 5475 787 5545 ipse
813 5473 1023 5542 iudicat
1049 5476 1237 5531 orbem
1267 5483 1425 5530 terrae
1450 5472 1508 5527 in
1546 5471 1833 5542 aequitate,

244 5575 300 5619 et
323 5564 557 5637 populos
580 5565 634 5620 in
663 5566 893 5621 veritate
924 5581 1042 5620 sua.
1080 5584 1099 5618 ι

260 5696 269 5701 -
320 5674 340 5707 σ
375 5655 511 5712 Cum
534 5656 727 5713 audaci
753 5672 862 5713 non
883 5672 977 5712 eas
1005 5658 1061 5711 in
1085 5658 1193 5723 via,
1215 5672 1283 5714 ne
1308 5657 1447 5713 forte
1469 5666 1657 5731 gravet
1685 5660 1827 5714 mala

253 5763 277 5800 ι
306 5748 486 5806 suain
513 5756 597 5818 te;
632 5750 746 5820 ipse
795 5750 939 5808 enim
980 5750 1273 5817 secundum
1324 5750 1653 5808 voluntatem
1677 5766 1835 5808 suam

1858 4513 1909 4574 D

1974 3310 1977 3311 ν
2005 3298 2023 3330 ι
2061 3278 2199 3336 Cum
2234 3278 2401 3334 fatuis
2426 3292 2496 3334 ne
2518 3278 2803 3334 consilium
2832 3279 3038 3334 habeas
3071 3296 3085 3332 :
3117 3294 3224 3335 non
3247 3277 3391 3333 enim
3422 3290 3517 3348 po-

1933 3391 1952 3424 ς
1983 3379 2166 3427 terunt
2222 3372 2445 3444 diligere
2473 3412 2488 3437 ,
2524 3371 2631 3426 nisi
2686 3386 2806 3441 qua:
2856 3371 2987 3443 ipsis
3025 3370 3262 3441 placent.
3312 3389 3330 3421 ι
3359 3369 3516 3424 Fatui

1928 3464 2073 3518 enim
2123 3472 2252 3519 sunt
2285 3479 2473 3519 omnes
2530 3463 2839 3520 desertores
2882 3464 3162 3528 veritatis,
3186 3462 3313 3532 quia
3355 3462 3520 3516 relin~

1929 3563 2161 3623 quentes
2183 3555 2324 3609 viam
2334 3555 2583 3625 justitite,
2598 3555 2739 3609 viam
2766 3555 3071 3625 iniquitatis
3086 3554 3392 3627 elegerunt,
3419 3567 3519 3609 nec

1927 3653 2145 3715 patrum
2176 3645 2418 3717 regulam
2455 3644 2639 3715 sequi,
2672 3645 2767 3700 sed
2796 3646 2909 3700 suis
2936 3644 3302 3714 voluptatibus
3337 3644 3519 3699 deser-

1927 3734 2046 3790 vire
2070 3735 2460 3806 probaverunt.
2505 3735 2656 3792 Unde
2688 3735 2742 3790 in
2768 3733 3079 3790 Proverbiis
3106 3737 3365 3805 scriptum
3393 3743 3474 3790 est
3502 3752 3517 3787 :

1935 3843 1955 3878 ι
1986 3825 2106 3882 Non
2135 3826 2330 3897 recipit
2349 3826 2550 3882 stultus
2563 3828 2727 3881 verba
2748 3825 3068 3896 prudentiae,
3086 3826 3193 3880 nisi
3220 3841 3298 3880 ea-
3312 3824 3519 3880 dixeris

1929 3932 2055 3988 quae
2078 3926 2369 3973 versantur
2406 3918 2463 3971 in
2499 3917 2665 3972 corde
2692 3915 2811 3984 ejus
2843 3915 3028 3987 (Prov.
3053 3916 3232 3987 svnt).
3272 3934 3291 3966 ι
3318 3916 3425 3970 Sed
3450 3931 3519 3971 ne

1931 4009 2036 4067 hoc
2064 4025 2378 4081 praecavere
2408 4009 2718 4075 voluerunt,
2748 4010 2895 4079 quod
2920 4008 3050 4064 alibi
3084 4007 3364 4076 Scriptura
3392 4022 3517 4077 proo

1930 4106 2030 4170 dit,
2059 4104 2244 4159 dicens
2270 4120 2284 4156 :
2318 4122 2336 4155 ι
2374 4100 2513 4159 Sunt
2532 4103 2657 4169 viae,
2679 4117 2798 4172 qum
2818 4108 3079 4174 putantur
3108 4101 3177 4154 ab
3205 4100 3517 4155 hominibus

1922 4194 2124 4265 justas,
2175 4193 2472 4250 novissima
2510 4201 2690 4248 autem
2732 4206 2920 4247 eorum
2960 4190 3234 4246 deducunt
3273 4189 3339 4244 ad
3389 4205 3515 4260 pro-

1932 4285 2156 4341 fundum
2212 4283 2411 4338 inferni
2467 4283 2650 4356 (Prov.-
2689 4282 2823 4357 ιη).
2858 4301 2877 4336 ι
2911 4280 3068 4338 Unde
3123 4281 3370 4351 sequitur
3421 4297 3519 4337 eos

1932 4375 2248 4449 ignominia,
2278 4383 2333 4430 et
2364 4374 2732 4446 opprobrium,
2764 4381 2820 4429 et
2836 4372 3069 4443 perditio
3094 4372 3442 4442 sempiterna.

2015 4486 2034 4519 ι
2072 4466 2273 4523 Coram
2285 4475 2544 4523 extraneo
2565 4479 2633 4520 ne
2647 4464 2814 4521 facias
2835 4464 3152 4530 consilium;
3180 4465 3357 4519 nescis
3370 4465 3522 4520 enim

1938 4583 1957 4616 ι
1989 4561 2120 4634 quid
2169 4562 2363 4633 pariet.
2397 4577 2429 4613 ις
2467 4560 2773 4616 Extraneus
2824 4558 2980 4614 nobis
3033 4568 3149 4623 est,
3208 4558 3359 4628 quia
3410 4558 3518 4614 fide

1932 4667 1988 4715 et
2023 4656 2301 4729 religione
2331 4654 2639 4712 Christiana
2688 4655 2896 4710 alienus
2939 4662 3053 4721 est;
3087 4668 3209 4710 cum
3257 4669 3364 4724 quo
3406 4670 3519 4709 non

1932 4754 2017 4802 est
2064 4745 2357 4802 consilium
2405 4745 2721 4809 ineundum,
2770 4746 2872 4800 hoc
2917 4752 3000 4798 est
3039 4743 3115 4800 de
3157 4744 3521 4800 sacramentis

1932 4840 2131 4896 divinis
2150 4848 2207 4897 et
2236 4840 2509 4913 mysteriis
2537 4839 2925 4896 occultioribus
2948 4841 3329 4910 disputandum
3346 4881 3360 4903 ,
3388 4841 3520 4912 quia

1931 4931 2205 4987 nescimus
2247 4947 2440 4988 sensus
2493 4930 2610 5001 ejus
2654 4932 2965 5002 qualitatem
2988 4975 3002 4999 ,
3039 4941 3220 4995 utrum
3260 4933 3325 4987 ad
3358 4932 3517 4986 ﬁdem

1933 5024 2112 5079 vclad
2155 5023 2544 5094 blasphemiam
2587 5032 2851 5079 vertatur.
2885 5023 3022 5080 Hinc
3060 5033 3117 5079 et
3142 5024 3259 5094 ipsa
3306 5021 3517 5077 Veritas

1933 5132 2033 5171 nos
2066 5115 2359 5182 instruxit,
2385 5116 2571 5172 dicens
2599 5135 2622 5170 ε·
2649 5132 2684 5168 «-
2704 5115 2882 5172 Nolite
2917 5123 3166 5172 sanctum
3210 5114 3342 5169 dare
3368 5113 3516 5168 cani-

1939 5206 2063 5273 bus,
2094 5220 2267 5276 neque
2295 5203 2530 5259 mittatis
2552 5206 2872 5273 margaritas
2893 5211 3104 5255 vestras
3129 5210 3254 5253 ante
3267 5215 3461 5267 porcos
3487 5216 3504 5255 :

1942 5312 2012 5353 ne
2049 5298 2298 5353 conversi
2329 5295 2672 5364 disrumpunt
2725 5308 2820 5347 vos
2854 5290 3064 5360 (Matth.
3110 5292 3219 5359 vn).
3263 5290 3397 5346 llinc
3451 5300 3509 5346 et

1934 5398 2124 5461 pastor
2155 5386 2414 5444 Ecclesiae
2446 5388 2523 5442 ait
2564 5401 2584 5438 :
2623 5402 2647 5437 t
2701 5383 2809 5438 Vos
2861 5383 3041 5452 igitur,
3096 5381 3311 5446 fratres,
3368 5397 3508 5452 prato

1932 5480 2169 5535 scientes
2195 5477 2493 5542 custodite,
2526 5492 2596 5532 ne
2640 5476 3007 5545 insipientium
3041 5491 3228 5532 errore
3280 5477 3517 5531 traducti

1934 5571 2198 5627 excidatis
2224 5586 2257 5625 a
2293 5570 2509 5640 propria
2544 5568 2799 5624 firmitate
2827 5568 2912 5642 (II
2944 5568 3060 5624 Pet.
3101 5569 3206 5639 ιιι).
3242 5589 3260 5621 ι
3296 5569 3433 5626 llinc
3461 5580 3517 5626 et

1934 5662 2171 5718 Joannes
2208 5663 2324 5717 ait:
2362 5680 2381 5712 ι
2410 5660 2599 5717 Omnis
2629 5661 2724 5731 qui
2775 5661 2981 5718 recedit
3020 5669 3074 5717 et
3103 5678 3207 5718 non
3236 5672 3521 5733 permanet

1938 5753 1991 5808 in
2017 5752 2263 5810 doctrina
2287 5749 2514 5819 Christi,
2546 5751 2716 5808 Deum
2747 5766 2855 5810 non
2888 5751 3057 5810 habet
3077 5771 3090 5809 :
3113 5752 3203 5824 qui
3235 5760 3523 5823 permanet
