3962 6198
1095 325 1156 380 u.
1200 321 1457 379 unum
1491 321 1712 378 nsunt
1746 317 2064 378 ARCHIEP.
2107 315 2418 376 uocum.
2459 311 2742 374 orsus!
2774 295 2957 370 rtus
2993 310 3036 368 ι.

458 442 515 496 in
537 437 809 503 doctnnu,
831 436 920 494 hic
949 433 1116 490 ﬁlium
1145 443 1199 490 et
1223 440 1436 504 patrem
1463 432 1644 489 habet.
1667 433 1728 488 Si
1751 432 1874 503 quis
1898 432 2046 490 venit
2074 438 2122 499 Α
2151 427 2367 486 mulieri
2397 435 2720 504 potestatem
2749 426 2809 486 in
2827 425 3014 490 anima
3044 437 3146 482 sua
3167 438 3278 482 non
3301 423 3526 493 tribuit;
3553 435 3614 486 et
3639 425 3750 497 qui

455 531 528 586 ad
544 543 665 595 vos,
691 534 751 582 et
769 525 910 581 hatic
931 523 1236 580 doctrinam
1263 537 1371 578 nou
1400 521 1580 588 affert,
1607 521 1778 580 nolite
1799 521 2044 594 recipere

453 637 579 680 eum
603 622 659 675 in
684 618 925 682 domum,
957 631 1057 672 nec
1081 630 1179 672 ave
1217 615 1270 672 ei
1296 614 1565 672 dixeritis.
1599 615 1704 684 Qui
1733 615 1878 672 enim
1911 615 2043 670 dicit

455 713 532 770 illi
582 727 701 780 ave,
750 709 1116 767 communicat
1165 708 1424 781 operibus
1474 707 1618 764 illius
1671 707 1923 780 malignis
1953 705 2040 780 (ΙΙ

453 807 616 862 Joan.
647 803 710 879 ι).
745 823 768 858 ›

529 917 551 950 ι
583 899 700 954 Non
715 897 861 953 omni
878 894 1082 952 homini
1099 909 1195 950 cor
1207 902 1360 949 tuum
1373 889 1708 952 manifestos,
1721 904 1792 944 ne
1802 885 1946 945 forte
1959 887 2042 946 in-

459 1010 480 1043 (
516 989 658 1047 ferat
677 989 774 1046 tibi
799 988 1030 1060 gratiam
1047 985 1236 1042 falsam
1265 995 1320 1041 et
1334 985 1669 1042 convicictur
1683 984 1798 1040 tibi.
1835 1003 1855 1036 ι
1884 982 2043 1050 Quod

456 1083 707 1155 superius
730 1081 1064 1138 subobscure
1079 1079 1281 1150 posuit,
1298 1093 1420 1134 cum
1437 1086 1702 1134 extraneo
1713 1091 1820 1134 non
1847 1078 2042 1132 ineun-

453 1173 582 1229 dum
610 1171 916 1239 consilium,
965 1171 1090 1242 quia
1119 1169 1359 1226 nescitur
1393 1169 1522 1240 quid
1571 1169 1790 1239 pariat:
1840 1168 1944 1222 hoc
1985 1167 2042 1222 in

453 1264 558 1320 hac
595 1263 865 1320 sententia
883 1261 1096 1334 planius
1135 1262 1386 1332 exponit,
1417 1260 1624 1318 scilicet
1649 1269 1708 1315 ut
1727 1257 2042 1332 hypocrisin

453 1354 832 1412 simulatorum
855 1368 1144 1410 caveamus
1177 1393 1192 1420 ,
1224 1368 1294 1408 ne
1323 1351 1484 1418 forte,
1513 1352 1562 1408 si
1585 1351 1806 1408 incaute
1836 1349 2042 1421 aliquid

453 1460 643 1503 coram
689 1445 822 1516 ipsis
861 1443 1148 1516 loquamur
1171 1452 1266 1500 aut
1305 1458 1548 1514 agamus,
1599 1457 1790 1500 eorum
1829 1441 2042 1498 insidiis

451 1536 750 1606 capiamur.
782 1533 938 1593 Unde
977 1545 1032 1592 et
1075 1535 1132 1592 in
1190 1533 1552 1590 anterioribus
1589 1533 1933 1603 prmmonuit,
1979 1541 2044 1588 ut

452 1627 608 1684 multi
654 1627 864 1698 paciﬁci
905 1635 1089 1682 essent
1117 1626 1273 1683 nobis
1293 1666 1309 1692 ,
1339 1634 1396 1680 et
1443 1624 1790 1682 consiliarius
1809 1639 1954 1680 unus
1975 1625 2042 1679 de

453 1719 622 1776 mille.
655 1719 793 1776 Hinc
809 1727 863 1774 et
884 1718 938 1774 in
965 1717 1276 1775 Proverbiis
1298 1717 1693 1788 scriptumest:
1729 1734 1748 1769 ι
1784 1714 2042 1772 inimicus

2144 522 2385 594 regulam
2415 536 2560 578 verae
2593 519 2720 577 ﬁdei
2743 533 2968 577 servare
2991 517 3292 583 contendit,
3315 517 3588 576 haeretica
3608 533 3748 589 pra-

2143 612 2298 670 vitati
2328 627 2435 669 non
2463 611 2754 668 consentit.

2165 770 2178 784 π
2219 725 2239 760 ι
2269 705 2350 763 Ne
2400 705 2662 778 respicias
2716 703 3002 760 mulierem
3051 701 3425 772 multivolam,
3474 719 3548 760 ne
3593 702 3746 762 forte

2146 819 2164 851 ι
2209 799 2418 854 incidas
2472 798 2526 852 in
2573 797 2796 866 laqueos
2827 794 2993 852 illius.
3033 814 3052 848 ι
3079 795 3372 851 .Iultivola
3411 795 3616 851 mulier
3651 807 3744 852 est

2143 889 2524 947 haereticorum
2581 901 2878 960 synagoga,
2928 886 3054 957 quia
3093 901 3206 942 non
3237 887 3500 942 unionem
3545 887 3744 942 catho-

2141 983 2258 1038 lica:
2289 981 2434 1047 ﬁdei,
2466 988 2522 1036 et
2545 980 2831 1034 veritatem
2865 977 3198 1051 evangelica:
3219 977 3484 1035 doctrinm
3515 992 3744 1034 servare

2143 1075 2370 1146 appetit,
2396 1073 2494 1130 sed
2524 1087 2622 1142 per
2651 1063 2807 1128 devia
2841 1070 3181 1128 diversorum
3207 1085 3462 1127 errorum
3505 1085 3742 1143 porgere

2141 1169 2336 1240 diligit,
2371 1168 2461 1224 ubi
2497 1176 2553 1224 et
2588 1167 2814 1238 laqueos
2833 1166 2990 1239 ponit
3011 1206 3026 1231 ,
3053 1167 3180 1236 quia
3209 1175 3390 1222 sectas
3411 1164 3745 1236 perditionis

2144 1259 2212 1316 ad
2235 1260 2584 1331 decipiendus
2607 1259 2820 1314 animas
2865 1258 3120 1324 instruit;
3153 1258 3222 1314 ad
3263 1269 3428 1328 quam
3463 1257 3742 1328 respicere

2143 1350 2516 1422 prohibemur,
2533 1349 2663 1420 quia
2689 1363 3034 1420 nequaquam
3055 1345 3302 1406 societati
3330 1345 3478 1402 illius
3503 1348 3741 1404 commi-

2144 1441 2282 1500 sceri
2309 1439 2698 1514 permittimur.

2219 1552 2239 1584 ι
2261 1533 2398 1590 Cum
2413 1533 2691 1590 saltatrice
2717 1547 2788 1589 ne
2815 1532 3072 1590 assiduus
3095 1532 3191 1597 sis,
3221 1544 3324 1588 nec
3347 1530 3544 1586 audias
3571 1529 3740 1595 illam,

2149 1643 2171 1678 ι
2206 1641 2278 1682 ne
2314 1625 2456 1681 forte
2469 1639 2668 1696 pereas
2697 1624 2752 1680 iu
2773 1623 3018 1680 eilicacia
3048 1623 3212 1679 illius.
3240 1642 3262 1676 ›
3287 1621 3472 1691 Quam
3499 1621 3738 1677 saltatri-

2143 1733 2261 1776 eem
2290 1717 2486 1774 melius
2525 1731 2815 1788 possumus
2843 1716 3117 1787 accipere,
3145 1729 3312 1786 quam
3345 1714 3744 1770 imreticorutn

453 1827 578 1866 cum
615 1811 671 1866 in
715 1810 880 1867 corde
911 1809 1228 1866 tractaverit
1256 1809 1430 1878 dolos,
1462 1808 1680 1880 quando
1723 1807 2040 1864 submiserit
2071 1798 2116 1860 Β
2146 1811 2379 1875 turbam,
2399 1823 2524 1879 qum
2550 1823 2649 1879 pro
2687 1806 3042 1865 instabilitate
3073 1805 3272 1862 mentis
3301 1819 3416 1862 sum
3435 1819 3588 1860 nunc
3615 1803 3740 1865 hoc.

453 1916 640 1957 vocem
665 1915 843 1967 suam,
879 1915 948 1956 ne
969 1900 1264 1957 credideris
1291 1900 1367 1965 ei,
1413 1899 1671 1969 quoniam
1706 1905 1912 1969 septem
1944 1912 2038 1954 uc-

452 1994 638 2064 quitia‘.
659 2001 788 2048 sunt
813 1992 868 2047 in
892 1992 1056 2049 corde
1087 1991 1232 2048 illius
1259 1990 1442 2064 (Prov.
1477 1988 1648 2062 nvr).
1687 2009 1705 2042 ι

523 2083 674 2156 (CAP.
704 2082 808 2156 rx.)
839 2102 860 2136 ι
887 2081 1005 2138 Non
1057 2081 1204 2138 acies
1256 2081 1536 2138 mulierem
1595 2080 1750 2136 sinus
1805 2079 1924 2145 tui,
1970 2093 2042 2134 no

457 2195 480 2230 ο
511 2173 769 2232 ostendat
801 2189 966 2246 super
1015 2181 1068 2229 te
1097 2172 1360 2229 malitiam
1411 2172 1672 2229 doctrinae
1719 2187 1973 2244 nequam.
2016 2190 2036 2223 δ

355 2323 374 2344 θ
451 2265 734 2324 Mulierem
777 2265 918 2324 sicut
970 2265 1030 2322 in
1055 2265 1218 2331 bono,
1267 2263 1344 2320 ita
1370 2263 1506 2320 etin
1553 2262 1698 2318 malo
1724 2263 1961 2334 positam
1981 2262 2040 2318 in

451 2355 758 2428 Scripturis.
786 2355 1114 2412 invenimus.
1143 2353 1336 2411 Mulier
1361 2354 1422 2410 in
1449 2354 1612 2420 bono,
1637 2361 1696 2408 ut
1730 2353 1784 2408 in
1812 2351 2042 2410 Prover-

451 2450 557 2508 biis
583 2449 781 2522 legitur
809 2467 822 2505 :
859 2469 878 2502 ι
917 2447 1200 2506 Mulierem
1228 2447 1429 2504 fortem
1464 2448 1588 2518 quis
1613 2445 1889 2503 inveniet?
1915 2461 2042 2518 pro-

450 2540 542 2598 cul
562 2548 620 2596 et
638 2540 706 2596 de
732 2537 940 2596 ultimis
971 2539 1172 2599 ﬁnibus
1193 2540 1428 2610 pretium
1449 2537 1568 2608 ejus
1596 2539 1778 2612 (Prov.
1807 2537 1982 2612 xxxx).
2015 2558 2036 2598 υ

449 2632 523 2693 Et
546 2633 604 2688 in
647 2631 940 2704 Evangelio
967 2650 982 2686 :
1011 2651 1031 2684 c
1065 2630 1256 2686 Mulier
1293 2632 1574 2689 abscondit
1615 2629 1944 2691 fermentum
1985 2631 2040 2686 in

449 2721 642 2782 inritare
669 2721 804 2780 satis
851 2721 1050 2789 tribus,
1098 2721 1272 2779 donec
1313 2719 1698 2778 fermentatum
1735 2730 1822 2779 est
1868 2729 2038 2778 totum

451 2813 826 2884 (ﬂattltJm;
855 2813 988 2870 Luc.
1008 2812 1152 2888 xm).
1193 2834 1212 2867 ι
1244 2813 1348 2872 Ubi
1391 2813 1526 2870 ﬁdes
1563 2823 1622 2872 et
1655 2813 1872 2870 devotio
1899 2797 2039 2885 prae?

449 2904 664 2964 dicatur
1007 2905 1294 2962 Contrario
1325 2921 1456 2963 vero
1487 2905 1541 2962 in
1568 2905 1712 2965 malo
1749 2905 1924 2978 posita
1956 2913 2042 2962 est

451 2997 647 3056 mulier
671 2997 726 3052 in
751 2997 1062 3055 Proverbiis
1091 3038 1106 3064 ,
1127 2997 1220 3054 ubi
1251 2997 1324 3053 ita
1353 2997 1548 3069 legitur
1578 3015 1592 3051 :
1630 3016 1650 3050 ι
1678 2995 1817 3053 Ecce
1845 2995 2040 3054 mulier

449 3089 696 3159 occurrit
727 3087 805 3145 illi
833 3099 1030 3147 ornatu
1059 3089 1370 3146 meretricio
1398 3097 1700 3161 praeparata
1727 3089 1796 3143 ad
1819 3087 2039 3158 capien-

2143 1913 2290 1956 uunc
2341 1898 2472 1954 illud
2519 1897 2689 1969 eligit,
2749 1913 2851 1953 nec
2883 1911 3123 1967 unquam
3169 1895 3228 1952 in
3281 1903 3428 1952 statu
3482 1895 3742 1951 veritatis

2143 1993 2442 2050 consistere
2495 1992 2681 2048 novit?
2735 1991 3086 2050 Volubilitate
3153 1991 3302 2047 enim
3367 1990 3573 2064 lingua:
3633 2004 3743 2047 sua

2143 2086 2300 2156 quasi
2336 2092 2516 2141 rotatu
2543 2083 2789 2154 corporis
2815 2085 3064 2156 gyrando
3085 2083 3154 2139 ad
3185 2083 3290 2139 hoc
3309 2081 3466 2148 ludit,
3491 2090 3555 2137 ut
3579 2095 3742 2153 quem

2142 2175 2466 2246 eloquentia:
2476 2191 2590 2231 suae
2600 2183 2900 2232 amatorem
2921 2188 3044 2232 esse
3070 2174 3358 2246 conspicit,
3378 2173 3432 2229 in
3449 2187 3741 2231 assensum

2141 2265 2430 2336 pravitatis
2451 2279 2564 2322 suae
2589 2266 2746 2336 quasi
2775 2265 3008 2322 inertem
3039 2264 3200 2321 citius
3244 2263 3554 2335 pertrahar.
3583 2263 3742 2331 Quod

2143 2365 2199 2412 et
2223 2355 2478 2414 Salomon
2513 2358 2784 2423 ostendit;
2813 2357 3006 2413 dicens
3033 2373 3048 2410 :
3079 2374 3102 2408 ι
3133 2353 3374 2412 irrctivit
3397 2369 3527 2410 eum
3559 2353 3742 2410 multis

2143 2447 2508 2514 sermonibus,
2554 2456 2610 2503 et
2634 2447 2911 2504 blanditiis
2958 2446 3226 2504 labiorum
3263 2445 3541 2518 protraxit
3573 2461 3740 2502 eum:

2143 2538 2328 2592 statim
2355 2553 2477 2594 eam
2513 2539 2778 2610 sequitur,
2801 2539 2958 2610 quasi
2979 2539 3080 2596 bos
3117 2539 3314 2596 ductus
3335 2539 3402 2595 ad
3428 2539 3740 2608 victimam,

2142 2637 2200 2686 et
2223 2631 2382 2702 quasi
2429 2647 2604 2702 agnus
2631 2631 2920 2688 lasciviens
2955 2638 3013 2686 et
3037 2631 3294 2702 ignorans
3319 2630 3466 2702 quod
3508 2629 3585 2687 ad
3623 2633 3744 2688 vino

2142 2720 2262 2779 cuia
2291 2722 2490 2778 stultus
2519 2721 2787 2790 trahatur,
2823 2724 2998 2780 donec
3035 2723 3318 2795 transiigat
3359 2723 3562 2798 sagitta
3585 2724 3746 2794 ,ἥβων

2142 2813 2298 2885 ejus:
2339 2815 2488 2870 velut
2534 2815 2581 2871 si
2631 2816 2748 2871 avis
2792 2815 3016 2872 festinet
3060 2815 3510 2886 adlaqueum,et
3565 2816 3744 2871 nescit

2141 2912 2268 2982 quia
2294 2910 2364 2966 de"
2387 2909 2630 2982 periculo
2657 2911 2852 2966 animae
2879 2909 3022 2966 illius
3049 2909 3232 2982 agitur
3255 2907 3440 2982 (Prov.
3467 2910 3596 2981 vn).
3643 2927 3666 2961 ι

2218 3022 2238 3055 ‹
2271 2999 2548 3074 Virginem
2593 3013 2663 3058 ne
2687 3001 3014 3072 conspicias,
3042 3007 3136 3058 ne"
3165 3001 3305 3056 forte
3347 3000 3746 3057 scandalizet-is

2147 3109 2168 3146 ι
2197 3092 2252 3148 in
2303 3093 2500 3150 decore
2551 3092 2712 3148 illius.
2748 3109 2768 3145 ι
2797 3091 2908 3147 Per
2955 3090 3226 3146 incuriam
3252 3089 3454 3161 quippe
3481 3097 3745 3160 aspectus

450 3183 549 3238 das
571 3182 803 3249 animas,
844 3182 1060 3254 garrula
1089 3193 1146 3238 et
1191 3199 1352 3254 vaga,
1379 3182 1578 3254 quietis
1603 3183 1916 3254 impatiens,
1937 3196 2040 3240 nec
2066 3185 2112 3250 C
2143 3200 2286 3258 stupe
2315 3187 2565 3242 turbatur
2591 3185 2841 3242 internus
2869 3184 3034 3240 animi
3089 3193 3290 3240 motus.
3325 3182 3454 3240 ideo
3486 3183 3745 3256 prohibet

447 3272 638 3331 valens
663 3273 719 3330 i
755 3273 918 3330 domo
943 3273 1244 3330 consistere
1286 3273 1516 3344 pedibus
1541 3274 1676 3339 suis,
1706 3287 1853 3330 mmo
1881 3272 2035 3340 foris,

450 3379 600 3422 nunc
627 3364 682 3420 in
711 3363 929 3436 plateis,
964 3380 1110 3420 nunc
1127 3363 1286 3436 juxta
1329 3365 1585 3438 angulum
1614 3364 1897 3431 insidians,
1934 3381 2022 3436 ap.

451 3458 896 3530 prehensumque
917 3457 1262 3514 deosculatur
1274 3458 1551 3530 juvenem,
1573 3467 1624 3514 et
1642 3458 1858 3530 procaci
1887 3457 2040 3513 vultu

451 3549 746 3618 blanditur,
777 3549 977 3629 dicens
1004 3569 1020 3606 :
1061 3551 1322 3608 Victimas
1347 3566 1447 3623 pro
1472 3551 1646 3608 salute
1691 3551 1850 3618 vovi,
1881 3550 2042 3606 hodie

452 3641 662 3717 reddidi
689 3651 812 3698 vota
829 3657 968 3710 mea,
1000 3651 1090 3700 etc
1115 3642 1296 3715 (Prov.
1325 3642 1448 3717 vn).
1489 3662 1511 3696 ι
1541 3643 1599 3700 in
1632 3657 1740 3714 quo
1785 3644 2040 3700 haeretica

453 3703 695 3805 pravilas
723 3703 1032 3802 denotatur,
1061 3703 1183 3806 quae
1211 3744 1266 3791 et
1295 3736 1386 3792 hic
1406 3703 1508 3793 sub
1545 3703 1713 3792 variis
1753 3736 2040 3806 speciebus

453 3823 802 3881 describitur.
865 3824 1144 3882 Mulierem
1191 3827 1338 3882 enim
1389 3826 1545 3882 sinus
1594 3825 1768 3882 nostri
1785 3867 1801 3892 ,
1873 3824 2039 3882 falsos

451 3915 651 3972 intres
686 3929 974 3986 possumus
1001 3915 1302 3988 intelligere
1323 3957 1341 3983 ,
1379 3917 1474 3987 qui
1499 3916 1782 3974 nobiscum
1811 3931 2037 3972 mancu-

453 4017 564 4075 tes,
605 4009 741 4066 foris
779 4025 970 4081 pacem
1021 4009 1298 4076 simulant,
1349 4011 1496 4066 intus
1544 4009 1698 4066 dolos
1739 4017 1954 4080 parant,
1985 4015 2043 4064 et

453 4097 718 4155 malitiam
750 4099 1014 4158 doctrinm
1051 4114 1284 4172 nequam
1333 4099 1588 4154 retinent.
1623 4098 1666 4152 A
1693 4099 1893 4168 quibus
1921 4099 2041 4168 ipsa

2139 3293 2240 3336 nos
2267 3279 2323 3334 in
2367 3279 2634 3351 virginem
2657 3279 2992 3350 conspicere,
3019 3279 3148 3350 quia
3189 3293 3219 3332 a
3243 3277 3474 3334 libidine
3497 3285 3742 3334 mentem

2138 3381 2381 3428 nostram
2411 3371 2633 3428 iiimsam
2666 3371 2782 3427 vult
2829 3384 3170 3442 permanere.
3203 3370 3339 3426 Hinc
3374 3378 3434 3426 et
3478 3369 3616 3427 alibi
3641 3370 3738 3428 Sa-

2137 3463 2341 3533 pientia
2369 3463 2549 3527 docet,
2591 3463 2780 3518 dicens
2811 3477 2828 3517 :
2864 3480 2883 3514 ι
2921 3461 3112 3519 Mulier
3138 3461 3240 3517 viri
3265 3461 3573 3532 pretiosam
3625 3462 3744 3518 ani-

2139 3564 2284 3608 mam
2306 3553 2472 3625 capit.
2501 3552 2621 3610 Non
2644 3553 2996 3624 concupiscat
3015 3552 3474 3624 pulchritudinem
3497 3552 3622 3624 ejus
3648 3569 3742 3610 cor

2141 3651 2315 3710 tuum,
2370 3655 2472 3698 nec
2529 3643 2762 3714 caﬁsris
2805 3644 3030 3699 nutibus
3079 3644 3242 3710 illius,
3300 3645 3543 3714 pretitrm
3593 3646 3738 3704 enim

2139 3734 2307 3789 scorti
2349 3735 2439 3790 vix
2485 3743 2568 3790 est
2596 3734 2756 3790 unius
2798 3735 2956 3806 panis
2979 3733 3164 3806 (Prov.
3193 3734 3296 3807 τι).
3326 3753 3348 3788 ι
3378 3734 3617 3808 Mystice
3647 3752 3730 3792 au-

2139 3831 2249 3878 tem
2279 3839 2387 3880 non
2421 3825 2680 3884 debemus
2710 3826 2961 3882 decorem
2987 3826 3311 3898 eloquentiae
3353 3827 3740 3887 hereticorum

2139 3925 2346 3982 amare,
2389 3929 2566 3986 neque
2594 3916 2648 3972 in
2672 3915 3016 3988 sphmdorem
3044 3916 3418 3973 simulatam
3469 3919 3736 3976 virtutum

2139 4019 2328 4062 eorum
2354 4005 2654 4072 intendere,
2681 4023 2748 4062 ne
2773 4008 3208 4064 scandalizemur
3235 4008 3292 4063 in
3329 4007 3654 4068 ﬁctionibus
3673 4011 3739 4066 il-

2138 4095 2334 4152 lorum.
2362 4093 2519 4153 Unde
2545 4105 2601 4152 et
2624 4096 2922 4170 subiungit,
2953 4100 3140 4156 dicens
3181 4117 3195 4154 :

455 4187 670 4244 Veritas
707 4189 765 4245 in
803 4189 1100 4260 Evangelia
1129 4189 1314 4246 docuit
1344 4189 1640 4260 discipulos
1668 4205 1798 4246 suos
1821 4203 2038 4254 cavere,
2213 4204 2237 4239 ι
2271 4185 2389 4244 Non
2437 4187 2535 4243 des
2562 4187 2874 4245 fornicariis
2919 4191 3158 4247 animum
3203 4201 3352 4248 tuam
3389 4193 3450 4248 in
3495 4191 3632 4260 ullo,
3671 4206 3738 4249 ne

453 4280 640 4338 dicens
667 4298 682 4336 :
717 4301 735 4334 ι
773 4280 1050 4338 Attendite
1093 4288 1278 4336 autem
1315 4279 1470 4336 vobis
1499 4296 1531 4334 a
1557 4277 1708 4336 falsis
1736 4279 2036 4351 prophetis,
2144 4298 2164 4333 ι
2197 4281 2395 4351 perdas
2421 4288 2550 4336 teet
2570 4282 2943 4338 haereditatem
2963 4293 3133 4338 tuam.
3165 4283 3340 4352 tQuia
3365 4284 3576 4340 nuiiam
3594 4299 3738 4341 com-

371 4365 380 4376 ’
451 4373 548 4443 qui
580 4374 806 4429 veniunt
825 4373 893 4428 ad
909 4387 1008 4429 vos
1032 4372 1088 4428 in
1115 4371 1454 4430 vestimentis
1478 4371 1682 4438 ovium,
1712 4372 2042 4428 intrinsecus
2141 4371 2451 4428 muniouem
2503 4372 2780 4428 debemus
2807 4374 3008 4430 habere
3060 4387 3182 4429 cum
3235 4373 3512 4430 hzereticis
3575 4381 3738 4444 atque

454 4471 640 4520 autem
691 4472 820 4523 sunt
874 4463 986 4534 lupi
1044 4477 1268 4533 rapaces
1317 4460 1532 4534 (Matth.
1563 4461 1684 4533 vn).
1723 4479 1742 4514 ι
1781 4460 1935 4517 Unde
1983 4469 2084 4538 et,
2140 4464 2524 4530 schismaticis,
2555 4479 2624 4520 ne
2668 4463 2809 4521 forte
2857 4466 3264 4521 seductionibus
3295 4478 3490 4521 eorum
3550 4470 3738 4538 depra-

454 4553 646 4610 doctor
685 4555 928 4624 gentium
978 4554 1032 4607 in
1075 4552 1334 4622 Epistolis
1389 4550 1505 4610 suis
1553 4549 2037 4623 pseudoapostolos
2063 4537 2118 4598 Ι)
2139 4555 2255 4610 vati
2282 4556 2574 4626 perdamus
2596 4556 2816 4612 animas
2860 4566 3111 4624 nostras:
3142 4565 3198 4613 et
3240 4557 3308 4612 ad
3353 4537 3736 4616 hereditatem

453 4643 652 4714 srepius
677 4643 878 4714 arguit,
909 4652 966 4699 et
1003 4641 1172 4700 falsos
1196 4643 1394 4702 fratres
1422 4659 1482 4700 se
1522 4645 1723 4701 asserit
1755 4642 2036 4700 tolerasse.
2140 4664 2261 4719 qua:
2288 4649 2446 4706 nobis
2487 4651 2756 4720 promissa
2784 4658 2868 4706 est
2901 4651 2957 4706 in
2999 4651 3214 4707 caelesti
3247 4651 3425 4722 patria
3473 4665 3588 4708 non
3615 4665 3738 4723 pen-

452 4731 662 4789 ldcirco
680 4731 822 4788 bona
858 4743 942 4790 est
980 4733 1190 4793 cautela
1223 4735 1276 4790 in
1311 4735 1583 4800 omnibus,
1619 4749 1689 4799 ne
1727 4732 1868 4790 forte
1893 4734 2040 4790 ﬁctio
2141 4738 2444 4794 veniamus.

455 4822 757 4898 situplicem
793 4825 1051 4897 decipiat,
1085 4837 1141 4882 et
1177 4827 1450 4884 incautum
1500 4825 1706 4882 malitia
1736 4827 2036 4884 subvertat.
2217 4845 2237 4881 ι
2268 4827 2388 4884 Noli
2415 4829 2838 4902 circumspicere
2868 4832 2924 4887 in
2965 4831 3103 4888 vicis
3137 4831 3401 4897 civitatis,
3447 4845 3555 4888 nec
3580 4832 3739 4889 ober-

2147 4940 2166 4972 σ
2199 4921 2406 4978 raveris
2449 4921 2509 4977 in
2524 4921 2725 4992 plateis
2769 4922 2934 4981 illiust
2973 4943 2994 4978 ι
3020 4923 3176 4980 Nunc
3219 4924 3324 4979 sub
3369 4923 3478 4981 alio
3515 4925 3742 4995 paradi-

1054 4983 1282 5041 CM’UT
1321 4983 1434 5040 ΧΨ·
2139 5020 2322 5081 gmate
2343 4983 2590 5069 eamdem
2611 5027 2726 5070 rem
2757 5014 3034 5086 exprimit,
3058 5025 3222 5086 quam
3249 5015 3508 5084 superius
3518 4983 3586 5070 in
3611 5031 3738 5071 mu-

452 5087 726 5174 Sapientia
771 5091 918 5148 docet
961 5094 1134 5148 uirum
1199 5103 1404 5148 castum
1459 5091 1682 5174 mulieri
1723 5099 2036 5172 ,ρριειιαὲεηι
2138 5102 2272 5160 liere
2291 5105 2519 5160 notavit.
2546 5103 2666 5161 Vici
2711 5107 2860 5162 enim
2882 5107 3120 5164 civitatis
3157 5121 3264 5163 non
3295 5105 3386 5162 alii
3411 5116 3543 5162 sunt
3571 5120 3739 5178 quam

523 5177 581 5216 tn
606 5177 840 5216 animam
867 5180 1020 5216 suam
1049 5179 1153 5216 non
1187 5163 1334 5216 dare.
1361 5179 1424 5216 ne
1458 5179 1548 5216 ner
1575 5172 1838 5216 amtcrttas
1877 5160 2037 5216 elidat
2144 5195 2506 5216 “cura”-.-
2540 5196 2916 5216 rudium”-
2990 5211 3096 5216 μμ
3142 5212 3191 5216 __
3234 5211 3254 5216 -
3318 5199 3508 5216 --_._._
3543 5198 3695 5216 οημ

523 5177 1033 5255 [’12“'I"ﬂ"1_‘1“‘!3‘.
1046 5179 1160 5255 1'32
1187 5177 1838 5255 ἕἨῗεΡῆΡξῖίζἿῗῗέί³⁰⁶
1877 5177 2037 5216 mm"
2138 5195 2514 5252 conventicula
2540 5196 2945 5255 haereticorum.
2981 5211 3104 5255 quae
3137 5212 3198 5253 se
3231 5211 3263 5252 a
3311 5199 3516 5254 castris
3541 5177 3695 5255 scen

524 5213 1160 5304 εὲιῑέέῖὲὲἱαὶιῖἳόὲάἦέὲ
1186 5213 1756 5288 ἧᾶὸὲὲῐσὸἦέοῆἑᾱέήζ
1800 5213 1832 5215 ί*
2004 5213 2029 5214 ”
2138 5213 2514 5298 ⁰ξ¹¹¹ν⁶¹¹ι¹⁰¹¹¹³
2541 5213 2945 5299 υπηηθοπίπῦ
2981 5213 3104 5302 Ψθῗ
3137 5213 3198 5253 ⁵⁸
3231 5213 3263 5252 ³
3284 5213 3516 5302 ,θῗδίῗδθ

2139 5300 2234 5340 sue
2257 5295 2668 5357 separaverunt,
2698 5302 2874 5358 neque
2900 5303 2956 5342 tu
2999 5295 3208 5344 unitate
3249 5296 3496 5343 civitatis
3524 5289 3648 5354 Det,
3667 5289 3736 5344 de

530 5383 550 5418 ι
584 5363 704 5420 Non
741 5365 840 5422 des
879 5367 1100 5444 mulieri
1125 5377 1448 5440 potestatem
1477 5370 1673 5425 anima:
1695 5377 1822 5432 tuae,
1847 5381 1916 5424 ne
1953 5366 2033 5422 in—
2138 5392 2246 5448 qua
2273 5378 2535 5448 scriptum
2559 5386 2682 5434 est:
2715 5397 2736 5429 ι
2761 5377 3008 5435 Gloriosa
3039 5379 3183 5435 dicta
3219 5387 3348 5434 sunt
3374 5379 3442 5435 de
3471 5387 3548 5447 te,
3593 5380 3734 5436 civi.

459 5473 482 5508 ι
513 5457 790 5528 grediatur
815 5458 869 5514 in
889 5459 1144 5517 virtutem
1171 5469 1336 5526 tuam,
1368 5469 1425 5517 et
1446 5460 1814 5517 confundaris.
1851 5478 1870 5512 ι
1905 5457 2033 5514 [huc
2141 5475 2228 5524 tas
2271 5467 2369 5524 Dei
2395 5465 2569 5538 (Ρεαι,
2610 5468 2853 5540 una),
2886 5487 2906 5520 ι
2933 5482 3285 5538 perseverare
3311 5468 3628 5525 voluerunt.
3673 5468 3732 5522 in

451 5549 722 5604 sententia
771 5551 1068 5608 secundum
1111 5553 1394 5610 historiam
1425 5553 1584 5610 docet
1618 5551 1889 5610 castitatis
1933 5565 2033 5621 pu-
2139 5559 2256 5615 hac
2279 5575 2409 5632 ergo
2434 5559 2850 5630 circumspicere
2897 5575 3009 5616 non
3030 5560 3310 5626 debemus,
3335 5561 3465 5630 quia
3509 5575 3542 5614 ι
3565 5573 3728 5616 εειιειι

450 5634 716 5704 dicitiam,
763 5649 818 5694 et
850 5643 1146 5700 secundum
1184 5644 1496 5714 allegoriam
1545 5652 1732 5702 contra
1783 5641 2031 5698 haeresim
2142 5648 2401 5706 Ecclesiae
2427 5650 2680 5707 recedere
2704 5665 2811 5706 non
2857 5651 3242 5722 permittimur,
3273 5665 3344 5706 ne
3371 5649 3517 5706 forte
3541 5651 3600 5706 iu
3623 5651 3730 5721 pla-

450 5725 868 5798 provideutiam,
913 5733 1037 5812 quia
1075 5735 1166 5804 qui
1194 5735 1432 5794 libidinis
1480 5736 1831 5810 pollutionem
1873 5735 2030 5810 fugit,
2143 5739 2245 5798 teis
2289 5739 2434 5798 illius
2477 5741 2797 5800 oberremus
2837 5741 3010 5814 :quia
3042 5759 3063 5797 ι
3095 5741 3207 5799 lata
3255 5751 3312 5800 es
3357 5742 3604 5812 spatiosa
3637 5741 3724 5796 via
