  <div class='ocr_page' id='page_1' title='image "/cluster/home/n/w/nwhite01/storage/ocr_20150623/111/hvd.32044054759766/414.png"; bbox 0 0 3962 6198; ppageno 0'>
   <div class='ocr_carea' id='block_1_1' title="bbox 289 309 392 379">
    <p class='ocr_par' dir='ltr' id='par_1_1' title="bbox 289 309 392 379">
     <span class='ocr_line' id='line_1_1' title="bbox 289 309 392 379; baseline -0.01 0"><span class='ocrx_word' id='word_1_1' title='bbox 289 309 392 379; x_wconf 71' lang='lat' dir='ltr'><strong>sat</strong></span> 
     </span>
    </p>
   </div>
   <div class='ocr_carea' id='block_1_2' title="bbox 1185 321 2681 384">
    <p class='ocr_par' dir='ltr' id='par_1_2' title="bbox 1185 321 2681 384">
     <span class='ocr_line' id='line_1_2' title="bbox 1185 321 2681 384; baseline 0.001 -3"><span class='ocrx_word' id='word_1_2' title='bbox 1185 321 1542 382; x_wconf 79' lang='lat' dir='ltr'><strong>COMMENT.</strong></span> <span class='ocrx_word' id='word_1_3' title='bbox 1584 323 1650 380; x_wconf 83' lang='lat' dir='ltr'><strong>IN</strong></span> <span class='ocrx_word' id='word_1_4' title='bbox 1688 323 2302 384; x_wconf 66' lang='lat' dir='ltr'><strong>ECCLESIASTICUM.</strong></span> <span class='ocrx_word' id='word_1_5' title='bbox 2345 356 2412 368; x_wconf 91' lang='lat'><em>-</em></span> <span class='ocrx_word' id='word_1_6' title='bbox 2451 325 2579 382; x_wconf 82' lang='lat' dir='ltr'><strong>LIB.</strong></span> <span class='ocrx_word' id='word_1_7' title='bbox 2617 325 2681 383; x_wconf 82' lang='lat' dir='ltr'><strong>ll‘.</strong></span> 
     </span>
    </p>
   </div>
   <div class='ocr_carea' id='block_1_3' title="bbox 3472 329 3578 384">
    <p class='ocr_par' dir='ltr' id='par_1_3' title="bbox 3472 329 3578 384">
     <span class='ocr_line' id='line_1_3' title="bbox 3472 329 3578 384; baseline -0.028 0"><span class='ocrx_word' id='word_1_8' title='bbox 3472 329 3578 384; x_wconf 66' lang='lat'><strong>89!</strong></span> 
     </span>
    </p>
   </div>
   <div class='ocr_carea' id='block_1_4' title="bbox 287 432 3578 509">
    <p class='ocr_par' dir='ltr' id='par_1_4' title="bbox 287 432 3578 509">
     <span class='ocr_line' id='line_1_4' title="bbox 287 432 3578 509; baseline 0.003 -21"><span class='ocrx_word' id='word_1_9' title='bbox 287 441 397 499; x_wconf 84' lang='lat' dir='ltr'><strong>est,</strong></span> <span class='ocrx_word' id='word_1_10' title='bbox 430 447 552 504; x_wconf 73' lang='lat' dir='ltr'><strong>qua:</strong></span> <span class='ocrx_word' id='word_1_11' title='bbox 581 432 731 491; x_wconf 80' lang='lat' dir='ltr'><strong>ducit</strong></span> <span class='ocrx_word' id='word_1_12' title='bbox 753 433 818 488; x_wconf 86' lang='lat' dir='ltr'><strong>ad</strong></span> <span class='ocrx_word' id='word_1_13' title='bbox 848 439 1114 499; x_wconf 87' lang='lat' dir='ltr'><strong>mortem;</strong></span> <span class='ocrx_word' id='word_1_14' title='bbox 1139 443 1288 489; x_wconf 88' lang='lat' dir='ltr'><strong>arcta</strong></span> <span class='ocrx_word' id='word_1_15' title='bbox 1319 445 1498 490; x_wconf 88' lang='lat' dir='ltr'><strong>autem</strong></span> <span class='ocrx_word' id='word_1_16' title='bbox 1528 444 1585 491; x_wconf 91' lang='lat' dir='ltr'><strong>et</strong></span> <span class='ocrx_word' id='word_1_17' title='bbox 1633 445 1883 507; x_wconf 82' lang='lat' dir='ltr'><strong>angusta,</strong></span> <span class='ocrx_word' id='word_1_18' title='bbox 1913 451 1962 509; x_wconf 78' lang='grc' dir='ltr'><strong>Α</strong></span> <span class='ocrx_word' id='word_1_19' title='bbox 1990 446 2050 492; x_wconf 89' lang='lat' dir='ltr'><strong>ut</strong></span> <span class='ocrx_word' id='word_1_20' title='bbox 2081 437 2364 509; x_wconf 85' lang='lat' dir='ltr'><strong>probatum</strong></span> <span class='ocrx_word' id='word_1_21' title='bbox 2420 438 2655 494; x_wconf 88' lang='lat' dir='ltr'><strong>amicum</strong></span> <span class='ocrx_word' id='word_1_22' title='bbox 2703 451 2811 494; x_wconf 92' lang='lat' dir='ltr'><strong>non</strong></span> <span class='ocrx_word' id='word_1_23' title='bbox 2860 436 3205 509; x_wconf 79' lang='lat' dir='ltr'><strong>derelinquas</strong></span> <span class='ocrx_word' id='word_1_24' title='bbox 3229 481 3242 504; x_wconf 91' lang='lat'><strong>,</strong></span> <span class='ocrx_word' id='word_1_25' title='bbox 3294 455 3395 496; x_wconf 85' lang='lat' dir='ltr'><strong>nec</strong></span> <span class='ocrx_word' id='word_1_26' title='bbox 3431 450 3485 497; x_wconf 90' lang='lat' dir='ltr'><strong>te</strong></span> <span class='ocrx_word' id='word_1_27' title='bbox 3521 442 3578 497; x_wconf 91' lang='lat' dir='ltr'><strong>in</strong></span> 
     </span>
    </p>
   </div>
   <div class='ocr_carea' id='block_1_5' title="bbox 287 525 1322 600">
    <p class='ocr_par' dir='ltr' id='par_1_5' title="bbox 287 525 1322 600">
     <span class='ocr_line' id='line_1_5' title="bbox 287 525 1322 600; baseline 0 -20"><span class='ocrx_word' id='word_1_28' title='bbox 287 540 412 597; x_wconf 71' lang='lat' dir='ltr'><strong>qua“:</strong></span> <span class='ocrx_word' id='word_1_29' title='bbox 438 525 590 580; x_wconf 89' lang='lat' dir='ltr'><strong>ducit</strong></span> <span class='ocrx_word' id='word_1_30' title='bbox 611 526 681 580; x_wconf 87' lang='lat' dir='ltr'><strong>ad</strong></span> <span class='ocrx_word' id='word_1_31' title='bbox 705 525 874 581; x_wconf 85' lang='lat' dir='ltr'><strong>vitam</strong></span> <span class='ocrx_word' id='word_1_32' title='bbox 900 525 1118 597; x_wconf 74' lang='lat' dir='ltr'><strong>(Matth.</strong></span> <span class='ocrx_word' id='word_1_33' title='bbox 1145 526 1264 600; x_wconf 85' lang='lat' dir='ltr'><strong>vn).</strong></span> <span class='ocrx_word' id='word_1_34' title='bbox 1304 547 1322 580; x_wconf 78' lang='grc' dir='ltr'><strong><em>ι</em></strong></span> 
     </span>
    </p>
   </div>
   <div class='ocr_carea' id='block_1_6' title="bbox 366 615 1883 691">
    <p class='ocr_par' dir='ltr' id='par_1_6' title="bbox 366 615 1883 691">
     <span class='ocr_line' id='line_1_6' title="bbox 366 615 1883 691; baseline 0.005 -23"><span class='ocrx_word' id='word_1_35' title='bbox 366 634 385 668; x_wconf 78' lang='grc' dir='ltr'>ι</span> <span class='ocrx_word' id='word_1_36' title='bbox 417 615 621 672; x_wconf 79' lang='lat' dir='ltr'><strong>Averte</strong></span> <span class='ocrx_word' id='word_1_37' title='bbox 659 615 856 672; x_wconf 79' lang='lat' dir='ltr'><strong>faciem</strong></span> <span class='ocrx_word' id='word_1_38' title='bbox 895 625 1045 672; x_wconf 87' lang='lat' dir='ltr'><strong>tuam</strong></span> <span class='ocrx_word' id='word_1_39' title='bbox 1074 634 1104 671; x_wconf 91' lang='lat' dir='ltr'><strong>a</strong></span> <span class='ocrx_word' id='word_1_40' title='bbox 1138 619 1366 675; x_wconf 83' lang='lat' dir='ltr'><strong>muliere</strong></span> <span class='ocrx_word' id='word_1_41' title='bbox 1410 627 1647 691; x_wconf 89' lang='lat' dir='ltr'><strong>compta,</strong></span> <span class='ocrx_word' id='word_1_42' title='bbox 1675 629 1730 677; x_wconf 89' lang='lat' dir='ltr'><strong>et</strong></span> <span class='ocrx_word' id='word_1_43' title='bbox 1775 636 1883 676; x_wconf 90' lang='lat' dir='ltr'><strong>non</strong></span> 
     </span>
    </p>
   </div>
   <div class='ocr_carea' id='block_1_7' title="bbox 295 707 1882 782">
    <p class='ocr_par' dir='ltr' id='par_1_7' title="bbox 295 707 1882 782">
     <span class='ocr_line' id='line_1_7' title="bbox 295 707 1882 782; baseline 0.004 -22"><span class='ocrx_word' id='word_1_44' title='bbox 295 723 318 760; x_wconf 72' lang='grc' dir='ltr'><strong>ε</strong></span> <span class='ocrx_word' id='word_1_45' title='bbox 347 707 759 777; x_wconf 84' lang='lat' dir='ltr'><strong>circumspicias</strong></span> <span class='ocrx_word' id='word_1_46' title='bbox 803 707 1040 777; x_wconf 85' lang='lat' dir='ltr'><strong>speciem</strong></span> <span class='ocrx_word' id='word_1_47' title='bbox 1071 707 1302 764; x_wconf 87' lang='lat' dir='ltr'><strong>alienam</strong></span> <span class='ocrx_word' id='word_1_48' title='bbox 1330 724 1344 763; x_wconf 92' lang='lat'><strong>:</strong></span> <span class='ocrx_word' id='word_1_49' title='bbox 1381 718 1602 781; x_wconf 81' lang='lat' dir='ltr'><strong>propter</strong></span> <span class='ocrx_word' id='word_1_50' title='bbox 1646 710 1882 782; x_wconf 84' lang='lat' dir='ltr'><strong>speciem</strong></span> 
     </span>
    </p>
   </div>
   <div class='ocr_carea' id='block_1_8' title="bbox 291 797 1886 872">
    <p class='ocr_par' dir='ltr' id='par_1_8' title="bbox 291 797 1886 872">
     <span class='ocr_line' id='line_1_8' title="bbox 291 797 1886 872; baseline 0.005 -23"><span class='ocrx_word' id='word_1_51' title='bbox 291 814 314 848; x_wconf 69' lang='grc' dir='ltr'>ι</span> <span class='ocrx_word' id='word_1_52' title='bbox 350 797 599 852; x_wconf 77' lang='lat' dir='ltr'><strong>mulieris</strong></span> <span class='ocrx_word' id='word_1_53' title='bbox 646 797 799 852; x_wconf 90' lang='lat' dir='ltr'><strong>multi</strong></span> <span class='ocrx_word' id='word_1_54' title='bbox 831 799 1111 868; x_wconf 89' lang='lat' dir='ltr'><strong>perierunt</strong></span> <span class='ocrx_word' id='word_1_55' title='bbox 1139 817 1152 852; x_wconf 91' lang='lat'><strong>:</strong></span> <span class='ocrx_word' id='word_1_56' title='bbox 1185 807 1239 853; x_wconf 87' lang='lat' dir='ltr'><strong>et</strong></span> <span class='ocrx_word' id='word_1_57' title='bbox 1261 815 1325 854; x_wconf 84' lang='lat' dir='ltr'><strong>ex</strong></span> <span class='ocrx_word' id='word_1_58' title='bbox 1367 800 1469 855; x_wconf 92' lang='lat' dir='ltr'><strong>hoc</strong></span> <span class='ocrx_word' id='word_1_59' title='bbox 1495 801 1886 872; x_wconf 84' lang='lat' dir='ltr'><strong>concupiscen-</strong></span> 
     </span>
    </p>
   </div>
   <div class='ocr_carea' id='block_1_9' title="bbox 293 887 1880 962">
    <p class='ocr_par' dir='ltr' id='par_1_9' title="bbox 293 887 1880 962">
     <span class='ocr_line' id='line_1_9' title="bbox 293 887 1880 962; baseline 0.006 -23"><span class='ocrx_word' id='word_1_60' title='bbox 293 905 314 938; x_wconf 74' lang='grc' dir='ltr'><em>ε</em></span> <span class='ocrx_word' id='word_1_61' title='bbox 349 887 425 942; x_wconf 85' lang='lat' dir='ltr'><strong>tia</strong></span> <span class='ocrx_word' id='word_1_62' title='bbox 453 889 612 959; x_wconf 87' lang='lat' dir='ltr'><strong>quasi</strong></span> <span class='ocrx_word' id='word_1_63' title='bbox 664 889 805 962; x_wconf 89' lang='lat' dir='ltr'><strong>ignis</strong></span> <span class='ocrx_word' id='word_1_64' title='bbox 859 890 1183 946; x_wconf 69' lang='lat' dir='ltr'><strong>exardescit.</strong></span> <span class='ocrx_word' id='word_1_65' title='bbox 1219 910 1237 944; x_wconf 84' lang='grc'>›</span> <span class='ocrx_word' id='word_1_66' title='bbox 1268 890 1419 946; x_wconf 73' lang='lat' dir='ltr'><strong>lianc</strong></span> <span class='ocrx_word' id='word_1_67' title='bbox 1461 891 1742 948; x_wconf 83' lang='lat' dir='ltr'><strong>mulierem</strong></span> <span class='ocrx_word' id='word_1_68' title='bbox 1771 907 1880 948; x_wconf 90' lang='lat' dir='ltr'><strong>non</strong></span> 
     </span>
    </p>
   </div>
   <div class='ocr_carea' id='block_1_10' title="bbox 287 979 1878 1054">
    <p class='ocr_par' dir='ltr' id='par_1_10' title="bbox 287 979 1878 1054">
     <span class='ocr_line' id='line_1_10' title="bbox 287 979 1878 1054; baseline 0.002 -20"><span class='ocrx_word' id='word_1_69' title='bbox 287 979 449 1035; x_wconf 86' lang='lat' dir='ltr'><strong>aliam</strong></span> <span class='ocrx_word' id='word_1_70' title='bbox 487 997 653 1052; x_wconf 87' lang='lat' dir='ltr'><strong>quam</strong></span> <span class='ocrx_word' id='word_1_71' title='bbox 683 997 803 1037; x_wconf 89' lang='lat' dir='ltr'><strong>eam</strong></span> <span class='ocrx_word' id='word_1_72' title='bbox 849 980 1005 1051; x_wconf 90' lang='lat' dir='ltr'><strong>cujus</strong></span> <span class='ocrx_word' id='word_1_73' title='bbox 1050 982 1300 1053; x_wconf 87' lang='lat' dir='ltr'><strong>superius</strong></span> <span class='ocrx_word' id='word_1_74' title='bbox 1329 983 1644 1039; x_wconf 89' lang='lat' dir='ltr'><strong>societatem</strong></span> <span class='ocrx_word' id='word_1_75' title='bbox 1689 983 1878 1054; x_wconf 89' lang='lat' dir='ltr'><strong>prohi-</strong></span> 
     </span>
    </p>
   </div>
   <div class='ocr_carea' id='block_1_11' title="bbox 285 1069 1880 1144">
    <p class='ocr_par' dir='ltr' id='par_1_11' title="bbox 285 1069 1880 1144">
     <span class='ocr_line' id='line_1_11' title="bbox 285 1069 1880 1144; baseline 0.003 -19"><span class='ocrx_word' id='word_1_76' title='bbox 285 1069 422 1136; x_wconf 87' lang='lat' dir='ltr'><strong>buit,</strong></span> <span class='ocrx_word' id='word_1_77' title='bbox 444 1071 817 1144; x_wconf 83' lang='lat' dir='ltr'><strong>intelligimus,</strong></span> <span class='ocrx_word' id='word_1_78' title='bbox 836 1090 957 1144; x_wconf 73' lang='lat' dir='ltr'><strong>qua:</strong></span> <span class='ocrx_word' id='word_1_79' title='bbox 975 1081 1170 1130; x_wconf 90' lang='lat' dir='ltr'><strong>ornatu</strong></span> <span class='ocrx_word' id='word_1_80' title='bbox 1194 1073 1478 1130; x_wconf 89' lang='lat' dir='ltr'><strong>verborum</strong></span> <span class='ocrx_word' id='word_1_81' title='bbox 1501 1083 1714 1144; x_wconf 91' lang='lat' dir='ltr'><strong>compta</strong></span> <span class='ocrx_word' id='word_1_82' title='bbox 1743 1075 1880 1130; x_wconf 90' lang='lat' dir='ltr'><strong>mul-</strong></span> 
     </span>
    </p>
   </div>
   <div class='ocr_carea' id='block_1_12' title="bbox 285 1164 1880 1236">
    <p class='ocr_par' dir='ltr' id='par_1_12' title="bbox 285 1164 1880 1236">
     <span class='ocr_line' id='line_1_12' title="bbox 285 1164 1880 1236; baseline 0.002 -19"><span class='ocrx_word' id='word_1_83' title='bbox 285 1170 467 1218; x_wconf 85' lang='lat' dir='ltr'><strong>torum</strong></span> <span class='ocrx_word' id='word_1_84' title='bbox 495 1165 815 1234; x_wconf 89' lang='lat' dir='ltr'><strong>perditionis</strong></span> <span class='ocrx_word' id='word_1_85' title='bbox 841 1165 1052 1220; x_wconf 83' lang='lat' dir='ltr'><strong>exstitit</strong></span> <span class='ocrx_word' id='word_1_86' title='bbox 1078 1179 1274 1230; x_wconf 89' lang='lat' dir='ltr'><strong>causa;</strong></span> <span class='ocrx_word' id='word_1_87' title='bbox 1310 1164 1463 1236; x_wconf 84' lang='lat' dir='ltr'><strong>cujus</strong></span> <span class='ocrx_word' id='word_1_88' title='bbox 1491 1165 1700 1236; x_wconf 87' lang='lat' dir='ltr'><strong>species</strong></span> <span class='ocrx_word' id='word_1_89' title='bbox 1721 1165 1774 1219; x_wconf 93' lang='lat' dir='ltr'><strong>in</strong></span> <span class='ocrx_word' id='word_1_90' title='bbox 1797 1165 1880 1220; x_wconf 74' lang='lat' dir='ltr'><strong>in—</strong></span> 
     </span>
    </p>
   </div>
   <div class='ocr_carea' id='block_1_13' title="bbox 283 1253 1873 1325">
    <p class='ocr_par' dir='ltr' id='par_1_13' title="bbox 283 1253 1873 1325">
     <span class='ocr_line' id='line_1_13' title="bbox 283 1253 1873 1325; baseline 0 -17"><span class='ocrx_word' id='word_1_91' title='bbox 283 1253 603 1325; x_wconf 84' lang='lat' dir='ltr'><strong>sipientium</strong></span> <span class='ocrx_word' id='word_1_92' title='bbox 649 1255 862 1310; x_wconf 86' lang='lat' dir='ltr'><strong>animos</strong></span> <span class='ocrx_word' id='word_1_93' title='bbox 907 1255 1358 1324; x_wconf 64' lang='lat' dir='ltr'><strong>concupiscentiae</strong></span> <span class='ocrx_word' id='word_1_94' title='bbox 1408 1253 1584 1323; x_wconf 87' lang='lat' dir='ltr'><strong>ignem</strong></span> <span class='ocrx_word' id='word_1_95' title='bbox 1636 1254 1873 1323; x_wconf 80' lang='lat' dir='ltr'><strong>ingerit:</strong></span> 
     </span>
    </p>
   </div>
   <div class='ocr_carea' id='block_1_14' title="bbox 283 1344 1878 1412">
    <p class='ocr_par' dir='ltr' id='par_1_14' title="bbox 283 1344 1878 1412">
     <span class='ocr_line' id='line_1_14' title="bbox 283 1344 1878 1412; baseline 0.003 -16"><span class='ocrx_word' id='word_1_96' title='bbox 283 1359 405 1412; x_wconf 70' lang='lat' dir='ltr'><strong>qua:</strong></span> <span class='ocrx_word' id='word_1_97' title='bbox 433 1352 489 1399; x_wconf 90' lang='lat' dir='ltr'><strong>et</strong></span> <span class='ocrx_word' id='word_1_98' title='bbox 520 1344 608 1400; x_wconf 90' lang='lat' dir='ltr'><strong>hic</strong></span> <span class='ocrx_word' id='word_1_99' title='bbox 637 1344 886 1400; x_wconf 82' lang='lat' dir='ltr'><strong>ﬂammas</strong></span> <span class='ocrx_word' id='word_1_100' title='bbox 916 1344 1086 1401; x_wconf 89' lang='lat' dir='ltr'><strong>illiciti</strong></span> <span class='ocrx_word' id='word_1_101' title='bbox 1113 1345 1318 1400; x_wconf 89' lang='lat' dir='ltr'><strong>amoris</strong></span> <span class='ocrx_word' id='word_1_102' title='bbox 1338 1345 1394 1400; x_wconf 91' lang='lat' dir='ltr'><strong>in</strong></span> <span class='ocrx_word' id='word_1_103' title='bbox 1426 1345 1532 1399; x_wconf 89' lang='lat' dir='ltr'><strong>illis</strong></span> <span class='ocrx_word' id='word_1_104' title='bbox 1566 1345 1788 1410; x_wconf 83' lang='lat' dir='ltr'><strong>excitat,</strong></span> <span class='ocrx_word' id='word_1_105' title='bbox 1822 1351 1878 1400; x_wconf 90' lang='lat' dir='ltr'><strong>et</strong></span> 
     </span>
    </p>
   </div>
   <div class='ocr_carea' id='block_1_15' title="bbox 281 1432 1871 1507">
    <p class='ocr_par' dir='ltr' id='par_1_15' title="bbox 281 1432 1871 1507">
     <span class='ocr_line' id='line_1_15' title="bbox 281 1432 1871 1507; baseline 0.003 -21"><span class='ocrx_word' id='word_1_106' title='bbox 281 1433 336 1486; x_wconf 92' lang='lat' dir='ltr'><strong>in</strong></span> <span class='ocrx_word' id='word_1_107' title='bbox 393 1432 579 1490; x_wconf 89' lang='lat' dir='ltr'><strong>futuro</strong></span> <span class='ocrx_word' id='word_1_108' title='bbox 631 1435 890 1505; x_wconf 67' lang='lat' dir='ltr'><strong>gehennae</strong></span> <span class='ocrx_word' id='word_1_109' title='bbox 930 1435 1360 1491; x_wconf 89' lang='lat' dir='ltr'><strong>combustionem</strong></span> <span class='ocrx_word' id='word_1_110' title='bbox 1401 1434 1533 1505; x_wconf 91' lang='lat' dir='ltr'><strong>ipsis</strong></span> <span class='ocrx_word' id='word_1_111' title='bbox 1583 1444 1871 1507; x_wconf 72' lang='lat' dir='ltr'><strong>prmparat.</strong></span> 
     </span>
    </p>
   </div>
   <div class='ocr_carea' id='block_1_16' title="bbox 280 1524 1874 1601">
    <p class='ocr_par' dir='ltr' id='par_1_16' title="bbox 280 1524 1874 1601">
     <span class='ocr_line' id='line_1_16' title="bbox 280 1524 1874 1601; baseline 0.004 -24"><span class='ocrx_word' id='word_1_112' title='bbox 280 1524 627 1596; x_wconf 82' lang='lat' dir='ltr'><strong>Quapropter</strong></span> <span class='ocrx_word' id='word_1_113' title='bbox 686 1526 805 1597; x_wconf 90' lang='lat' dir='ltr'><strong>ejus</strong></span> <span class='ocrx_word' id='word_1_114' title='bbox 852 1528 1286 1584; x_wconf 88' lang='lat' dir='ltr'><strong>communionem</strong></span> <span class='ocrx_word' id='word_1_115' title='bbox 1317 1528 1540 1584; x_wconf 92' lang='lat' dir='ltr'><strong>omnino</strong></span> <span class='ocrx_word' id='word_1_116' title='bbox 1567 1526 1752 1601; x_wconf 80' lang='lat' dir='ltr'><strong>fugere</strong></span> <span class='ocrx_word' id='word_1_117' title='bbox 1777 1529 1874 1584; x_wconf 84' lang='lat' dir='ltr'><strong>de-</strong></span> 
     </span>
    </p>
   </div>
   <div class='ocr_carea' id='block_1_17' title="bbox 281 1618 1871 1693">
    <p class='ocr_par' dir='ltr' id='par_1_17' title="bbox 281 1618 1871 1693">
     <span class='ocr_line' id='line_1_17' title="bbox 281 1618 1871 1693; baseline 0.003 -21"><span class='ocrx_word' id='word_1_118' title='bbox 281 1618 495 1681; x_wconf 87' lang='lat' dir='ltr'><strong>bemus,</strong></span> <span class='ocrx_word' id='word_1_119' title='bbox 513 1626 568 1674; x_wconf 89' lang='lat' dir='ltr'><strong>et</strong></span> <span class='ocrx_word' id='word_1_120' title='bbox 589 1619 870 1691; x_wconf 85' lang='lat' dir='ltr'><strong>despicere</strong></span> <span class='ocrx_word' id='word_1_121' title='bbox 897 1619 1151 1687; x_wconf 86' lang='lat' dir='ltr'><strong>formam,</strong></span> <span class='ocrx_word' id='word_1_122' title='bbox 1167 1621 1315 1692; x_wconf 86' lang='lat' dir='ltr'><strong>quia,</strong></span> <span class='ocrx_word' id='word_1_123' title='bbox 1341 1628 1401 1676; x_wconf 89' lang='lat' dir='ltr'><strong>ut</strong></span> <span class='ocrx_word' id='word_1_124' title='bbox 1415 1637 1651 1693; x_wconf 89' lang='lat' dir='ltr'><strong>sequens</strong></span> <span class='ocrx_word' id='word_1_125' title='bbox 1677 1622 1871 1692; x_wconf 89' lang='lat' dir='ltr'><strong>probat</strong></span> 
     </span>
    </p>
   </div>
   <div class='ocr_carea' id='block_1_18' title="bbox 281 1708 572 1772">
    <p class='ocr_par' dir='ltr' id='par_1_18' title="bbox 281 1708 572 1772">
     <span class='ocr_line' id='line_1_18' title="bbox 281 1708 572 1772; baseline 0 -9"><span class='ocrx_word' id='word_1_126' title='bbox 281 1708 572 1772; x_wconf 85' lang='lat' dir='ltr'><strong>sententia,</strong></span> 
     </span>
    </p>
   </div>
   <div class='ocr_carea' id='block_1_19' title="bbox 1990 519 3580 602">
    <p class='ocr_par' dir='ltr' id='par_1_19' title="bbox 1990 519 3580 602">
     <span class='ocr_line' id='line_1_19' title="bbox 1990 519 3580 602; baseline 0.004 -18"><span class='ocrx_word' id='word_1_127' title='bbox 1990 529 2158 602; x_wconf 87' lang='lat' dir='ltr'><strong>ignoti</strong></span> <span class='ocrx_word' id='word_1_128' title='bbox 2205 519 2363 586; x_wconf 78' lang='lat' dir='ltr'><strong>fidem</strong></span> <span class='ocrx_word' id='word_1_129' title='bbox 2411 529 2709 600; x_wconf 78' lang='lat' dir='ltr'><strong>improvide</strong></span> <span class='ocrx_word' id='word_1_130' title='bbox 2740 531 3071 586; x_wconf 90' lang='lat' dir='ltr'><strong>committas.</strong></span> <span class='ocrx_word' id='word_1_131' title='bbox 3115 530 3288 586; x_wconf 88' lang='lat' dir='ltr'><strong>Aliter</strong></span> <span class='ocrx_word' id='word_1_132' title='bbox 3323 534 3580 590; x_wconf 82' lang='lat' dir='ltr'><strong>admonet</strong></span> 
     </span>
    </p>
   </div>
   <div class='ocr_carea' id='block_1_20' title="bbox 1986 621 3574 681">
    <p class='ocr_par' dir='ltr' id='par_1_20' title="bbox 1986 621 3574 681">
     <span class='ocr_line' id='line_1_20' title="bbox 1986 621 3574 681; baseline 0.003 -5"><span class='ocrx_word' id='word_1_133' title='bbox 1986 637 2056 676; x_wconf 86' lang='lat' dir='ltr'><strong>ne</strong></span> <span class='ocrx_word' id='word_1_134' title='bbox 2083 621 2152 676; x_wconf 88' lang='lat' dir='ltr'><strong>ab</strong></span> <span class='ocrx_word' id='word_1_135' title='bbox 2199 622 2523 676; x_wconf 85' lang='lat' dir='ltr'><strong>auctoritate</strong></span> <span class='ocrx_word' id='word_1_136' title='bbox 2557 629 2868 676; x_wconf 88' lang='lat' dir='ltr'><strong>sanctorum</strong></span> <span class='ocrx_word' id='word_1_137' title='bbox 2913 622 3136 678; x_wconf 85' lang='lat' dir='ltr'><strong>Patrum</strong></span> <span class='ocrx_word' id='word_1_138' title='bbox 3181 624 3574 681; x_wconf 85' lang='lat' dir='ltr'><strong>catholicorum</strong></span> 
     </span>
    </p>
   </div>
   <div class='ocr_carea' id='block_1_21' title="bbox 1986 709 3573 784">
    <p class='ocr_par' dir='ltr' id='par_1_21' title="bbox 1986 709 3573 784">
     <span class='ocr_line' id='line_1_21' title="bbox 1986 709 3573 784; baseline 0.005 -21"><span class='ocrx_word' id='word_1_139' title='bbox 1986 709 2146 766; x_wconf 79' lang='lat' dir='ltr'><strong>facile</strong></span> <span class='ocrx_word' id='word_1_140' title='bbox 2175 710 2434 777; x_wconf 85' lang='lat' dir='ltr'><strong>declines,</strong></span> <span class='ocrx_word' id='word_1_141' title='bbox 2462 711 2552 780; x_wconf 88' lang='lat' dir='ltr'><strong>qui</strong></span> <span class='ocrx_word' id='word_1_142' title='bbox 2582 713 2830 767; x_wconf 79' lang='lat' dir='ltr'><strong>veritatis</strong></span> <span class='ocrx_word' id='word_1_143' title='bbox 2856 720 2911 768; x_wconf 90' lang='lat' dir='ltr'><strong>et</strong></span> <span class='ocrx_word' id='word_1_144' title='bbox 2931 713 3156 784; x_wconf 73' lang='lat' dir='ltr'><strong>justitia:</strong></span> <span class='ocrx_word' id='word_1_145' title='bbox 3182 713 3274 767; x_wconf 81' lang='lat' dir='ltr'><strong>ﬁdi</strong></span> <span class='ocrx_word' id='word_1_146' title='bbox 3304 724 3432 769; x_wconf 90' lang='lat' dir='ltr'><strong>sunt</strong></span> <span class='ocrx_word' id='word_1_147' title='bbox 3454 732 3573 771; x_wconf 83' lang='lat' dir='ltr'><strong>ser—</strong></span> 
     </span>
    </p>
   </div>
   <div class='ocr_carea' id='block_1_22' title="bbox 1986 800 3579 871">
    <p class='ocr_par' dir='ltr' id='par_1_22' title="bbox 1986 800 3579 871">
     <span class='ocr_line' id='line_1_22' title="bbox 1986 800 3579 871; baseline 0.004 -16"><span class='ocrx_word' id='word_1_148' title='bbox 1986 809 2225 857; x_wconf 87' lang='lat' dir='ltr'><strong>vatores.</strong></span> <span class='ocrx_word' id='word_1_149' title='bbox 2264 800 2449 871; x_wconf 83' lang='lat' dir='ltr'><strong>Neque</strong></span> <span class='ocrx_word' id='word_1_150' title='bbox 2477 801 2585 857; x_wconf 85' lang='lat' dir='ltr'><strong>cito</strong></span> <span class='ocrx_word' id='word_1_151' title='bbox 2630 803 2698 857; x_wconf 89' lang='lat' dir='ltr'><strong>ad</strong></span> <span class='ocrx_word' id='word_1_152' title='bbox 2746 801 2906 859; x_wconf 83' lang='lat' dir='ltr'><strong>rudes</strong></span> <span class='ocrx_word' id='word_1_153' title='bbox 2936 810 2992 858; x_wconf 91' lang='lat' dir='ltr'><strong>et</strong></span> <span class='ocrx_word' id='word_1_154' title='bbox 3039 803 3280 859; x_wconf 89' lang='lat' dir='ltr'><strong>novellos</strong></span> <span class='ocrx_word' id='word_1_155' title='bbox 3327 805 3579 861; x_wconf 87' lang='lat' dir='ltr'><strong>doctores</strong></span> 
     </span>
    </p>
   </div>
   <div class='ocr_carea' id='block_1_23' title="bbox 1984 894 3570 965">
    <p class='ocr_par' dir='ltr' id='par_1_23' title="bbox 1984 894 3570 965">
     <span class='ocr_line' id='line_1_23' title="bbox 1984 894 3570 965; baseline 0.001 -18"><span class='ocrx_word' id='word_1_156' title='bbox 1984 909 2324 964; x_wconf 88' lang='lat' dir='ltr'><strong>prorumpas,</strong></span> <span class='ocrx_word' id='word_1_157' title='bbox 2358 894 2469 965; x_wconf 92' lang='lat' dir='ltr'><strong>qui,</strong></span> <span class='ocrx_word' id='word_1_158' title='bbox 2505 894 2631 949; x_wconf 89' lang='lat' dir='ltr'><strong>licet</strong></span> <span class='ocrx_word' id='word_1_159' title='bbox 2660 910 2690 949; x_wconf 91' lang='lat' dir='ltr'><strong>a</strong></span> <span class='ocrx_word' id='word_1_160' title='bbox 2735 910 2865 950; x_wconf 83' lang='lat' dir='ltr'><strong>vero</strong></span> <span class='ocrx_word' id='word_1_161' title='bbox 2907 896 3127 951; x_wconf 91' lang='lat' dir='ltr'><strong>omnino</strong></span> <span class='ocrx_word' id='word_1_162' title='bbox 3176 911 3284 950; x_wconf 89' lang='lat' dir='ltr'><strong>non</strong></span> <span class='ocrx_word' id='word_1_163' title='bbox 3335 897 3570 964; x_wconf 87' lang='lat' dir='ltr'><strong>dcvient,</strong></span> 
     </span>
    </p>
   </div>
   <div class='ocr_carea' id='block_1_24' title="bbox 1979 983 3571 1055">
    <p class='ocr_par' dir='ltr' id='par_1_24' title="bbox 1979 983 3571 1055">
     <span class='ocr_line' id='line_1_24' title="bbox 1979 983 3571 1055; baseline 0.002 -16"><span class='ocrx_word' id='word_1_164' title='bbox 1979 983 2328 1055; x_wconf 78' lang='lat' dir='ltr'><strong>perfectionis</strong></span> <span class='ocrx_word' id='word_1_165' title='bbox 2357 994 2536 1040; x_wconf 86' lang='lat' dir='ltr'><strong>tamen</strong></span> <span class='ocrx_word' id='word_1_166' title='bbox 2560 985 2767 1055; x_wconf 87' lang='lat' dir='ltr'><strong>apicem</strong></span> <span class='ocrx_word' id='word_1_167' title='bbox 2791 986 2879 1039; x_wconf 76' lang='lat' dir='ltr'><strong>vix</strong></span> <span class='ocrx_word' id='word_1_168' title='bbox 2899 986 3165 1041; x_wconf 78' lang='lat' dir='ltr'><strong>obtinent.</strong></span> <span class='ocrx_word' id='word_1_169' title='bbox 3191 985 3345 1042; x_wconf 91' lang='lat' dir='ltr'><strong>Unde</strong></span> <span class='ocrx_word' id='word_1_170' title='bbox 3371 997 3424 1042; x_wconf 89' lang='lat' dir='ltr'><strong>ct</strong></span> <span class='ocrx_word' id='word_1_171' title='bbox 3455 985 3571 1042; x_wconf 77' lang='lat' dir='ltr'><strong>Sal~</strong></span> 
     </span>
    </p>
   </div>
   <div class='ocr_carea' id='block_1_25' title="bbox 1980 1077 3570 1149">
    <p class='ocr_par' dir='ltr' id='par_1_25' title="bbox 1980 1077 3570 1149">
     <span class='ocr_line' id='line_1_25' title="bbox 1980 1077 3570 1149; baseline 0.004 -19"><span class='ocrx_word' id='word_1_172' title='bbox 1980 1077 2216 1141; x_wconf 82' lang='lat' dir='ltr'><strong>vatorin</strong></span> <span class='ocrx_word' id='word_1_173' title='bbox 2258 1077 2570 1149; x_wconf 84' lang='lat' dir='ltr'><strong>Evangelio,</strong></span> <span class='ocrx_word' id='word_1_174' title='bbox 2599 1093 2668 1132; x_wconf 90' lang='lat' dir='ltr'><strong>ne</strong></span> <span class='ocrx_word' id='word_1_175' title='bbox 2719 1093 2817 1133; x_wconf 89' lang='lat' dir='ltr'><strong>nos</strong></span> <span class='ocrx_word' id='word_1_176' title='bbox 2861 1079 3134 1133; x_wconf 90' lang='lat' dir='ltr'><strong>immaturi</strong></span> <span class='ocrx_word' id='word_1_177' title='bbox 3173 1079 3240 1133; x_wconf 90' lang='lat' dir='ltr'><strong>ad</strong></span> <span class='ocrx_word' id='word_1_178' title='bbox 3270 1080 3570 1136; x_wconf 88' lang='lat' dir='ltr'><strong>docendum</strong></span> 
     </span>
    </p>
   </div>
   <div class='ocr_carea' id='block_1_26' title="bbox 1978 1170 3574 1244">
    <p class='ocr_par' dir='ltr' id='par_1_26' title="bbox 1978 1170 3574 1244">
     <span class='ocr_line' id='line_1_26' title="bbox 1978 1170 3574 1244; baseline 0.006 -23"><span class='ocrx_word' id='word_1_179' title='bbox 1978 1183 2385 1238; x_wconf 82' lang='lat' dir='ltr'><strong>promeremus,</strong></span> <span class='ocrx_word' id='word_1_180' title='bbox 2437 1184 2533 1224; x_wconf 92' lang='lat' dir='ltr'><strong>suo</strong></span> <span class='ocrx_word' id='word_1_181' title='bbox 2562 1170 2811 1240; x_wconf 78' lang='lat' dir='ltr'><strong>exemplo</strong></span> <span class='ocrx_word' id='word_1_182' title='bbox 2849 1187 2947 1225; x_wconf 84' lang='lat' dir='ltr'><strong>nos</strong></span> <span class='ocrx_word' id='word_1_183' title='bbox 2995 1171 3270 1237; x_wconf 81' lang='lat' dir='ltr'><strong>instruxit,</strong></span> <span class='ocrx_word' id='word_1_184' title='bbox 3302 1188 3422 1227; x_wconf 88' lang='lat' dir='ltr'><strong>cum</strong></span> <span class='ocrx_word' id='word_1_185' title='bbox 3454 1174 3574 1244; x_wconf 86' lang='lat' dir='ltr'><strong>ipse</strong></span> 
     </span>
    </p>
   </div>
   <div class='ocr_carea' id='block_1_27' title="bbox 1979 1258 3572 1325">
    <p class='ocr_par' dir='ltr' id='par_1_27' title="bbox 1979 1258 3572 1325">
     <span class='ocr_line' id='line_1_27' title="bbox 1979 1258 3572 1325; baseline 0.004 -13"><span class='ocrx_word' id='word_1_186' title='bbox 1979 1258 2345 1314; x_wconf 81' lang='lat' dir='ltr'><strong>duodccennis</strong></span> <span class='ocrx_word' id='word_1_187' title='bbox 2371 1261 2592 1315; x_wconf 86' lang='lat' dir='ltr'><strong>sedebat</strong></span> <span class='ocrx_word' id='word_1_188' title='bbox 2619 1261 2672 1315; x_wconf 89' lang='lat' dir='ltr'><strong>in</strong></span> <span class='ocrx_word' id='word_1_189' title='bbox 2706 1261 2881 1316; x_wconf 88' lang='lat' dir='ltr'><strong>medio</strong></span> <span class='ocrx_word' id='word_1_190' title='bbox 2910 1263 3212 1325; x_wconf 89' lang='lat' dir='ltr'><strong>doctorum,</strong></span> <span class='ocrx_word' id='word_1_191' title='bbox 3237 1264 3462 1320; x_wconf 86' lang='lat' dir='ltr'><strong>audiens</strong></span> <span class='ocrx_word' id='word_1_192' title='bbox 3509 1265 3572 1319; x_wconf 81' lang='lat' dir='ltr'><strong>il-</strong></span> 
     </span>
    </p>
   </div>
   <div class='ocr_carea' id='block_1_28' title="bbox 1976 1349 3570 1424">
    <p class='ocr_par' dir='ltr' id='par_1_28' title="bbox 1976 1349 3570 1424">
     <span class='ocr_line' id='line_1_28' title="bbox 1976 1349 3570 1424; baseline 0.004 -20"><span class='ocrx_word' id='word_1_193' title='bbox 1976 1349 2058 1404; x_wconf 88' lang='lat' dir='ltr'><strong>los</strong></span> <span class='ocrx_word' id='word_1_194' title='bbox 2091 1360 2146 1405; x_wconf 90' lang='lat' dir='ltr'><strong>et</strong></span> <span class='ocrx_word' id='word_1_195' title='bbox 2174 1350 2520 1424; x_wconf 80' lang='lat' dir='ltr'><strong>interrogans</strong></span> <span class='ocrx_word' id='word_1_196' title='bbox 2547 1350 2696 1424; x_wconf 84' lang='lat' dir='ltr'><strong>(Luc.</strong></span> <span class='ocrx_word' id='word_1_197' title='bbox 2725 1351 2820 1418; x_wconf 76' lang='lat' dir='ltr'><strong>nl;</strong></span> <span class='ocrx_word' id='word_1_198' title='bbox 2853 1361 2908 1407; x_wconf 86' lang='lat' dir='ltr'><strong>et</strong></span> <span class='ocrx_word' id='word_1_199' title='bbox 2952 1361 3076 1424; x_wconf 89' lang='lat' dir='ltr'><strong>post</strong></span> <span class='ocrx_word' id='word_1_200' title='bbox 3115 1354 3446 1424; x_wconf 77' lang='lat' dir='ltr'><strong>trigesimum</strong></span> <span class='ocrx_word' id='word_1_201' title='bbox 3471 1371 3570 1410; x_wconf 86' lang='lat' dir='ltr'><strong>an-</strong></span> 
     </span>
    </p>
   </div>
   <div class='ocr_carea' id='block_1_29' title="bbox 1976 1443 3568 1516">
    <p class='ocr_par' dir='ltr' id='par_1_29' title="bbox 1976 1443 3568 1516">
     <span class='ocr_line' id='line_1_29' title="bbox 1976 1443 3568 1516; baseline 0.003 -21"><span class='ocrx_word' id='word_1_202' title='bbox 1976 1457 2104 1496; x_wconf 90' lang='lat' dir='ltr'><strong>num</strong></span> <span class='ocrx_word' id='word_1_203' title='bbox 2131 1443 2357 1499; x_wconf 88' lang='lat' dir='ltr'><strong>docendi</strong></span> <span class='ocrx_word' id='word_1_204' title='bbox 2385 1444 2618 1514; x_wconf 88' lang='lat' dir='ltr'><strong>suscepit</strong></span> <span class='ocrx_word' id='word_1_205' title='bbox 2643 1443 2876 1498; x_wconf 85' lang='lat' dir='ltr'><strong>oilicium</strong></span> <span class='ocrx_word' id='word_1_206' title='bbox 2909 1444 3058 1516; x_wconf 81' lang='lat' dir='ltr'><strong>(Luc.</strong></span> <span class='ocrx_word' id='word_1_207' title='bbox 3086 1444 3189 1516; x_wconf 85' lang='grc' dir='ltr'><strong>ιιι).</strong></span> <span class='ocrx_word' id='word_1_208' title='bbox 3217 1445 3358 1512; x_wconf 85' lang='lat' dir='ltr'><strong>Quid</strong></span> <span class='ocrx_word' id='word_1_209' title='bbox 3385 1454 3568 1502; x_wconf 84' lang='lat' dir='ltr'><strong>autem</strong></span> 
     </span>
    </p>
   </div>
   <div class='ocr_carea' id='block_1_30' title="bbox 1975 1532 3439 1606">
    <p class='ocr_par' dir='ltr' id='par_1_30' title="bbox 1975 1532 3439 1606">
     <span class='ocr_line' id='line_1_30' title="bbox 1975 1532 3439 1606; baseline 0.003 -19"><span class='ocrx_word' id='word_1_210' title='bbox 1975 1532 2102 1589; x_wconf 89' lang='lat' dir='ltr'><strong>hinc</strong></span> <span class='ocrx_word' id='word_1_211' title='bbox 2129 1533 2436 1590; x_wconf 87' lang='lat' dir='ltr'><strong>faciendum</strong></span> <span class='ocrx_word' id='word_1_212' title='bbox 2471 1537 2562 1602; x_wconf 91' lang='lat' dir='ltr'><strong>sit,</strong></span> <span class='ocrx_word' id='word_1_213' title='bbox 2594 1550 2827 1606; x_wconf 89' lang='lat' dir='ltr'><strong>sequens</strong></span> <span class='ocrx_word' id='word_1_214' title='bbox 2865 1537 3130 1591; x_wconf 85' lang='lat' dir='ltr'><strong>sententia</strong></span> <span class='ocrx_word' id='word_1_215' title='bbox 3156 1537 3391 1592; x_wconf 85' lang='lat' dir='ltr'><strong>insinuat</strong></span> <span class='ocrx_word' id='word_1_216' title='bbox 3424 1557 3439 1592; x_wconf 90' lang='lat'><strong>:</strong></span> 
     </span>
    </p>
   </div>
   <div class='ocr_carea' id='block_1_31' title="bbox 2050 1627 3569 1695">
    <p class='ocr_par' dir='ltr' id='par_1_31' title="bbox 2050 1627 3569 1695">
     <span class='ocr_line' id='line_1_31' title="bbox 2050 1627 3569 1695; baseline 0.004 -17"><span class='ocrx_word' id='word_1_217' title='bbox 2050 1645 2068 1678; x_wconf 84' lang='grc'><strong><em>‹</em></strong></span> <span class='ocrx_word' id='word_1_218' title='bbox 2103 1627 2300 1682; x_wconf 76' lang='lat' dir='ltr'><strong>Vinum</strong></span> <span class='ocrx_word' id='word_1_219' title='bbox 2331 1642 2529 1682; x_wconf 89' lang='lat' dir='ltr'><strong>novum</strong></span> <span class='ocrx_word' id='word_1_220' title='bbox 2561 1627 2766 1683; x_wconf 88' lang='lat' dir='ltr'><strong>amicus</strong></span> <span class='ocrx_word' id='word_1_221' title='bbox 2789 1642 2991 1692; x_wconf 89' lang='lat' dir='ltr'><strong>novus;</strong></span> <span class='ocrx_word' id='word_1_222' title='bbox 3019 1638 3344 1695; x_wconf 87' lang='lat' dir='ltr'><strong>veterascet,</strong></span> <span class='ocrx_word' id='word_1_223' title='bbox 3364 1637 3416 1684; x_wconf 88' lang='lat' dir='ltr'><strong>et</strong></span> <span class='ocrx_word' id='word_1_224' title='bbox 3441 1645 3569 1686; x_wconf 88' lang='lat' dir='ltr'><strong>cum</strong></span> 
     </span>
    </p>
   </div>
   <div class='ocr_carea' id='block_1_32' title="bbox 1977 1718 3566 1777">
    <p class='ocr_par' dir='ltr' id='par_1_32' title="bbox 1977 1718 3566 1777">
     <span class='ocr_line' id='line_1_32' title="bbox 1977 1718 3566 1777; baseline 0.004 -7"><span class='ocrx_word' id='word_1_225' title='bbox 1977 1736 1996 1770; x_wconf 74' lang='grc' dir='ltr'><strong><em>ι</em></strong></span> <span class='ocrx_word' id='word_1_226' title='bbox 2026 1718 2296 1774; x_wconf 81' lang='lat' dir='ltr'><strong>suavitate</strong></span> <span class='ocrx_word' id='word_1_227' title='bbox 2317 1719 2472 1774; x_wconf 82' lang='lat' dir='ltr'><strong>bibes</strong></span> <span class='ocrx_word' id='word_1_228' title='bbox 2507 1719 2658 1774; x_wconf 91' lang='lat' dir='ltr'><strong>illud.</strong></span> <span class='ocrx_word' id='word_1_229' title='bbox 2693 1740 2710 1772; x_wconf 76' lang='grc' dir='ltr'><strong><em>ι</em></strong></span> <span class='ocrx_word' id='word_1_230' title='bbox 2739 1719 2909 1775; x_wconf 81' lang='lat' dir='ltr'><strong>Rudis</strong></span> <span class='ocrx_word' id='word_1_231' title='bbox 2935 1721 3077 1774; x_wconf 89' lang='lat' dir='ltr'><strong>enim</strong></span> <span class='ocrx_word' id='word_1_232' title='bbox 3120 1721 3311 1775; x_wconf 88' lang='lat' dir='ltr'><strong>doctor</strong></span> <span class='ocrx_word' id='word_1_233' title='bbox 3346 1723 3566 1777; x_wconf 89' lang='lat' dir='ltr'><strong>studere</strong></span> 
     </span>
    </p>
   </div>
   <div class='ocr_carea' id='block_1_33' title="bbox 354 1798 3561 1881">
    <p class='ocr_par' dir='ltr' id='par_1_33' title="bbox 354 1798 3561 1881">
     <span class='ocr_line' id='line_1_33' title="bbox 354 1798 3561 1881; baseline 0.006 -31"><span class='ocrx_word' id='word_1_234' title='bbox 354 1816 376 1850; x_wconf 72' lang='grc' dir='ltr'>ι</span> <span class='ocrx_word' id='word_1_235' title='bbox 405 1798 596 1856; x_wconf 90' lang='lat' dir='ltr'><strong>Omnis</strong></span> <span class='ocrx_word' id='word_1_236' title='bbox 618 1802 815 1858; x_wconf 86' lang='lat' dir='ltr'><strong>mulier</strong></span> <span class='ocrx_word' id='word_1_237' title='bbox 844 1819 964 1873; x_wconf 69' lang='lat' dir='ltr'><strong>qure</strong></span> <span class='ocrx_word' id='word_1_238' title='bbox 1011 1813 1095 1862; x_wconf 87' lang='lat' dir='ltr'><strong>est</strong></span> <span class='ocrx_word' id='word_1_239' title='bbox 1125 1805 1438 1875; x_wconf 80' lang='lat' dir='ltr'><strong>fornicarta,</strong></span> <span class='ocrx_word' id='word_1_240' title='bbox 1463 1811 1620 1881; x_wconf 88' lang='lat' dir='ltr'><strong>quasi</strong></span> <span class='ocrx_word' id='word_1_241' title='bbox 1660 1818 1872 1866; x_wconf 88' lang='lat' dir='ltr'><strong>stercus</strong></span> <span class='ocrx_word' id='word_1_242' title='bbox 1901 1815 1946 1874; x_wconf 92' lang='lat' dir='ltr'><strong>B</strong></span> <span class='ocrx_word' id='word_1_243' title='bbox 1975 1799 2134 1867; x_wconf 83' lang='lat' dir='ltr'><strong>debet</strong></span> <span class='ocrx_word' id='word_1_244' title='bbox 2163 1824 2221 1866; x_wconf 91' lang='lat' dir='ltr'><strong>ut</strong></span> <span class='ocrx_word' id='word_1_245' title='bbox 2255 1811 2568 1867; x_wconf 83' lang='lat' dir='ltr'><strong>ﬁrmitatem</strong></span> <span class='ocrx_word' id='word_1_246' title='bbox 2598 1827 2744 1868; x_wconf 64' lang='lat' dir='ltr'><strong>sanae</strong></span> <span class='ocrx_word' id='word_1_247' title='bbox 2788 1812 3047 1868; x_wconf 70' lang='lat' dir='ltr'><strong>doctrinm</strong></span> <span class='ocrx_word' id='word_1_248' title='bbox 3076 1828 3198 1867; x_wconf 88' lang='lat' dir='ltr'><strong>eum</strong></span> <span class='ocrx_word' id='word_1_249' title='bbox 3228 1815 3383 1868; x_wconf 90' lang='lat' dir='ltr'><strong>bonis</strong></span> <span class='ocrx_word' id='word_1_250' title='bbox 3425 1813 3561 1869; x_wconf 85' lang='lat' dir='ltr'><strong>acti-</strong></span> 
     </span>
    </p>
   </div>
   <div class='ocr_carea' id='block_1_34' title="bbox 286 1890 1867 1974">
    <p class='ocr_par' dir='ltr' id='par_1_34' title="bbox 286 1890 1867 1974">
     <span class='ocr_line' id='line_1_34' title="bbox 286 1890 1867 1974; baseline 0.009 -31"><span class='ocrx_word' id='word_1_251' title='bbox 286 1908 304 1942; x_wconf 79' lang='grc' dir='ltr'>ι</span> <span class='ocrx_word' id='word_1_252' title='bbox 339 1890 394 1945; x_wconf 91' lang='lat' dir='ltr'><strong>in</strong></span> <span class='ocrx_word' id='word_1_253' title='bbox 436 1893 526 1946; x_wconf 86' lang='lat' dir='ltr'><strong>via</strong></span> <span class='ocrx_word' id='word_1_254' title='bbox 582 1895 1008 1951; x_wconf 89' lang='lat' dir='ltr'><strong>eonculcabitur.</strong></span> <span class='ocrx_word' id='word_1_255' title='bbox 1050 1917 1068 1952; x_wconf 73' lang='grc' dir='ltr'><strong><em>ι</em></strong></span> <span class='ocrx_word' id='word_1_256' title='bbox 1104 1897 1218 1954; x_wconf 85' lang='lat' dir='ltr'><strong>Hoc</strong></span> <span class='ocrx_word' id='word_1_257' title='bbox 1259 1908 1361 1966; x_wconf 91' lang='lat' dir='ltr'><strong>est,</strong></span> <span class='ocrx_word' id='word_1_258' title='bbox 1389 1901 1568 1956; x_wconf 90' lang='lat' dir='ltr'><strong>omnis</strong></span> <span class='ocrx_word' id='word_1_259' title='bbox 1610 1916 1867 1974; x_wconf 86' lang='lat' dir='ltr'><strong>perversa</strong></span> 
     </span>
    </p>
   </div>
   <div class='ocr_carea' id='block_1_35' title="bbox 279 1980 1871 2066">
    <p class='ocr_par' dir='ltr' id='par_1_35' title="bbox 279 1980 1871 2066">
     <span class='ocr_line' id='line_1_35' title="bbox 279 1980 1871 2066; baseline 0.01 -32"><span class='ocrx_word' id='word_1_260' title='bbox 279 1980 522 2036; x_wconf 90' lang='lat' dir='ltr'><strong>doctrina</strong></span> <span class='ocrx_word' id='word_1_261' title='bbox 554 1984 608 2038; x_wconf 90' lang='lat' dir='ltr'><strong>in</strong></span> <span class='ocrx_word' id='word_1_262' title='bbox 629 1986 715 2040; x_wconf 88' lang='lat' dir='ltr'><strong>via</strong></span> <span class='ocrx_word' id='word_1_263' title='bbox 740 1995 902 2042; x_wconf 64' lang='lat' dir='ltr'><strong>recta:</strong></span> <span class='ocrx_word' id='word_1_264' title='bbox 927 1987 1051 2044; x_wconf 82' lang='lat' dir='ltr'><strong>fidei</strong></span> <span class='ocrx_word' id='word_1_265' title='bbox 1077 1991 1226 2046; x_wconf 90' lang='lat' dir='ltr'><strong>omni</strong></span> <span class='ocrx_word' id='word_1_266' title='bbox 1257 1991 1576 2050; x_wconf 90' lang='lat' dir='ltr'><strong>confusione</strong></span> <span class='ocrx_word' id='word_1_267' title='bbox 1601 1994 1761 2066; x_wconf 88' lang='lat' dir='ltr'><strong>digna</strong></span> <span class='ocrx_word' id='word_1_268' title='bbox 1783 1995 1871 2050; x_wconf 91' lang='lat' dir='ltr'><strong>de-</strong></span> 
     </span>
    </p>
   </div>
   <div class='ocr_carea' id='block_1_36' title="bbox 276 2075 1868 2158">
    <p class='ocr_par' dir='ltr' id='par_1_36' title="bbox 276 2075 1868 2158">
     <span class='ocr_line' id='line_1_36' title="bbox 276 2075 1868 2158; baseline 0.009 -31"><span class='ocrx_word' id='word_1_269' title='bbox 276 2075 572 2145; x_wconf 85' lang='lat' dir='ltr'><strong>putabitur.</strong></span> <span class='ocrx_word' id='word_1_270' title='bbox 606 2076 746 2134; x_wconf 84' lang='lat' dir='ltr'><strong>Hinc</strong></span> <span class='ocrx_word' id='word_1_271' title='bbox 772 2086 828 2134; x_wconf 91' lang='lat' dir='ltr'><strong>et</strong></span> <span class='ocrx_word' id='word_1_272' title='bbox 858 2081 974 2150; x_wconf 92' lang='lat' dir='ltr'><strong>ipse</strong></span> <span class='ocrx_word' id='word_1_273' title='bbox 1019 2081 1282 2140; x_wconf 87' lang='lat' dir='ltr'><strong>Dominus</strong></span> <span class='ocrx_word' id='word_1_274' title='bbox 1328 2086 1384 2140; x_wconf 92' lang='lat' dir='ltr'><strong>in</strong></span> <span class='ocrx_word' id='word_1_275' title='bbox 1424 2086 1718 2158; x_wconf 87' lang='lat' dir='ltr'><strong>Evangelio</strong></span> <span class='ocrx_word' id='word_1_276' title='bbox 1746 2103 1868 2144; x_wconf 90' lang='lat' dir='ltr'><strong>ser-</strong></span> 
     </span>
    </p>
   </div>
   <div class='ocr_carea' id='block_1_37' title="bbox 275 2169 1868 2242">
    <p class='ocr_par' dir='ltr' id='par_1_37' title="bbox 275 2169 1868 2242">
     <span class='ocr_line' id='line_1_37' title="bbox 275 2169 1868 2242; baseline 0.009 -22"><span class='ocrx_word' id='word_1_277' title='bbox 275 2181 496 2224; x_wconf 74' lang='lat' dir='ltr'><strong>nionem</strong></span> <span class='ocrx_word' id='word_1_278' title='bbox 513 2169 580 2224; x_wconf 90' lang='lat' dir='ltr'><strong>ad</strong></span> <span class='ocrx_word' id='word_1_279' title='bbox 607 2170 897 2242; x_wconf 87' lang='lat' dir='ltr'><strong>discipulos</strong></span> <span class='ocrx_word' id='word_1_280' title='bbox 923 2170 1127 2230; x_wconf 86' lang='lat' dir='ltr'><strong>faciens</strong></span> <span class='ocrx_word' id='word_1_281' title='bbox 1157 2176 1232 2230; x_wconf 90' lang='lat' dir='ltr'><strong>ait</strong></span> <span class='ocrx_word' id='word_1_282' title='bbox 1261 2194 1276 2230; x_wconf 90' lang='lat'><strong>:</strong></span> <span class='ocrx_word' id='word_1_283' title='bbox 1311 2194 1330 2228; x_wconf 72' lang='lat' dir='ltr'><strong>t</strong></span> <span class='ocrx_word' id='word_1_284' title='bbox 1366 2177 1476 2234; x_wconf 78' lang='lat' dir='ltr'><strong>Vos</strong></span> <span class='ocrx_word' id='word_1_285' title='bbox 1500 2179 1635 2234; x_wconf 85' lang='lat' dir='ltr'><strong>estis</strong></span> <span class='ocrx_word' id='word_1_286' title='bbox 1655 2179 1732 2234; x_wconf 90' lang='lat' dir='ltr'><strong>sal</strong></span> <span class='ocrx_word' id='word_1_287' title='bbox 1761 2187 1868 2234; x_wconf 88' lang='lat' dir='ltr'><strong>ter-</strong></span> 
     </span>
    </p>
   </div>
   <div class='ocr_carea' id='block_1_38' title="bbox 275 2258 1867 2336">
    <p class='ocr_par' dir='ltr' id='par_1_38' title="bbox 275 2258 1867 2336">
     <span class='ocr_line' id='line_1_38' title="bbox 275 2258 1867 2336; baseline 0.008 -24"><span class='ocrx_word' id='word_1_288' title='bbox 275 2274 368 2324; x_wconf 68' lang='grc' dir='ltr'><strong>πιξ,</strong></span> <span class='ocrx_word' id='word_1_289' title='bbox 403 2258 549 2328; x_wconf 77' lang='lat' dir='ltr'><strong>quod</strong></span> <span class='ocrx_word' id='word_1_290' title='bbox 575 2259 623 2315; x_wconf 91' lang='lat' dir='ltr'><strong>si</strong></span> <span class='ocrx_word' id='word_1_291' title='bbox 648 2261 728 2315; x_wconf 92' lang='lat' dir='ltr'><strong>sal</strong></span> <span class='ocrx_word' id='word_1_292' title='bbox 755 2263 1058 2329; x_wconf 87' lang='lat' dir='ltr'><strong>evanuerit,</strong></span> <span class='ocrx_word' id='word_1_293' title='bbox 1089 2265 1144 2319; x_wconf 94' lang='lat' dir='ltr'><strong>in</strong></span> <span class='ocrx_word' id='word_1_294' title='bbox 1191 2281 1299 2336; x_wconf 89' lang='lat' dir='ltr'><strong>quo</strong></span> <span class='ocrx_word' id='word_1_295' title='bbox 1327 2267 1588 2323; x_wconf 86' lang='lat' dir='ltr'><strong>salietur?</strong></span> <span class='ocrx_word' id='word_1_296' title='bbox 1616 2269 1699 2324; x_wconf 84' lang='lat' dir='ltr'><strong>Ad</strong></span> <span class='ocrx_word' id='word_1_297' title='bbox 1728 2269 1867 2324; x_wconf 90' lang='lat' dir='ltr'><strong>nihi-</strong></span> 
     </span>
    </p>
   </div>
   <div class='ocr_carea' id='block_1_39' title="bbox 272 2347 1866 2426">
    <p class='ocr_par' dir='ltr' id='par_1_39' title="bbox 272 2347 1866 2426">
     <span class='ocr_line' id='line_1_39' title="bbox 272 2347 1866 2426; baseline 0.008 -23"><span class='ocrx_word' id='word_1_298' title='bbox 272 2347 384 2404; x_wconf 89' lang='lat' dir='ltr'><strong>lum</strong></span> <span class='ocrx_word' id='word_1_299' title='bbox 412 2349 558 2406; x_wconf 88' lang='lat' dir='ltr'><strong>valet</strong></span> <span class='ocrx_word' id='word_1_300' title='bbox 581 2351 744 2419; x_wconf 89' lang='lat' dir='ltr'><strong>ultra,</strong></span> <span class='ocrx_word' id='word_1_301' title='bbox 769 2353 873 2408; x_wconf 90' lang='lat' dir='ltr'><strong>nisi</strong></span> <span class='ocrx_word' id='word_1_302' title='bbox 898 2361 958 2410; x_wconf 90' lang='lat' dir='ltr'><strong>ut</strong></span> <span class='ocrx_word' id='word_1_303' title='bbox 979 2355 1228 2412; x_wconf 87' lang='lat' dir='ltr'><strong>mittatur</strong></span> <span class='ocrx_word' id='word_1_304' title='bbox 1249 2356 1417 2426; x_wconf 86' lang='lat' dir='ltr'><strong>foras,</strong></span> <span class='ocrx_word' id='word_1_305' title='bbox 1445 2366 1499 2415; x_wconf 92' lang='lat' dir='ltr'><strong>et</strong></span> <span class='ocrx_word' id='word_1_306' title='bbox 1519 2360 1866 2416; x_wconf 88' lang='lat' dir='ltr'><strong>conculcetur</strong></span> 
     </span>
    </p>
   </div>
   <div class='ocr_carea' id='block_1_40' title="bbox 272 2445 1865 2523">
    <p class='ocr_par' dir='ltr' id='par_1_40' title="bbox 272 2445 1865 2523">
     <span class='ocr_line' id='line_1_40' title="bbox 272 2445 1865 2523; baseline 0.006 -25"><span class='ocrx_word' id='word_1_307' title='bbox 272 2445 340 2500; x_wconf 89' lang='lat' dir='ltr'><strong>ab</strong></span> <span class='ocrx_word' id='word_1_308' title='bbox 371 2445 682 2503; x_wconf 87' lang='lat' dir='ltr'><strong>hominibus</strong></span> <span class='ocrx_word' id='word_1_309' title='bbox 732 2447 947 2523; x_wconf 75' lang='lat' dir='ltr'><strong>(Matth.</strong></span> <span class='ocrx_word' id='word_1_310' title='bbox 1002 2449 1079 2523; x_wconf 89' lang='lat' dir='ltr'><strong>v).</strong></span> <span class='ocrx_word' id='word_1_311' title='bbox 1114 2470 1132 2504; x_wconf 77' lang='grc' dir='ltr'><strong><em>ι</em></strong></span> <span class='ocrx_word' id='word_1_312' title='bbox 1171 2449 1322 2506; x_wconf 91' lang='lat' dir='ltr'><strong>Sicut</strong></span> <span class='ocrx_word' id='word_1_313' title='bbox 1349 2466 1479 2523; x_wconf 84' lang='lat' dir='ltr'><strong>ergo</strong></span> <span class='ocrx_word' id='word_1_314' title='bbox 1507 2451 1588 2506; x_wconf 88' lang='lat' dir='ltr'><strong>sal</strong></span> <span class='ocrx_word' id='word_1_315' title='bbox 1634 2451 1865 2508; x_wconf 82' lang='lat' dir='ltr'><strong>infatua-</strong></span> 
     </span>
    </p>
   </div>
   <div class='ocr_carea' id='block_1_41' title="bbox 273 2541 1866 2614">
    <p class='ocr_par' dir='ltr' id='par_1_41' title="bbox 273 2541 1866 2614">
     <span class='ocr_line' id='line_1_41' title="bbox 273 2541 1866 2614; baseline 0.005 -22"><span class='ocrx_word' id='word_1_316' title='bbox 273 2546 384 2594; x_wconf 89' lang='lat' dir='ltr'><strong>tum</strong></span> <span class='ocrx_word' id='word_1_317' title='bbox 425 2555 552 2595; x_wconf 92' lang='lat' dir='ltr'><strong>cum</strong></span> <span class='ocrx_word' id='word_1_318' title='bbox 582 2541 651 2596; x_wconf 92' lang='lat' dir='ltr'><strong>ad</strong></span> <span class='ocrx_word' id='word_1_319' title='bbox 671 2542 1002 2599; x_wconf 89' lang='lat' dir='ltr'><strong>condiendos</strong></span> <span class='ocrx_word' id='word_1_320' title='bbox 1047 2543 1198 2599; x_wconf 89' lang='lat' dir='ltr'><strong>cibos</strong></span> <span class='ocrx_word' id='word_1_321' title='bbox 1228 2558 1529 2614; x_wconf 87' lang='lat' dir='ltr'><strong>carnesque</strong></span> <span class='ocrx_word' id='word_1_322' title='bbox 1581 2544 1866 2602; x_wconf 87' lang='lat' dir='ltr'><strong>siccandas</strong></span> 
     </span>
    </p>
   </div>
   <div class='ocr_carea' id='block_1_42' title="bbox 271 2631 1860 2708">
    <p class='ocr_par' dir='ltr' id='par_1_42' title="bbox 271 2631 1860 2708">
     <span class='ocr_line' id='line_1_42' title="bbox 271 2631 1860 2708; baseline 0.005 -24"><span class='ocrx_word' id='word_1_323' title='bbox 271 2631 454 2687; x_wconf 88' lang='lat' dir='ltr'><strong>valere</strong></span> <span class='ocrx_word' id='word_1_324' title='bbox 493 2633 736 2702; x_wconf 82' lang='lat' dir='ltr'><strong>desierit,</strong></span> <span class='ocrx_word' id='word_1_325' title='bbox 759 2635 893 2690; x_wconf 88' lang='lat' dir='ltr'><strong>nulli</strong></span> <span class='ocrx_word' id='word_1_326' title='bbox 944 2636 1064 2691; x_wconf 90' lang='lat' dir='ltr'><strong>usui</strong></span> <span class='ocrx_word' id='word_1_327' title='bbox 1118 2644 1303 2707; x_wconf 88' lang='lat' dir='ltr'><strong>aptum</strong></span> <span class='ocrx_word' id='word_1_328' title='bbox 1335 2637 1456 2701; x_wconf 91' lang='lat' dir='ltr'><strong>erit,</strong></span> <span class='ocrx_word' id='word_1_329' title='bbox 1491 2652 1668 2708; x_wconf 86' lang='lat' dir='ltr'><strong>neque</strong></span> <span class='ocrx_word' id='word_1_330' title='bbox 1695 2636 1860 2705; x_wconf 89' lang='lat' dir='ltr'><strong>enim,</strong></span> 
     </span>
    </p>
   </div>
   <div class='ocr_carea' id='block_1_43' title="bbox 268 2723 1862 2802">
    <p class='ocr_par' dir='ltr' id='par_1_43' title="bbox 268 2723 1862 2802">
     <span class='ocr_line' id='line_1_43' title="bbox 268 2723 1862 2802; baseline 0.005 -26"><span class='ocrx_word' id='word_1_331' title='bbox 268 2731 327 2777; x_wconf 92' lang='lat' dir='ltr'><strong>ut</strong></span> <span class='ocrx_word' id='word_1_332' title='bbox 376 2723 518 2780; x_wconf 90' lang='lat' dir='ltr'><strong>alius</strong></span> <span class='ocrx_word' id='word_1_333' title='bbox 568 2733 796 2782; x_wconf 87' lang='lat' dir='ltr'><strong>testatur</strong></span> <span class='ocrx_word' id='word_1_334' title='bbox 825 2727 1171 2800; x_wconf 84' lang='lat' dir='ltr'><strong>Evangelista</strong></span> <span class='ocrx_word' id='word_1_335' title='bbox 1199 2727 1351 2800; x_wconf 82' lang='lat' dir='ltr'><strong>(Luc.</strong></span> <span class='ocrx_word' id='word_1_336' title='bbox 1389 2728 1524 2802; x_wconf 69' lang='lat' dir='ltr'><strong>xxv),</strong></span> <span class='ocrx_word' id='word_1_337' title='bbox 1578 2730 1632 2784; x_wconf 94' lang='lat' dir='ltr'><strong>in</strong></span> <span class='ocrx_word' id='word_1_338' title='bbox 1661 2738 1862 2784; x_wconf 90' lang='lat' dir='ltr'><strong>terram</strong></span> 
     </span>
    </p>
   </div>
   <div class='ocr_carea' id='block_1_44' title="bbox 268 2816 1862 2894">
    <p class='ocr_par' dir='ltr' id='par_1_44' title="bbox 268 2816 1862 2894">
     <span class='ocr_line' id='line_1_44' title="bbox 268 2816 1862 2894; baseline 0.006 -25"><span class='ocrx_word' id='word_1_339' title='bbox 268 2816 397 2871; x_wconf 83' lang='lat' dir='ltr'><strong>utile</strong></span> <span class='ocrx_word' id='word_1_340' title='bbox 419 2825 521 2882; x_wconf 89' lang='lat' dir='ltr'><strong>est,</strong></span> <span class='ocrx_word' id='word_1_341' title='bbox 557 2819 712 2890; x_wconf 85' lang='lat' dir='ltr'><strong>cujus</strong></span> <span class='ocrx_word' id='word_1_342' title='bbox 749 2819 948 2889; x_wconf 90' lang='lat' dir='ltr'><strong>injectu</strong></span> <span class='ocrx_word' id='word_1_343' title='bbox 978 2822 1286 2892; x_wconf 79' lang='lat' dir='ltr'><strong>germinare</strong></span> <span class='ocrx_word' id='word_1_344' title='bbox 1321 2823 1659 2893; x_wconf 86' lang='lat' dir='ltr'><strong>prohibetur,</strong></span> <span class='ocrx_word' id='word_1_345' title='bbox 1689 2838 1862 2894; x_wconf 88' lang='lat' dir='ltr'><strong>neque</strong></span> 
     </span>
    </p>
   </div>
   <div class='ocr_carea' id='block_1_45' title="bbox 267 2905 1865 2986">
    <p class='ocr_par' dir='ltr' id='par_1_45' title="bbox 267 2905 1865 2986">
     <span class='ocr_line' id='line_1_45' title="bbox 267 2905 1865 2986; baseline 0.005 -26"><span class='ocrx_word' id='word_1_346' title='bbox 267 2905 319 2961; x_wconf 92' lang='lat' dir='ltr'><strong>in</strong></span> <span class='ocrx_word' id='word_1_347' title='bbox 342 2908 743 2979; x_wconf 80' lang='lat' dir='ltr'><strong>Sterquilinium</strong></span> <span class='ocrx_word' id='word_1_348' title='bbox 770 2912 1112 2981; x_wconf 68' lang='lat' dir='ltr'><strong>agriculturae</strong></span> <span class='ocrx_word' id='word_1_349' title='bbox 1144 2913 1510 2984; x_wconf 85' lang='lat' dir='ltr'><strong>profuturum,</strong></span> <span class='ocrx_word' id='word_1_350' title='bbox 1549 2913 1694 2986; x_wconf 91' lang='lat' dir='ltr'><strong>quod</strong></span> <span class='ocrx_word' id='word_1_351' title='bbox 1722 2915 1865 2968; x_wconf 83' lang='lat' dir='ltr'><strong>viva-</strong></span> 
     </span>
    </p>
   </div>
   <div class='ocr_carea' id='block_1_46' title="bbox 265 3001 1860 3076">
    <p class='ocr_par' dir='ltr' id='par_1_46' title="bbox 265 3001 1860 3076">
     <span class='ocr_line' id='line_1_46' title="bbox 265 3001 1860 3076; baseline 0.002 -20"><span class='ocrx_word' id='word_1_352' title='bbox 265 3001 422 3057; x_wconf 89' lang='lat' dir='ltr'><strong>cibus</strong></span> <span class='ocrx_word' id='word_1_353' title='bbox 452 3001 578 3058; x_wconf 89' lang='lat' dir='ltr'><strong>licet</strong></span> <span class='ocrx_word' id='word_1_354' title='bbox 604 3003 776 3076; x_wconf 84' lang='lat' dir='ltr'><strong>glebis</strong></span> <span class='ocrx_word' id='word_1_355' title='bbox 819 3005 1114 3060; x_wconf 88' lang='lat' dir='ltr'><strong>immistum</strong></span> <span class='ocrx_word' id='word_1_356' title='bbox 1140 3020 1248 3061; x_wconf 92' lang='lat' dir='ltr'><strong>non</strong></span> <span class='ocrx_word' id='word_1_357' title='bbox 1290 3005 1462 3062; x_wconf 89' lang='lat' dir='ltr'><strong>fetare</strong></span> <span class='ocrx_word' id='word_1_358' title='bbox 1503 3006 1709 3062; x_wconf 87' lang='lat' dir='ltr'><strong>semina</strong></span> <span class='ocrx_word' id='word_1_359' title='bbox 1742 3005 1860 3060; x_wconf 81' lang='lat' dir='ltr'><strong>fru-</strong></span> 
     </span>
    </p>
   </div>
   <div class='ocr_carea' id='block_1_47' title="bbox 266 3095 1861 3170">
    <p class='ocr_par' dir='ltr' id='par_1_47' title="bbox 266 3095 1861 3170">
     <span class='ocr_line' id='line_1_47' title="bbox 266 3095 1861 3170; baseline 0.005 -24"><span class='ocrx_word' id='word_1_360' title='bbox 266 3107 415 3165; x_wconf 90' lang='lat' dir='ltr'><strong>gum,</strong></span> <span class='ocrx_word' id='word_1_361' title='bbox 469 3095 566 3150; x_wconf 90' lang='lat' dir='ltr'><strong>sed</strong></span> <span class='ocrx_word' id='word_1_362' title='bbox 621 3097 964 3170; x_wconf 79' lang='lat' dir='ltr'><strong>exstinguere</strong></span> <span class='ocrx_word' id='word_1_363' title='bbox 1005 3097 1328 3154; x_wconf 89' lang='lat' dir='ltr'><strong>naturaliter</strong></span> <span class='ocrx_word' id='word_1_364' title='bbox 1363 3098 1542 3154; x_wconf 88' lang='lat' dir='ltr'><strong>solet:</strong></span> <span class='ocrx_word' id='word_1_365' title='bbox 1573 3099 1656 3155; x_wconf 91' lang='lat' dir='ltr'><strong>sic</strong></span> <span class='ocrx_word' id='word_1_366' title='bbox 1683 3099 1861 3155; x_wconf 86' lang='lat' dir='ltr'><strong>omnis</strong></span> 
     </span>
    </p>
   </div>
   <div class='ocr_carea' id='block_1_48' title="bbox 1968 1900 3562 1974">
    <p class='ocr_par' dir='ltr' id='par_1_48' title="bbox 1968 1900 3562 1974">
     <span class='ocr_line' id='line_1_48' title="bbox 1968 1900 3562 1974; baseline 0.003 -18"><span class='ocrx_word' id='word_1_367' title='bbox 1968 1900 2069 1956; x_wconf 92' lang='lat' dir='ltr'><strong>bus</strong></span> <span class='ocrx_word' id='word_1_368' title='bbox 2097 1901 2332 1972; x_wconf 89' lang='lat' dir='ltr'><strong>primum</strong></span> <span class='ocrx_word' id='word_1_369' title='bbox 2357 1901 2588 1974; x_wconf 86' lang='lat' dir='ltr'><strong>pleniter</strong></span> <span class='ocrx_word' id='word_1_370' title='bbox 2613 1901 2892 1974; x_wconf 85' lang='lat' dir='ltr'><strong>percipiat,</strong></span> <span class='ocrx_word' id='word_1_371' title='bbox 2929 1911 2984 1959; x_wconf 89' lang='lat' dir='ltr'><strong>et</strong></span> <span class='ocrx_word' id='word_1_372' title='bbox 3011 1904 3090 1958; x_wconf 88' lang='lat' dir='ltr'><strong>sic</strong></span> <span class='ocrx_word' id='word_1_373' title='bbox 3127 1912 3234 1958; x_wconf 90' lang='lat' dir='ltr'><strong>tam</strong></span> <span class='ocrx_word' id='word_1_374' title='bbox 3265 1905 3365 1959; x_wconf 86' lang='lat' dir='ltr'><strong>sibi</strong></span> <span class='ocrx_word' id='word_1_375' title='bbox 3398 1921 3562 1974; x_wconf 88' lang='lat' dir='ltr'><strong>quam</strong></span> 
     </span>
    </p>
   </div>
   <div class='ocr_carea' id='block_1_49' title="bbox 1966 1995 3561 2070">
    <p class='ocr_par' dir='ltr' id='par_1_49' title="bbox 1966 1995 3561 2070">
     <span class='ocr_line' id='line_1_49' title="bbox 1966 1995 3561 2070; baseline 0.003 -20"><span class='ocrx_word' id='word_1_376' title='bbox 1966 1995 2129 2050; x_wconf 85' lang='lat' dir='ltr'><strong>etiam</strong></span> <span class='ocrx_word' id='word_1_377' title='bbox 2162 1995 2282 2050; x_wconf 89' lang='lat' dir='ltr'><strong>aliis</strong></span> <span class='ocrx_word' id='word_1_378' title='bbox 2321 1996 2701 2065; x_wconf 89' lang='lat' dir='ltr'><strong>profectuosus</strong></span> <span class='ocrx_word' id='word_1_379' title='bbox 2729 2007 2785 2052; x_wconf 91' lang='lat' dir='ltr'><strong>et</strong></span> <span class='ocrx_word' id='word_1_380' title='bbox 2823 1998 2973 2054; x_wconf 88' lang='lat' dir='ltr'><strong>utilis</strong></span> <span class='ocrx_word' id='word_1_381' title='bbox 3012 2012 3135 2054; x_wconf 86' lang='lat' dir='ltr'><strong>esse</strong></span> <span class='ocrx_word' id='word_1_382' title='bbox 3180 2001 3472 2070; x_wconf 86' lang='lat' dir='ltr'><strong>probetur;</strong></span> <span class='ocrx_word' id='word_1_383' title='bbox 3504 2007 3561 2055; x_wconf 83' lang='lat' dir='ltr'><strong>et</strong></span> 
     </span>
    </p>
   </div>
   <div class='ocr_carea' id='block_1_50' title="bbox 1966 2089 3564 2161">
    <p class='ocr_par' dir='ltr' id='par_1_50' title="bbox 1966 2089 3564 2161">
     <span class='ocr_line' id='line_1_50' title="bbox 1966 2089 3564 2161; baseline 0.004 -18"><span class='ocrx_word' id='word_1_384' title='bbox 1966 2089 2104 2144; x_wconf 86' lang='lat' dir='ltr'><strong>bene</strong></span> <span class='ocrx_word' id='word_1_385' title='bbox 2158 2089 2470 2144; x_wconf 86' lang='lat' dir='ltr'><strong>nominatur</strong></span> <span class='ocrx_word' id='word_1_386' title='bbox 2508 2090 2736 2156; x_wconf 82' lang='lat' dir='ltr'><strong>amicus,</strong></span> <span class='ocrx_word' id='word_1_387' title='bbox 2790 2092 2880 2161; x_wconf 89' lang='lat' dir='ltr'><strong>qui</strong></span> <span class='ocrx_word' id='word_1_388' title='bbox 2923 2100 3082 2147; x_wconf 74' lang='lat' dir='ltr'><strong>rectze</strong></span> <span class='ocrx_word' id='word_1_389' title='bbox 3114 2091 3236 2148; x_wconf 83' lang='lat' dir='ltr'><strong>ﬁdei</strong></span> <span class='ocrx_word' id='word_1_390' title='bbox 3277 2108 3417 2149; x_wconf 76' lang='lat' dir='ltr'><strong>vera:</strong></span> <span class='ocrx_word' id='word_1_391' title='bbox 3471 2111 3564 2149; x_wconf 81' lang='lat' dir='ltr'><strong>sa-</strong></span> 
     </span>
    </p>
   </div>
   <div class='ocr_carea' id='block_1_51' title="bbox 1964 2180 3560 2252">
    <p class='ocr_par' dir='ltr' id='par_1_51' title="bbox 1964 2180 3560 2252">
     <span class='ocr_line' id='line_1_51' title="bbox 1964 2180 3560 2252; baseline 0.005 -18"><span class='ocrx_word' id='word_1_392' title='bbox 1964 2181 2183 2250; x_wconf 67' lang='lat' dir='ltr'><strong>pientiae</strong></span> <span class='ocrx_word' id='word_1_393' title='bbox 2208 2180 2381 2238; x_wconf 83' lang='lat' dir='ltr'><strong>ﬁdelis</strong></span> <span class='ocrx_word' id='word_1_394' title='bbox 2400 2189 2484 2242; x_wconf 85' lang='lat' dir='ltr'><strong>est</strong></span> <span class='ocrx_word' id='word_1_395' title='bbox 2507 2193 2814 2238; x_wconf 78' lang='lat' dir='ltr'><strong>exsecutor.</strong></span> <span class='ocrx_word' id='word_1_396' title='bbox 2844 2182 2980 2251; x_wconf 89' lang='lat' dir='ltr'><strong>Quia</strong></span> <span class='ocrx_word' id='word_1_397' title='bbox 3004 2185 3234 2252; x_wconf 75' lang='lat' dir='ltr'><strong>anticus,</strong></span> <span class='ocrx_word' id='word_1_398' title='bbox 3259 2195 3320 2240; x_wconf 91' lang='lat' dir='ltr'><strong>ut</strong></span> <span class='ocrx_word' id='word_1_399' title='bbox 3344 2196 3560 2242; x_wconf 83' lang='lat' dir='ltr'><strong>veteres</strong></span> 
     </span>
    </p>
   </div>
   <div class='ocr_carea' id='block_1_52' title="bbox 1965 2273 3558 2346">
    <p class='ocr_par' dir='ltr' id='par_1_52' title="bbox 1965 2273 3558 2346">
     <span class='ocr_line' id='line_1_52' title="bbox 1965 2273 3558 2346; baseline 0.003 -18"><span class='ocrx_word' id='word_1_400' title='bbox 1965 2273 2271 2340; x_wconf 89' lang='lat' dir='ltr'><strong>voluerunt,</strong></span> <span class='ocrx_word' id='word_1_401' title='bbox 2305 2274 2506 2330; x_wconf 89' lang='lat' dir='ltr'><strong>dicitur</strong></span> <span class='ocrx_word' id='word_1_402' title='bbox 2549 2277 2705 2346; x_wconf 88' lang='lat' dir='ltr'><strong>quasi</strong></span> <span class='ocrx_word' id='word_1_403' title='bbox 2738 2277 2902 2332; x_wconf 90' lang='lat' dir='ltr'><strong>animi</strong></span> <span class='ocrx_word' id='word_1_404' title='bbox 2947 2285 3148 2332; x_wconf 84' lang='lat' dir='ltr'><strong>custos.</strong></span> <span class='ocrx_word' id='word_1_405' title='bbox 3178 2276 3269 2332; x_wconf 78' lang='lat' dir='ltr'><strong>llle</strong></span> <span class='ocrx_word' id='word_1_406' title='bbox 3292 2278 3436 2332; x_wconf 88' lang='lat' dir='ltr'><strong>enim</strong></span> <span class='ocrx_word' id='word_1_407' title='bbox 3464 2294 3558 2334; x_wconf 83' lang='lat' dir='ltr'><strong>cu-</strong></span> 
     </span>
    </p>
   </div>
   <div class='ocr_carea' id='block_1_53' title="bbox 1965 2367 3557 2443">
    <p class='ocr_par' dir='ltr' id='par_1_53' title="bbox 1965 2367 3557 2443">
     <span class='ocr_line' id='line_1_53' title="bbox 1965 2367 3557 2443; baseline 0.004 -21"><span class='ocrx_word' id='word_1_408' title='bbox 1965 2367 2130 2422; x_wconf 89' lang='lat' dir='ltr'><strong>stodit</strong></span> <span class='ocrx_word' id='word_1_409' title='bbox 2153 2368 2392 2423; x_wconf 87' lang='lat' dir='ltr'><strong>animum</strong></span> <span class='ocrx_word' id='word_1_410' title='bbox 2420 2367 2628 2434; x_wconf 85' lang='lat' dir='ltr'><strong>fratris,</strong></span> <span class='ocrx_word' id='word_1_411' title='bbox 2652 2369 2743 2439; x_wconf 88' lang='lat' dir='ltr'><strong>qui</strong></span> <span class='ocrx_word' id='word_1_412' title='bbox 2782 2386 2905 2425; x_wconf 90' lang='lat' dir='ltr'><strong>cum</strong></span> <span class='ocrx_word' id='word_1_413' title='bbox 2947 2370 3064 2442; x_wconf 92' lang='lat' dir='ltr'><strong>ipso</strong></span> <span class='ocrx_word' id='word_1_414' title='bbox 3091 2379 3290 2428; x_wconf 86' lang='lat' dir='ltr'><strong>tractat</strong></span> <span class='ocrx_word' id='word_1_415' title='bbox 3320 2388 3438 2443; x_wconf 79' lang='lat' dir='ltr'><strong>qua:</strong></span> <span class='ocrx_word' id='word_1_416' title='bbox 3485 2373 3557 2428; x_wconf 86' lang='lat' dir='ltr'><strong>ad</strong></span> 
     </span>
    </p>
   </div>
   <div class='ocr_carea' id='block_1_54' title="bbox 1964 2457 2807 2529">
    <p class='ocr_par' dir='ltr' id='par_1_54' title="bbox 1964 2457 2807 2529">
     <span class='ocr_line' id='line_1_54' title="bbox 1964 2457 2807 2529; baseline 0.002 -16"><span class='ocrx_word' id='word_1_417' title='bbox 1964 2457 2193 2513; x_wconf 87' lang='lat' dir='ltr'><strong>salutem</strong></span> <span class='ocrx_word' id='word_1_418' title='bbox 2218 2458 2492 2529; x_wconf 88' lang='lat' dir='ltr'><strong>pertinent</strong></span> <span class='ocrx_word' id='word_1_419' title='bbox 2521 2469 2807 2516; x_wconf 72' lang='lat' dir='ltr'><strong>aeternam.</strong></span> 
     </span>
    </p>
   </div>
   <div class='ocr_carea' id='block_1_55' title="bbox 2041 2547 3554 2624">
    <p class='ocr_par' dir='ltr' id='par_1_55' title="bbox 2041 2547 3554 2624">
     <span class='ocr_line' id='line_1_55' title="bbox 2041 2547 3554 2624; baseline 0.009 -25"><span class='ocrx_word' id='word_1_420' title='bbox 2041 2567 2058 2599; x_wconf 75' lang='grc' dir='ltr'>ι</span> <span class='ocrx_word' id='word_1_421' title='bbox 2097 2547 2214 2603; x_wconf 89' lang='lat' dir='ltr'><strong>Non</strong></span> <span class='ocrx_word' id='word_1_422' title='bbox 2243 2549 2384 2604; x_wconf 83' lang='lat' dir='ltr'><strong>zeles</strong></span> <span class='ocrx_word' id='word_1_423' title='bbox 2406 2549 2633 2619; x_wconf 84' lang='lat' dir='ltr'><strong>gloriam</strong></span> <span class='ocrx_word' id='word_1_424' title='bbox 2666 2561 2720 2606; x_wconf 91' lang='lat' dir='ltr'><strong>et</strong></span> <span class='ocrx_word' id='word_1_425' title='bbox 2739 2569 2870 2622; x_wconf 92' lang='lat' dir='ltr'><strong>opes</strong></span> <span class='ocrx_word' id='word_1_426' title='bbox 2896 2555 3200 2624; x_wconf 86' lang='lat' dir='ltr'><strong>peccatoris</strong></span> <span class='ocrx_word' id='word_1_427' title='bbox 3229 2574 3242 2610; x_wconf 94' lang='lat'><strong><em>:</em></strong></span> <span class='ocrx_word' id='word_1_428' title='bbox 3272 2572 3378 2614; x_wconf 91' lang='lat' dir='ltr'><strong>non</strong></span> <span class='ocrx_word' id='word_1_429' title='bbox 3409 2559 3554 2612; x_wconf 89' lang='lat' dir='ltr'><strong>enim</strong></span> 
     </span>
    </p>
   </div>
   <div class='ocr_carea' id='block_1_56' title="bbox 1971 2640 3554 2721">
    <p class='ocr_par' dir='ltr' id='par_1_56' title="bbox 1971 2640 3554 2721">
     <span class='ocr_line' id='line_1_56' title="bbox 1971 2640 3554 2721; baseline 0.009 -30"><span class='ocrx_word' id='word_1_430' title='bbox 1971 2659 1988 2690; x_wconf 72' lang='grc' dir='ltr'><strong><em>ι</em></strong></span> <span class='ocrx_word' id='word_1_431' title='bbox 2025 2640 2132 2695; x_wconf 88' lang='lat' dir='ltr'><strong>scis</strong></span> <span class='ocrx_word' id='word_1_432' title='bbox 2158 2657 2278 2712; x_wconf 76' lang='lat' dir='ltr'><strong>qua:</strong></span> <span class='ocrx_word' id='word_1_433' title='bbox 2309 2641 2492 2698; x_wconf 87' lang='lat' dir='ltr'><strong>futura</strong></span> <span class='ocrx_word' id='word_1_434' title='bbox 2543 2644 2615 2697; x_wconf 86' lang='lat' dir='ltr'><strong>sit</strong></span> <span class='ocrx_word' id='word_1_435' title='bbox 2660 2643 2801 2699; x_wconf 90' lang='lat' dir='ltr'><strong>illius</strong></span> <span class='ocrx_word' id='word_1_436' title='bbox 2831 2646 3128 2701; x_wconf 88' lang='lat' dir='ltr'><strong>subversio.</strong></span> <span class='ocrx_word' id='word_1_437' title='bbox 3161 2667 3179 2700; x_wconf 71' lang='grc' dir='ltr'><strong>ι</strong></span> <span class='ocrx_word' id='word_1_438' title='bbox 3219 2649 3293 2704; x_wconf 93' lang='lat' dir='ltr'><strong>De</strong></span> <span class='ocrx_word' id='word_1_439' title='bbox 3319 2650 3554 2721; x_wconf 86' lang='lat' dir='ltr'><strong>primatu</strong></span> 
     </span>
    </p>
   </div>
   <div class='ocr_carea' id='block_1_57' title="bbox 1963 2733 3556 2806">
    <p class='ocr_par' dir='ltr' id='par_1_57' title="bbox 1963 2733 3556 2806">
     <span class='ocr_line' id='line_1_57' title="bbox 1963 2733 3556 2806; baseline 0.007 -20"><span class='ocrx_word' id='word_1_440' title='bbox 1963 2740 2020 2786; x_wconf 91' lang='lat' dir='ltr'><strong>et</strong></span> <span class='ocrx_word' id='word_1_441' title='bbox 2045 2733 2282 2803; x_wconf 89' lang='lat' dir='ltr'><strong>potentia</strong></span> <span class='ocrx_word' id='word_1_442' title='bbox 2313 2742 2530 2790; x_wconf 87' lang='lat' dir='ltr'><strong>terrena</strong></span> <span class='ocrx_word' id='word_1_443' title='bbox 2550 2735 2681 2791; x_wconf 91' lang='lat' dir='ltr'><strong>ntilc</strong></span> <span class='ocrx_word' id='word_1_444' title='bbox 2704 2751 2809 2790; x_wconf 90' lang='lat' dir='ltr'><strong>non</strong></span> <span class='ocrx_word' id='word_1_445' title='bbox 2831 2745 2916 2791; x_wconf 90' lang='lat' dir='ltr'><strong>est</strong></span> <span class='ocrx_word' id='word_1_446' title='bbox 2940 2738 3288 2806; x_wconf 87' lang='lat' dir='ltr'><strong>contendere,</strong></span> <span class='ocrx_word' id='word_1_447' title='bbox 3317 2742 3411 2796; x_wconf 89' lang='lat' dir='ltr'><strong>sed</strong></span> <span class='ocrx_word' id='word_1_448' title='bbox 3436 2758 3556 2796; x_wconf 86' lang='lat' dir='ltr'><strong>ma-</strong></span> 
     </span>
    </p>
   </div>
   <div class='ocr_carea' id='block_1_58' title="bbox 1964 2821 3556 2893">
    <p class='ocr_par' dir='ltr' id='par_1_58' title="bbox 1964 2821 3556 2893">
     <span class='ocr_line' id='line_1_58' title="bbox 1964 2821 3556 2893; baseline 0.006 -18"><span class='ocrx_word' id='word_1_449' title='bbox 1964 2821 2047 2893; x_wconf 82' lang='lat' dir='ltr'><strong>gis</strong></span> <span class='ocrx_word' id='word_1_450' title='bbox 2074 2823 2140 2877; x_wconf 92' lang='lat' dir='ltr'><strong>de</strong></span> <span class='ocrx_word' id='word_1_451' title='bbox 2185 2822 2431 2893; x_wconf 87' lang='lat' dir='ltr'><strong>profectu</strong></span> <span class='ocrx_word' id='word_1_452' title='bbox 2459 2824 2720 2879; x_wconf 89' lang='lat' dir='ltr'><strong>virtutum</strong></span> <span class='ocrx_word' id='word_1_453' title='bbox 2767 2835 2996 2881; x_wconf 88' lang='lat' dir='ltr'><strong>certare.</strong></span> <span class='ocrx_word' id='word_1_454' title='bbox 3030 2826 3183 2882; x_wconf 89' lang='lat' dir='ltr'><strong>Unde</strong></span> <span class='ocrx_word' id='word_1_455' title='bbox 3219 2837 3272 2884; x_wconf 92' lang='lat' dir='ltr'><strong>et</strong></span> <span class='ocrx_word' id='word_1_456' title='bbox 3308 2827 3556 2885; x_wconf 85' lang='lat' dir='ltr'><strong>Salvator</strong></span> 
     </span>
    </p>
   </div>
   <div class='ocr_carea' id='block_1_59' title="bbox 1964 2913 3554 2991">
    <p class='ocr_par' dir='ltr' id='par_1_59' title="bbox 1964 2913 3554 2991">
     <span class='ocr_line' id='line_1_59' title="bbox 1964 2913 3554 2991; baseline 0.003 -22"><span class='ocrx_word' id='word_1_457' title='bbox 1964 2919 2092 2969; x_wconf 80' lang='lat' dir='ltr'><strong>suos</strong></span> <span class='ocrx_word' id='word_1_458' title='bbox 2117 2913 2407 2985; x_wconf 85' lang='lat' dir='ltr'><strong>discipulos</strong></span> <span class='ocrx_word' id='word_1_459' title='bbox 2435 2915 2715 2971; x_wconf 89' lang='lat' dir='ltr'><strong>admonuit</strong></span> <span class='ocrx_word' id='word_1_460' title='bbox 2756 2932 2853 2988; x_wconf 90' lang='lat' dir='ltr'><strong>per</strong></span> <span class='ocrx_word' id='word_1_461' title='bbox 2881 2927 3088 2971; x_wconf 86' lang='lat' dir='ltr'><strong>arctam</strong></span> <span class='ocrx_word' id='word_1_462' title='bbox 3128 2918 3270 2973; x_wconf 88' lang='lat' dir='ltr'><strong>viam</strong></span> <span class='ocrx_word' id='word_1_463' title='bbox 3305 2927 3359 2974; x_wconf 90' lang='lat' dir='ltr'><strong>et</strong></span> <span class='ocrx_word' id='word_1_464' title='bbox 3386 2936 3554 2991; x_wconf 84' lang='lat' dir='ltr'><strong>angn-</strong></span> 
     </span>
    </p>
   </div>
   <div class='ocr_carea' id='block_1_60' title="bbox 1963 3005 3553 3079">
    <p class='ocr_par' dir='ltr' id='par_1_60' title="bbox 1963 3005 3553 3079">
     <span class='ocr_line' id='line_1_60' title="bbox 1963 3005 3553 3079; baseline 0.006 -21"><span class='ocrx_word' id='word_1_465' title='bbox 1963 3012 2100 3060; x_wconf 86' lang='lat' dir='ltr'><strong>stam</strong></span> <span class='ocrx_word' id='word_1_466' title='bbox 2131 3005 2460 3062; x_wconf 89' lang='lat' dir='ltr'><strong>contendere</strong></span> <span class='ocrx_word' id='word_1_467' title='bbox 2504 3007 2730 3074; x_wconf 88' lang='lat' dir='ltr'><strong>intrare,</strong></span> <span class='ocrx_word' id='word_1_468' title='bbox 2761 3024 2882 3079; x_wconf 75' lang='lat' dir='ltr'><strong>qua:</strong></span> <span class='ocrx_word' id='word_1_469' title='bbox 2910 3009 3060 3064; x_wconf 89' lang='lat' dir='ltr'><strong>ducit</strong></span> <span class='ocrx_word' id='word_1_470' title='bbox 3097 3011 3164 3065; x_wconf 90' lang='lat' dir='ltr'><strong>ad</strong></span> <span class='ocrx_word' id='word_1_471' title='bbox 3204 3011 3393 3079; x_wconf 86' lang='lat' dir='ltr'><strong>vitam,</strong></span> <span class='ocrx_word' id='word_1_472' title='bbox 3443 3029 3553 3067; x_wconf 87' lang='lat' dir='ltr'><strong>non</strong></span> 
     </span>
    </p>
   </div>
   <div class='ocr_carea' id='block_1_61' title="bbox 1961 3095 3548 3171">
    <p class='ocr_par' dir='ltr' id='par_1_61' title="bbox 1961 3095 3548 3171">
     <span class='ocr_line' id='line_1_61' title="bbox 1961 3095 3548 3171; baseline 0.003 -21"><span class='ocrx_word' id='word_1_473' title='bbox 1961 3109 2060 3164; x_wconf 88' lang='lat' dir='ltr'><strong>per</strong></span> <span class='ocrx_word' id='word_1_474' title='bbox 2086 3095 2252 3150; x_wconf 87' lang='lat' dir='ltr'><strong>latam</strong></span> <span class='ocrx_word' id='word_1_475' title='bbox 2275 3103 2328 3151; x_wconf 91' lang='lat' dir='ltr'><strong>et</strong></span> <span class='ocrx_word' id='word_1_476' title='bbox 2356 3098 2672 3166; x_wconf 77' lang='lat' dir='ltr'><strong>Spatiosam,</strong></span> <span class='ocrx_word' id='word_1_477' title='bbox 2715 3113 2835 3167; x_wconf 74' lang='lat' dir='ltr'><strong>qua:</strong></span> <span class='ocrx_word' id='word_1_478' title='bbox 2862 3099 3011 3154; x_wconf 91' lang='lat' dir='ltr'><strong>ducit</strong></span> <span class='ocrx_word' id='word_1_479' title='bbox 3037 3100 3104 3155; x_wconf 91' lang='lat' dir='ltr'><strong>ad</strong></span> <span class='ocrx_word' id='word_1_480' title='bbox 3135 3108 3364 3156; x_wconf 89' lang='lat' dir='ltr'><strong>mortem</strong></span> <span class='ocrx_word' id='word_1_481' title='bbox 3397 3101 3548 3171; x_wconf 85' lang='lat' dir='ltr'><strong>(Luc.</strong></span> 
     </span>
    </p>
   </div>
   <div class='ocr_carea' id='block_1_62' title="bbox 266 3184 3552 3263">
    <p class='ocr_par' dir='ltr' id='par_1_62' title="bbox 266 3184 3552 3263">
     <span class='ocr_line' id='line_1_62' title="bbox 266 3184 3552 3263; baseline 0.003 -23"><span class='ocrx_word' id='word_1_482' title='bbox 266 3187 357 3256; x_wconf 90' lang='lat' dir='ltr'><strong>qui</strong></span> <span class='ocrx_word' id='word_1_483' title='bbox 392 3197 518 3258; x_wconf 88' lang='lat' dir='ltr'><strong>post</strong></span> <span class='ocrx_word' id='word_1_484' title='bbox 547 3189 878 3261; x_wconf 86' lang='lat' dir='ltr'><strong>agnitionem</strong></span> <span class='ocrx_word' id='word_1_485' title='bbox 933 3192 1182 3248; x_wconf 87' lang='lat' dir='ltr'><strong>veritatis</strong></span> <span class='ocrx_word' id='word_1_486' title='bbox 1219 3203 1368 3249; x_wconf 90' lang='lat' dir='ltr'><strong>retro</strong></span> <span class='ocrx_word' id='word_1_487' title='bbox 1397 3193 1636 3260; x_wconf 89' lang='lat' dir='ltr'><strong>redierit,</strong></span> <span class='ocrx_word' id='word_1_488' title='bbox 1679 3209 1855 3263; x_wconf 88' lang='lat' dir='ltr'><strong>neque</strong></span> <span class='ocrx_word' id='word_1_489' title='bbox 1883 3189 1927 3252; x_wconf 91' lang='lat' dir='ltr'>C</span> <span class='ocrx_word' id='word_1_490' title='bbox 1959 3184 2079 3258; x_wconf 73' lang='lat' dir='ltr'><strong>XI&quot;)</strong></span> <span class='ocrx_word' id='word_1_491' title='bbox 2102 3201 2115 3250; x_wconf 86' lang='grc'><strong>;</strong></span> <span class='ocrx_word' id='word_1_492' title='bbox 2140 3194 2195 3239; x_wconf 75' lang='grc' dir='ltr'>ει</span> <span class='ocrx_word' id='word_1_493' title='bbox 2218 3200 2349 3256; x_wconf 77' lang='lat' dir='ltr'><strong>Opes</strong></span> <span class='ocrx_word' id='word_1_494' title='bbox 2377 3195 2541 3258; x_wconf 75' lang='lat' dir='ltr'><strong>atque</strong></span> <span class='ocrx_word' id='word_1_495' title='bbox 2569 3189 2790 3246; x_wconf 71' lang='lat' dir='ltr'><strong>divitias</strong></span> <span class='ocrx_word' id='word_1_496' title='bbox 2825 3190 3010 3245; x_wconf 87' lang='lat' dir='ltr'><strong>mundi</strong></span> <span class='ocrx_word' id='word_1_497' title='bbox 3050 3205 3330 3261; x_wconf 82' lang='lat' dir='ltr'><strong>spernere,</strong></span> <span class='ocrx_word' id='word_1_498' title='bbox 3361 3200 3552 3261; x_wconf 73' lang='lat' dir='ltr'><strong>Quate-</strong></span> 
     </span>
    </p>
   </div>
   <div class='ocr_carea' id='block_1_63' title="bbox 267 3273 1857 3353">
    <p class='ocr_par' dir='ltr' id='par_1_63' title="bbox 267 3273 1857 3353">
     <span class='ocr_line' id='line_1_63' title="bbox 267 3273 1857 3353; baseline 0.004 -21"><span class='ocrx_word' id='word_1_499' title='bbox 267 3273 382 3349; x_wconf 88' lang='lat' dir='ltr'><strong>ipse</strong></span> <span class='ocrx_word' id='word_1_500' title='bbox 411 3277 648 3334; x_wconf 87' lang='lat' dir='ltr'><strong>fructum</strong></span> <span class='ocrx_word' id='word_1_501' title='bbox 673 3280 799 3336; x_wconf 90' lang='lat' dir='ltr'><strong>boni</strong></span> <span class='ocrx_word' id='word_1_502' title='bbox 841 3283 1022 3351; x_wconf 91' lang='lat' dir='ltr'><strong>operis</strong></span> <span class='ocrx_word' id='word_1_503' title='bbox 1046 3282 1216 3349; x_wconf 90' lang='lat' dir='ltr'><strong>ferre,</strong></span> <span class='ocrx_word' id='word_1_504' title='bbox 1247 3298 1421 3353; x_wconf 89' lang='lat' dir='ltr'><strong>neque</strong></span> <span class='ocrx_word' id='word_1_505' title='bbox 1448 3281 1583 3339; x_wconf 91' lang='lat' dir='ltr'><strong>alios</strong></span> <span class='ocrx_word' id='word_1_506' title='bbox 1607 3282 1857 3338; x_wconf 80' lang='lat' dir='ltr'><strong>excolere</strong></span> 
     </span>
    </p>
   </div>
   <div class='ocr_carea' id='block_1_64' title="bbox 265 3368 1860 3436">
    <p class='ocr_par' dir='ltr' id='par_1_64' title="bbox 265 3368 1860 3436">
     <span class='ocr_line' id='line_1_64' title="bbox 265 3368 1860 3436; baseline 0.004 -15"><span class='ocrx_word' id='word_1_507' title='bbox 265 3369 433 3435; x_wconf 83' lang='lat' dir='ltr'><strong>valet,</strong></span> <span class='ocrx_word' id='word_1_508' title='bbox 458 3370 550 3426; x_wconf 89' lang='lat' dir='ltr'><strong>sed</strong></span> <span class='ocrx_word' id='word_1_509' title='bbox 579 3368 728 3427; x_wconf 91' lang='lat' dir='ltr'><strong>foras</strong></span> <span class='ocrx_word' id='word_1_510' title='bbox 762 3371 1080 3436; x_wconf 89' lang='lat' dir='ltr'><strong>mittendus,</strong></span> <span class='ocrx_word' id='word_1_511' title='bbox 1111 3373 1216 3427; x_wconf 92' lang='lat' dir='ltr'><strong>hoc</strong></span> <span class='ocrx_word' id='word_1_512' title='bbox 1263 3379 1347 3427; x_wconf 90' lang='lat' dir='ltr'><strong>est</strong></span> <span class='ocrx_word' id='word_1_513' title='bbox 1386 3372 1454 3427; x_wconf 91' lang='lat' dir='ltr'><strong>ab</strong></span> <span class='ocrx_word' id='word_1_514' title='bbox 1482 3372 1735 3428; x_wconf 80' lang='lat' dir='ltr'><strong>Ecclesiae</strong></span> <span class='ocrx_word' id='word_1_515' title='bbox 1775 3381 1860 3428; x_wconf 81' lang='lat' dir='ltr'><strong>est</strong></span> 
     </span>
    </p>
   </div>
   <div class='ocr_carea' id='block_1_65' title="bbox 267 3461 1860 3532">
    <p class='ocr_par' dir='ltr' id='par_1_65' title="bbox 267 3461 1860 3532">
     <span class='ocr_line' id='line_1_65' title="bbox 267 3461 1860 3532; baseline 0.003 -19"><span class='ocrx_word' id='word_1_516' title='bbox 267 3461 475 3515; x_wconf 86' lang='lat' dir='ltr'><strong>unitate</strong></span> <span class='ocrx_word' id='word_1_517' title='bbox 497 3461 888 3528; x_wconf 88' lang='lat' dir='ltr'><strong>secernendus,</strong></span> <span class='ocrx_word' id='word_1_518' title='bbox 914 3469 975 3516; x_wconf 92' lang='lat' dir='ltr'><strong>ut</strong></span> <span class='ocrx_word' id='word_1_519' title='bbox 1009 3461 1164 3530; x_wconf 79' lang='lat' dir='ltr'><strong>juxta</strong></span> <span class='ocrx_word' id='word_1_520' title='bbox 1213 3461 1372 3516; x_wconf 91' lang='lat' dir='ltr'><strong>aliam</strong></span> <span class='ocrx_word' id='word_1_521' title='bbox 1398 3461 1710 3532; x_wconf 89' lang='lat' dir='ltr'><strong>parabolam</strong></span> <span class='ocrx_word' id='word_1_522' title='bbox 1740 3463 1860 3517; x_wconf 87' lang='lat' dir='ltr'><strong>irri-</strong></span> 
     </span>
    </p>
   </div>
   <div class='ocr_carea' id='block_1_66' title="bbox 267 3549 1859 3623">
    <p class='ocr_par' dir='ltr' id='par_1_66' title="bbox 267 3549 1859 3623">
     <span class='ocr_line' id='line_1_66' title="bbox 267 3549 1859 3623; baseline 0.002 -20"><span class='ocrx_word' id='word_1_523' title='bbox 267 3549 460 3606; x_wconf 86' lang='lat' dir='ltr'><strong>dentes</strong></span> <span class='ocrx_word' id='word_1_524' title='bbox 478 3567 603 3607; x_wconf 90' lang='lat' dir='ltr'><strong>eum</strong></span> <span class='ocrx_word' id='word_1_525' title='bbox 627 3551 834 3607; x_wconf 90' lang='lat' dir='ltr'><strong>inimici</strong></span> <span class='ocrx_word' id='word_1_526' title='bbox 865 3552 1050 3608; x_wconf 89' lang='lat' dir='ltr'><strong>dicant</strong></span> <span class='ocrx_word' id='word_1_527' title='bbox 1080 3570 1092 3606; x_wconf 93' lang='lat'>:</span> <span class='ocrx_word' id='word_1_528' title='bbox 1129 3571 1148 3604; x_wconf 84' lang='grc'><strong><em>‹</em></strong></span> <span class='ocrx_word' id='word_1_529' title='bbox 1181 3551 1318 3619; x_wconf 84' lang='lat' dir='ltr'><strong>Quia</strong></span> <span class='ocrx_word' id='word_1_530' title='bbox 1358 3553 1449 3607; x_wconf 89' lang='lat' dir='ltr'><strong>hic</strong></span> <span class='ocrx_word' id='word_1_531' title='bbox 1485 3553 1648 3608; x_wconf 89' lang='lat' dir='ltr'><strong>homo</strong></span> <span class='ocrx_word' id='word_1_532' title='bbox 1694 3552 1859 3623; x_wconf 74' lang='lat' dir='ltr'><strong>cmpit</strong></span> 
     </span>
    </p>
   </div>
   <div class='ocr_carea' id='block_1_67' title="bbox 267 3640 1794 3717">
    <p class='ocr_par' dir='ltr' id='par_1_67' title="bbox 267 3640 1794 3717">
     <span class='ocr_line' id='line_1_67' title="bbox 267 3640 1794 3717; baseline 0.001 -21"><span class='ocrx_word' id='word_1_533' title='bbox 267 3640 560 3709; x_wconf 68' lang='lat' dir='ltr'><strong>aediﬁcare,</strong></span> <span class='ocrx_word' id='word_1_534' title='bbox 590 3652 644 3699; x_wconf 88' lang='lat' dir='ltr'><strong>et</strong></span> <span class='ocrx_word' id='word_1_535' title='bbox 676 3660 782 3700; x_wconf 92' lang='lat' dir='ltr'><strong>non</strong></span> <span class='ocrx_word' id='word_1_536' title='bbox 813 3643 989 3714; x_wconf 88' lang='lat' dir='ltr'><strong>potuit</strong></span> <span class='ocrx_word' id='word_1_537' title='bbox 1017 3659 1397 3700; x_wconf 88' lang='lat' dir='ltr'><strong>consummare</strong></span> <span class='ocrx_word' id='word_1_538' title='bbox 1427 3642 1579 3717; x_wconf 87' lang='lat' dir='ltr'><strong>(Luc.</strong></span> <span class='ocrx_word' id='word_1_539' title='bbox 1611 3643 1744 3715; x_wconf 77' lang='lat' dir='ltr'><strong>xiv).</strong></span> <span class='ocrx_word' id='word_1_540' title='bbox 1776 3664 1794 3697; x_wconf 75' lang='grc' dir='ltr'><strong><em>ι</em></strong></span> 
     </span>
    </p>
   </div>
   <div class='ocr_carea' id='block_1_68' title="bbox 343 3731 1856 3806">
    <p class='ocr_par' dir='ltr' id='par_1_68' title="bbox 343 3731 1856 3806">
     <span class='ocr_line' id='line_1_68' title="bbox 343 3731 1856 3806; baseline 0.005 -21"><span class='ocrx_word' id='word_1_541' title='bbox 343 3751 363 3785; x_wconf 76' lang='grc' dir='ltr'>ι</span> <span class='ocrx_word' id='word_1_542' title='bbox 402 3731 650 3805; x_wconf 86' lang='lat' dir='ltr'><strong>Speciem</strong></span> <span class='ocrx_word' id='word_1_543' title='bbox 682 3735 928 3791; x_wconf 89' lang='lat' dir='ltr'><strong>mulieris</strong></span> <span class='ocrx_word' id='word_1_544' title='bbox 958 3733 1146 3790; x_wconf 69' lang='lat' dir='ltr'><strong>alienae</strong></span> <span class='ocrx_word' id='word_1_545' title='bbox 1177 3733 1331 3790; x_wconf 89' lang='lat' dir='ltr'><strong>multi</strong></span> <span class='ocrx_word' id='word_1_546' title='bbox 1359 3734 1611 3791; x_wconf 87' lang='lat' dir='ltr'><strong>admirati</strong></span> <span class='ocrx_word' id='word_1_547' title='bbox 1643 3736 1856 3806; x_wconf 86' lang='lat' dir='ltr'><strong>reprobi</strong></span> 
     </span>
    </p>
   </div>
   <div class='ocr_carea' id='block_1_69' title="bbox 273 3826 1860 3898">
    <p class='ocr_par' dir='ltr' id='par_1_69' title="bbox 273 3826 1860 3898">
     <span class='ocr_line' id='line_1_69' title="bbox 273 3826 1860 3898; baseline 0.001 -18"><span class='ocrx_word' id='word_1_548' title='bbox 273 3846 294 3880; x_wconf 75' lang='grc' dir='ltr'>ι</span> <span class='ocrx_word' id='word_1_549' title='bbox 332 3826 458 3883; x_wconf 87' lang='lat' dir='ltr'><strong>facti</strong></span> <span class='ocrx_word' id='word_1_550' title='bbox 488 3837 634 3894; x_wconf 88' lang='lat' dir='ltr'><strong>sunt,</strong></span> <span class='ocrx_word' id='word_1_551' title='bbox 657 3827 984 3898; x_wconf 89' lang='lat' dir='ltr'><strong>colloquium</strong></span> <span class='ocrx_word' id='word_1_552' title='bbox 1015 3828 1163 3882; x_wconf 91' lang='lat' dir='ltr'><strong>enim</strong></span> <span class='ocrx_word' id='word_1_553' title='bbox 1187 3827 1331 3882; x_wconf 88' lang='lat' dir='ltr'><strong>illius</strong></span> <span class='ocrx_word' id='word_1_554' title='bbox 1350 3827 1502 3897; x_wconf 88' lang='lat' dir='ltr'><strong>quasi</strong></span> <span class='ocrx_word' id='word_1_555' title='bbox 1535 3829 1673 3898; x_wconf 86' lang='lat' dir='ltr'><strong>ignis</strong></span> <span class='ocrx_word' id='word_1_556' title='bbox 1701 3843 1860 3884; x_wconf 86' lang='lat' dir='ltr'><strong>exar-</strong></span> 
     </span>
    </p>
   </div>
   <div class='ocr_carea' id='block_1_70' title="bbox 271 3917 1860 3990">
    <p class='ocr_par' dir='ltr' id='par_1_70' title="bbox 271 3917 1860 3990">
     <span class='ocr_line' id='line_1_70' title="bbox 271 3917 1860 3990; baseline 0.003 -21"><span class='ocrx_word' id='word_1_557' title='bbox 271 3935 291 3969; x_wconf 74' lang='grc' dir='ltr'>ι</span> <span class='ocrx_word' id='word_1_558' title='bbox 325 3917 518 3973; x_wconf 87' lang='lat' dir='ltr'><strong>descit.</strong></span> <span class='ocrx_word' id='word_1_559' title='bbox 552 3937 571 3971; x_wconf 77' lang='grc' dir='ltr'><strong>ι</strong></span> <span class='ocrx_word' id='word_1_560' title='bbox 607 3917 759 3972; x_wconf 80' lang='lat' dir='ltr'><strong>Multi</strong></span> <span class='ocrx_word' id='word_1_561' title='bbox 797 3932 929 3990; x_wconf 87' lang='lat' dir='ltr'><strong>ergo</strong></span> <span class='ocrx_word' id='word_1_562' title='bbox 967 3917 1305 3974; x_wconf 88' lang='lat' dir='ltr'><strong>admirantes</strong></span> <span class='ocrx_word' id='word_1_563' title='bbox 1347 3917 1710 3988; x_wconf 88' lang='lat' dir='ltr'><strong>eloquentiam</strong></span> <span class='ocrx_word' id='word_1_564' title='bbox 1751 3919 1860 3974; x_wconf 70' lang='lat' dir='ltr'><strong>hae-</strong></span> 
     </span>
    </p>
   </div>
   <div class='ocr_carea' id='block_1_71' title="bbox 266 4008 1859 4077">
    <p class='ocr_par' dir='ltr' id='par_1_71' title="bbox 266 4008 1859 4077">
     <span class='ocr_line' id='line_1_71' title="bbox 266 4008 1859 4077; baseline 0 -15"><span class='ocrx_word' id='word_1_565' title='bbox 266 4009 582 4075; x_wconf 85' lang='lat' dir='ltr'><strong>reticorum,</strong></span> <span class='ocrx_word' id='word_1_566' title='bbox 609 4009 662 4063; x_wconf 94' lang='lat' dir='ltr'><strong>in</strong></span> <span class='ocrx_word' id='word_1_567' title='bbox 691 4023 935 4065; x_wconf 89' lang='lat' dir='ltr'><strong>errorem</strong></span> <span class='ocrx_word' id='word_1_568' title='bbox 965 4010 1035 4065; x_wconf 89' lang='lat' dir='ltr'><strong>ab</strong></span> <span class='ocrx_word' id='word_1_569' title='bbox 1063 4009 1153 4063; x_wconf 87' lang='lat' dir='ltr'><strong>illa</strong></span> <span class='ocrx_word' id='word_1_570' title='bbox 1183 4009 1393 4065; x_wconf 89' lang='lat' dir='ltr'><strong>seducti</strong></span> <span class='ocrx_word' id='word_1_571' title='bbox 1423 4016 1570 4073; x_wconf 90' lang='lat' dir='ltr'><strong>sunt,</strong></span> <span class='ocrx_word' id='word_1_572' title='bbox 1601 4009 1724 4077; x_wconf 90' lang='lat' dir='ltr'><strong>quia</strong></span> <span class='ocrx_word' id='word_1_573' title='bbox 1750 4008 1859 4064; x_wconf 87' lang='lat' dir='ltr'><strong>eol-</strong></span> 
     </span>
    </p>
   </div>
   <div class='ocr_carea' id='block_1_72' title="bbox 268 4097 1858 4169">
    <p class='ocr_par' dir='ltr' id='par_1_72' title="bbox 268 4097 1858 4169">
     <span class='ocr_line' id='line_1_72' title="bbox 268 4097 1858 4169; baseline 0 -17"><span class='ocrx_word' id='word_1_574' title='bbox 268 4097 512 4169; x_wconf 88' lang='lat' dir='ltr'><strong>loquium</strong></span> <span class='ocrx_word' id='word_1_575' title='bbox 559 4099 800 4169; x_wconf 86' lang='lat' dir='ltr'><strong>ipsorum</strong></span> <span class='ocrx_word' id='word_1_576' title='bbox 831 4097 1106 4155; x_wconf 81' lang='lat' dir='ltr'><strong>ﬂammam</strong></span> <span class='ocrx_word' id='word_1_577' title='bbox 1155 4099 1413 4169; x_wconf 84' lang='lat' dir='ltr'><strong>nequitiae</strong></span> <span class='ocrx_word' id='word_1_578' title='bbox 1459 4099 1516 4152; x_wconf 91' lang='lat' dir='ltr'><strong>in</strong></span> <span class='ocrx_word' id='word_1_579' title='bbox 1554 4098 1858 4153; x_wconf 89' lang='lat' dir='ltr'><strong>auditorum</strong></span> 
     </span>
    </p>
   </div>
   <div class='ocr_carea' id='block_1_73' title="bbox 266 4189 1856 4256">
    <p class='ocr_par' dir='ltr' id='par_1_73' title="bbox 266 4189 1856 4256">
     <span class='ocr_line' id='line_1_73' title="bbox 266 4189 1856 4256; baseline -0.001 -13"><span class='ocrx_word' id='word_1_580' title='bbox 266 4203 489 4243; x_wconf 85' lang='lat' dir='ltr'><strong>suorum</strong></span> <span class='ocrx_word' id='word_1_581' title='bbox 521 4189 778 4246; x_wconf 84' lang='lat' dir='ltr'><strong>cordibus</strong></span> <span class='ocrx_word' id='word_1_582' title='bbox 821 4191 1048 4256; x_wconf 85' lang='lat' dir='ltr'><strong>excitat,</strong></span> <span class='ocrx_word' id='word_1_583' title='bbox 1077 4190 1180 4244; x_wconf 89' lang='lat' dir='ltr'><strong>nisi</strong></span> <span class='ocrx_word' id='word_1_584' title='bbox 1207 4189 1371 4245; x_wconf 86' lang='lat' dir='ltr'><strong>citius</strong></span> <span class='ocrx_word' id='word_1_585' title='bbox 1400 4190 1468 4244; x_wconf 89' lang='lat' dir='ltr'><strong>ab</strong></span> <span class='ocrx_word' id='word_1_586' title='bbox 1493 4201 1683 4244; x_wconf 88' lang='lat' dir='ltr'><strong>eorum</strong></span> <span class='ocrx_word' id='word_1_587' title='bbox 1725 4202 1856 4242; x_wconf 90' lang='lat' dir='ltr'><strong>con-</strong></span> 
     </span>
    </p>
   </div>
   <div class='ocr_carea' id='block_1_74' title="bbox 264 4281 1350 4355">
    <p class='ocr_par' dir='ltr' id='par_1_74' title="bbox 264 4281 1350 4355">
     <span class='ocr_line' id='line_1_74' title="bbox 264 4281 1350 4355; baseline -0.001 -19"><span class='ocrx_word' id='word_1_588' title='bbox 264 4281 436 4336; x_wconf 88' lang='lat' dir='ltr'><strong>sortio</strong></span> <span class='ocrx_word' id='word_1_589' title='bbox 461 4281 805 4338; x_wconf 86' lang='lat' dir='ltr'><strong>recesserint.</strong></span> <span class='ocrx_word' id='word_1_590' title='bbox 832 4281 959 4338; x_wconf 87' lang='lat' dir='ltr'><strong>Ideo</strong></span> <span class='ocrx_word' id='word_1_591' title='bbox 979 4281 1350 4355; x_wconf 72' lang='lat' dir='ltr'><strong>subiungitur:</strong></span> 
     </span>
    </p>
   </div>
   <div class='ocr_carea' id='block_1_75' title="bbox 343 4371 1860 4435">
    <p class='ocr_par' dir='ltr' id='par_1_75' title="bbox 343 4371 1860 4435">
     <span class='ocr_line' id='line_1_75' title="bbox 343 4371 1860 4435; baseline 0.003 -13"><span class='ocrx_word' id='word_1_592' title='bbox 343 4391 366 4422; x_wconf 85' lang='grc'><strong><em>‹</em></strong></span> <span class='ocrx_word' id='word_1_593' title='bbox 396 4371 535 4426; x_wconf 86' lang='lat' dir='ltr'><strong>Cum</strong></span> <span class='ocrx_word' id='word_1_594' title='bbox 583 4372 756 4428; x_wconf 89' lang='lat' dir='ltr'><strong>aliena</strong></span> <span class='ocrx_word' id='word_1_595' title='bbox 785 4372 1015 4428; x_wconf 87' lang='lat' dir='ltr'><strong>muliere</strong></span> <span class='ocrx_word' id='word_1_596' title='bbox 1041 4387 1110 4427; x_wconf 91' lang='lat' dir='ltr'><strong>ne</strong></span> <span class='ocrx_word' id='word_1_597' title='bbox 1155 4372 1348 4428; x_wconf 83' lang='lat' dir='ltr'><strong>sedeas</strong></span> <span class='ocrx_word' id='word_1_598' title='bbox 1372 4372 1616 4435; x_wconf 86' lang='lat' dir='ltr'><strong>omnino,</strong></span> <span class='ocrx_word' id='word_1_599' title='bbox 1643 4384 1744 4425; x_wconf 90' lang='lat' dir='ltr'><strong>nec</strong></span> <span class='ocrx_word' id='word_1_600' title='bbox 1766 4383 1860 4426; x_wconf 88' lang='lat' dir='ltr'><strong>ac-</strong></span> 
     </span>
    </p>
   </div>
   <div class='ocr_carea' id='block_1_76' title="bbox 271 4460 1860 4533">
    <p class='ocr_par' dir='ltr' id='par_1_76' title="bbox 271 4460 1860 4533">
     <span class='ocr_line' id='line_1_76' title="bbox 271 4460 1860 4533; baseline 0.001 -19"><span class='ocrx_word' id='word_1_601' title='bbox 271 4481 290 4514; x_wconf 77' lang='grc' dir='ltr'>σ</span> <span class='ocrx_word' id='word_1_602' title='bbox 325 4463 552 4518; x_wconf 84' lang='lat' dir='ltr'><strong>cumbas</strong></span> <span class='ocrx_word' id='word_1_603' title='bbox 595 4465 723 4520; x_wconf 83' lang='lat' dir='ltr'><strong>cum</strong></span> <span class='ocrx_word' id='word_1_604' title='bbox 751 4478 814 4518; x_wconf 86' lang='lat' dir='ltr'><strong>ea</strong></span> <span class='ocrx_word' id='word_1_605' title='bbox 854 4477 1018 4533; x_wconf 88' lang='lat' dir='ltr'><strong>super</strong></span> <span class='ocrx_word' id='word_1_606' title='bbox 1055 4463 1320 4528; x_wconf 84' lang='lat' dir='ltr'><strong>cubitum,</strong></span> <span class='ocrx_word' id='word_1_607' title='bbox 1347 4469 1534 4517; x_wconf 89' lang='lat' dir='ltr'><strong>etnon</strong></span> <span class='ocrx_word' id='word_1_608' title='bbox 1581 4460 1860 4515; x_wconf 82' lang='lat' dir='ltr'><strong>alterceris</strong></span> 
     </span>
    </p>
   </div>
   <div class='ocr_carea' id='block_1_77' title="bbox 271 4540 1933 4613">
    <p class='ocr_par' dir='ltr' id='par_1_77' title="bbox 271 4540 1933 4613">
     <span class='ocr_line' id='line_1_77' title="bbox 271 4540 1933 4613; baseline -0.003 -1"><span class='ocrx_word' id='word_1_609' title='bbox 271 4576 289 4606; x_wconf 74' lang='grc' dir='ltr'><strong>ε</strong></span> <span class='ocrx_word' id='word_1_610' title='bbox 328 4571 455 4612; x_wconf 89' lang='lat' dir='ltr'><strong>cum</strong></span> <span class='ocrx_word' id='word_1_611' title='bbox 504 4555 594 4611; x_wconf 88' lang='lat' dir='ltr'><strong>illa</strong></span> <span class='ocrx_word' id='word_1_612' title='bbox 621 4557 677 4612; x_wconf 92' lang='lat' dir='ltr'><strong>in</strong></span> <span class='ocrx_word' id='word_1_613' title='bbox 706 4557 834 4612; x_wconf 85' lang='lat' dir='ltr'><strong>vino</strong></span> <span class='ocrx_word' id='word_1_614' title='bbox 866 4576 878 4612; x_wconf 92' lang='lat'><strong>:</strong></span> <span class='ocrx_word' id='word_1_615' title='bbox 908 4573 975 4612; x_wconf 91' lang='lat' dir='ltr'><strong>ne</strong></span> <span class='ocrx_word' id='word_1_616' title='bbox 1004 4555 1144 4613; x_wconf 90' lang='lat' dir='ltr'><strong>forte</strong></span> <span class='ocrx_word' id='word_1_617' title='bbox 1192 4555 1426 4612; x_wconf 91' lang='lat' dir='ltr'><strong>declinet</strong></span> <span class='ocrx_word' id='word_1_618' title='bbox 1466 4569 1563 4610; x_wconf 92' lang='lat' dir='ltr'><strong>cor</strong></span> <span class='ocrx_word' id='word_1_619' title='bbox 1607 4562 1758 4609; x_wconf 89' lang='lat' dir='ltr'><strong>tuum</strong></span> <span class='ocrx_word' id='word_1_620' title='bbox 1801 4553 1854 4607; x_wconf 92' lang='lat' dir='ltr'><strong>in</strong></span> <span class='ocrx_word' id='word_1_621' title='bbox 1885 4540 1933 4599; x_wconf 86' lang='lat' dir='ltr'><strong>D</strong></span> 
     </span>
    </p>
   </div>
   <div class='ocr_carea' id='block_1_78' title="bbox 271 4647 1851 4720">
    <p class='ocr_par' dir='ltr' id='par_1_78' title="bbox 271 4647 1851 4720">
     <span class='ocr_line' id='line_1_78' title="bbox 271 4647 1851 4720; baseline 0 -22"><span class='ocrx_word' id='word_1_622' title='bbox 271 4666 288 4698; x_wconf 80' lang='grc' dir='ltr'>ι</span> <span class='ocrx_word' id='word_1_623' title='bbox 325 4648 494 4715; x_wconf 80' lang='lat' dir='ltr'><strong>illam,</strong></span> <span class='ocrx_word' id='word_1_624' title='bbox 535 4657 591 4703; x_wconf 87' lang='lat' dir='ltr'><strong>et</strong></span> <span class='ocrx_word' id='word_1_625' title='bbox 636 4650 899 4720; x_wconf 84' lang='lat' dir='ltr'><strong>sanguine</strong></span> <span class='ocrx_word' id='word_1_626' title='bbox 943 4657 1036 4705; x_wconf 89' lang='lat' dir='ltr'><strong>tuo</strong></span> <span class='ocrx_word' id='word_1_627' title='bbox 1069 4648 1272 4704; x_wconf 86' lang='lat' dir='ltr'><strong>labaris</strong></span> <span class='ocrx_word' id='word_1_628' title='bbox 1321 4648 1375 4702; x_wconf 90' lang='lat' dir='ltr'><strong>in</strong></span> <span class='ocrx_word' id='word_1_629' title='bbox 1412 4647 1793 4716; x_wconf 87' lang='lat' dir='ltr'><strong>perditionem.</strong></span> <span class='ocrx_word' id='word_1_630' title='bbox 1831 4664 1851 4698; x_wconf 73' lang='grc' dir='ltr'><strong><em>ι</em></strong></span> 
     </span>
    </p>
   </div>
   <div class='ocr_carea' id='block_1_79' title="bbox 267 4739 1856 4812">
    <p class='ocr_par' dir='ltr' id='par_1_79' title="bbox 267 4739 1856 4812">
     <span class='ocr_line' id='line_1_79' title="bbox 267 4739 1856 4812; baseline -0.001 -19"><span class='ocrx_word' id='word_1_631' title='bbox 267 4739 344 4794; x_wconf 89' lang='lat' dir='ltr'><strong>Ne</strong></span> <span class='ocrx_word' id='word_1_632' title='bbox 367 4742 583 4805; x_wconf 87' lang='lat' dir='ltr'><strong>sedeas,</strong></span> <span class='ocrx_word' id='word_1_633' title='bbox 615 4741 813 4812; x_wconf 90' lang='lat' dir='ltr'><strong>inquit,</strong></span> <span class='ocrx_word' id='word_1_634' title='bbox 844 4757 966 4797; x_wconf 92' lang='lat' dir='ltr'><strong>cum</strong></span> <span class='ocrx_word' id='word_1_635' title='bbox 1008 4741 1118 4805; x_wconf 92' lang='lat' dir='ltr'><strong>illa,</strong></span> <span class='ocrx_word' id='word_1_636' title='bbox 1147 4740 1252 4797; x_wconf 82' lang='lat' dir='ltr'><strong>hoc</strong></span> <span class='ocrx_word' id='word_1_637' title='bbox 1277 4747 1453 4795; x_wconf 90' lang='lat' dir='ltr'><strong>estne</strong></span> <span class='ocrx_word' id='word_1_638' title='bbox 1482 4739 1711 4793; x_wconf 90' lang='lat' dir='ltr'><strong>moreris</strong></span> <span class='ocrx_word' id='word_1_639' title='bbox 1733 4752 1856 4793; x_wconf 91' lang='lat' dir='ltr'><strong>cum</strong></span> 
     </span>
    </p>
   </div>
   <div class='ocr_carea' id='block_1_80' title="bbox 267 4829 1858 4903">
    <p class='ocr_par' dir='ltr' id='par_1_80' title="bbox 267 4829 1858 4903">
     <span class='ocr_line' id='line_1_80' title="bbox 267 4829 1858 4903; baseline -0.003 -18"><span class='ocrx_word' id='word_1_640' title='bbox 267 4831 378 4896; x_wconf 87' lang='lat' dir='ltr'><strong>illa,</strong></span> <span class='ocrx_word' id='word_1_641' title='bbox 415 4846 520 4887; x_wconf 90' lang='lat' dir='ltr'><strong>nec</strong></span> <span class='ocrx_word' id='word_1_642' title='bbox 567 4833 860 4889; x_wconf 86' lang='lat' dir='ltr'><strong>accumbas</strong></span> <span class='ocrx_word' id='word_1_643' title='bbox 890 4847 1051 4903; x_wconf 89' lang='lat' dir='ltr'><strong>super</strong></span> <span class='ocrx_word' id='word_1_644' title='bbox 1099 4829 1362 4892; x_wconf 84' lang='lat' dir='ltr'><strong>cubitum,</strong></span> <span class='ocrx_word' id='word_1_645' title='bbox 1418 4829 1627 4884; x_wconf 89' lang='lat' dir='ltr'><strong>scilicet</strong></span> <span class='ocrx_word' id='word_1_646' title='bbox 1657 4843 1687 4881; x_wconf 88' lang='lat' dir='ltr'><strong>a</strong></span> <span class='ocrx_word' id='word_1_647' title='bbox 1714 4829 1858 4883; x_wconf 91' lang='lat' dir='ltr'><strong>bono</strong></span> 
     </span>
    </p>
   </div>
   <div class='ocr_carea' id='block_1_81' title="bbox 265 4917 1856 4993">
    <p class='ocr_par' dir='ltr' id='par_1_81' title="bbox 265 4917 1856 4993">
     <span class='ocr_line' id='line_1_81' title="bbox 265 4917 1856 4993; baseline -0.005 -15"><span class='ocrx_word' id='word_1_648' title='bbox 265 4936 432 4992; x_wconf 85' lang='lat' dir='ltr'><strong>opere</strong></span> <span class='ocrx_word' id='word_1_649' title='bbox 458 4937 529 4977; x_wconf 89' lang='lat' dir='ltr'><strong>ne</strong></span> <span class='ocrx_word' id='word_1_650' title='bbox 557 4931 803 4993; x_wconf 88' lang='lat' dir='ltr'><strong>torpeas;</strong></span> <span class='ocrx_word' id='word_1_651' title='bbox 834 4930 1018 4978; x_wconf 90' lang='lat' dir='ltr'><strong>etnon</strong></span> <span class='ocrx_word' id='word_1_652' title='bbox 1047 4919 1329 4976; x_wconf 85' lang='lat' dir='ltr'><strong>alterceris</strong></span> <span class='ocrx_word' id='word_1_653' title='bbox 1356 4933 1479 4974; x_wconf 90' lang='lat' dir='ltr'><strong>cum</strong></span> <span class='ocrx_word' id='word_1_654' title='bbox 1509 4917 1598 4971; x_wconf 88' lang='lat' dir='ltr'><strong>illa</strong></span> <span class='ocrx_word' id='word_1_655' title='bbox 1623 4917 1677 4971; x_wconf 90' lang='lat' dir='ltr'><strong>in</strong></span> <span class='ocrx_word' id='word_1_656' title='bbox 1704 4917 1856 4980; x_wconf 84' lang='lat' dir='ltr'><strong>vino,</strong></span> 
     </span>
    </p>
   </div>
   <div class='ocr_carea' id='block_1_82' title="bbox 268 5010 1858 5086">
    <p class='ocr_par' dir='ltr' id='par_1_82' title="bbox 268 5010 1858 5086">
     <span class='ocr_line' id='line_1_82' title="bbox 268 5010 1858 5086; baseline -0.003 -16"><span class='ocrx_word' id='word_1_657' title='bbox 268 5015 372 5070; x_wconf 84' lang='lat' dir='ltr'><strong>hoc</strong></span> <span class='ocrx_word' id='word_1_658' title='bbox 393 5023 498 5081; x_wconf 88' lang='lat' dir='ltr'><strong>est,</strong></span> <span class='ocrx_word' id='word_1_659' title='bbox 529 5030 598 5070; x_wconf 86' lang='lat' dir='ltr'><strong>ne</strong></span> <span class='ocrx_word' id='word_1_660' title='bbox 621 5015 862 5086; x_wconf 87' lang='lat' dir='ltr'><strong>disputes</strong></span> <span class='ocrx_word' id='word_1_661' title='bbox 882 5031 1004 5071; x_wconf 89' lang='lat' dir='ltr'><strong>cum</strong></span> <span class='ocrx_word' id='word_1_662' title='bbox 1036 5014 1127 5068; x_wconf 89' lang='lat' dir='ltr'><strong>illa</strong></span> <span class='ocrx_word' id='word_1_663' title='bbox 1157 5014 1210 5068; x_wconf 89' lang='lat' dir='ltr'><strong>in</strong></span> <span class='ocrx_word' id='word_1_664' title='bbox 1244 5012 1378 5082; x_wconf 88' lang='lat' dir='ltr'><strong>legis</strong></span> <span class='ocrx_word' id='word_1_665' title='bbox 1409 5011 1501 5066; x_wconf 87' lang='lat' dir='ltr'><strong>Dei</strong></span> <span class='ocrx_word' id='word_1_666' title='bbox 1544 5010 1858 5066; x_wconf 87' lang='lat' dir='ltr'><strong>meditatio-</strong></span> 
     </span>
    </p>
   </div>
   <div class='ocr_carea' id='block_1_83' title="bbox 269 5101 1858 5176">
    <p class='ocr_par' dir='ltr' id='par_1_83' title="bbox 269 5101 1858 5176">
     <span class='ocr_line' id='line_1_83' title="bbox 269 5101 1858 5176; baseline -0.003 -16"><span class='ocrx_word' id='word_1_667' title='bbox 269 5121 368 5171; x_wconf 90' lang='lat' dir='ltr'><strong>ne;</strong></span> <span class='ocrx_word' id='word_1_668' title='bbox 403 5106 592 5161; x_wconf 89' lang='lat' dir='ltr'><strong>viuum</strong></span> <span class='ocrx_word' id='word_1_669' title='bbox 616 5107 761 5161; x_wconf 89' lang='lat' dir='ltr'><strong>enim</strong></span> <span class='ocrx_word' id='word_1_670' title='bbox 784 5106 1054 5175; x_wconf 78' lang='lat' dir='ltr'><strong>signiﬁcat</strong></span> <span class='ocrx_word' id='word_1_671' title='bbox 1075 5103 1307 5176; x_wconf 85' lang='lat' dir='ltr'><strong>gratiam</strong></span> <span class='ocrx_word' id='word_1_672' title='bbox 1331 5101 1760 5170; x_wconf 86' lang='lat' dir='ltr'><strong>Scripturarum,</strong></span> <span class='ocrx_word' id='word_1_673' title='bbox 1791 5115 1858 5156; x_wconf 91' lang='lat' dir='ltr'><strong>ne</strong></span> 
     </span>
    </p>
   </div>
   <div class='ocr_carea' id='block_1_84' title="bbox 267 5191 1858 5261">
    <p class='ocr_par' dir='ltr' id='par_1_84' title="bbox 267 5191 1858 5261">
     <span class='ocr_line' id='line_1_84' title="bbox 267 5191 1858 5261; baseline -0.004 -9"><span class='ocrx_word' id='word_1_674' title='bbox 267 5197 410 5255; x_wconf 87' lang='lat' dir='ltr'><strong>forte</strong></span> <span class='ocrx_word' id='word_1_675' title='bbox 435 5215 532 5256; x_wconf 69' lang='grc' dir='ltr'><strong>ων</strong></span> <span class='ocrx_word' id='word_1_676' title='bbox 556 5207 708 5253; x_wconf 89' lang='lat' dir='ltr'><strong>tuum</strong></span> <span class='ocrx_word' id='word_1_677' title='bbox 736 5198 924 5254; x_wconf 86' lang='lat' dir='ltr'><strong>illiciat</strong></span> <span class='ocrx_word' id='word_1_678' title='bbox 955 5197 1023 5253; x_wconf 90' lang='lat' dir='ltr'><strong>ad</strong></span> <span class='ocrx_word' id='word_1_679' title='bbox 1066 5210 1309 5250; x_wconf 89' lang='lat' dir='ltr'><strong>amorem</strong></span> <span class='ocrx_word' id='word_1_680' title='bbox 1355 5208 1535 5258; x_wconf 88' lang='lat' dir='ltr'><strong>suum,</strong></span> <span class='ocrx_word' id='word_1_681' title='bbox 1564 5200 1621 5247; x_wconf 88' lang='lat' dir='ltr'><strong>et</strong></span> <span class='ocrx_word' id='word_1_682' title='bbox 1646 5191 1700 5246; x_wconf 92' lang='lat' dir='ltr'><strong>in</strong></span> <span class='ocrx_word' id='word_1_683' title='bbox 1733 5206 1858 5261; x_wconf 54' lang='lat' dir='ltr'><strong>pro.</strong></span> 
     </span>
    </p>
   </div>
   <div class='ocr_carea' id='block_1_85' title="bbox 263 5289 1536 5364">
    <p class='ocr_par' dir='ltr' id='par_1_85' title="bbox 263 5289 1536 5364">
     <span class='ocr_line' id='line_1_85' title="bbox 263 5289 1536 5364; baseline -0.005 -18"><span class='ocrx_word' id='word_1_684' title='bbox 263 5292 445 5364; x_wconf 84' lang='lat' dir='ltr'><strong>prium</strong></span> <span class='ocrx_word' id='word_1_685' title='bbox 473 5292 670 5347; x_wconf 66' lang='lat' dir='ltr'><strong>anima:</strong></span> <span class='ocrx_word' id='word_1_686' title='bbox 695 5298 803 5346; x_wconf 74' lang='lat' dir='ltr'><strong>tua:</strong></span> <span class='ocrx_word' id='word_1_687' title='bbox 832 5291 1108 5346; x_wconf 89' lang='lat' dir='ltr'><strong>interitum</strong></span> <span class='ocrx_word' id='word_1_688' title='bbox 1129 5289 1256 5344; x_wconf 87' lang='lat' dir='ltr'><strong>inde</strong></span> <span class='ocrx_word' id='word_1_689' title='bbox 1288 5300 1536 5344; x_wconf 88' lang='lat' dir='ltr'><strong>corruas.</strong></span> 
     </span>
    </p>
   </div>
   <div class='ocr_carea' id='block_1_86' title="bbox 867 5400 1259 5458">
    <p class='ocr_par' dir='ltr' id='par_1_86' title="bbox 867 5400 1259 5458">
     <span class='ocr_line' id='line_1_86' title="bbox 867 5400 1259 5458; baseline -0.005 0"><span class='ocrx_word' id='word_1_690' title='bbox 867 5401 1095 5458; x_wconf 85' lang='lat' dir='ltr'><strong>CAPUT</strong></span> <span class='ocrx_word' id='word_1_691' title='bbox 1121 5400 1259 5457; x_wconf 84' lang='lat' dir='ltr'><strong>XVI.</strong></span> 
     </span>
    </p>
   </div>
   <div class='ocr_carea' id='block_1_87' title="bbox 512 5493 1623 5568">
    <p class='ocr_par' dir='ltr' id='par_1_87' title="bbox 512 5493 1623 5568">
     <span class='ocr_line' id='line_1_87' title="bbox 512 5493 1623 5568; baseline -0.005 -18"><span class='ocrx_word' id='word_1_692' title='bbox 512 5493 634 5550; x_wconf 87' lang='lat' dir='ltr'><strong>Non</strong></span> <span class='ocrx_word' id='word_1_693' title='bbox 658 5494 1052 5568; x_wconf 83' lang='lat' dir='ltr'><strong>relinquendum</strong></span> <span class='ocrx_word' id='word_1_694' title='bbox 1081 5493 1308 5548; x_wconf 84' lang='lat' dir='ltr'><strong>amicum</strong></span> <span class='ocrx_word' id='word_1_695' title='bbox 1331 5493 1623 5564; x_wconf 82' lang='lat' dir='ltr'><strong>antiquum.</strong></span> 
     </span>
    </p>
   </div>
   <div class='ocr_carea' id='block_1_88' title="bbox 346 5586 1855 5660">
    <p class='ocr_par' dir='ltr' id='par_1_88' title="bbox 346 5586 1855 5660">
     <span class='ocr_line' id='line_1_88' title="bbox 346 5586 1855 5660; baseline -0.005 -16"><span class='ocrx_word' id='word_1_696' title='bbox 346 5607 371 5644; x_wconf 72' lang='grc' dir='ltr'>ι</span> <span class='ocrx_word' id='word_1_697' title='bbox 399 5588 519 5644; x_wconf 87' lang='lat' dir='ltr'><strong>Non</strong></span> <span class='ocrx_word' id='word_1_698' title='bbox 550 5590 896 5660; x_wconf 88' lang='lat' dir='ltr'><strong>derelinquas</strong></span> <span class='ocrx_word' id='word_1_699' title='bbox 918 5589 1151 5643; x_wconf 88' lang='lat' dir='ltr'><strong>amicum</strong></span> <span class='ocrx_word' id='word_1_700' title='bbox 1180 5588 1481 5658; x_wconf 88' lang='lat' dir='ltr'><strong>antiquum,</strong></span> <span class='ocrx_word' id='word_1_701' title='bbox 1515 5598 1687 5641; x_wconf 90' lang='lat' dir='ltr'><strong>novus</strong></span> <span class='ocrx_word' id='word_1_702' title='bbox 1709 5586 1855 5641; x_wconf 90' lang='lat' dir='ltr'><strong>enim</strong></span> 
     </span>
    </p>
   </div>
   <div class='ocr_carea' id='block_1_89' title="bbox 274 5679 1856 5748">
    <p class='ocr_par' dir='ltr' id='par_1_89' title="bbox 274 5679 1856 5748">
     <span class='ocr_line' id='line_1_89' title="bbox 274 5679 1856 5748; baseline -0.003 -14"><span class='ocrx_word' id='word_1_703' title='bbox 274 5699 295 5734; x_wconf 78' lang='grc' dir='ltr'>σ</span> <span class='ocrx_word' id='word_1_704' title='bbox 328 5699 436 5738; x_wconf 86' lang='lat' dir='ltr'><strong>non</strong></span> <span class='ocrx_word' id='word_1_705' title='bbox 465 5683 572 5737; x_wconf 91' lang='lat' dir='ltr'><strong>erit</strong></span> <span class='ocrx_word' id='word_1_706' title='bbox 595 5681 787 5737; x_wconf 90' lang='lat' dir='ltr'><strong>similis</strong></span> <span class='ocrx_word' id='word_1_707' title='bbox 831 5681 924 5736; x_wconf 91' lang='lat' dir='ltr'><strong>illi.</strong></span> <span class='ocrx_word' id='word_1_708' title='bbox 965 5701 982 5732; x_wconf 75' lang='grc' dir='ltr'><strong><em>ι</em></strong></span> <span class='ocrx_word' id='word_1_709' title='bbox 1014 5681 1209 5735; x_wconf 81' lang='lat' dir='ltr'><strong>V&#39;crum</strong></span> <span class='ocrx_word' id='word_1_710' title='bbox 1241 5679 1366 5748; x_wconf 91' lang='lat' dir='ltr'><strong>quia</strong></span> <span class='ocrx_word' id='word_1_711' title='bbox 1389 5684 1734 5748; x_wconf 84' lang='lat' dir='ltr'><strong>expertarum</strong></span> <span class='ocrx_word' id='word_1_712' title='bbox 1766 5691 1856 5730; x_wconf 91' lang='lat' dir='ltr'><strong>re-</strong></span> 
     </span>
    </p>
   </div>
   <div class='ocr_carea' id='block_1_90' title="bbox 271 5766 1857 5846">
    <p class='ocr_par' dir='ltr' id='par_1_90' title="bbox 271 5766 1857 5846">
     <span class='ocr_line' id='line_1_90' title="bbox 271 5766 1857 5846; baseline -0.007 -16"><span class='ocrx_word' id='word_1_713' title='bbox 271 5790 388 5832; x_wconf 87' lang='lat' dir='ltr'><strong>rum</strong></span> <span class='ocrx_word' id='word_1_714' title='bbox 427 5773 601 5846; x_wconf 76' lang='lat' dir='ltr'><strong>major</strong></span> <span class='ocrx_word' id='word_1_715' title='bbox 625 5781 709 5830; x_wconf 89' lang='lat' dir='ltr'><strong>cst</strong></span> <span class='ocrx_word' id='word_1_716' title='bbox 734 5772 928 5829; x_wconf 83' lang='lat' dir='ltr'><strong>ﬁducia</strong></span> <span class='ocrx_word' id='word_1_717' title='bbox 962 5786 1122 5841; x_wconf 87' lang='lat' dir='ltr'><strong>quam</strong></span> <span class='ocrx_word' id='word_1_718' title='bbox 1162 5769 1485 5841; x_wconf 52' lang='lat' dir='ltr'><strong>ignotarum,</strong></span> <span class='ocrx_word' id='word_1_719' title='bbox 1520 5766 1639 5822; x_wconf 87' lang='lat' dir='ltr'><strong>ideo</strong></span> <span class='ocrx_word' id='word_1_720' title='bbox 1667 5767 1857 5821; x_wconf 89' lang='lat' dir='ltr'><strong>suadet</strong></span> 
     </span>
    </p>
   </div>
   <div class='ocr_carea' id='block_1_91' title="bbox 1959 3276 3554 3350">
    <p class='ocr_par' dir='ltr' id='par_1_91' title="bbox 1959 3276 3554 3350">
     <span class='ocr_line' id='line_1_91' title="bbox 1959 3276 3554 3350; baseline 0.004 -22"><span class='ocrx_word' id='word_1_721' title='bbox 1959 3289 2063 3329; x_wconf 92' lang='lat' dir='ltr'><strong>nus</strong></span> <span class='ocrx_word' id='word_1_722' title='bbox 2116 3276 2400 3332; x_wconf 86' lang='lat' dir='ltr'><strong>thesauros</strong></span> <span class='ocrx_word' id='word_1_723' title='bbox 2454 3277 2510 3332; x_wconf 93' lang='lat' dir='ltr'><strong>in</strong></span> <span class='ocrx_word' id='word_1_724' title='bbox 2558 3278 2764 3334; x_wconf 74' lang='grc' dir='ltr'><strong>εωιρειι</strong></span> <span class='ocrx_word' id='word_1_725' title='bbox 2817 3294 2983 3350; x_wconf 86' lang='lat' dir='ltr'><strong>regno</strong></span> <span class='ocrx_word' id='word_1_726' title='bbox 3036 3289 3255 3350; x_wconf 87' lang='lat' dir='ltr'><strong>possent</strong></span> <span class='ocrx_word' id='word_1_727' title='bbox 3324 3282 3554 3346; x_wconf 80' lang='lat' dir='ltr'><strong>habere,</strong></span> 
     </span>
    </p>
   </div>
   <div class='ocr_carea' id='block_1_92' title="bbox 1960 3365 3549 3427">
    <p class='ocr_par' dir='ltr' id='par_1_92' title="bbox 1960 3365 3549 3427">
     <span class='ocr_line' id='line_1_92' title="bbox 1960 3365 3549 3427; baseline 0.003 -8"><span class='ocrx_word' id='word_1_728' title='bbox 1960 3365 2035 3420; x_wconf 88' lang='lat' dir='ltr'><strong>ita</strong></span> <span class='ocrx_word' id='word_1_729' title='bbox 2074 3366 2260 3422; x_wconf 91' lang='lat' dir='ltr'><strong>dicens</strong></span> <span class='ocrx_word' id='word_1_730' title='bbox 2289 3384 2302 3422; x_wconf 88' lang='lat'><strong>:</strong></span> <span class='ocrx_word' id='word_1_731' title='bbox 2341 3385 2359 3419; x_wconf 72' lang='grc' dir='ltr'>ι</span> <span class='ocrx_word' id='word_1_732' title='bbox 2391 3366 2567 3424; x_wconf 86' lang='lat' dir='ltr'><strong>Nolite</strong></span> <span class='ocrx_word' id='word_1_733' title='bbox 2597 3370 2968 3426; x_wconf 86' lang='lat' dir='ltr'><strong>thesaurizare</strong></span> <span class='ocrx_word' id='word_1_734' title='bbox 3000 3369 3152 3426; x_wconf 89' lang='lat' dir='ltr'><strong>vobis</strong></span> <span class='ocrx_word' id='word_1_735' title='bbox 3185 3372 3472 3427; x_wconf 89' lang='lat' dir='ltr'><strong>thesauros</strong></span> <span class='ocrx_word' id='word_1_736' title='bbox 3495 3372 3549 3426; x_wconf 88' lang='lat' dir='ltr'><strong>in</strong></span> 
     </span>
    </p>
   </div>
   <div class='ocr_carea' id='block_1_93' title="bbox 1959 3459 3551 3532">
    <p class='ocr_par' dir='ltr' id='par_1_93' title="bbox 1959 3459 3551 3532">
     <span class='ocr_line' id='line_1_93' title="bbox 1959 3459 3551 3532; baseline 0.003 -21"><span class='ocrx_word' id='word_1_737' title='bbox 1959 3465 2127 3526; x_wconf 89' lang='lat' dir='ltr'><strong>terra,</strong></span> <span class='ocrx_word' id='word_1_738' title='bbox 2154 3459 2245 3515; x_wconf 91' lang='lat' dir='ltr'><strong>ubi</strong></span> <span class='ocrx_word' id='word_1_739' title='bbox 2273 3474 2458 3532; x_wconf 69' lang='lat' dir='ltr'><strong>mrugo</strong></span> <span class='ocrx_word' id='word_1_740' title='bbox 2501 3469 2555 3518; x_wconf 90' lang='lat' dir='ltr'><strong>et</strong></span> <span class='ocrx_word' id='word_1_741' title='bbox 2584 3461 2729 3517; x_wconf 90' lang='lat' dir='ltr'><strong>tinea</strong></span> <span class='ocrx_word' id='word_1_742' title='bbox 2757 3461 3066 3528; x_wconf 88' lang='lat' dir='ltr'><strong>demolitur,</strong></span> <span class='ocrx_word' id='word_1_743' title='bbox 3092 3470 3147 3517; x_wconf 90' lang='lat' dir='ltr'><strong>et</strong></span> <span class='ocrx_word' id='word_1_744' title='bbox 3172 3463 3263 3518; x_wconf 92' lang='lat' dir='ltr'><strong>ubi</strong></span> <span class='ocrx_word' id='word_1_745' title='bbox 3295 3462 3440 3519; x_wconf 84' lang='lat' dir='ltr'><strong>fures</strong></span> <span class='ocrx_word' id='word_1_746' title='bbox 3469 3463 3551 3520; x_wconf 86' lang='lat' dir='ltr'><strong>cf-</strong></span> 
     </span>
    </p>
   </div>
   <div class='ocr_carea' id='block_1_94' title="bbox 1957 3548 3552 3610">
    <p class='ocr_par' dir='ltr' id='par_1_94' title="bbox 1957 3548 3552 3610">
     <span class='ocr_line' id='line_1_94' title="bbox 1957 3548 3552 3610; baseline 0.003 -6"><span class='ocrx_word' id='word_1_747' title='bbox 1957 3548 2172 3606; x_wconf 85' lang='lat' dir='ltr'><strong>fodiunt</strong></span> <span class='ocrx_word' id='word_1_748' title='bbox 2195 3559 2250 3606; x_wconf 86' lang='lat' dir='ltr'><strong>et</strong></span> <span class='ocrx_word' id='word_1_749' title='bbox 2295 3548 2563 3608; x_wconf 87' lang='lat' dir='ltr'><strong>furantur.</strong></span> <span class='ocrx_word' id='word_1_750' title='bbox 2617 3551 3006 3608; x_wconf 82' lang='lat' dir='ltr'><strong>Thesaurizate</strong></span> <span class='ocrx_word' id='word_1_751' title='bbox 3044 3561 3223 3607; x_wconf 89' lang='lat' dir='ltr'><strong>autem</strong></span> <span class='ocrx_word' id='word_1_752' title='bbox 3255 3553 3405 3610; x_wconf 88' lang='lat' dir='ltr'><strong>vobis</strong></span> <span class='ocrx_word' id='word_1_753' title='bbox 3435 3554 3552 3609; x_wconf 88' lang='lat' dir='ltr'><strong>the-</strong></span> 
     </span>
    </p>
   </div>
   <div class='ocr_carea' id='block_1_95' title="bbox 1959 3642 3554 3716">
    <p class='ocr_par' dir='ltr' id='par_1_95' title="bbox 1959 3642 3554 3716">
     <span class='ocr_line' id='line_1_95' title="bbox 1959 3642 3554 3716; baseline 0.001 -20"><span class='ocrx_word' id='word_1_754' title='bbox 1959 3657 2152 3698; x_wconf 87' lang='lat' dir='ltr'><strong>sauros</strong></span> <span class='ocrx_word' id='word_1_755' title='bbox 2174 3642 2226 3696; x_wconf 90' lang='lat' dir='ltr'><strong>in</strong></span> <span class='ocrx_word' id='word_1_756' title='bbox 2254 3643 2416 3710; x_wconf 76' lang='lat' dir='ltr'><strong>ctelo,</strong></span> <span class='ocrx_word' id='word_1_757' title='bbox 2450 3645 2538 3699; x_wconf 95' lang='lat' dir='ltr'><strong>ubi</strong></span> <span class='ocrx_word' id='word_1_758' title='bbox 2568 3659 2744 3714; x_wconf 86' lang='lat' dir='ltr'><strong>neque</strong></span> <span class='ocrx_word' id='word_1_759' title='bbox 2771 3660 2974 3716; x_wconf 69' lang='lat' dir='ltr'><strong>azrugo,</strong></span> <span class='ocrx_word' id='word_1_760' title='bbox 2999 3660 3172 3715; x_wconf 88' lang='lat' dir='ltr'><strong>neque</strong></span> <span class='ocrx_word' id='word_1_761' title='bbox 3198 3645 3343 3700; x_wconf 87' lang='lat' dir='ltr'><strong>tinea</strong></span> <span class='ocrx_word' id='word_1_762' title='bbox 3369 3645 3554 3700; x_wconf 83' lang='lat' dir='ltr'><strong>demo-</strong></span> 
     </span>
    </p>
   </div>
   <div class='ocr_carea' id='block_1_96' title="bbox 1959 3732 3556 3805">
    <p class='ocr_par' dir='ltr' id='par_1_96' title="bbox 1959 3732 3556 3805">
     <span class='ocr_line' id='line_1_96' title="bbox 1959 3732 3556 3805; baseline 0.003 -19"><span class='ocrx_word' id='word_1_763' title='bbox 1959 3732 2105 3797; x_wconf 91' lang='lat' dir='ltr'><strong>litur,</strong></span> <span class='ocrx_word' id='word_1_764' title='bbox 2145 3742 2200 3789; x_wconf 91' lang='lat' dir='ltr'><strong>et</strong></span> <span class='ocrx_word' id='word_1_765' title='bbox 2229 3735 2322 3790; x_wconf 91' lang='lat' dir='ltr'><strong>ubi</strong></span> <span class='ocrx_word' id='word_1_766' title='bbox 2353 3733 2500 3790; x_wconf 87' lang='lat' dir='ltr'><strong>fures</strong></span> <span class='ocrx_word' id='word_1_767' title='bbox 2525 3751 2630 3790; x_wconf 91' lang='lat' dir='ltr'><strong>non</strong></span> <span class='ocrx_word' id='word_1_768' title='bbox 2661 3733 2920 3791; x_wconf 84' lang='lat' dir='ltr'><strong>eﬂ&#39;odiunt</strong></span> <span class='ocrx_word' id='word_1_769' title='bbox 2947 3751 3119 3805; x_wconf 90' lang='lat' dir='ltr'><strong>neque</strong></span> <span class='ocrx_word' id='word_1_770' title='bbox 3150 3735 3418 3791; x_wconf 81' lang='lat' dir='ltr'><strong>furantur.</strong></span> <span class='ocrx_word' id='word_1_771' title='bbox 3448 3735 3556 3792; x_wconf 84' lang='lat' dir='ltr'><strong>Ubi</strong></span> 
     </span>
    </p>
   </div>
   <div class='ocr_carea' id='block_1_97' title="bbox 1957 3824 3550 3898">
    <p class='ocr_par' dir='ltr' id='par_1_97' title="bbox 1957 3824 3550 3898">
     <span class='ocr_line' id='line_1_97' title="bbox 1957 3824 3550 3898; baseline 0.001 -20"><span class='ocrx_word' id='word_1_772' title='bbox 1957 3824 2102 3878; x_wconf 88' lang='lat' dir='ltr'><strong>enim</strong></span> <span class='ocrx_word' id='word_1_773' title='bbox 2130 3833 2218 3879; x_wconf 89' lang='lat' dir='ltr'><strong>est</strong></span> <span class='ocrx_word' id='word_1_774' title='bbox 2247 3825 2532 3880; x_wconf 90' lang='lat' dir='ltr'><strong>thesaurus</strong></span> <span class='ocrx_word' id='word_1_775' title='bbox 2561 3833 2708 3891; x_wconf 89' lang='lat' dir='ltr'><strong>tuus,</strong></span> <span class='ocrx_word' id='word_1_776' title='bbox 2735 3825 2808 3880; x_wconf 92' lang='lat' dir='ltr'><strong>ibi</strong></span> <span class='ocrx_word' id='word_1_777' title='bbox 2839 3833 2924 3879; x_wconf 89' lang='lat' dir='ltr'><strong>est</strong></span> <span class='ocrx_word' id='word_1_778' title='bbox 2945 3835 2996 3879; x_wconf 90' lang='lat' dir='ltr'><strong>et</strong></span> <span class='ocrx_word' id='word_1_779' title='bbox 3032 3840 3128 3880; x_wconf 91' lang='lat' dir='ltr'><strong>cor</strong></span> <span class='ocrx_word' id='word_1_780' title='bbox 3157 3835 3306 3879; x_wconf 90' lang='lat' dir='ltr'><strong>tuum</strong></span> <span class='ocrx_word' id='word_1_781' title='bbox 3332 3825 3550 3898; x_wconf 81' lang='lat' dir='ltr'><strong>(Matth.</strong></span> 
     </span>
    </p>
   </div>
   <div class='ocr_carea' id='block_1_98' title="bbox 1957 3915 3553 3988">
    <p class='ocr_par' dir='ltr' id='par_1_98' title="bbox 1957 3915 3553 3988">
     <span class='ocr_line' id='line_1_98' title="bbox 1957 3915 3553 3988; baseline 0.004 -20"><span class='ocrx_word' id='word_1_782' title='bbox 1957 3917 2056 3988; x_wconf 75' lang='lat' dir='ltr'><strong>vt).</strong></span> <span class='ocrx_word' id='word_1_783' title='bbox 2092 3937 2110 3969; x_wconf 76' lang='grc' dir='ltr'><strong><em>ι</em></strong></span> <span class='ocrx_word' id='word_1_784' title='bbox 2138 3915 2275 3972; x_wconf 85' lang='lat' dir='ltr'><strong>Hinc</strong></span> <span class='ocrx_word' id='word_1_785' title='bbox 2300 3927 2356 3972; x_wconf 90' lang='lat' dir='ltr'><strong>et</strong></span> <span class='ocrx_word' id='word_1_786' title='bbox 2383 3916 2672 3972; x_wconf 88' lang='lat' dir='ltr'><strong>Psalmista</strong></span> <span class='ocrx_word' id='word_1_787' title='bbox 2721 3918 2790 3972; x_wconf 89' lang='lat' dir='ltr'><strong>ab</strong></span> <span class='ocrx_word' id='word_1_788' title='bbox 2839 3918 3067 3972; x_wconf 88' lang='lat' dir='ltr'><strong>avaritia</strong></span> <span class='ocrx_word' id='word_1_789' title='bbox 3105 3926 3162 3972; x_wconf 92' lang='lat' dir='ltr'><strong>et</strong></span> <span class='ocrx_word' id='word_1_790' title='bbox 3208 3919 3553 3974; x_wconf 65' lang='lat' dir='ltr'><strong>aemulatione</strong></span> 
     </span>
    </p>
   </div>
   <div class='ocr_carea' id='block_1_99' title="bbox 1958 4007 3556 4076">
    <p class='ocr_par' dir='ltr' id='par_1_99' title="bbox 1958 4007 3556 4076">
     <span class='ocr_line' id='line_1_99' title="bbox 1958 4007 3556 4076; baseline 0.001 -16"><span class='ocrx_word' id='word_1_791' title='bbox 1958 4023 2124 4076; x_wconf 89' lang='lat' dir='ltr'><strong>prava</strong></span> <span class='ocrx_word' id='word_1_792' title='bbox 2157 4007 2366 4062; x_wconf 78' lang='lat' dir='ltr'><strong>fidelem</strong></span> <span class='ocrx_word' id='word_1_793' title='bbox 2415 4008 2672 4062; x_wconf 89' lang='lat' dir='ltr'><strong>cohibens</strong></span> <span class='ocrx_word' id='word_1_794' title='bbox 2700 4008 2777 4062; x_wconf 86' lang='lat' dir='ltr'><strong>ait</strong></span> <span class='ocrx_word' id='word_1_795' title='bbox 2807 4027 2818 4061; x_wconf 92' lang='lat'><strong>:</strong></span> <span class='ocrx_word' id='word_1_796' title='bbox 2856 4026 2875 4058; x_wconf 72' lang='grc' dir='ltr'>ε</span> <span class='ocrx_word' id='word_1_797' title='bbox 2914 4007 3031 4063; x_wconf 86' lang='lat' dir='ltr'><strong>Noli</strong></span> <span class='ocrx_word' id='word_1_798' title='bbox 3079 4008 3318 4062; x_wconf 74' lang='lat' dir='ltr'><strong>aemulari</strong></span> <span class='ocrx_word' id='word_1_799' title='bbox 3353 4008 3406 4062; x_wconf 92' lang='lat' dir='ltr'><strong>in</strong></span> <span class='ocrx_word' id='word_1_800' title='bbox 3438 4023 3556 4062; x_wconf 89' lang='lat' dir='ltr'><strong>ma-</strong></span> 
     </span>
    </p>
   </div>
   <div class='ocr_carea' id='block_1_100' title="bbox 1958 4095 3553 4168">
    <p class='ocr_par' dir='ltr' id='par_1_100' title="bbox 1958 4095 3553 4168">
     <span class='ocr_line' id='line_1_100' title="bbox 1958 4095 3553 4168; baseline 0.001 -18"><span class='ocrx_word' id='word_1_801' title='bbox 1958 4095 2308 4168; x_wconf 88' lang='lat' dir='ltr'><strong>lignantibus,</strong></span> <span class='ocrx_word' id='word_1_802' title='bbox 2340 4111 2519 4166; x_wconf 84' lang='lat' dir='ltr'><strong>neque</strong></span> <span class='ocrx_word' id='word_1_803' title='bbox 2553 4097 2759 4151; x_wconf 86' lang='lat' dir='ltr'><strong>zelatus</strong></span> <span class='ocrx_word' id='word_1_804' title='bbox 2806 4095 2976 4152; x_wconf 90' lang='lat' dir='ltr'><strong>fueris</strong></span> <span class='ocrx_word' id='word_1_805' title='bbox 3004 4095 3265 4152; x_wconf 83' lang='lat' dir='ltr'><strong>facientes</strong></span> <span class='ocrx_word' id='word_1_806' title='bbox 3294 4097 3553 4166; x_wconf 82' lang='lat' dir='ltr'><strong>iniquita-</strong></span> 
     </span>
    </p>
   </div>
   <div class='ocr_carea' id='block_1_101' title="bbox 1959 4186 3553 4259">
    <p class='ocr_par' dir='ltr' id='par_1_101' title="bbox 1959 4186 3553 4259">
     <span class='ocr_line' id='line_1_101' title="bbox 1959 4186 3553 4259; baseline -0.001 -16"><span class='ocrx_word' id='word_1_807' title='bbox 1959 4195 2090 4254; x_wconf 91' lang='lat' dir='ltr'><strong>tem,</strong></span> <span class='ocrx_word' id='word_1_808' title='bbox 2121 4187 2374 4259; x_wconf 86' lang='lat' dir='ltr'><strong>quoniam</strong></span> <span class='ocrx_word' id='word_1_809' title='bbox 2406 4196 2662 4257; x_wconf 87' lang='lat' dir='ltr'><strong>tanquam</strong></span> <span class='ocrx_word' id='word_1_810' title='bbox 2689 4186 2874 4242; x_wconf 89' lang='lat' dir='ltr'><strong>fenum</strong></span> <span class='ocrx_word' id='word_1_811' title='bbox 2904 4186 3162 4243; x_wconf 91' lang='lat' dir='ltr'><strong>velociter</strong></span> <span class='ocrx_word' id='word_1_812' title='bbox 3198 4194 3467 4252; x_wconf 87' lang='lat' dir='ltr'><strong>arescent,</strong></span> <span class='ocrx_word' id='word_1_813' title='bbox 3497 4196 3553 4242; x_wconf 87' lang='lat' dir='ltr'><strong>et</strong></span> 
     </span>
    </p>
   </div>
   <div class='ocr_carea' id='block_1_102' title="bbox 1957 4278 3552 4348">
    <p class='ocr_par' dir='ltr' id='par_1_102' title="bbox 1957 4278 3552 4348">
     <span class='ocr_line' id='line_1_102' title="bbox 1957 4278 3552 4348; baseline -0.004 -10"><span class='ocrx_word' id='word_1_814' title='bbox 1957 4281 2097 4338; x_wconf 88' lang='lat' dir='ltr'><strong>sicut</strong></span> <span class='ocrx_word' id='word_1_815' title='bbox 2118 4280 2266 4336; x_wconf 90' lang='lat' dir='ltr'><strong>olera</strong></span> <span class='ocrx_word' id='word_1_816' title='bbox 2312 4279 2604 4336; x_wconf 87' lang='lat' dir='ltr'><strong>herbarum</strong></span> <span class='ocrx_word' id='word_1_817' title='bbox 2629 4279 2738 4333; x_wconf 90' lang='lat' dir='ltr'><strong>cito</strong></span> <span class='ocrx_word' id='word_1_818' title='bbox 2759 4279 2957 4334; x_wconf 88' lang='lat' dir='ltr'><strong>cadent</strong></span> <span class='ocrx_word' id='word_1_819' title='bbox 2983 4296 2995 4332; x_wconf 93' lang='lat'><strong>:</strong></span> <span class='ocrx_word' id='word_1_820' title='bbox 3027 4293 3188 4348; x_wconf 88' lang='lat' dir='ltr'><strong>spera</strong></span> <span class='ocrx_word' id='word_1_821' title='bbox 3220 4279 3276 4333; x_wconf 92' lang='lat' dir='ltr'><strong>in</strong></span> <span class='ocrx_word' id='word_1_822' title='bbox 3323 4278 3552 4333; x_wconf 91' lang='lat' dir='ltr'><strong>Domino</strong></span> 
     </span>
    </p>
   </div>
   <div class='ocr_carea' id='block_1_103' title="bbox 1960 4369 3550 4442">
    <p class='ocr_par' dir='ltr' id='par_1_103' title="bbox 1960 4369 3550 4442">
     <span class='ocr_line' id='line_1_103' title="bbox 1960 4369 3550 4442; baseline -0.003 -14"><span class='ocrx_word' id='word_1_823' title='bbox 1960 4381 2014 4428; x_wconf 86' lang='lat' dir='ltr'><strong>et</strong></span> <span class='ocrx_word' id='word_1_824' title='bbox 2044 4371 2128 4428; x_wconf 86' lang='lat' dir='ltr'><strong>fac</strong></span> <span class='ocrx_word' id='word_1_825' title='bbox 2154 4371 2473 4436; x_wconf 89' lang='lat' dir='ltr'><strong>bonitatem,</strong></span> <span class='ocrx_word' id='word_1_826' title='bbox 2511 4380 2568 4425; x_wconf 90' lang='lat' dir='ltr'><strong>et</strong></span> <span class='ocrx_word' id='word_1_827' title='bbox 2612 4370 3118 4436; x_wconf 84' lang='lat' dir='ltr'><strong>inhabita&#39;terram,</strong></span> <span class='ocrx_word' id='word_1_828' title='bbox 3145 4378 3202 4425; x_wconf 90' lang='lat' dir='ltr'><strong>et</strong></span> <span class='ocrx_word' id='word_1_829' title='bbox 3224 4369 3466 4442; x_wconf 89' lang='lat' dir='ltr'><strong>pasceris</strong></span> <span class='ocrx_word' id='word_1_830' title='bbox 3493 4369 3550 4424; x_wconf 85' lang='lat' dir='ltr'><strong>in</strong></span> 
     </span>
    </p>
   </div>
   <div class='ocr_carea' id='block_1_104' title="bbox 1959 4459 2810 4535">
    <p class='ocr_par' dir='ltr' id='par_1_104' title="bbox 1959 4459 2810 4535">
     <span class='ocr_line' id='line_1_104' title="bbox 1959 4459 2810 4535; baseline -0.005 -15"><span class='ocrx_word' id='word_1_831' title='bbox 1959 4459 2165 4521; x_wconf 76' lang='lat' dir='ltr'><strong>divitiis</strong></span> <span class='ocrx_word' id='word_1_832' title='bbox 2191 4463 2307 4534; x_wconf 87' lang='lat' dir='ltr'><strong>ejus</strong></span> <span class='ocrx_word' id='word_1_833' title='bbox 2340 4462 2514 4535; x_wconf 82' lang='lat' dir='ltr'><strong>(Psal.</strong></span> <span class='ocrx_word' id='word_1_834' title='bbox 2542 4463 2754 4533; x_wconf 75' lang='lat' dir='ltr'><strong>xxxvr).</strong></span> <span class='ocrx_word' id='word_1_835' title='bbox 2790 4482 2810 4515; x_wconf 74' lang='grc' dir='ltr'><strong><em>ι</em></strong></span> 
     </span>
    </p>
   </div>
   <div class='ocr_carea' id='block_1_105' title="bbox 2039 4554 3622 4627">
    <p class='ocr_par' dir='ltr' id='par_1_105' title="bbox 2039 4554 3622 4627">
     <span class='ocr_line' id='line_1_105' title="bbox 2039 4554 3622 4627; baseline 0.001 -18"><span class='ocrx_word' id='word_1_836' title='bbox 2039 4580 2057 4609; x_wconf 85' lang='grc'><strong>‹</strong></span> <span class='ocrx_word' id='word_1_837' title='bbox 2101 4557 2219 4614; x_wconf 91' lang='lat' dir='ltr'><strong>Non</strong></span> <span class='ocrx_word' id='word_1_838' title='bbox 2246 4557 2457 4627; x_wconf 89' lang='lat' dir='ltr'><strong>placeat</strong></span> <span class='ocrx_word' id='word_1_839' title='bbox 2485 4557 2577 4610; x_wconf 90' lang='lat' dir='ltr'><strong>tibi</strong></span> <span class='ocrx_word' id='word_1_840' title='bbox 2609 4556 2804 4627; x_wconf 84' lang='lat' dir='ltr'><strong>injuria</strong></span> <span class='ocrx_word' id='word_1_841' title='bbox 2843 4555 3185 4626; x_wconf 90' lang='lat' dir='ltr'><strong>injustorum,</strong></span> <span class='ocrx_word' id='word_1_842' title='bbox 3210 4554 3388 4611; x_wconf 82' lang='lat' dir='ltr'><strong>sciens</strong></span> <span class='ocrx_word' id='word_1_843' title='bbox 3417 4570 3549 4627; x_wconf 82' lang='lat' dir='ltr'><strong>quo-</strong></span> <span class='ocrx_word' id='word_1_844' title='bbox 3611 4554 3622 4560; x_wconf 87' lang='grc'><strong>’</strong></span> 
     </span>
    </p>
   </div>
   <div class='ocr_carea' id='block_1_106' title="bbox 1972 4645 3549 4718">
    <p class='ocr_par' dir='ltr' id='par_1_106' title="bbox 1972 4645 3549 4718">
     <span class='ocr_line' id='line_1_106' title="bbox 1972 4645 3549 4718; baseline -0.002 -16"><span class='ocrx_word' id='word_1_845' title='bbox 1972 4669 1989 4702; x_wconf 73' lang='grc' dir='ltr'><strong><em>ι</em></strong></span> <span class='ocrx_word' id='word_1_846' title='bbox 2028 4651 2172 4705; x_wconf 90' lang='lat' dir='ltr'><strong>niam</strong></span> <span class='ocrx_word' id='word_1_847' title='bbox 2204 4664 2376 4718; x_wconf 90' lang='lat' dir='ltr'><strong>usque</strong></span> <span class='ocrx_word' id='word_1_848' title='bbox 2404 4648 2472 4702; x_wconf 89' lang='lat' dir='ltr'><strong>ad</strong></span> <span class='ocrx_word' id='word_1_849' title='bbox 2494 4645 2697 4702; x_wconf 89' lang='lat' dir='ltr'><strong>inferos</strong></span> <span class='ocrx_word' id='word_1_850' title='bbox 2724 4661 2827 4702; x_wconf 92' lang='lat' dir='ltr'><strong>non</strong></span> <span class='ocrx_word' id='word_1_851' title='bbox 2859 4647 3093 4716; x_wconf 89' lang='lat' dir='ltr'><strong>placebit</strong></span> <span class='ocrx_word' id='word_1_852' title='bbox 3129 4645 3346 4716; x_wconf 89' lang='lat' dir='ltr'><strong>impius.</strong></span> <span class='ocrx_word' id='word_1_853' title='bbox 3379 4665 3399 4698; x_wconf 75' lang='grc' dir='ltr'><strong><em>ι</em></strong></span> <span class='ocrx_word' id='word_1_854' title='bbox 3433 4647 3549 4699; x_wconf 83' lang='lat' dir='ltr'><strong>Non</strong></span> 
     </span>
    </p>
   </div>
   <div class='ocr_carea' id='block_1_107' title="bbox 1964 4737 3553 4811">
    <p class='ocr_par' dir='ltr' id='par_1_107' title="bbox 1964 4737 3553 4811">
     <span class='ocr_line' id='line_1_107' title="bbox 1964 4737 3553 4811; baseline -0.004 -15"><span class='ocrx_word' id='word_1_855' title='bbox 1964 4749 2048 4796; x_wconf 91' lang='lat' dir='ltr'><strong>est</strong></span> <span class='ocrx_word' id='word_1_856' title='bbox 2093 4739 2432 4811; x_wconf 86' lang='lat' dir='ltr'><strong>gaudendum</strong></span> <span class='ocrx_word' id='word_1_857' title='bbox 2483 4740 2538 4794; x_wconf 91' lang='lat' dir='ltr'><strong>in</strong></span> <span class='ocrx_word' id='word_1_858' title='bbox 2597 4737 2866 4794; x_wconf 82' lang='lat' dir='ltr'><strong>calumnia</strong></span> <span class='ocrx_word' id='word_1_859' title='bbox 2914 4738 3201 4804; x_wconf 88' lang='lat' dir='ltr'><strong>bonorum,</strong></span> <span class='ocrx_word' id='word_1_860' title='bbox 3231 4738 3326 4793; x_wconf 88' lang='lat' dir='ltr'><strong>sed</strong></span> <span class='ocrx_word' id='word_1_861' title='bbox 3379 4740 3553 4809; x_wconf 79' lang='lat' dir='ltr'><strong>magis</strong></span> 
     </span>
    </p>
   </div>
   <div class='ocr_carea' id='block_1_108' title="bbox 1965 4829 3551 4903">
    <p class='ocr_par' dir='ltr' id='par_1_108' title="bbox 1965 4829 3551 4903">
     <span class='ocr_line' id='line_1_108' title="bbox 1965 4829 3551 4903; baseline -0.004 -15"><span class='ocrx_word' id='word_1_862' title='bbox 1965 4832 2356 4888; x_wconf 91' lang='lat' dir='ltr'><strong>condolendum</strong></span> <span class='ocrx_word' id='word_1_863' title='bbox 2389 4832 2553 4903; x_wconf 90' lang='lat' dir='ltr'><strong>:quia</strong></span> <span class='ocrx_word' id='word_1_864' title='bbox 2600 4832 2648 4887; x_wconf 89' lang='lat' dir='ltr'><strong>is</strong></span> <span class='ocrx_word' id='word_1_865' title='bbox 2696 4831 2785 4902; x_wconf 90' lang='lat' dir='ltr'><strong>qui</strong></span> <span class='ocrx_word' id='word_1_866' title='bbox 2839 4829 3037 4900; x_wconf 89' lang='lat' dir='ltr'><strong>injuste</strong></span> <span class='ocrx_word' id='word_1_867' title='bbox 3093 4831 3253 4887; x_wconf 72' lang='lat' dir='ltr'><strong>laesus</strong></span> <span class='ocrx_word' id='word_1_868' title='bbox 3303 4840 3405 4895; x_wconf 86' lang='lat' dir='ltr'><strong>est,</strong></span> <span class='ocrx_word' id='word_1_869' title='bbox 3457 4847 3551 4901; x_wconf 79' lang='lat' dir='ltr'><strong>pa—</strong></span> 
     </span>
    </p>
   </div>
   <div class='ocr_carea' id='block_1_109' title="bbox 1966 4923 3549 4997">
    <p class='ocr_par' dir='ltr' id='par_1_109' title="bbox 1966 4923 3549 4997">
     <span class='ocr_line' id='line_1_109' title="bbox 1966 4923 3549 4997; baseline -0.003 -14"><span class='ocrx_word' id='word_1_870' title='bbox 1966 4929 2169 4984; x_wconf 78' lang='lat' dir='ltr'><strong>tientiae</strong></span> <span class='ocrx_word' id='word_1_871' title='bbox 2200 4941 2310 4983; x_wconf 64' lang='lat' dir='ltr'><strong>sua:</strong></span> <span class='ocrx_word' id='word_1_872' title='bbox 2351 4926 2574 4997; x_wconf 90' lang='lat' dir='ltr'><strong>recipiet</strong></span> <span class='ocrx_word' id='word_1_873' title='bbox 2619 4924 2958 4988; x_wconf 88' lang='lat' dir='ltr'><strong>mercedem;</strong></span> <span class='ocrx_word' id='word_1_874' title='bbox 3009 4925 3101 4994; x_wconf 89' lang='lat' dir='ltr'><strong>qui</strong></span> <span class='ocrx_word' id='word_1_875' title='bbox 3144 4932 3322 4978; x_wconf 89' lang='lat' dir='ltr'><strong>autem</strong></span> <span class='ocrx_word' id='word_1_876' title='bbox 3355 4923 3549 4991; x_wconf 82' lang='lat' dir='ltr'><strong>injuste</strong></span> 
     </span>
    </p>
   </div>
   <div class='ocr_carea' id='block_1_110' title="bbox 1965 5014 3508 5088">
    <p class='ocr_par' dir='ltr' id='par_1_110' title="bbox 1965 5014 3508 5088">
     <span class='ocr_line' id='line_1_110' title="bbox 1965 5014 3508 5088; baseline -0.003 -15"><span class='ocrx_word' id='word_1_877' title='bbox 1965 5019 2126 5085; x_wconf 60' lang='lat' dir='ltr'><strong>lzesit,</strong></span> <span class='ocrx_word' id='word_1_878' title='bbox 2150 5036 2257 5075; x_wconf 90' lang='lat' dir='ltr'><strong>non</strong></span> <span class='ocrx_word' id='word_1_879' title='bbox 2286 5019 2479 5076; x_wconf 88' lang='lat' dir='ltr'><strong>evadet</strong></span> <span class='ocrx_word' id='word_1_880' title='bbox 2502 5018 2804 5088; x_wconf 89' lang='lat' dir='ltr'><strong>iniquitatis</strong></span> <span class='ocrx_word' id='word_1_881' title='bbox 2829 5034 2940 5074; x_wconf 79' lang='lat' dir='ltr'><strong>suae</strong></span> <span class='ocrx_word' id='word_1_882' title='bbox 2960 5017 3199 5073; x_wconf 86' lang='lat' dir='ltr'><strong>debitam</strong></span> <span class='ocrx_word' id='word_1_883' title='bbox 3229 5014 3508 5069; x_wconf 84' lang='lat' dir='ltr'><strong>ultionem.</strong></span> 
     </span>
    </p>
   </div>
   <div class='ocr_carea' id='block_1_111' title="bbox 2041 5106 3550 5183">
    <p class='ocr_par' dir='ltr' id='par_1_111' title="bbox 2041 5106 3550 5183">
     <span class='ocr_line' id='line_1_111' title="bbox 2041 5106 3550 5183; baseline -0.003 -19"><span class='ocrx_word' id='word_1_884' title='bbox 2041 5130 2061 5164; x_wconf 73' lang='grc' dir='ltr'><strong><em>ι</em></strong></span> <span class='ocrx_word' id='word_1_885' title='bbox 2095 5112 2280 5183; x_wconf 89' lang='lat' dir='ltr'><strong>Longe</strong></span> <span class='ocrx_word' id='word_1_886' title='bbox 2309 5111 2496 5166; x_wconf 87' lang='lat' dir='ltr'><strong>abesto</strong></span> <span class='ocrx_word' id='word_1_887' title='bbox 2522 5111 2589 5164; x_wconf 90' lang='lat' dir='ltr'><strong>ab</strong></span> <span class='ocrx_word' id='word_1_888' title='bbox 2613 5110 2831 5165; x_wconf 90' lang='lat' dir='ltr'><strong>homine</strong></span> <span class='ocrx_word' id='word_1_889' title='bbox 2848 5119 3169 5180; x_wconf 84' lang='lat' dir='ltr'><strong>potestatem</strong></span> <span class='ocrx_word' id='word_1_890' title='bbox 3200 5106 3433 5159; x_wconf 86' lang='lat' dir='ltr'><strong>habente</strong></span> <span class='ocrx_word' id='word_1_891' title='bbox 3457 5121 3550 5160; x_wconf 84' lang='lat' dir='ltr'><strong>oe-</strong></span> 
     </span>
    </p>
   </div>
   <div class='ocr_carea' id='block_1_112' title="bbox 1971 5197 3542 5273">
    <p class='ocr_par' dir='ltr' id='par_1_112' title="bbox 1971 5197 3542 5273">
     <span class='ocr_line' id='line_1_112' title="bbox 1971 5197 3542 5273; baseline -0.005 -17"><span class='ocrx_word' id='word_1_892' title='bbox 1971 5223 1989 5256; x_wconf 76' lang='grc' dir='ltr'>ι</span> <span class='ocrx_word' id='word_1_893' title='bbox 2026 5204 2273 5270; x_wconf 89' lang='lat' dir='ltr'><strong>cidendi;</strong></span> <span class='ocrx_word' id='word_1_894' title='bbox 2303 5211 2358 5258; x_wconf 92' lang='lat' dir='ltr'><strong>et</strong></span> <span class='ocrx_word' id='word_1_895' title='bbox 2401 5218 2508 5257; x_wconf 91' lang='lat' dir='ltr'><strong>non</strong></span> <span class='ocrx_word' id='word_1_896' title='bbox 2552 5201 2922 5273; x_wconf 65' lang='lat' dir='ltr'><strong>Suspicaberis</strong></span> <span class='ocrx_word' id='word_1_897' title='bbox 2972 5200 3218 5254; x_wconf 84' lang='lat' dir='ltr'><strong>timorem</strong></span> <span class='ocrx_word' id='word_1_898' title='bbox 3273 5197 3482 5251; x_wconf 89' lang='lat' dir='ltr'><strong>mortis.</strong></span> <span class='ocrx_word' id='word_1_899' title='bbox 3524 5217 3542 5248; x_wconf 73' lang='grc' dir='ltr'><strong>ι</strong></span> 
     </span>
    </p>
   </div>
   <div class='ocr_carea' id='block_1_113' title="bbox 1966 5288 3550 5365">
    <p class='ocr_par' dir='ltr' id='par_1_113' title="bbox 1966 5288 3550 5365">
     <span class='ocr_line' id='line_1_113' title="bbox 1966 5288 3550 5365; baseline -0.004 -18"><span class='ocrx_word' id='word_1_900' title='bbox 1966 5293 2106 5362; x_wconf 83' lang='lat' dir='ltr'><strong>Quid</strong></span> <span class='ocrx_word' id='word_1_901' title='bbox 2134 5293 2248 5348; x_wconf 87' lang='lat' dir='ltr'><strong>vult</strong></span> <span class='ocrx_word' id='word_1_902' title='bbox 2275 5295 2378 5349; x_wconf 90' lang='lat' dir='ltr'><strong>hoc</strong></span> <span class='ocrx_word' id='word_1_903' title='bbox 2403 5297 2546 5365; x_wconf 86' lang='lat' dir='ltr'><strong>quod</strong></span> <span class='ocrx_word' id='word_1_904' title='bbox 2593 5293 2748 5363; x_wconf 89' lang='lat' dir='ltr'><strong>jubet</strong></span> <span class='ocrx_word' id='word_1_905' title='bbox 2776 5293 2937 5363; x_wconf 85' lang='lat' dir='ltr'><strong>longe</strong></span> <span class='ocrx_word' id='word_1_906' title='bbox 2981 5291 3170 5346; x_wconf 90' lang='lat' dir='ltr'><strong>abesse</strong></span> <span class='ocrx_word' id='word_1_907' title='bbox 3216 5289 3281 5343; x_wconf 87' lang='lat' dir='ltr'><strong>ab</strong></span> <span class='ocrx_word' id='word_1_908' title='bbox 3330 5288 3550 5342; x_wconf 81' lang='lat' dir='ltr'><strong>homine</strong></span> 
     </span>
    </p>
   </div>
   <div class='ocr_carea' id='block_1_114' title="bbox 1963 5380 3549 5457">
    <p class='ocr_par' dir='ltr' id='par_1_114' title="bbox 1963 5380 3549 5457">
     <span class='ocr_line' id='line_1_114' title="bbox 1963 5380 3549 5457; baseline -0.008 -16"><span class='ocrx_word' id='word_1_909' title='bbox 1963 5393 2284 5457; x_wconf 90' lang='lat' dir='ltr'><strong>potestatem</strong></span> <span class='ocrx_word' id='word_1_910' title='bbox 2307 5385 2542 5440; x_wconf 88' lang='lat' dir='ltr'><strong>habente</strong></span> <span class='ocrx_word' id='word_1_911' title='bbox 2569 5382 2887 5439; x_wconf 85' lang='lat' dir='ltr'><strong>occidendi?</strong></span> <span class='ocrx_word' id='word_1_912' title='bbox 2927 5381 3026 5436; x_wconf 91' lang='lat' dir='ltr'><strong>nisi</strong></span> <span class='ocrx_word' id='word_1_913' title='bbox 3055 5380 3197 5449; x_wconf 88' lang='lat' dir='ltr'><strong>quod</strong></span> <span class='ocrx_word' id='word_1_914' title='bbox 3225 5386 3412 5432; x_wconf 85' lang='lat' dir='ltr'><strong>cautos</strong></span> <span class='ocrx_word' id='word_1_915' title='bbox 3453 5393 3549 5430; x_wconf 75' lang='lat' dir='ltr'><strong>nos</strong></span> 
     </span>
    </p>
   </div>
   <div class='ocr_carea' id='block_1_115' title="bbox 1965 5466 3550 5542">
    <p class='ocr_par' dir='ltr' id='par_1_115' title="bbox 1965 5466 3550 5542">
     <span class='ocr_line' id='line_1_115' title="bbox 1965 5466 3550 5542; baseline -0.011 -8"><span class='ocrx_word' id='word_1_916' title='bbox 1965 5481 2018 5534; x_wconf 89' lang='lat' dir='ltr'><strong>in</strong></span> <span class='ocrx_word' id='word_1_917' title='bbox 2047 5477 2301 5534; x_wconf 89' lang='lat' dir='ltr'><strong>omnibus</strong></span> <span class='ocrx_word' id='word_1_918' title='bbox 2326 5475 2442 5529; x_wconf 87' lang='lat' dir='ltr'><strong>vult</strong></span> <span class='ocrx_word' id='word_1_919' title='bbox 2479 5475 2615 5540; x_wconf 78' lang='lat' dir='ltr'><strong>fieri,</strong></span> <span class='ocrx_word' id='word_1_920' title='bbox 2645 5489 2712 5529; x_wconf 91' lang='lat' dir='ltr'><strong>ne</strong></span> <span class='ocrx_word' id='word_1_921' title='bbox 2744 5473 2884 5527; x_wconf 85' lang='lat' dir='ltr'><strong>forte</strong></span> <span class='ocrx_word' id='word_1_922' title='bbox 2908 5486 3007 5542; x_wconf 90' lang='lat' dir='ltr'><strong>per</strong></span> <span class='ocrx_word' id='word_1_923' title='bbox 3037 5469 3298 5525; x_wconf 88' lang='lat' dir='ltr'><strong>incuriam</strong></span> <span class='ocrx_word' id='word_1_924' title='bbox 3348 5466 3550 5521; x_wconf 85' lang='lat' dir='ltr'><strong>incida-</strong></span> 
     </span>
    </p>
   </div>
   <div class='ocr_carea' id='block_1_116' title="bbox 1965 5558 3552 5639">
    <p class='ocr_par' dir='ltr' id='par_1_116' title="bbox 1965 5558 3552 5639">
     <span class='ocr_line' id='line_1_116' title="bbox 1965 5558 3552 5639; baseline -0.011 -13"><span class='ocrx_word' id='word_1_925' title='bbox 1965 5587 2087 5626; x_wconf 92' lang='lat' dir='ltr'><strong>mus</strong></span> <span class='ocrx_word' id='word_1_926' title='bbox 2116 5570 2169 5624; x_wconf 93' lang='lat' dir='ltr'><strong>in</strong></span> <span class='ocrx_word' id='word_1_927' title='bbox 2196 5567 2492 5639; x_wconf 88' lang='lat' dir='ltr'><strong>periculum</strong></span> <span class='ocrx_word' id='word_1_928' title='bbox 2521 5565 2728 5619; x_wconf 84' lang='lat' dir='ltr'><strong>mortis.</strong></span> <span class='ocrx_word' id='word_1_929' title='bbox 2758 5562 2851 5619; x_wconf 94' lang='lat' dir='ltr'><strong>llle</strong></span> <span class='ocrx_word' id='word_1_930' title='bbox 2876 5563 3022 5618; x_wconf 89' lang='lat' dir='ltr'><strong>enim</strong></span> <span class='ocrx_word' id='word_1_931' title='bbox 3063 5577 3124 5617; x_wconf 89' lang='lat' dir='ltr'><strong>se</strong></span> <span class='ocrx_word' id='word_1_932' title='bbox 3151 5562 3287 5615; x_wconf 87' lang='lat' dir='ltr'><strong>bene</strong></span> <span class='ocrx_word' id='word_1_933' title='bbox 3316 5559 3384 5613; x_wconf 87' lang='lat' dir='ltr'><strong>ab</strong></span> <span class='ocrx_word' id='word_1_934' title='bbox 3407 5558 3552 5610; x_wconf 80' lang='lat' dir='ltr'><strong>oeci—</strong></span> 
     </span>
    </p>
   </div>
   <div class='ocr_carea' id='block_1_117' title="bbox 1964 5647 3553 5730">
    <p class='ocr_par' dir='ltr' id='par_1_117' title="bbox 1964 5647 3553 5730">
     <span class='ocr_line' id='line_1_117' title="bbox 1964 5647 3553 5730; baseline -0.012 -10"><span class='ocrx_word' id='word_1_935' title='bbox 1964 5666 2115 5721; x_wconf 86' lang='lat' dir='ltr'><strong>sione</strong></span> <span class='ocrx_word' id='word_1_936' title='bbox 2141 5661 2396 5728; x_wconf 88' lang='lat' dir='ltr'><strong>custodit,</strong></span> <span class='ocrx_word' id='word_1_937' title='bbox 2420 5659 2509 5730; x_wconf 88' lang='lat' dir='ltr'><strong>qui</strong></span> <span class='ocrx_word' id='word_1_938' title='bbox 2541 5672 2629 5714; x_wconf 84' lang='lat' dir='ltr'><strong>res</strong></span> <span class='ocrx_word' id='word_1_939' title='bbox 2648 5656 2838 5730; x_wconf 84' lang='lat' dir='ltr'><strong>dignas</strong></span> <span class='ocrx_word' id='word_1_940' title='bbox 2867 5662 3042 5712; x_wconf 91' lang='lat' dir='ltr'><strong>morte</strong></span> <span class='ocrx_word' id='word_1_941' title='bbox 3068 5668 3174 5710; x_wconf 88' lang='lat' dir='ltr'><strong>non</strong></span> <span class='ocrx_word' id='word_1_942' title='bbox 3197 5647 3553 5710; x_wconf 73' lang='lat' dir='ltr'><strong>eﬁicitzUttdu</strong></span> 
     </span>
    </p>
   </div>
   <div class='ocr_carea' id='block_1_118' title="bbox 1964 5758 2316 5827">
    <p class='ocr_par' dir='ltr' id='par_1_118' title="bbox 1964 5758 2316 5827">
     <span class='ocr_line' id='line_1_118' title="bbox 1964 5758 2316 5827; baseline -0.009 -14"><span class='ocrx_word' id='word_1_943' title='bbox 1964 5766 2015 5814; x_wconf 89' lang='lat' dir='ltr'><strong>et</strong></span> <span class='ocrx_word' id='word_1_944' title='bbox 2049 5758 2316 5827; x_wconf 85' lang='lat' dir='ltr'><strong>sequitur.</strong></span> 
     </span>
    </p>
   </div>
  </div>
