3962 6198
385 251 493 312 823

1025 241 1090 299 Β.
1131 237 1384 296 MBANI
1423 235 1645 295 MAURI
1685 234 2010 297 ARCHIEP.
2046 231 2356 291 MOGUN'I‘.
2392 232 2691 295 .OPERUI
2724 234 2906 292 PARS
2944 233 2989 291 I.

3559 221 3664 282 εει

460 386 477 415 ι
509 362 578 418 Ει
616 360 662 420 si
701 360 999 419 accesseris
1024 358 1095 416 ad
1123 357 1297 423 illum,
1342 333 1450 411 noli
1489 352 1695 422 aliquid
1722 349 1973 408 commit-
2002 357 2052 418 Α
2083 370 2101 401 ι
2137 348 2388 423 gloriatio
2416 349 2538 416 tibi,
2565 350 2703 405 etin
2739 364 2905 405 sensu
2937 346 3008 404 sit
3036 344 3133 405 tibi
3160 343 3439 417 cogitatus
3465 343 3590 410 Dei,
3614 355 3668 400 et

394 471 411 506 ι
450 464 587 519 tere,
612 465 679 506 nc
707 448 918 505 auferat
951 448 1132 503 vitam’
1155 454 1322 503 luam.
1357 464 1376 498 ι
1413 443 1526 499 Hoc
1569 450 1623 497 et
1647 439 1847 497 Paulus
1884 437 1977 494 ad-

386 554 590 613 monet,
637 545 865 601 dicens:
902 562 920 595 ‹
948 541 1083 597 Nam
1138 539 1417 613 principes
1470 551 1577 591 non
1626 542 1752 590 sunt
1796 530 1978 587 timori

390 640 515 696 boni
545 638 746 709 operis,
777 636 872 692 sed
895 635 1043 691 mali.
1070 634 1165 691 Vis
1190 642 1369 688 autem
1400 645 1506 685 non
1531 628 1724 683 timere
1744 632 1983 697 potesta-

389 732 537 803 tein?
566 731 767 785 bonum
825 727 929 794 fac,
971 736 1028 782 et
1080 724 1307 782 habebis
1344 722 1559 777 laudem
1604 735 1674 774 ex
1727 716 1848 782 illa;
1880 714 1980 769 Dei

390 822 536 877 enim
564 821 814 875 minister
843 827 925 874 est
954 818 1048 873 tibi
1084 817 1135 871 in
1159 817 1322 872 bono.
1353 814 1411 869 Si
1452 820 1635 867 autem
1672 808 1872 864 malum
1902 805 1983 861 fe-

392 911 554 977 ceris,
592 911 722 965 time
755 924 903 964 :uon
956 907 1102 962 enim
1150 906 1268 961 sine
1304 918 1469 959 causa
1511 900 1746 973 gladium
1773 903 1983 968 portat;

393 1006 492 1062 Dei
521 1006 663 1061 enim
696 1003 946 1059 minister
982 1008 1085 1065 est,
1107 997 1301 1051 vindex
1334 994 1387 1048 in
1416 993 1552 1048 iram
1580 991 1631 1046 ei
1657 989 1750 1060 qui
1784 986 1986 1042 malum

395 1100 506 1171 agit
530 1097 708 1169 (Rom.
739 1094 879 1166 xm).
910 1112 929 1146 ι
973 1088 1153 1159 Quaeri
1183 1094 1365 1141 autem
1393 1084 1483 1137 hic
1509 1089 1690 1153 potest
1715 1078 1762 1135 si
1788 1077 1857 1133 ad
1884 1077 1989 1133 hoc

396 1208 428 1247 a
457 1192 568 1246 Deo
593 1186 873 1246 constituti
910 1192 1057 1248 sunt,
1086 1190 1146 1238 ut
1170 1179 1428 1235 ultionem
1453 1173 1630 1230 noxiis
1657 1178 1713 1227 et
1736 1178 1989 1243 peccato-

397 1285 549 1340 ribus
598 1279 860 1352 inﬂigunt,
891 1293 990 1333 cur
1018 1274 1405 1346 permittuntur
1431 1272 1808 1339 persecutores
1833 1261 1992 1318 Chri-

396 1376 700 1431 stianorum
745 1380 802 1425 et
830 1367 1095 1433 hmretici,
1129 1365 1448 1419 innocentes
1485 1366 1539 1414 et
1566 1355 1848 1428 religiosos
1871 1366 1991 1423 pte-

400 1466 488 1521 nis
522 1460 825 1533 subjicere?
873 1458 1027 1526 Quod
1072 1455 1259 1526 utique
1300 1451 1448 1521 justo
1495 1446 1700 1520 judicio
1745 1443 1843 1499 Dei
1874 1440 1993 1497 ﬁeri

401 1553 759 1624 permittitur,
789 1558 848 1604 ut
874 1547 1000 1603 boni
1028 1561 1127 1617 pro
1152 1540 1413 1614 patientia
1444 1553 1542 1594 sua
1570 1544 1918 1599 coronentur,
1942 1539 1997 1587 et

403 1645 530 1700 mali
554 1659 652 1715 pro
680 1658 776 1698 sua
816 1640 1101 1711 iniquitate
1124 1638 1473 1692 damnentur.
1501 1631 1675 1686 Aliter
1698 1636 1879 1684 autem
1900 1640 1999 1698 per

2087 458 2107 491 ι
2140 441 2319 501 omnis
2346 441 2620 496 enarratio
2642 448 2734 495 tua
2761 439 2816 495 in
2853 438 3141 511 praeceptis
3158 437 3445 495 Altissimi.
3484 455 3505 491 ι
3531 435 3671 493 Cou-

2082 533 2289 588 vivium
2313 534 2417 589 hoc
2436 532 2608 603 magis
2632 532 2867 603 pertinet
2886 530 2955 584 ad
2982 528 3252 600 spiritales
3277 529 3489 599 epulas,
3509 542 3671 598 quam

2084 625 2151 681 ad
2180 624 2488 695 corporales
2519 623 2758 680 delicias.
2797 621 2899 691 Qui
2927 636 3058 693 ergo
3094 636 3218 677 cum
3245 621 3408 692 justis
3429 620 3565 676 viris
3589 635 3676 675 as-

2085 718 2239 775 sidue
2287 725 2473 773 manet
2519 717 2576 773 in
2619 715 2972 770 meditatione
3007 721 3323 769 sanctarum
3369 710 3675 781 Scriptura-

2085 826 2228 874 rum,
2257 817 2312 865 et
2341 810 2393 864 in
2421 807 2686 864 exercitio
2717 820 2997 881 sacrarum
3024 804 3309 867 virtutum,
3336 810 3392 857 et
3422 801 3587 857 corde
3613 801 3675 856 si-

2088 900 2198 956 mul
2225 907 2280 957 et
2308 915 2405 955 ore
2442 898 2732 954 Dominum
2768 894 2916 952 omni
2950 902 3192 965 tempore
3218 890 3529 956 conﬁtetur,
3557 905 3679 962 pro-

2088 993 2175 1051 cui
2211 993 2373 1049 dubio
2400 991 2489 1047 ille
2517 999 2719 1047 aeterna
2748 989 3004 1045 satietate
3052 984 3370 1057 replebitur.
3406 1003 3425 1036 ι
3457 983 3679 1048 Beatus,

2091 1085 2288 1154 inquit,
2332 1083 2426 1154 qui
2466 1081 2758 1137 manducat
2797 1094 2994 1151 panem
3046 1078 3103 1134 in
3145 1092 3312 1148 regno
3329 1070 3679 1144 Dei,ipanem

2092 1175 2300 1231 scilicet
2324 1174 2468 1238 vitaz,
2507 1184 2671 1242 quem
2716 1170 2809 1241 qui
2838 1168 3247 1224 manducavertt
3271 1180 3382 1221 non
3420 1163 3684 1219 morietur

2092 1266 2148 1321 in
2173 1273 2458 1327 aeternum,
2486 1260 2583 1317 sed
2629 1259 2776 1315 vivet
2803 1267 2859 1315 et
2905 1257 3162 1330 gaudebit
3196 1271 3320 1312 cum
3366 1254 3574 1311 sanctis
3597 1268 3686 1308 an-

2094 1355 2228 1430 gelis
2254 1354 2308 1409 in
2333 1367 2501 1421 regno
2526 1350 2734 1407 cmlesti
2764 1347 2915 1422 (Luc.
2942 1346 3077 1417 xiv).
3170 1346 3324 1415 Quod
3349 1353 3405 1400 et
3434 1345 3551 1415 ipsa
3584 1342 3685 1397 Ve-

2095 1447 2228 1503 ritas
2260 1442 2534 1514 discipulis
2563 1441 2677 1498 suis
2719 1440 2776 1496 in
2812 1438 3106 1510 Evangelia
3141 1437 3416 1508 promisit,
3448 1434 3638 1490 dicens
3666 1452 3683 1487 :

2103 1557 2122 1591 ι
2153 1537 2260 1593 Vos
2287 1534 2438 1600 estis,
2475 1532 2568 1605 qui
2597 1530 2976 1602 permansistis
3012 1542 3227 1584 mecum
3275 1527 3331 1582 in
3378 1523 3690 1581 tentationi—

2098 1629 2199 1686 bus
2219 1626 2389 1691 lueis;
2417 1633 2474 1679 et
2495 1638 2596 1695 ego
2625 1621 2852 1691 dispono
2889 1618 3064 1685 vobis,
3094 1619 3235 1674 sicut
3273 1614 3541 1687 disposuit
3558 1612 3689 1667 mihi

406 1708 580 1795 malos
604 1738 745 1794 sicut
770 1744 827 1792 et
851 1708 949 1806 per
970 1734 1143 1788 bonos
1166 1728 1441 1801 principes
1461 1725 1602 1780 Deus
1626 1737 1750 1778 reos
1771 1719 1998 1792 judicat,
2027 1723 2075 1784 B
2102 1719 2264 1775 Pater
2292 1731 2443 1772 meus
2464 1728 2714 1786 regnum,
2744 1719 2806 1766 ut
2830 1710 3004 1789 edatis
3030 1718 3087 1765 et
3123 1708 3324 1764 bibatis
3353 1721 3514 1778 super
3543 1719 3690 1760 men-

403 1840 467 1886 ut
516 1830 619 1902 ipsi
670 1828 763 1900 qui
802 1826 1094 1883 sceleratos
1140 1820 1429 1893 punientes
1455 1814 1644 1870 eadem
1685 1811 1891 1867 scelera
1926 1806 2000 1863 fa-

407 1925 581 1990 ciunt,
605 1920 947 1993 postmodum
977 1932 1077 1987 pro
1120 1914 1236 1971 suis
1280 1908 1656 1980 iniquitatibus
1704 1903 2001 1973 condignas

405 2031 598 2087 pmnas
619 2016 791 2069 luant.
825 2011 982 2068 Unde
1006 2010 1059 2064 in
1086 2004 1410 2078 Apocalypsi
1437 2001 1701 2072 scriptum
1729 2006 1850 2054 est:
1879 2015 1898 2048 ι
1926 1996 2003 2051 De

408 2084 559 2162 l‘umo
584 2105 728 2176 putei
759 2103 1009 2159 exierunt
1034 2098 1257 2154 locusta:
1278 2094 1332 2148 in
1358 2102 1583 2157 terram,
1602 2097 1660 2144 et
1683 2087 1805 2143 data
1827 2094 1910 2142 est
1938 2084 2004 2139 il-

409 2198 477 2254 lis
493 2206 758 2269 potestas,
788 2195 930 2250 sicut
955 2192 1156 2246 habent
1185 2193 1513 2259 potestatem
1553 2181 1866 2251 scorpiones
1899 2188 2006 2234 ter—

410 2305 508 2356 rae,
549 2295 603 2343 et
629 2292 957 2361 praeceptum
983 2290 1069 2338 est
1114 2280 1244 2347 illis,
1274 2294 1345 2333 ne
1379 2277 1635 2333 ltederent
1664 2273 1846 2329 fenum
1896 2280 2006 2327 ter-

411 2393 508 2443 rte,
534 2392 708 2446 neque
741 2389 901 2431 omne
924 2371 1118 2437 viride,
1142 2384 1319 2439 neque
1347 2382 1562 2423 omnem
1604 2364 1877 2429 arborem,
1899 2362 2006 2419 nisi

412 2476 623 2523 tantum
647 2467 915 2530 homines,
937 2463 1031 2534 qui
1059 2476 1165 2517 non
1192 2460 1395 2515 habent
1418 2457 1630 2527 signum
1660 2454 1758 2511 Dei
1781 2454 1836 2509 in
1859 2452 2008 2508 fron-

416 2559 565 2614 tibus
590 2557 703 2613 suis
740 2555 927 2629 (Apoc.
965 2551 1083 2623 tx):
1116 2571 1134 2605 ι
1168 2550 1237 2606 Ει
1279 2558 1402 2622 post
1450 2548 1723 2618 aliquanta
1757 2563 1770 2599 :
1805 2563 1824 2597 ι
1861 2544 2006 2610 Vidi,

415 2647 617 2716 inquit,
648 2660 818 2716 equos
863 2643 920 2698 in
948 2642 1174 2706 visione,
1219 2648 1275 2693 et
1305 2636 1396 2708 qui
1427 2636 1687 2692 sedebant
1733 2648 1895 2704 super
1915 2646 2010 2687 eos

416 2738 690 2796 habebant
714 2735 913 2790 loricas
954 2733 1141 2806 igneas
1186 2738 1243 2786 et
1269 2728 1672 2802 hyacinthinas,
1701 2734 1758 2781 et
1783 2724 2010 2796 sulphu-

415 2846 558 2894 reas,
590 2836 644 2884 et
669 2828 843 2898 capita
873 2840 1139 2896 equorum
1176 2829 1335 2879 erant
1375 2829 1633 2890 tanquam
1678 2815 1853 2887 capita
1895 2814 2011 2870 leo-

416 2938 569 2988 num,
608 2929 664 2977 et
703 2920 770 2977 de
795 2936 891 2976 ore
937 2919 1181 2989 ipsorum
1210 2914 1457 2986 procedit
1487 2911 1627 2985 ignis
1663 2919 1719 2966 et
1744 2908 1925 2964 fumus
1960 2914 2015 2963 et

417 3017 664 3087 sulphur.
688 3012 772 3070 Ab
802 3014 889 3069 his
930 3013 1105 3069 tribus
1131 3010 1307 3083 plagis
1351 3008 1531 3065 occisa
1581 3014 1665 3062 est
1693 3004 1853 3061 tertia
1887 3016 2015 3074 pars

418 3112 702 3168 hominum
727 3110 795 3165 de
818 3109 942 3181 igne
967 3117 1023 3164 et
1044 3107 1194 3163 fumo
1219 3115 1272 3161 et
1302 3104 1578 3174 sulphure,
1609 3116 1730 3171 quae
1756 3098 2014 3169 procede-

424 3203 560 3257 bant
586 3201 654 3257 de
682 3214 778 3256 ore
815 3199 1072 3270 ipsorum.
1097 3198 1345 3253 Potestas
1375 3194 1521 3250 enim
1550 3206 1814 3262 equorum
1841 3190 1895 3244 in
1918 3204 2015 3245 ore

422 3312 613 3352 eorum
651 3301 755 3360 est,
781 3302 837 3348 et
861 3293 915 3347 in
942 3293 1131 3348 caudis
1167 3306 1376 3347 eorum.
1422 3289 1559 3344 Nam
1590 3287 1774 3342 cauda:
1798 3282 2014 3339 illorum

429 3387 638 3444 similes
681 3384 1023 3455 serpentibus
1070 3384 1335 3440 habentes
1378 3381 1578 3451 capita,
1620 3386 1676 3433 et
1709 3378 1762 3432 in
1793 3376 1879 3431 his
1920 3387 2017 3429 no-

425 3485 569 3535 cent.
608 3497 629 3532 ι
664 3476 769 3533 Per
812 3476 1057 3532 fraudem
1098 3473 1244 3530 enim
1286 3479 1486 3527 nocent
1514 3468 1775 3533 hazretici,
1822 3473 1878 3521 et
1920 3480 2019 3536 per

426 3570 580 3628 dolos
635 3576 945 3641 praeparant
998 3568 1301 3622 animarum
1362 3563 1814 3621 interfectionem.
1855 3558 2017 3629 Quia,

426 3663 570 3719 sicut
603 3662 817 3732 scorpio
865 3659 1131 3731 palpando
1165 3657 1387 3724 incedit,
1418 3657 1514 3714 sed
1547 3655 1716 3712 cauda
1756 3653 1904 3719 ferit,
1946 3653 2019 3707 ita

431 3754 775 3811 fraudulenta
800 3752 1070 3824 pernicies
1113 3749 1377 3806 malorum
1405 3747 1604 3802 blanda
1633 3754 1689 3801 et
1722 3743 1941 3800 innoxia
1967 3742 2020 3796 in

429 3847 570 3904 facie
591 3847 804 3902 videtur
820 3863 836 3911 ;
855 3845 949 3900 sed
975 3845 1101 3901 dum
1129 3841 1339 3898 occulte
1369 3840 1587 3903 feriunt,
1613 3836 1768 3909 quasi
1791 3842 2022 3889 mortem

423 3938 665 3997 latenter
711 3938 991 3995 inducunt.
1024 3937 1154 3992 Item
1188 3954 1207 3988 ι
1239 3940 1484 4005 potestas
1526 3944 1792 4001 equorum
1843 3927 1897 3982 in
1928 3939 2025 3981 ore

428 4048 620 4089 eorum
650 4038 737 4088 est
769 4039 826 4087 et
852 4030 907 4086 in
938 4028 1125 4089 caudis
1144 4041 1333 4083 eorum
1363 4042 1377 4077 :
1415 4043 1433 4077 ι
1464 4023 1518 4078 id
1558 4028 1660 4086 est,
1689 4021 1743 4075 in
1774 4029 2026 4074 sermone

432 4132 490 4182 et
514 4123 708 4182 ollicio.
760 4122 1028 4193 Propheta
1073 4118 1219 4175 enim
1261 4118 1463 4172 docens
1500 4111 1858 4174 mendacium,
1911 4108 2027 4178 ipse

435 4215 611 4271 cauda
635 4223 742 4270 est.
772 4212 876 4281 Qui
904 4220 1086 4267 autem
1113 4208 1355 4280 sesigno
1383 4206 1478 4263 Dei
1507 4204 1614 4260 vivi
1646 4218 1752 4258 non
1777 4199 2028 4257 muniunt

433 4306 492 4363 in
515 4305 783 4363 frmttibus
799 4304 934 4371 suis,
950 4319 1052 4360 nec
1072 4300 1336 4358 catholica
1352 4298 1456 4354 lide
1476 4296 1640 4352 corda
1659 4308 1756 4349 sua
1780 4289 2026 4361 diligenti

2099 1825 2216 1867 sam
2243 1822 2417 1864 meam
2447 1806 2500 1861 in
2532 1818 2700 1875 regno
2726 1817 2849 1857 meo
2874 1819 2887 1855 :
2914 1810 2968 1856 et
2987 1799 3226 1856 sedeatis
3255 1812 3417 1869 super
3444 1797 3689 1863 thronos,

2092 1898 2401 1970 iudicantes
2425 1893 2708 1952 duodecim
2734 1892 2909 1949 tribus
2931 1889 3098 1946 Israel
3121 1888 3274 1962 (Luc.
3299 1886 3463 1959 nn).
3492 1908 3512 1939 ι

2176 2019 2196 2054 ι
2227 1999 2286 2055 Ιιι
2331 2015 2497 2055 manu
2519 1996 2795 2053 artiﬁcum
2839 2009 3006 2066 opera
3036 1992 3423 2053 laudabuntur,
3448 1995 3507 2043 et
3544 1985 3699 2058 prin-

2109 2111 2129 2145 ‹
2162 2108 2292 2165 ceps
2342 2091 2526 2164 pepuli
2563 2092 2620 2148 in
2641 2089 2908 2160 sapientia
2958 2084 3228 2143 sermonis
3275 2083 3357 2138 sui
3385 2098 3401 2135 :
3428 2081 3486 2135 in
3530 2093 3697 2137 sensu

2110 2203 2130 2238 ι
2162 2200 2292 2245 vero
2321 2185 2595 2240 seniorum
2620 2182 2866 2238 verbum.
2896 2198 2916 2234 ι
2949 2176 3203 2233 Artiﬁces
3237 2174 3327 2230 isti
3354 2172 3516 2229 iidem
3551 2178 3692 2231 sunt,

2104 2277 2281 2347 quiet
2315 2275 2595 2347 principes
2636 2270 2845 2344 populi,
2893 2270 3145 2326 doctores
3200 2265 3447 2323 videlicet
3474 2261 3694 2319 sancti:

2107 2367 2165 2423 in
2187 2381 2420 2437 quorum
2449 2380 2635 2430 manu,
2662 2364 2769 2418 hoc
2792 2370 2876 2417 est
2901 2357 3511 2424 actione,laudabuntur
3534 2364 3698 2422 opera

2106 2458 2394 2521 virtutum,
2416 2463 2473 2511 et
2491 2451 2836 2512 observantia
2858 2448 3174 2520 disciplinas
3198 2446 3257 2503 In
3282 2459 3511 2516 quorum
3536 2443 3700 2499 etiam

2109 2562 2363 2606 sermone
2390 2544 2647 2617 splendor
2677 2542 2846 2598 micat
2869 2538 3148 2610 sapientia:
3177 2534 3333 2592 simul
3364 2550 3489 2591 cum
3519 2532 3701 2588 facun-

2110 2639 2199 2695 dia
2229 2636 2570 2708 eloquentiaa.
2594 2634 2654 2689 In
2676 2646 2837 2689 sensu
2860 2628 3005 2685 enim
3032 2627 3307 2682 seniorum
3330 2624 3576 2689 verbum,
3600 2623 3701 2678 hoc

2110 2740 2213 2797 est,
2237 2730 2461 2786 verbum
2484 2725 2780 2798 Evangelii.
2810 2725 2886 2779 De
2913 2736 3020 2793 quo
3048 2729 3105 2775 et
3129 2718 3329 2773 Paulus
3357 2718 3435 2771 ait
3460 2733 3474 2770 :
3511 2734 3530 2766 ι
3570 2712 3700 2770 Ver-

2110 2824 2240 2878 bum
2274 2821 2423 2879 enim
2469 2818 2773 2874 breviatum
2803 2814 3069 2871 Dominus
3118 2809 3251 2867 fecit
3296 2823 3461 2879 super
3490 2808 3704 2863 univer-

2114 2927 2231 2969 sam
2256 2920 2456 2967 terram
2481 2907 2654 2980 (Rom.
2674 2904 2775 2978 ιιι).
2809 2924 2828 2958 ι
2856 2904 2948 2959 Isti
2978 2908 3107 2957 sunt
3133 2900 3393 2961 seniores,
3420 2896 3488 2953 de
3511 2896 3704 2968 quibus

2118 3005 2174 3060 in
2222 2999 2644 3058 Deuteronomio
2691 2996 2954 3067 scriptum
3001 3001 3128 3049 est:
3170 2992 3496 3062 «Interroga
3525 2997 3705 3060 patres

2038 3077 2085 3140 C
2117 3104 2260 3162 tuos,
2289 3101 2347 3151 et
2388 3090 2784 3148 annuntiabunt
2814 3087 2911 3144 tibi
2937 3103 2953 3154 ;
2983 3086 3228 3141 seniores
3267 3075 3409 3151 tuos,
3435 3089 3491 3137 et
3527 3080 3707 3136 dicent

2116 3187 2217 3243 tibi
2246 3185 2427 3258 (Deut.
2471 3179 2672 3253 χχχιι).
2709 3200 2729 3234 ι
2760 3179 2900 3235 Istos
2945 3176 3367 3255 praeﬁgurabant
3412 3182 3469 3228 et
3515 3171 3591 3227 illi
3626 3186 3709 3227 se-

2118 3276 2306 3333 niores
2333 3272 2701 3346 septuaginta,
2727 3285 2865 3340 quos
2883 3268 3096 3339 Moyses
3115 3265 3330 3321 Domini
3353 3264 3508 3335 jussu
3528 3262 3707 3334 elegit,

2117 3375 2174 3423 et
2200 3365 2456 3422 universo
2484 3361 2682 3433 populo
2708 3359 2984 3431 prml‘ecit;
3011 3372 3133 3412 cum
3158 3356 3243 3410 his
3273 3362 3325 3408 et
3356 3355 3468 3423 ipse
3509 3367 3608 3407 rex
3635 3365 3710 3405 re-

2119 3472 2243 3529 gum
2270 3454 2473 3525 judicia
2529 3467 2628 3508 sua
2669 3449 2966 3506 secundum
2994 3445 3279 3502 veritatem
3310 3441 3569 3512 disponit.
3603 3439 3711 3505 Sic-

2118 3556 2179 3606 ut
2221 3548 2478 3603 Salomon
2523 3543 2785 3609 ostendit,
2809 3541 2996 3598 dicens
3024 3559 3037 3593 :
3073 3557 3092 3591 (
3121 3536 3326 3592 Nobilis
3348 3535 3403 3590 in
3430 3533 3605 3604 portis
3633 3534 3712 3586 vir

2119 3640 2259 3710 ejus,
2289 3637 2506 3711 quando
2554 3633 2756 3693 sederit
2797 3648 2925 3689 cum
2950 3629 3295 3687 senatoribus
3341 3636 3500 3681 terrae
3528 3622 3708 3696 (Prov.

2121 3732 2296 3806 χχιι).
2329 3751 2348 3785 ι
2376 3731 2429 3795 Ε,
2448 3736 2638 3787 contra
2665 3741 2797 3783 vero
2818 3724 2947 3780 illud
2969 3723 3113 3794 quod
3141 3720 3427 3792 sequitur:

2198 3866 2218 3900 ι
2248 3844 2532 3904 Terribilis
2559 3850 2646 3901 est
2674 3841 2728 3897 in
2748 3840 2972 3897 civitate
3002 3852 3103 3893 sua
3141 3837 3304 3893 homo
3332 3834 3635 3905 linguosus,
3662 3837 3714 3885 et

2130 3959 2148 3992 ι
2183 3937 2507 3994 temerarius
2537 3934 2597 3990 in'
2632 3934 2800 3989 verbo
2830 3946 2930 3988 suo
2976 3929 3205 3986 odibilis-
3233 3935 3340 3993 est,
3377 3947 3395 3979 ι
3430 3925 3714 3981 bmreticos

2125 4028 2416 4102 signiﬁcat,
2451 4026 2508 4081 hi
2537 4025 2684 4081 enim
2710 4022 2987 4081 temerarii
3008 4034 3229 4091 semper
3264 4018 3390 4074 lites
3428 4024 3634 4080 amant,
3663 4021 3714 4069 et

2126 4118 2526 4181 contentiones,
2556 4124 2613 4172 et
2631 4115 2783 4170 rixas
2830 4113 3117 4169 suscitant.
3154 4109 3307 4167 Unde
3335 4107 3568 4164 odibiles
3594 4114 3716 4163 sunt

2128 4219 2238 4265 tam
2286 4209 2397 4263 Deo
2425 4221 2586 4277 quam
2614 4205 2781 4267 etiam
2825 4203 3168 4266 hominibus;
3208 4199 3305 4270 qui
3349 4205 3407 4254 et
3450 4195 3714 4253 terribiles

2128 4312 2257 4360 sunt
2307 4303 2362 4358 in
2391 4301 2614 4358 civitate
2656 4314 2778 4367 sua,
2824 4298 2932 4355 hoc
2964 4305 3065 4360 est,
3099 4295 3154 4351 in
3184 4293 3418 4358 munde;
3462 4290 3715 4361 quoniam

437 4396 685 4454 custodia
711 4403 965 4460 tuentur;
1009 4393 1201 4448 horum
1224 4389 1474 4446 videlicet
1503 4386 1659 4443 ruina
1696 4384 1750 4439 in
1772 4389 2009 4455 promptt

2131 4409 2268 4486 quos
2310 4392 2495 4486 valent
2526 4392 2582 4447 in
2624 4404 2873 4446 errorem
2907 4386 3309 4459 pertrahentes,
3346 4383 3417 4439 de
3456 4383 3587 4438 ﬁliis
3626 4381 3717 4437 Dei

440 4497 544 4546 est.
573 4488 726 4544 Unde
753 4496 807 4543 et
832 4486 1080 4557 sequitur
1108 4503 1122 4540 :

516 4598 537 4631 ι
568 4577 1128 4635 Communicationem
1191 4573 1382 4629 mortis
1428 4561 1605 4635 scito,
1661 4566 1919 4639 quoniam
1967 4565 2021 4620 in

441 4691 461 4725 ι
499 4671 680 4727 medio
718 4668 1035 4739 laqueorum
1067 4663 1403 4736 ingrediaris,
1438 4669 1495 4717 et
1540 4673 1703 4729 super
1731 4655 2027 4713 dolentium

442 4783 464 4816 ι
499 4778 653 4820 arma
697 4759 1019 4816 ambulabis.
1066 4755 1374 4814 Secundum
1408 4753 1665 4809 virtutem
1711 4757 1861 4804 tuam
1894 4760 2027 4803 cave

443 4877 463 4911 ι
499 4865 552 4914 te
580 4871 608 4911 a
638 4854 888 4926 proximo
924 4861 1047 4918 tuo;
1075 4857 1130 4906 et
1160 4865 1283 4905 cum
1305 4844 1640 4918 sapientibus
1676 4850 1731 4897 et
1749 4838 2027 4913 prudenti-

444 4970 464 5004 ι
499 4952 602 5008 bus
635 4956 830 5005 tracta.
871 4966 891 5000 ι
924 4944 1158 5001 Proinde
1178 4955 1400 4997 necesse
1423 4945 1509 4995 est
1535 4944 1598 4991 ut
1619 4947 1908 4991 caveamus
1932 4931 2028 4986 do-

439 5041 680 5097 losorum
709 5036 960 5102 insidias,
991 5041 1187 5089 etcum
1216 5027 1549 5100 sapientibus
1573 5032 1628 5079 et
1652 5020 2027 5093 prudentibus,

438 5131 545 5191 hoc
564 5137 666 5196 est,
698 5143 821 5184 cum
852 5123 1168 5181 orthodoxis
1196 5118 1449 5176 Patribus
1486 5124 1544 5172 et
1571 5115 1739 5170 Deum
1790 5109 2032 5167 timenti-

440 5223 544 5278 bus
564 5220 819 5277 fratribus
849 5232 1011 5276 omne
1039 5211 1328 5271 consilium
1353 5215 1601 5264 nostrum
1638 5212 1950 5269 tractemus,
1977 5208 2033 5259 et

442 5311 589 5367 viam
626 5309 855 5381 iustitia;
884 5315 938 5362 et
984 5302 1233 5360 veritatis
1276 5315 1385 5357 non
1422 5298 1758 5354 deseramus.
1804 5296 1880 5352 De
1922 5308 2031 5363 quo

445 5401 621 5458 adhuc
651 5398 932 5457 subditur:
1036 5460 1041 5471 ν

1027 5485 1255 5545 CAPUT
1297 5482 1459 5541 XVII.

598 5584 677 5640 De
697 5581 1123 5652 convivisjustis,
1151 5579 1205 5632 id
1236 5586 1310 5632 est
1337 5574 1490 5630 sociis
1519 5572 1666 5627 bona:
1696 5572 1873 5642 famre.

523 5687 546 5724 ι
585 5672 693 5729 Viri
713 5674 844 5746 justi
870 5674 975 5730 sint
1004 5671 1099 5727 tibi
1135 5668 1389 5735 convivae,
1416 5674 1471 5722 et
1513 5665 1566 5719 in
1593 5664 1785 5720 timore
1824 5663 1918 5719 Dei
1959 5662 2032 5720 sit

2130 4481 2370 4538 eﬂiciunt
2412 4479 2553 4537 filios
2580 4478 2799 4545 diaboli,
2837 4485 2895 4534 et
2940 4475 3197 4549 pabulum
3228 4474 3372 4545 ignis
3398 4473 3616 4529 aeterni.
3648 4472 3720 4527 De

2131 4574 2329 4644 quibus
2356 4581 2411 4629 et
2436 4571 2724 4629 Psalmista
2754 4571 2832 4626 ait
2858 4589 2872 4624 :
2904 4588 2923 4622 ι
2950 4569 3050 4626 Vir
3075 4568 3354 4640 linguosus
3380 4582 3489 4622 non
3526 4564 3721 4636 dirige-

2133 4676 2224 4723 tur
2247 4681 2412 4738 super
2443 4673 2665 4729 terram,
2696 4665 2873 4719 virum
2917 4660 3180 4732 injustam
3222 4660 3369 4716 mala
3404 4659 3625 4729 capient
3664 4658 3719 4713 in

2132 4756 2412 4813 interitum
2449 4754 2622 4826 (Ρωι.
2667 4754 2914 4824 cxurx).
2954 4772 2975 4809 ι
3005 4752 3130 4809 Ideo
3179 4750 3380 4809 Paulus
3426 4748 3718 4820 praecepit,

2134 4847 2320 4903 dicens
2352 4863 2366 4901 :
2400 4865 2419 4899 ι
2447 4844 2681 4902 Profana
2713 4853 2895 4901 autem
2946 4851 3004 4899 et
3052 4841 3386 4912 inaniloquia
3426 4840 3632 4906 devita,
3671 4844 3718 4893 et

2134 4939 2425 4993 verborum
2452 4936 2744 4992 novitates.
2768 4934 2993 4991 Multum
3024 4933 3171 4990 enim
3199 4931 3491 5004 proﬁcient
3526 4931 3597 4987 ad
3628 4915 3719 4985 im?

2134 5029 2412 5101 pietatem,
2447 5036 2504 5081 et
2547 5041 2730 5083 sermo
2767 5040 2958 5082 eorum
2988 5032 3047 5079 ut
3079 5038 3280 5079 cancer
3300 5022 3474 5093 serpit
3502 5020 3557 5095 (Ι
3589 5019 3719 5074 Tim.

2135 5119 2267 5191 γι).›
2294 5117 2364 5173 Ει
2383 5117 2513 5173 item
2539 5135 2552 5171 :
2583 5116 2779 5183 Erunt,
2811 5117 3009 5188 inquit,
3032 5115 3282 5171 homines
3310 5113 3720 5184 seipsosaman-

2139 5218 2242 5275 tes,
2273 5207 2478 5278 cupidi,
2529 5206 2677 5271 elati,
2726 5206 2990 5277 superbi,
3036 5204 3363 5275 blasphemi,
3411 5203 3725 5276 parentibus

2140 5301 2532 5367 inobedientes,
2558 5301 2780 5372 ingrati,
2826 5299 3061 5365 scelesti,
3110 5301 3227 5356 sine
3275 5298 3583 5365 affectione,
3612 5298 3723 5353 sine

2138 5406 2293 5462 pace,
2317 5390 2718 5456 criminatores,
2744 5389 3163 5454 incontinentes,
3197 5389 3454 5453 immites,
3488 5389 3607 5443 sine
3630 5387 3721 5441 be-

2137 5483 2421 5553 nignitate,
2457 5480 2785 5551 proditores,
2832 5478 3097 5549 protervi,
3134 5478 3352 5545 tumidi,
3393 5476 3721 5548 voluptatum

2139 5581 2411 5628 amatores
2456 5570 2626 5642 magis
2667 5585 2830 5639 quam
2862 5569 2999 5625 Dei:
3028 5569 3292 5625 habentes
3338 5568 3574 5640 speciem
3609 5564 3721 5634 qui-

2141 5665 2264 5723 dem
2312 5663 2556 5737 pietatis,
2593 5662 2848 5718 virtutem
2887 5669 3066 5719 autem
3111 5660 3230 5734 ejus
3271 5660 3719 5729 abneganteswt
