3962 6198
288 319 394 378 825
1181 314 1536 373 COMMENT.
1577 315 1646 372 1N
1679 313 2289 378 ECCLESIASTICUM.
2315 346 2387 358 —
2422 317 2554 374 LIB.
2593 318 2680 376 lll.
3452 317 3565 380 826

285 441 389 495 bos
414 436 596 493 devita
624 433 711 507 (11
735 432 870 489 Tim.
894 431 998 506 tn).
1029 449 1048 484 ι
1077 432 1155 488 De
1179 431 1379 502 quibus
1399 439 1460 486 et
1483 431 1649 490 ludas
1676 431 1877 503 in‘Epi-
1901 439 1954 499 Α
1978 439 2235 503 negantes
2259 430 2530 504 (ludet).
2563 451 2582 484 ι
2611 432 2811 488 Verum
2834 431 3116 505 ‘quoniam
3143 433 3465 489 temerarios
3505 432 3562 491 in

289 530 424 587 stola
455 543 553 584 sua
607 527 720 581 ait:
753 545 771 577 ι
806 523 1252 580 Subintroierunt
1279 525 1423 580 enim
1451 524 1669 593 quidam
1699 523 1876 578 homi—
1978 524 2145 580 verbo
2164 523 2321 592 juxta
2344 523 2504 578 ﬁnem
2526 524 2809 592 praesentis
2831 523 2953 577 libri
2986 522 3214 578 odihiles
3234 539 3352 580 esse
3380 533 3566 582 osten-

289 631 403 685 nes,
437 619 530 690 qui
560 618 692 673 olim
725 615 1026 687 praiscripti
1058 616 1261 670 suntin
1286 615 1551 686 judicium
1581 613 1751 683 impii,
1779 611 1877 666 Dei
1982 615 2082 679 dit,
2109 615 2236 684 quid
2281 615 2348 668 de
2370 613 2718 686 judicejusto
2753 614 2972 682 sentiat,
3003 615 3057 669 in
3105 615 3258 671 initio
3286 618 3566 686 sequentis

288 711 461 766 nostri
490 709 721 780 gratiam
767 706 1154 762 transferentes
1203 707 1258 760 in
1287 706 1580 771 luxuriam,
1610 714 1681 760 et-
1705 703 1880 758 solum
1983 709 2284 765 videamus.

289 800 684 856 dominatorem
734 797 1021 852 Dominum
1075 805 1323 852 nostrum
1374 794 1560 851 Jesum
1603 793 1880 849 Christum

297 937 2428 968 Μ

1507 1098 1803 1178 LIBER
1878 1095 2358 1175 TERTIUS.

1761 1261 2139 1279 ﬂ

811 1354 1042 1414 CAPUT
1074 1351 1369 1410 PRIMUM.
1981 1363 2165 1415 mane,
2191 1365 2291 1405 nec
2315 1349 2592 1406 velociter.
2631 1349 2748 1404 Non
2783 1350 2928 1405 enim
2977 1351 3031 1406 in
3065 1355 3317 1424 praesenti
3364 1357 3566 1415 saeculo

320 1451 594 1523 Sapientia
629 1448 814 1504 laudat
825 1448 1034 1518 judices
1059 1446 1364 1515 judicantes
1395 1442 1642 1513 populum
1667 1457 1842 1495 suum.
1980 1448 2231 1510 quarunt
2268 1440 2618 1511 voluptatem,
2644 1441 2737 1496 sed
2766 1442 2822 1523 in
2867 1450 3108 1513 tempore
3151 1461 3250 1502 suo
3277 1450 3572 1506 manduca-

358 1515 510 1612 (CAr.
535 1540 615 1612 x.)
638 1557 660 1591 σ
685 1515 854 1594 Judex
881 1538 1096 1608 sapiens
1121 1534 1385 1604 judicabit
1411 1531 1665 1604 pepulum
1696 1545 1875 1596 suum,
1979 1530 2134 1595 bunt,
2182 1544 2305 1584 cum
2345 1530 2718 1585 retributionis
2759 1515 2969 1601 iempus
3021 1535 3300 1590 advenerit
3330 1556 3342 1588 :
3376 1557 3394 1588 ι
3426 1537 3568 1594 Bea-

294 1651 311 1683 ι
343 1641 397 1687 et
428 1631 765 1702 principatus
811 1629 1010 1684 sensati
1066 1626 1276 1683 stabilis
1302 1625 1427 1681 erit.
1465 1644 1483 1676 ι
1527 1621 1766 1678 Judicem
1799 1637 1879 1677 sa-
1981 1630 2089 1688 tus,
2113 1623 2305 1692 inquit,
2332 1623 2422 1692 qui
2447 1623 2791 1679 manducabit
2810 1638 3003 1692 panem
3023 1627 3078 1681 in
3108 1643 3273 1698 regno
3299 1630 3392 1684 Dei
3410 1629 3564 1702 (an.

288 1722 518 1783 pientem
551 1721 821 1774 neminem
849 1718 1042 1773 melius
1076 1731 1237 1786 quam
1289 1714 1575 1770 Dominum
1601 1712 1876 1767 Christum
1981 1711 2116 1783 xtv).
2158 1731 2176 1763 ι

298 1812 572 1885 ῳςευιηιις
623 1807 948 1878 intelligere,
997 1807 1089 1876 qui
1137 1812 1325 1858 contra
1370 1804 1654 1857 universos
1694 1801 1876 1854 hostes
1907 1863 1950 1885 ῃ
2058 1821 2075 1854 α
2105 1803 2222 1858 Rex
2248 1803 2509 1874 insipiens
2537 1805 2727 1874 perdet
2756 1806 3010 1876 populum
3065 1825 3240 1865 suum.
3275 1832 3293 1863 ι
3325 1813 3418 1868 me
3464 1817 3566 1873 ιιιξ.

289 1863 538 1970 pupulum
569 1913 726 1952 suum
761 1863 962 1951 tuetur.
995 1895 1072 1949 De
1107 1909 1216 1964 quo
1267 1908 1365 1964 per
1401 1893 1718 1963 prophetam
1745 1889 1877 1944 dici—
1906 1863 1952 1922 Β
1980 1911 2086 1965 que
2121 1911 2232 1958 rex,
2267 1896 2334 1952 de
2355 1863 2474 1966 .quo
2521 1863 2774 1966 superius
2819 1863 3074 1964 diximus,
3103 1863 3570 1971 quipuerﬂestjet

289 2000 411 2046 tur:
441 2009 460 2042 ε
506 2008 526 2041 ι
559 1988 777 2043 Zelatus
806 1995 887 2042 est
925 1987 1185 2042 Dominus
1228 1993 1430 2075 terram
1475 1999 1650 2046 suam,
1678 1991 1734 2037 et
1775 1997 1869 2075 pe-
1978 1985 2131 2055 cujus
2153 1986 2425 2057 principes
2453 2002 2611 2041 mane
2641 1988 2949 2053 comedunt,
2976 1991 3065 2058 qui
3103 1993 3287 2060 perdet
3312 1997 3566 2065 populum

288 2084 458 2154 percit
477 2081 676 2153 populo
703 2095 800 2134 suo
822 2078 982 2151 (Joet.
1011 2077 1107 2150 n);
1139 2097 1158 2128 ›
1182 2074 1336 2147 cujus
1355 2076 1687 2146 principatus
1711 2074 1876 2128 etiam
1978 2095 2159 2144 suum,
2182 2079 2289 2134 hoc
2326 2088 2431 2143 est,
2463 2094 2650 2134 omnes
2681 2079 2784 2135 sibi
2815 2081 3129 2136 obedientes
3157 2082 3211 2137 in
3252 2085 3570 2143 barathrum

287 2173 494 2228 stabilis
517 2173 641 2228 erit.
660 2173 814 2240 Quia,
852 2171 987 2226 Isaia
1010 2177 1260 2232 testante,
1296 2193 1314 2218 ι
1353 2168 1520 2237 ipsius
1545 2166 1879 2236 principatus
1978 2186 2162 2226 secum
2183 2171 2489 2241 prarcipitat
2512 2169 2730 2230 inferni.

288 2279 446 2333 super
473 2263 760 2317 humerum
787 2260 924 2330 ejus,
953 2273 1008 2316 et
1037 2260 1318 2315 vocabitur
1337 2274 1534 2314 nomen
1561 2257 1679 2327 ejus
1709 2257 1881 2311 admi—
2053 2279 2074 2312 ε
2110 2261 2177 2315 Ει
2219 2261 2468 2316 civitates
2495 2261 2943 2317 inhabitabuntur
2989 2277 3088 2332 per
3118 2279 3334 2321 sensum
3379 2277 3573 2337 poten-

288 2352 488 2416 rabilis,
528 2351 892 2415 consiliarius,
935 2349 1076 2406 Deus
1125 2348 1302 2415 fortis,
1360 2355 1516 2418 pater
1559 2347 1725 2402 futuri
1782 2363 1878 2402 sar-
1985 2371 2004 2404 ‹
2039 2354 2192 2407 tium.
2226 2373 2245 2405 ι
2271 2351 2528 2407 Ecclesia
2554 2353 2802 2408 videlicet
2825 2353 3124 2412 Salvatoris
3166 2357 3452 2414 ﬁrmantur
3470 2375 3568 2432 per

285 2443 410 2505 culi,
453 2443 708 2512 princeps
731 2442 900 2511 pacis.
932 2440 1377 2510 Multiplicahitur
1424 2439 1541 2507 ejus
1569 2439 1875 2510 imperium,
1978 2443 2279 2498 doctrinam
2309 2451 2618 2497 sanctorum
2641 2444 3075 2512 praedicatorum.

285 2538 339 2586 et
360 2531 511 2600 pacis
553 2546 660 2584 non
690 2529 796 2584 erit
821 2529 943 2584 ﬁnis
974 2546 986 2582 :
1018 2544 1181 2600 super
1208 2528 1401 2584 solium
1427 2528 1618 2593 David,
1642 2535 1696 2582 et
1719 2542 1880 2596 super
2055 2551 2073 2584 ι
2119 2531 2387 2600 Quoniam
2421 2533 2473 2586 in
2499 2549 2660 2586 manu
2696 2534 2786 2587 Dei
2813 2543 3056 2604 potestas
3076 2545 3253 2592 terrae.
3283 2559 3301 2590 ι
3346 2539 3459 2594 Hoc
3481 2548 3564 2595 est

287 2638 512 2693 regnum
542 2622 661 2693 ejus
701 2622 930 2685 sedebit,
959 2631 1018 2675 ut
1045 2619 1331 2676 conﬁrmet
1360 2619 1490 2674 illud
1519 2627 1575 2674 et
1624 2618 1879 2673 corrobo-
1977 2624 2078 2679 sub
2109 2625 2501 2696 gubernatione
2542 2624 2742 2680 Christi
2781 2633 2953 2680 status
2982 2627 3128 2698 viget
3165 2629 3438 2685 Ecclesiae.
3489 2632 3565 2686 De

289 2723 372 2768 ret
395 2715 449 2767 in
471 2712 678 2784 judicio
711 2721 768 2767 et
800 2711 1258 2780 justitia,-amodo
1285 2719 1340 2766 et
1367 2725 1539 2778 usque
1589 2709 1646 2763 in
1687 2709 1853 2778 sempi

2003 2731 2083 2785 [ua
2113 2725 2257 2772 terra
2308 2715 2582 2785 Propheta
2622 2717 2698 2770 ait
2729 2735 2742 2770 :
2782 2735 2800 2768 ι
2879 2717 3021 2772 Deus
3048 2728 3228 2774 autem
3262 2737 3355 2776 rex
3385 2730 3567 2778 noster

286 2814 496 2858 ternum
523 2822 536 2857 :
561 2803 710 2858 zelus
758 2803 971 2857 Domini
1015 2802 1348 2858 exercituum
1378 2800 1543 2856 faciet
1588 2799 1690 2854 hoc
1717 2798 1875 2869 (Esa.
1983 2824 2002 2856 ‹
2046 2816 2172 2861 ante
2205 2805 2401 2861 sarcula
2451 2815 2706 2875 operatus
2731 2813 2816 2860 est
2865 2807 3092 2862 salutem
3120 2809 3172 2863 in
3204 2811 3377 2865 medio
3408 2819 3567 2866 ιειτεε

287 2897 384 2968 Ix).
425 2917 444 2949 ι
476 2896 612 2951 Huic
641 2895 899 2949 vaticinio
920 2894 1086 2949 etiam
1137 2893 1314 2963 angeli
1348 2894 1516 2948 verba
1551 2892 1607 2946 in
1634 2891 1880 2961 Evange—
1983 2916 2001 2950 ‹
2051 2896 2223 2967 (Ρεαι.
2266 2897 2482 2968 Lxxin).
2519 2918 2538 2950 ι
2582 2897 2685 2954 Ubi
2718 2896 2836 2967 ejus
2885 2899 3132 2955 voluntas
3177 2902 3417 2970 quotidie
3466 2903 3568 2956 im-

285 2990 357 3046 lio
384 2990 454 3045 ad
476 2989 700 3042 Mariam
725 2987 1074 3050 concordant,
1107 2986 1304 3055 quibus
1339 2983 1544 3039 Christi
1589 2981 1878 3052 imperium
1974 2989 2172 3060 ριθιιπ,
2220 2988 2278 3044 In
2308 3005 2414 3060 qua
2440 2997 2494 3044 et
2524 3005 2646 3044 cum
2675 3005 2780 3060 qua
2807 2991 2921 3059 ipse
2947 3006 3004 3044 se
3041 2993 3293 3061 promisit
3318 2980 3569 3063 pel-man-

285 3095 696 3154 Ρθτωδηδυτυῐη
739 3085 966 3134 mimus
988 3085 1092 3141 θεῖν
1124 3077 1349 3132 dicen-93
1377 3094 1396 3126 ί
1431 3074 1590 3129 Dabit
1613 3073 1665 3128 εί
1696 3069 1878 3125 θοωί-
1975 3098 2166 3139 surum
2191 3099 2365 3152 usque
2392 3085 2458 3139 ad
2486 3085 3029 3140 consummationem.
3063 3086 3329 3143 Czeterum
3441 3092 3563 3145 data

286 3193 388 3232 IIIIS
417 3175 603 3231 sedem
637 3171 806 3227 9³*ίά
853 3170 1024 3240 Patris
1059 3168 1210 3273 elusi.
1241 3177 1298 3223 ει
1341 3166 1600 3276 τθεηειιὶξ
1629 3165 1685 3219 in
1717 3165 1876 3276 (ξςωο
1903 3213 1948 3276 C
1984 3192 2004 3226 ι
2049 3182 2134 3230 est
2156 3174 2234 3228 illi
2265 3175 2443 3230 omnis
2467 3183 2706 3244 potestas
2731 3176 2784 3228 in
2815 3176 2956 3230 coelo
2989 3186 3044 3230 et
3078 3177 3130 3231 in
3154 3187 3321 3244 terra,
3376 3189 3430 3234 et
3459 3197 3564 3235 non

283 3266 453 3323 Jacoh
492 3268 547 3320 in
573 3273 857 3327 aeternum,
881 3271 936 3317 et
975 3261 1124 3332 regni
1163 3259 1280 3329 ejus
1307 3276 1415 3315 non
1442 3259 1549 3314 erit
1570 3257 1692 3312 linis
1722 3256 1872 3329 (Luc.
1905 3256 1948 3276 υ
1986 3283 2004 3316 ι
2050 3273 2136 3320 est
2164 3267 2255 3335 qui
2291 3266 2458 3335 possit
2496 3266 2751 3321 resistere
2793 3267 3057 3322 voluntati
3098 3267 3234 3337 ejus.
3343 3269 3568 3340 Oportet

285 3362 346 3433 ι).
385 3379 404 3411 ι
433 3357 598 3427 Cujus
638 3357 890 3412 nimirum
929 3369 1175 3409 normam
1205 3351 1452 3422 discipuli
1488 3350 1608 3420 ejus
1635 3357 1763 3405 sunt
1787 3363 1878 3404 δε·
1979 3355 2124 3411 enim
2166 3371 2289 3410 eum
2332 3372 2561 3428 regnare
2607 3357 2779 3411 donec
2817 3356 3067 3425 subjiciat
3099 3374 3286 3414 omnes
3319 3361 3567 3416 inimicos

285 3451 394 3506 cuti
424 3468 436 3504 :
463 3449 606 3520 quod
631 3461 868 3517 sequens
894 3445 1161 3500 sententia
1191 3443 1405 3514 probat,
1432 3441 1526 3496 ubi
1553 3442 1785 3496 dicitur:
1982 3444 2096 3515 ejus
2138 3448 2239 3502 sub
2267 3447 2496 3518 pedibus
2529 3448 2660 3502 suis.
2719 3448 2796 3502 De
2836 3462 2945 3517 quo
2988 3449 3367 3520 subjungitur:

360 3562 379 3594 ι
419 3541 728 3598 Secundum
759 3537 996 3608 iudicem
1023 3536 1224 3607 populi,
1258 3536 1338 3590 sic
1369 3542 1427 3589 et
1467 3533 1698 3588 ministri
1729 3531 1874 3600 eius;
2056 3555 2074 3589 ι
2117 3538 2184 3593 Ει
2233 3538 2590 3593 exsecrabilis
2635 3538 2815 3592 omnis
2862 3538 3120 3608 iniquitas
3165 3541 3459 3609 gentium.»
3513 3540 3568 3594 ld

291 3654 310 3688 α
340 3643 398 3689 et
424 3632 600 3704 qualis
640 3638 823 3685 rector
846 3637 933 3682 est
973 3626 1235 3691 civitatis,
1266 3625 1400 3680 tales
1431 3631 1488 3679 et
1516 3623 1855 3678 inhabitaute

2004 3636 2081 3694 :st,
2114 3628 2457 3694 damnabilis,
2485 3627 2741 3698 quoniam
2767 3628 2882 3697 ipse
2903 3629 3066 3699 judex
3084 3629 3263 3699 justus
3289 3630 3342 3683 in
3365 3630 3568 3699 judicio

289 3749 309 3783 α
342 3730 394 3783 in
426 3742 510 3782 ea.
545 3747 563 3780 ι
593 3725 798 3781 Civitas
848 3722 992 3777 enim
1038 3719 1244 3775 Christi
1274 3725 1460 3774 sancta
1493 3725 1578 3772 est
1611 3716 1876 3780 Ecclesia.
1979 3735 2077 3776 suo
2120 3720 2345 3775 damnat
2373 3734 2562 3774 omnes
2602 3727 2916 3790 peccatores
2971 3729 3151 3784 terrai,
3193 3727 3247 3774 et
3297 3721 3569 3790 disperdet

285 3833 407 3888 quae
429 3817 548 3887 ejus
575 3815 802 3890 vestigia
854 3813 1050 3872 devoto
1075 3811 1256 3872 cordis
1297 3809 1541 3883 sequitur
1577 3807 1792 3876 affectu,
1823 3814 1879 3865 et
1978 3812 2046 3866 de
2096 3812 2314 3866 civitate
2354 3826 2450 3864 sua
2501 3825 2691 3866 omnes
2729 3811 2822 3884 qui
2860 3818 3159 3885 operantur
3200 3809 3564 3883 iniquitatem.

284 3911 552 3972 bonorum
582 3927 806 3984 operum
854 3911 1098 3965 imitatur
1124 3907 1337 3964 effectu.
1391 3905 1492 3962 Ubi
1538 3913 1594 3960 et
1643 3905 1877 3960 ministri
1975 3903 2148 3962 Aliter
2177 3901 2529 3962 exsecrabilis
2549 3909 2634 3961 est
2664 3906 2842 3960 omnis
2877 3906 3138 3976 iniquitas
3161 3907 3566 3977 gentium,quia

287 4010 426 4080 ejus,
460 4009 561 4062 hoc
583 4015 667 4060 est
693 4011 934 4059 rectores
957 4000 1216 4064 ﬁdelium,
1247 4011 1302 4055 et
1341 3998 1728 4069 praedicatores
1754 4010 1880 4050 san-
1975 4013 2073 4068 per
2099 3997 2538 4066 prmdicationem
2581 3995 2950 4064 apostolorum
3001 3996 3288 4064 reprobata
3314 4004 3398 4050 est
3446 3995 3567 4050 inﬁ-

288 4098 384 4162 cti,
429 4095 603 4166 ipsius
651 4091 925 4147 mandatis
969 4088 1156 4144 sedulo
1182 4089 1620 4156 obtemperantes
1665 4091 1824 4162 erunt

2005 4087 2170 4142 lelitas
2196 4094 2254 4141 et
2280 4101 2435 4140 error
2463 4085 2769 4157 gentilium,
2809 4101 2944 4155 quos
2975 4084 3222 4141 Salvator
3242 4087 3310 4140 ad
3340 4087 3442 4141 hoc
3464 4089 3569 4142 mi-

285 4191 515 4260 aliisque
545 4187 794 4244 similiter
819 4184 998 4239 facere
1043 4183 1314 4237 instanter
1342 4178 1680 4251 praecipiunt.
1711 4174 1878 4244 Cujus
1978 4176 2048 4229 sit
2073 4175 2125 4228 in
2156 4175 2436 4238 mundum,
2466 4181 2527 4227 ut
2556 4181 2902 4228 contumaces
2935 4175 3338 4242 redarguerent,
3363 4174 3566 4231 inscios

285 4278 658 4350 temperantiae
704 4276 924 4332 modum
972 4272 1332 4330 Ecclesiastes
1385 4269 1591 4346 laudat,
1645 4266 1873 4322 dicens:
1978 4268 2256 4331 docerent,
2280 4273 2336 4321 et
2362 4266 2607 4321 inﬁrmos
2628 4273 2902 4320 sanarent.
2929 4263 3082 4320 Unde
3103 4273 3157 4318 et
3179 4265 3452 4334 sequitur:

290 4391 308 4424 ι
343 4372 511 4426 Beata
537 4379 704 4433 terra,
741 4365 896 4436 cujus
922 4372 1007 4420 est
1029 4377 1127 4418 rex
1167 4362 1388 4427 nobilis,
1417 4368 1474 4415 et
1501 4357 1655 4426 cujus
1680 4355 1880 4428 princi-
2054 4377 2073 4410 ι
2119 4359 2186 4412 Ει
2209 4357 2396 4412 utilem
2425 4365 2691 4412 rectorem
2738 4356 2795 4410 in
2820 4363 3035 4426 tempus
3064 4352 3347 4409 suscitabit
3401 4371 3566 4426 super

283 4482 378 4538 pes
401 4470 697 4519 vescuntur
719 4461 775 4515 in
797 4467 1039 4528 tempore
1061 4470 1179 4518 suo,
1206 4455 1272 4509 ad
1298 4452 1749 4516 reﬁciendum,et
1771 4464 1875 4504 non
1983 4465 2002 4499 ι
2048 4447 2214 4509 illam,
2263 4446 2319 4500 in
2367 4460 2533 4500 manu
2585 4443 2682 4499 Dei
2727 4452 2968 4514 potestas
2997 4443 3252 4507 hominis,
3305 4450 3360 4498 et
3401 4459 3565 4514 super

283 4531 349 4612 ad
407 4556 677 4612 luxuriam
726 4551 898 4623 (Eccl.
929 4547 1008 4620 x).
1044 4568 1063 4600 ι
1092 4547 1134 4602 Ε
1163 4547 1435 4601 contrario
1480 4559 1611 4598 vero
1654 4544 1722 4598 de
1773 4541 1878 4597 alio
1903 4587 1955 4647 D
1987 4557 2006 4592 ‹
2048 4538 2242 4594 faciem
2264 4535 2456 4592 scribat
2486 4536 2726 4604 imponet
2748 4535 3008 4589 honorem
3028 4548 3204 4586 suum.
3260 4551 3277 4583 ι
3317 4531 3564 4589 Potestas

707 4643 746 4647 __
869 4643 899 4647 --
927 4643 938 4647 -
1266 4636 1278 4647 ι
1597 4643 1605 4647 -
1861 4642 1871 4647 -
1990 4630 2119 4647 -de.“
2165 4635 2465 4647 .....ι.......Δ
2525 4625 2796 4647 Δ--ι-...-..
2851 4623 3244 4647 Δε-..-..κι.ιέιι..ιι
3285 4623 3377 4647 ΪὶΑΞ
3416 4624 3528 4647 ιιι-,12

285 4665 412 4719 rege
441 4647 572 4703 dicit
602 4661 617 4700 :
651 4663 672 4696 ‹
707 4643 796 4699 Vae
843 4643 964 4707 tibi,
996 4650 1163 4704 terra,
1195 4636 1351 4706 cujus
1394 4650 1488 4690 rex
1529 4643 1614 4691 est
1641 4649 1795 4705 puer,
1824 4642 1879 4690 et
1903 4623 1955 4647 ν
1981 4630 2128 4684 enim
2161 4635 2470 4683 sanctorum
2520 4625 2800 4680 doctorum
2846 4623 3246 4694 dispensatione
3285 4623 3390 4680 Dei.
3413 4624 3561 4677 ordi-

283 4715 438 4806 cujus
477 4736 751 4807 principes
780 4747 938 4788 mane
986 4729 1277 4786 comedunt
1312 4725 1523 4798 (Ibid).
1560 4745 1582 4777 ›
1616 4726 1709 4781 Vae
1746 4740 1877 4797 ergo
1982 4730 2109 4775 nata
2149 4727 2252 4784 est,
2317 4719 2515 4789 quibus
2561 4727 2618 4772 et
2654 4717 3016 4772 ministerium
3069 4715 3292 4771 honoris
3347 4715 3492 4770 dedit
3546 4735 3558 4770 :

284 4841 469 4894 terrai,
496 4825 651 4895 cujus
672 4841 769 4881 rex
799 4831 882 4880 est
933 4820 1197 4885 diabolus,
1230 4833 1443 4887 semper
1482 4831 1743 4871 novarum
1793 4832 1880 4871 re-
1980 4810 2198 4880 quando
2219 4823 2314 4864 eos
2334 4809 2452 4864 vice
2473 4824 2568 4864 sua
2609 4809 2795 4879 generi
2827 4810 3062 4863 humano
3081 4810 3400 4878 praeposuit.
3459 4807 3562 4878 Ipsi

287 4936 404 4974 rum
433 4917 691 4988 cupidus;
717 4915 806 4969 hic
843 4912 1054 4984 judices
1076 4918 1131 4964 et
1153 4908 1428 4979 principes
1455 4921 1550 4961 eos
1575 4907 1754 4970 habet,
1785 4905 1878 4975 qui
1981 4911 2106 4960 sunt
2128 4904 2276 4959 enim
2303 4903 2516 4967 scribae,
2573 4903 2640 4958 de
2669 4903 2866 4972 quibus
2907 4902 3022 4972 ipsa
3049 4902 3264 4957 Veritas
3301 4901 3354 4954 in
3387 4899 3562 4951 Evan-

283 5015 475 5063 atnant
527 5003 686 5073 hujus
729 5001 912 5058 saeculi
940 5000 1265 5070 voluptates,
1296 4997 1388 5067 qui
1429 5003 1722 5066 antequam
1760 4997 1878 5051 dies
1979 4995 2119 5067 gelio
2151 4996 2271 5051 ait:
2302 5014 2322 5046 ι
2367 4993 2572 5048 Similis
2616 5004 2701 5049 est
2746 4994 2950 5049 homini
3004 4991 3402 5063 patrifamilias,
3467 4989 3560 5057 qui

284 5096 481 5152 mortis
524 5093 774 5149 adveniat
796 5092 1018 5148 dicunt:
1057 5109 1076 5142 ι
1106 5089 1488 5144 Manducemus
1513 5096 1570 5142 et
1601 5088 1872 5152 bibamus,
1983 5104 2000 5136 ‹
2045 5083 2253 5155 profert
2297 5085 2365 5139 de
2412 5084 2670 5139 thesauro
2716 5098 2815 5138 suo
2863 5098 3001 5137 nova
3044 5090 3098 5135 et
3122 5089 3303 5136 vetera
3344 5078 3556 5150 (Matth.

285 5204 409 5244 cras
447 5187 592 5242 enim
619 5185 934 5240 moriemur.
972 5201 991 5234 ι
1028 5181 1071 5236 Ε
1097 5187 1284 5235 contra
1310 5179 1467 5234 beata
1499 5185 1641 5234 terra
1686 5176 1875 5234 Eccle-
1980 5194 1999 5228 ι
2045 5174 2157 5248 xv).
2197 5193 2215 5227 ι
2269 5175 2346 5228 De
2395 5188 2503 5243 quo
2541 5181 2600 5227 et
2634 5171 2917 5227 Psalmista
2953 5188 2968 5225 :
3022 5188 3054 5249 ί
3084 5171 3310 5240 Lingua,
3363 5169 3556 5238 inquit,

284 5282 399 5344 sim,
427 5277 582 5345 cujus
605 5292 703 5332 rex
731 5275 982 5330 Christus
1008 5272 1149 5326 ﬁlius
1198 5271 1575 5339 ingenuorum,
1606 5268 1675 5322 de
1700 5267 1876 5322 Abra-
1979 5287 1997 5319 ι
2042 5283 2162 5322 mea
2211 5266 2452 5321 calamus
2497 5266 2689 5320 scriba:
2745 5265 3002 5319 velociter
3043 5263 3327 5317 scribentis
3381 5260 3554 5331 (Psal.

287 5372 436 5434 ham,
483 5379 539 5424 et
587 5368 763 5431 Isaac,
807 5375 862 5421 et
890 5363 1088 5428 Jacoh,
1137 5362 1522 5433 prophetarum
1571 5374 1784 5428 quoque
1818 5367 1876 5413 et
1983 5377 2002 5411 ε
2040 5357 2214 5426 xmv).
2251 5376 2270 5409 ι
2315 5355 2430 5410 Hoc
2471 5365 2578 5421 est,
2615 5355 2870 5426 Mysteria
2923 5353 3100 5407 divina
3149 5353 3248 5405 sub
3292 5350 3558 5405 velamine

283 5461 528 5518 omnium
563 5467 874 5514 sanctorum
896 5457 1063 5525 stirpe
1082 5453 1432 5515 descendens,
1461 5451 1658 5521 quibus
1680 5464 1874 5520 pecca-
1975 5448 2274 5520 prophetia:
2298 5447 2534 5501 breviter
2561 5446 2801 5500 nutantis
2825 5463 2836 5496 :
2867 5443 2990 5512 quia
3019 5443 3126 5496 Lex
3179 5449 3234 5496 et
3276 5441 3559 5511 Propheta!

286 5563 401 5609 tum
450 5551 684 5607 nonfuit
718 5551 1068 5612 dominatum,
1093 5556 1148 5602 et
1196 5547 1264 5601 ob
1313 5544 1365 5600 id
1415 5544 1634 5598 fuerunt
1683 5543 1872 5609 liberi;
1981 5556 2146 5609 usque
2187 5539 2252 5592 ad
2284 5536 2570 5599 Joannem,
2624 5545 2678 5588 et
2717 5535 2839 5588 ﬁnis
2867 5534 2999 5604 legis
3026 5531 3275 5586 Christus
3307 5533 3373 5584 ad
3397 5528 3566 5598 justi~

283 5644 558 5715 principes
579 5658 794 5713 quoque
819 5638 936 5708 ejus
963 5650 1090 5694 sunt
1121 5637 1343 5707 apostoli
1365 5645 1420 5691 et
1458 5650 1648 5691 omnes
1678 5637 1871 5700 sancti,
1978 5631 2108 5684 tiam
2149 5628 2298 5683 omni
2333 5625 2612 5679 credenti:
2649 5643 2667 5675 ι
2712 5624 2832 5694 Ipse
2877 5633 2959 5680 est
3002 5623 3144 5678 enim
3197 5637 3304 5692 pax
3344 5629 3555 5686 nostra,

287 5712 379 5805 qui
410 5712 822 5805 regemhabent
845 5730 1016 5786 tilium
1055 5729 1432 5800 ingenuorum,
1455 5741 1556 5782 nec
1583 5725 1876 5782 comedunt
1984 5739 2002 5772 ε
2048 5722 2142 5790 qui
2180 5720 2308 5775 fecit
2335 5726 2567 5786 utraque
2587 5732 2790 5784 unum;
2834 5732 2935 5773 nec
2954 5716 3098 5774 aliud
3127 5730 3325 5771 nomen
3351 5723 3434 5771 est
3465 5712 3562 5776 da-
