3962 6198
419 292 522 348 8‘37

1054 291 1116 348 Β.
1157 289 1412 348 RABAM
1452 290 1672 350 MAURI
1706 288 2029 349 ARCHIEP.
2069 290 2383 350 HOGUNT‘.
2423 288 2713 349 OPERUI
2747 289 2928 349 Ρλῆε
2965 291 3009 349 1.

3572 297 3693 360 ω

426 424 449 457 ι
493 402 930 463 tnmhontlnibus
966 419 1129 477 super
1154 415 1378 473 terram,
1410 406 1466 461 in
1495 418 1604 476 quo
1625 412 1876 477 oporteat
1897 419 2001 462 nos
2029 407 2081 468 Α
2105 410 2162 460 et
2202 412 2401 460 ωειλ
2440 403 2594 469 vitia,
2639 403 2763 460 ideo
2804 402 3011 461 Paulus
3050 404 3122 465 ad
3166 405 3514 468 Tinctum
3556 412 3705 469 scri-

426 514 449 549 r
493 496 673 552 salvos
701 495 839 551 fieri.
882 513 904 549 ι

2108 497 2245 553 hens
2282 497 2397 552 ait:
2431 514 2451 548 ι
2504 495 2746 567 Prae-cipe
2777 496 3039 552 divitibus
3064 495 3226 566 hujus
3245 498 3428 555 seculi
3466 516 3578 557 non
3600 517 3700 560 sn-

498 606 517 640 r
561 587 751 644 Omnis
788 587 997 659 iniuriae
1033 588 1267 658 proximi
1307 603 1377 644 ne
1408 588 1742 653 memineris,
1778 596 1836 643 et
1869 586 2006 643 nihil
2113 605 2132 642 ι
2176 588 2342 645 blime
2362 602 2755 660 sapereneque
2770 602 2998 658 sperare
3020 588 3079 644 in
3110 589 3320 646 incerto
3340 591 3696 665 divitiarum;

426 698 447 733 ο
490 694 621 750 agas
651 680 706 734 in
732 680 985 750 operibus
1026 679 1253 749 iniurias.
1293 698 1313 732 ι
1356 678 1493 735 Huic
1520 679 1804 734 sententia;
1827 678 2003 735 simile

419 781 503 827 est
528 771 655 826 illud
685 772 826 841 quod
856 772 910 826 in
932 771 1170 826 Levitico
1197 771 1456 840 scriptum
1486 778 1608 826 est:
1649 790 1667 823 ι
1712 769 1827 825 Non
1855 786 2002 841 quae-

425 881 445 915 c
486 878 575 917 ras
595 862 869 925 ultionem,
893 876 993 918 nec
1006 876 1213 918 memor
1226 861 1336 917 eris
1348 861 1556 932 iniuriae
1576 861 1773 919 civium
1788 869 2002 919 tuorum

425 973 444 1005 ι
491 953 675 1026 (Leuit.
720 953 857 1027 χιι).
894 973 914 1006 ι
967 952 1027 1009 Si
1085 954 1499 1009 meminerimus
1535 954 1681 1009 illius
1716 955 2000 1011 sententia:

420 1045 731 1107 Dominicis,
779 1058 899 1113 quae
922 1045 1177 1114 praecepit
1207 1044 1362 1099 nobis
1388 1044 1613 1115 diligere
1636 1044 1885 1100 inimicos
1906 1060 2001 1101 no-

416 1147 581 1201 stros,
631 1144 685 1190 et
718 1134 1037 1191 benefacere
1084 1136 1174 1191 bis
1198 1136 1291 1206 qui
1317 1134 1548 1191 oderunt
1585 1152 1702 1200 nos,
1742 1146 1797 1192 et
1838 1152 1998 1193 orare

414 1240 516 1294 pro
540 1225 987 1294 persequentibus
1031 1234 1086 1280 et
1109 1226 1567 1281 calumniantibus
1595 1227 1774 1290 nobis,
1806 1234 1861 1281 et
1894 1240 1995 1281 au-

416 1316 610 1372 ferenti
650 1315 806 1371 nobis
841 1316 1102 1382 tunicam,
1151 1317 1478 1372 dimittimus
1499 1326 1556 1373 et
1582 1317 1826 1387 pallium,
1868 1333 1995 1388 per-

410 1409 639 1465 cutienti
677 1409 949 1464 maxillam
984 1409 1285 1479 praebemus
1322 1417 1378 1464 et
1409 1409 1657 1475 alteram,
1697 1410 1840 1465 hanc
1869 1426 1994 1466 sen-

414 1500 637 1554 tentiam
684 1500 950 1555 veraciter
996 1480 1369 1570 adimpliemus.
1409 1499 1503 1554 ille
1540 1500 1687 1555 enim
1721 1502 1859 1556 bene
1906 1501 1993 1555 in-

404 1592 605 1662 iuriam
629 1595 859 1664 proximi
886 1610 993 1650 non
1022 1595 1288 1661 meminit,
1312 1594 1403 1665 qui
1431 1594 1773 1649 dilectionem
1801 1602 1993 1650 contra

2111 695 2133 731 ι
2171 679 2268 735 sed
2302 679 2359 734 in
2396 679 2654 735 Deovivo
2697 676 2811 749 (qui
2852 679 3253 749 prastatnobis
3287 681 3477 735 omnia
3518 683 3703 740 abun-

2111 785 2131 820 r
2174 769 2372 825 denter
2420 769 2490 824 ad
2516 767 2831 840 fruendum)
2864 770 3003 826 bene
3032 785 3217 842 agere,
3247 773 3590 831 divitesﬁeri
3636 775 3704 833 in

2108 877 2129 912 r
2173 860 2430 931 operibus
2473 860 2652 926 bonis,
2714 859 2872 914 facile
2929 860 3192 928 tribuere,
3256 864 3697 932 communicare,

2107 966 2128 1001 r
2173 950 2548 1005 thesaurizare
2583 950 2686 1005 sibi
2734 949 3147 1006 fundamentum
3197 953 3400 1008 bonum
3453 954 3510 1009 in
3546 953 3701 1010 lutu-

2100 1059 2125 1092 ι
2170 1056 2313 1108 rum,
2356 1048 2417 1096 ut
2466 1040 2879 1111 apprehendant
2933 1055 3118 1096 veram
3167 1042 3335 1098 vitam
3377 1043 3568 1117 (Ibid.
3592 1045 3637 1118 ).
3669 1064 3691 1098 ι

2098 1130 2235 1185 Nam
2267 1131 2395 1201 quia
2423 1131 2648 1186 avaritia
2678 1139 2762 1186 est
2805 1131 3072 1188 idolorum
3098 1133 3356 1202 servitus,
3411 1138 3506 1206 qui
3539 1136 3696 1192 illam

2097 1231 2361 1288 sectatur,
2384 1230 2728 1292 contemptor
2756 1221 2851 1279 Dei
2875 1238 2999 1279 esse
3028 1226 3315 1295 probatur,
3346 1236 3401 1282 et
3439 1228 3564 1284 ideo
3590 1244 3697 1286 nec

2095 1332 2278 1372 rerum
2301 1318 2550 1372 dominus
2575 1318 2622 1372 is
2642 1316 2747 1373 rite
2772 1317 2889 1372 ﬁeri
2911 1320 3449 1388 posseconvincitur,
3471 1323 3697 1391 quando

2093 1414 2336 1462 extrema
2355 1407 2564 1477 primis,
2589 1415 2646 1462 et
2665 1407 2922 1464 vilissima
2945 1411 3225 1480 anteponit
3250 1412 3692 1481 pretiosissimis.

2091 1498 2347 1553 Animam
2371 1498 2518 1553 enim
2543 1513 2697 1554 suam
2719 1498 2964 1555 venalem
2989 1500 3174 1566 habet,
3219 1509 3276 1556 et
3300 1516 3401 1571 pro
3430 1500 3569 1557 lucri
3592 1517 3697 1557 ac-

2092 1588 2386 1659 quisitione
2413 1588 2469 1643 in
2506 1588 2618 1643 vita
2641 1604 2739 1644 sua
2784 1589 3016 1660 proiecit
3066 1591 3259 1646 intima
3316 1606 3436 1647 sua.
3480 1610 3502 1645 ι
3545 1592 3693 1659 Quid

410 1684 615 1749 odium,
643 1692 697 1738 et
724 1685 1154 1740 benedictionem
1188 1693 1375 1740 contra
1396 1684 1718 1740 calumniam
1743 1685 1991 1755 proximo
2098 1698 2117 1731 ί
2160 1681 2326 1744 enim.
2365 1678 2526 1748 iuxta
2560 1679 2821 1737 Veritatis
2861 1683 3256 1750 testimonium,
3306 1685 3556 1754 proderit
3590 1685 3693 1742 bo—

410 1773 690 1844 impendit.

488 1885 506 1917 ι
544 1866 769 1922 Odibilis
815 1882 1001 1923 coram
1040 1867 1150 1923 Deo
1177 1876 1263 1923 est
1291 1875 1345 1923 et
1369 1868 1681 1924 hominibus
1712 1869 1985 1940 superbia,

415 1976 436 2011 ι
477 1969 532 2014 et
560 1958 907 2015 exsecrabilis
938 1961 1114 2014 omnis
1136 1960 1391 2031 iniquitas
1429 1962 1686 2033 gentium.
1720 1980 1739 2015 ι
1768 1962 1904 2019 Hinc
1935 1962 1987 2016 in

406 2048 713 2105 Proverbiis
761 2051 1021 2119 scriptum
1051 2059 1172 2105 est:
1213 2069 1232 2102 ι
1268 2050 1614 2107 Abominatio
1648 2053 1861 2108 Domini
1905 2061 1989 2110 est

412 2158 431 2191 ι
475 2140 652 2195 omnis
680 2154 962 2211 arrogans,
1012 2150 1067 2195 et
1102 2141 1317 2195 domum
1346 2142 1700 2199 superborum
1732 2141 1990 2198 demolie-

402 2246 440 2280 ο(
487 2238 585 2283 tur
602 2228 862 2284 Dominus
907 2226 1090 2300 (Prov.
1127 2228 1261 2303 xvr).
1302 2250 1322 2281 ι
1384 2229 1522 2286 Hinc
1560 2240 1613 2286 et
1639 2230 1830 2286 Petrus
1861 2232 1936 2285 ait
1969 2249 1982 2284 :

410 2338 432 2372 r
476 2318 739 2390 Superbia
775 2320 918 2376 Deus
947 2321 1170 2385 resistit,
1200 2321 1494 2376 humilibus
1523 2331 1702 2377 autem
1732 2323 1829 2376 dat
1861 2336 1986 2392 gra-

408 2429 428 2463 ς
474 2411 603 2464 tiam
634 2410 686 2482 (1
718 2410 834 2465 Pet.
859 2410 935 2484 v).
981 2429 1000 2463 ι
1047 2410 1183 2465 Hinc
1215 2420 1269 2466 et
1292 2412 1576 2468 Psalmista
1609 2430 1622 2467 :
1655 2432 1673 2464 ι
1720 2414 1985 2485 Populum

410 2518 430 2553 ι
482 2502 680 2571 inquit,
722 2502 981 2557 humilem
1011 2503 1218 2559 salvum
1255 2503 1442 2570 facies,
1499 2512 1553 2559 et
1582 2505 1767 2562 oculos
1797 2521 1985 2576 super-

407 2611 427 2645 r
472 2594 665 2648 borum
693 2593 1005 2649 bumiliabis
1036 2594 1207 2667 (Psal.
1237 2595 1393 2667 xvn).
1434 2617 1452 2648 ι
1487 2596 1555 2650 Et
1584 2598 1711 2652 item
1743 2618 1756 2652 :
1795 2616 1815 2649 r
1851 2597 1982 2653 Odi-

408 2705 429 2741 ι
477 2688 570 2751 sti,
624 2688 868 2752 Domine,
897 2689 988 2759 qui
1038 2698 1333 2760 operantur
1375 2692 1979 2762 iniquitatem;perdes

405 2797 426 2830 ε
469 2792 657 2833 omnes
687 2779 779 2850 qui
808 2779 1101 2850 loquuntur
1127 2782 1463 2837 mendacium
1499 2780 1670 2854 (Psal.
1720 2785 1797 2856 v).
1838 2803 1857 2836 ι

496 2889 515 2923 ε
554 2870 798 2942 Regnum
848 2886 879 2924 a
910 2880 1070 2942 gente
1112 2872 1166 2926 in
1196 2883 1406 2943 gentem
1452 2872 1791 2939 transfertur,
1850 2890 1979 2945 pro-

406 2979 427 3013 r
467 2971 586 3032 pter
613 2961 922 3032 iniustitias,
969 2970 1024 3017 et
1050 2963 1292 3032 injurias,
1324 2972 1377 3018 et
1405 2964 1780 3030 contumelias,
1816 2973 1873 3020 et
1904 2965 1984 3020 rli-

405 3076 424 3108 r
468 3071 655 3113 versos
703 3057 873 3113 dolos.
926 3077 944 3111 ι
992 3058 1162 3128 Huius
1215 3062 1495 3117 sententia:
1523 3063 1807 3117 veritatem
1846 3078 1974 3119 om-

397 3151 547 3207 nium
574 3164 710 3221 pene
739 3151 977 3217 gentium
1004 3160 1191 3206 notant
1214 3152 1470 3218 historiae,
1502 3164 1556 3208 et
1584 3169 1775 3209 causas
1803 3155 1978 3210 diver-

400 3262 585 3304 sorum
635 3249 955 3320 populorum
1027 3244 1337 3299 ostendunt.
1383 3243 1493 3298 Nec
1550 3244 1654 3299 hoc
1723 3246 1974 3316 ignorare

398 3347 594 3410 potest,
643 3340 733 3408 qui
758 3336 1130 3392 Chaldteorum
1155 3344 1209 3390 et
1242 3334 1529 3391 Persarum
1557 3334 1976 3407 Griecorumque

397 3428 771 3501 potentissima
806 3440 970 3496 regna
1022 3424 1282 3479 subversa
1334 3422 1481 3494 legit,
1522 3432 1578 3478 et
1607 3424 1972 3481 Romanorum

348 3543 353 3549 υ
399 3536 622 3593 regnum
652 3519 902 3575 vacillare
932 3517 1215 3588 conspicit,
1276 3531 1375 3571 nec
1410 3516 1605 3571 stabile
1657 3516 1858 3586 aliquid
1919 3518 1973 3572 in

396 3613 599 3669 mundo
621 3626 737 3665 esse
764 3610 1061 3680 perpendit.
1093 3609 1282 3672 Aliter,
1316 3607 1419 3662 hoc
1446 3606 1751 3677 signiﬁcem
1775 3614 1971 3678 potest,

394 3706 537 3778 quod
573 3714 796 3777 propter
834 3703 1305 3775 praevaricationes
1351 3711 1406 3757 et
1437 3702 1735 3757 caecitatem
1774 3702 1974 3772 prioris

396 3796 579 3869 populi
606 3793 924 3850 translatum
949 3802 1032 3850 est
1061 3795 1128 3849 ad
1160 3801 1346 3864 gentes
1372 3792 1719 3864 Evangelium
1743 3792 1966 3848 Christi.

392 3886 547 3955 Quod
573 3895 627 3941 et
648 3887 762 3957 ipsa
786 3885 1002 3941 Veritas
1028 3885 1082 3939 in
1105 3884 1394 3955 Evangelia
1429 3883 1633 3939 eisdem
1660 3882 1860 3940 Iudaeis
1891 3885 1974 3939 in-

390 3978 646 4043 sinuavit,
695 3975 920 4031 dicens:
959 3993 978 4026 ε
1021 3974 1145 4031 Ideo
1176 3975 1451 4030 auferetur
1477 3990 1506 4029 a
1532 3975 1686 4030 vobis
1745 3989 1971 4046 regnum

396 4086 417 4120 α
460 4067 576 4135 Dei,
604 4075 661 4123 et
681 4067 901 4123 dabitur
921 4066 1063 4137 genti
1093 4065 1315 4121 facienti
1349 4064 1560 4121 fructus
1590 4063 1712 4135 eius
1740 4064 1966 4137 (Matth.

392 4173 416 4209 ι
459 4156 596 4231 xxr).
634 4174 655 4210 ι

1000 4243 1228 4301 CAPUT
1266 4243 1329 4299 ll.

886 4336 966 4392 De
1002 4336 1236 4391 avaritiae
1265 4335 1425 4392 malo.

2020 1758 2065 1819 Β
2102 1791 2121 1825 r
2165 1773 2320 1838 mini,
2346 1774 2392 1828 si
2424 1773 2735 1829 universum
2759 1774 3020 1829 mundum
3046 1774 3309 1842 lucretur,
3340 1776 3539 1832 anima:
3557 1790 3697 1833 vero

2096 1882 2117 1916 r
2160 1880 2272 1921 suae
2296 1866 2684 1921 detrimentum
2716 1867 2990 1936 patiatur?
3022 1886 3042 1919 ι

2092 1958 2107 1967 “
2164 1976 2183 2009 ι
2228 1957 2416 2013 Omnis
2438 1965 2753 2027 potentatus
2777 1959 2962 2014 brevis
2989 1958 3126 2014 vita.
3164 1978 3187 2012 ι
3253 1977 3271 2009 ι
3310 1958 3518 2015 Fenum
3567 1960 3695 2031 agri

2094 2068 2113 2102 α
2157 2051 2320 2106 hodie
2362 2060 2474 2117 est,
2528 2062 2586 2106 et
2612 2064 2739 2106 eras
2795 2052 2848 2105 in
2888 2050 3160 2107 clibanum
3214 2052 3491 2107 mittitur:
3541 2051 3698 2108 ﬁlius

2093 2161 2113 2196 ι
2157 2144 2304 2199 enim
2353 2143 2597 2199 hominis
2640 2153 2903 2199 venturus
2938 2154 3029 2200 est
3064 2144 3119 2200 in
3156 2144 3328 2215 gloria
3384 2143 3568 2200 Patris
3599 2145 3695 2200 sui

2092 2251 2112 2287 ε
2155 2249 2279 2290 cum
2320 2234 2528 2305 angelis
2566 2235 2717 2300 suis;
2772 2242 2827 2290 et
2852 2244 2981 2291 tunc
3030 2235 3221 2291 reddet
3263 2235 3560 2305 unicuique
3591 2252 3690 2292 se—

2094 2344 2114 2376 r
2160 2326 2397 2380 cundum
2427 2340 2595 2396 opera
2634 2341 2732 2381 sua
2762 2343 2777 2379 :
2809 2334 2864 2382 et
2890 2326 3047 2383 ibunt
3081 2327 3230 2398 impii
3266 2329 3320 2382 in
3352 2329 3694 2398 supplicium

2091 2434 2112 2469 ε
2153 2426 2439 2482 aeternum,
2461 2415 2594 2485 justi
2620 2418 2803 2472 autem
2834 2416 2888 2472 in
2912 2416 3079 2472 vitam
3113 2425 3399 2474 maternam.
3434 2439 3456 2471 ι

2160 2525 2181 2558 ο
2225 2505 2483 2577 Languor
2506 2506 2773 2576 prolixior
2791 2515 2982 2576 gravat
3011 2508 3298 2573 medicum,
3326 2510 3548 2567 brevem
3572 2511 3693 2566 lau-

2089 2619 2109 2652 σ
2150 2614 2372 2670 gnorem
2400 2599 2651 2669 praecidit
2670 2600 2935 2655 medicus.
2977 2619 2997 2651 ι
3031 2598 3185 2656 Hanc
3210 2602 3691 2671 comparationem

2081 2690 2205 2745 ideo
2246 2690 2392 2755 facit,
2433 2697 2494 2744 ut
2519 2690 2770 2745 ostendat
2803 2689 2946 2759 quod
2974 2691 3221 2746 avaritia:
3249 2693 3442 2761 pestis,
3496 2695 3546 2748 si
3585 2694 3690 2748 diu

2081 2790 2321 2838 merrtem
2348 2782 2670 2854 possederit,
2698 2780 2914 2837 ditlicile
2930 2783 3247 2848 curabitur;
3280 2784 3325 2839 si
3354 2793 3541 2839 autem
3574 2794 3693 2841 sta-

2080 2873 2178 2927 tim
2213 2873 2267 2926 in
2294 2873 2469 2942 prima
2507 2870 2687 2927 fronte
2711 2887 2745 2926 a
2772 2873 2997 2943 spiritus
3018 2875 3233 2928 ratione
3268 2875 3346 2929 illi
3377 2877 3689 2944 resistitur,

2081 2972 2135 3019 et
2153 2978 2251 3035 per
2274 2963 2368 3019 Dei
2393 2965 2646 3020 timorem
2675 2980 2741 3020 ac
2768 2980 3054 3036 prunarum
3082 2975 3287 3022 metum
3313 2969 3365 3037 ei
3394 2970 3687 3041 ingressus

2080 3074 2146 3114 ex
2175 3058 2505 3129 cogitatione
2528 3058 2692 3112 noxia
2730 3058 3054 3122 oeciuditur,
3106 3057 3322 3115 facilius
3340 3061 3461 3130 ejus
3490 3063 3679 3119 virtus

2077 3148 2456 3219 exstinguitur.
2489 3147 2597 3203 Sed
2631 3156 2686 3202 et
2721 3148 2826 3203 hoc
2877 3149 3107 3204 multum
3160 3150 3381 3219 adjuvat
3414 3155 3486 3209 ad
3534 3156 3684 3211 resi-

2077 3235 2324 3294 stendum
2346 3238 2614 3304 avaritiae,
2662 3239 2710 3293 si
2743 3237 2984 3294 brevitas
3037 3244 3375 3298 transeuntis
3417 3245 3567 3309 vitae,
3621 3254 3689 3302 et

2074 3329 2257 3387 futura
2297 3329 2528 3388 defectio
2557 3332 2613 3386 ia
2649 3345 2815 3386 carne
2854 3347 2921 3388 ac
2948 3333 3210 3403 gehenna
3235 3334 3433 3392 horror
3450 3336 3509 3392 in
3556 3340 3689 3392 auis

2075 3438 2164 3477 ma
2211 3431 2715 3488 commemoretur;
2756 3423 2878 3479 ideo
2922 3421 3246 3495 subiungit:
3678 3466 3681 3491 τ

2151 3532 2172 3565 r
2219 3512 2311 3569 Sic
2350 3522 2410 3569 et
2439 3529 2535 3569 rex
2574 3513 2735 3569 hodie
2767 3524 2873 3579 est,
2922 3523 2978 3569 et
3014 3530 3140 3571 cras
3188 3519 3501 3585 morietur;
3546 3537 3679 3576 eum

2080 3623 2098 3655 r
2139 3606 2285 3660 enim
2330 3606 2595 3660 morietur
2646 3605 2833 3668 homo,
2887 3606 3232 3662 lnereditabit
3264 3619 3572 3678 serpentes,
3614 3622 3682 3669 et

2078 3717 2098 3750 ι
2141 3697 2361 3758 bestias.
2387 3707 2443 3752 et
2467 3711 2700 3752 vermes.
2743 3714 2762 3749 ι
2804 3696 3056 3753 Potestas
3087 3698 3361 3754 mundana
3387 3710 3444 3756 et
3465 3701 3676 3759 divitia:

2073 3790 2255 3846 saeculi
2303 3788 2518 3859 longam
2566 3801 2672 3843 non
2736 3796 2963 3857 possunt
3008 3788 3251 3844 tribuere
3293 3791 3486 3856 vitam,
3542 3793 3678 3863 quia

2071 3880 2308 3935 limans
2330 3878 2595 3951 fragilitas
2625 3895 2821 3937 cursus
2847 3882 2933 3937 sui
2966 3882 3256 3938 terminum
3289 3884 3535 3941 transire
3562 3901 3675 3941 non

2068 3977 2265 4040 potest.
2295 3970 2555 4027 Morietur
2572 3973 2756 4038 homo,
2777 3981 2837 4028 et
2857 3974 3035 4043 pulvis
3054 3982 3355 4033 revertetur
3374 3975 3433 4031 in
3462 3986 3677 4033 terram

2070 4074 2258 4125 suam;
2292 4076 2394 4117 nec
2419 4076 2570 4126 caro,
2598 4077 2725 4132 qua
2755 4063 3050 4134 aliquando
3088 4062 3318 4121 ﬂorebat
3354 4063 3675 4135 iuventute,

2069 4151 2336 4206 vermium
2377 4152 2723 4220 putredinem
2754 4153 3022 4223 effugiet;
3064 4149 3159 4212 sed
3196 4165 3310 4210 tota
3349 4158 3677 4227 iucunditas

2070 4238 2190 4308 ejus
2224 4239 2399 4296 fetore
2442 4251 2816 4299 consnmetur.
2861 4243 3089 4315 Mystice
3128 4254 3331 4313 autem,
3376 4248 3548 4305 homo
3574 4250 3673 4319 qui

2067 4332 2306 4399 peccatis
2331 4331 2566 4397 virebat,
2606 4334 2741 4389 sise
2780 4335 2851 4390 ab
2877 4336 2961 4390 eis
2992 4351 3098 4391 non
3125 4338 3383 4400 correxit.
3425 4348 3597 4410 atque
3634 4356 3670 4397 a

470 4450 489 4483 ε
528 4428 706 4484 Avaro
732 4437 908 4484 autem
934 4426 1069 4482 nihil
1105 4435 1190 4482 est
1218 4427 1518 4484 scelestius.
1560 4428 1700 4495 Quid
1725 4429 1967 4498 superbit
1991 4455 2045 4515 D
2071 4420 2283 4477 delictis
2320 4436 2427 4478 non
2448 4423 2773 4491 cobibnerit,
2813 4434 2988 4482 morte
3018 4427 3276 4482 multatur
3316 4437 3551 4495 atterua,
3573 4431 3673 4489 ubi

394 4537 415 4573 ι
461 4530 606 4576 terra
635 4529 690 4574 et
720 4520 901 4575 cinis?
947 4518 1090 4573 Nihil
1119 4528 1202 4574 est
1222 4519 1456 4591 iniquius
1481 4534 1641 4588 quam
1671 4533 1854 4574 amare
1875 4534 1967 4590 pe.

395 4631 415 4665 ‹
457 4613 690 4669 cuniam.
747 4611 843 4666 Hic
883 4612 1028 4666 enim
1072 4620 1126 4666 et
1151 4611 1385 4665 animam
1406 4626 1559 4666 suam
1591 4611 1837 4666 venalem
1871 4615 1969 4667 ha-

394 4721 414 4756 r
458 4705 568 4768 bet,
613 4700 866 4772 quoniam
894 4703 948 4757 in
979 4701 1089 4755 vita
1127 4715 1221 4757 sua
1268 4701 1498 4772 proiecit
1531 4702 1721 4757 intima
1775 4717 1891 4757 sua.
1940 4721 1960 4755 ι

387 4794 680 4864 Postquam
712 4794 777 4848 de
802 4794 952 4864 regni
982 4794 1277 4847 mutatione
1307 4792 1565 4859 narravit,
1594 4800 1718 4863 apte
1749 4794 1816 4849 de
1839 4806 1968 4850 ava-

389 4887 511 4941 ritia
545 4884 839 4953 subiunxit,
885 4885 1009 4955 quia
1044 4893 1266 4955 propter
1291 4886 1571 4940 avaritiam
1602 4887 1687 4942 vis
1721 4888 1853 4942 recti
1884 4903 1964 4945 re-

382 4979 604 5052 girninis
626 4977 859 5032 maxime
896 4975 1202 5047 negligitur.
1253 4975 1388 5030 Dum
1422 4976 1567 5030 enim
1590 4976 1690 5031 sibi
1722 4984 1968 5035 terrenas

388 5086 476 5126 res
524 5086 621 5141 per
647 5068 995 5140 cupiditatem
1024 5066 1161 5122 ultra
1198 5068 1415 5122 modum
1451 5069 1573 5137 quis
1600 5070 1865 5138 vendicat,
1911 5072 1965 5127 in

383 5163 695 5234 superbiam
731 5161 925 5227 elatus,
980 5161 1145 5215 alium
1195 5159 1262 5215 de.
1291 5160 1487 5215 ﬁnibus
1540 5162 1653 5216 suis
1679 5162 1967 5220 invidendo

382 5253 582 5322 ejicere
626 5260 822 5309 certat.
859 5269 877 5303 ι
931 5250 1102 5306 Radix
1138 5251 1285 5304 enim
1318 5251 1562 5305 omnium
1591 5252 1856 5308 malorum
1881 5263 1967 5310 est

389 5361 410 5396 r
453 5345 737 5415 cupiditas,
789 5360 951 5414 quam
979 5342 1195 5415 quidam
1234 5350 1547 5415 appetentes
1583 5353 1905 5401 erraverunt
1932 5361 1964 5401 a

392 5464 413 5498 ς
443 5444 567 5509 lide,
599 5455 651 5499 et
675 5444 1023 5500 inseruerunt
1053 5458 1111 5500 se
1140 5444 1424 5500 doloribus
1457 5444 1640 5499 multis
1669 5454 1723 5500 et
1745 5444 1958 5500 deside-

390 5552 410 5586 ς
445 5537 545 5589 riis
597 5536 761 5591 variis
794 5544 849 5591 et
888 5537 1113 5604 nocivis,
1166 5552 1287 5606 qua-
1343 5546 1589 5608 mergunt
1621 5537 1868 5592 homines
1896 5538 1950 5592 in

386 5618 659 5673 interitum
691 5630 745 5675 et
767 5621 1120 5690 perditionem
1146 5620 1196 5690 (ι
1222 5620 1358 5676 Tim.
1382 5637 1514 5691 vri,»
1539 5631 1591 5677 et
1619 5622 1741 5690 quia
1777 5624 1956 5678 avari-

386 5700 518 5755 tiam
548 5715 767 5774 semper
799 5702 1052 5773 superbia
1084 5705 1400 5772 comitatur,
1442 5703 1605 5761 simul
1635 5713 1689 5761 et
1721 5703 1946 5772 invidia,

2070 4522 2381 4585 serpentem
2421 4516 2726 4586 antiquum,
2768 4526 2828 4572 et
2878 4517 3087 4575 bestias
3130 4519 3454 4587 diabolicae,
3517 4531 3673 4577 atro-

2071 4604 2321 4661 cissimos
2344 4606 2545 4661 sentiet
2590 4622 2651 4662 se
2686 4609 2881 4677 punire
2914 4618 3150 4665 tortores
3178 4627 3193 4675 ;
3230 4625 3335 4666 nec
3358 4612 3476 4681 iam
3508 4628 3669 4682 spem

2070 4695 2232 4752 habet
2272 4697 2562 4765 evasionis,
2613 4714 2737 4755 cum
2771 4700 2919 4755 nulla
2966 4703 3181 4771 requies
3215 4702 3291 4759 illi
3323 4704 3489 4761 datur
3530 4720 3669 4761 con-

2069 4787 2210 4842 tinui
2246 4787 2469 4845 doloris.

2435 4943 2438 4947 .
2674 4898 2902 4955 CAPUT
2948 4898 3032 4954 Ill.

2068 4986 2148 5041 De
2195 4988 2454 5059 superﬂue
2506 4986 2671 5055 male,
2721 4990 2861 5113 quo:
2908 4992 3023 5060 ipsa
3072 4990 3235 5060 fuerat
3284 5000 3594 5060 «postulare
3628 5010 3667 5048 α

2708 5102 2715 5111 .
2854 5077 2934 5113 eo.

2708 5102 2715 5111 .
2802 5077 2934 5114 ueo.

2148 5179 2165 5213 ι
2203 5160 2422 5217 Initium
2477 5163 2743 5231 superbia
2790 5163 3047 5228 hominis,
3094 5172 3408 5234 apustatare
3458 5181 3495 5221 a
3550 5166 3667 5223 Deo

2074 5272 2094 5306 r
2142 5254 2290 5321 facit,
2333 5255 2591 5325 quoniam
2619 5255 2691 5310 ab
2711 5269 2777 5309 eo
2800 5254 2894 5324 qui
2926 5252 3051 5309 fecit
3086 5254 3260 5320 illum,
3299 5256 3536 5311 recessit
3559 5270 3663 5311 eor

2070 5359 2090 5396 r
2130 5342 2265 5412 eius.
2313 5362 2333 5396 ι
2393 5344 2681 5414 Apostasia
2724 5343 2870 5398 enim
2903 5343 3049 5398 nulla
3108 5341 3279 5412 major
3331 5351 3443 5410 est,
3491 5359 3663 5416 quam

2066 5435 2276 5491 aversio
2322 5443 2592 5490 creatura:
2635 5449 2664 5488 a
2713 5442 2960 5489 creatore
3007 5448 3153 5499 suo;
3202 5442 3261 5490 et
3295 5434 3413 5490 haec
3458 5434 3663 5489 merito

2066 5528 2357 5584 ascribitur
2402 5528 2691 5598 superbia,
2744 5528 3002 5597 quoniam
3051 5527 3303 5597 superbia
3354 5534 3463 5591 est,
3508 5525 3661 5595 quod

2063 5620 2338 5675 mediocre
2367 5620 2571 5675 bonum
2620 5618 2923 5675 assimilare
2969 5617 3056 5673 vel
3113 5618 3405 5687 aquuare
3450 5632 3513 5672 se
3539 5615 3661 5670 vult

2039 5722 2277 5772 .surnmo
2302 5709 2465 5767 bene.
2503 5708 2622 5768 Hoc
2649 5708 2752 5766 fuit
2774 5708 2991 5766 initium
3017 5707 3214 5766 diaboli
3240 5721 3423 5775 casus,
3462 5705 3566 5762 hoc
3588 5713 3657 5760 et
