3962 6198
303 312 399 369 851

938 313 999 370 Β.
1045 313 1294 370 RABANI
1331 313 1551 372 MAURl
1590 310 1910 370 ARCHIEP.
1953 308 2263 368 MOGU'NT.
2302 310 2588 370 OPERUM
2624 310 2804 369 PARS
2843 314 2883 369 Ι.

3455 312 3572 374 83E!

299 435 508 497 dilatat,
535 438 741 502 quanto
760 445 854 486 eos
882 433 973 501 qui
999 432 1100 486 sibi
1131 433 1408 488 commissi
1439 439 1566 486 sunt
1601 444 1721 486 esse
1751 429 1881 484 sibi-
1908 430 1955 488 Α
1985 427 2145 483 nullis
2171 429 2635 486 exhortationibus
2664 429 2898 486 ﬂectitur
2925 447 2940 495 ;
2978 430 3043 486 ad
3079 431 3181 487 hoc
3209 439 3387 487 autent
3419 434 3571 504 quod

301 535 413 582 met
437 523 685 592 indignos
705 531 875 591 putat.
907 523 976 576 At
1007 533 1216 589 contra,
1249 538 1371 577 cum
1396 521 1763 590 subjectorum
1786 535 1885 576 cor

300 615 555 686 superbia
577 614 816 682 instigat,
868 613 970 667 hoc
997 628 1338 682 summopere
1377 627 1537 684 agere
1567 611 1780 676 nititur,
1824 619 1883 664 ut

301 723 400 762 sua
423 715 544 762 acta
587 706 936 760 considerare
959 704 1199 759 funditus
1230 705 1527 774 negligant,
1583 712 1639 756 et
1673 717 1885 772 semper

303 798 484 852 tacitis
532 797 949 866 cogitationibus
999 798 1227 850 rectoris
1249 797 1330 850 sui
1353 795 1565 864 judices
1589 795 1736 848 ﬁant.
1782 794 1884 861 Qui

304 891 431 945 dum
462 889 516 942 in
543 888 633 941 illo
663 886 804 956 quod
843 887 1238 957 reprehendere
1287 888 1521 942 debeant
1577 887 1885 956 importune

307 983 618 1051 respiciunt,
652 981 704 1034 in
753 981 1054 1049 semetipsis
1100 981 1242 1050 quod
1292 981 1568 1051 corrigam
1611 994 1885 1048 nunquam

307 1073 508 1127 vident.
554 1071 704 1126 Unde
724 1079 778 1124 et
799 1078 948 1124 tanto
979 1071 1218 1124 atrocius
1254 1079 1503 1141 pereunt,
1532 1078 1738 1140 quanto
1768 1084 1797 1122 a
1827 1082 1885 1123 se

307 1161 488 1216 oculos
519 1167 787 1214 avertunt.
821 1157 956 1224 Quia
990 1159 1041 1211 in
1072 1157 1230 1228 hujus
1255 1159 1378 1213 vitae
1402 1160 1594 1214 itinere
1614 1157 1887 1212 offenden-

309 1260 387 1306 tes
433 1258 705 1315 corruunt,
760 1251 884 1304 dum
910 1249 1033 1304 alibi
1065 1249 1364 1314 intendunt,
1413 1259 1466 1304 et
1496 1250 1711 1318 quidem
1754 1263 1884 1319 pec-

306 1351 520 1398 catores
553 1355 612 1395 se
639 1349 904 1405 asserunt,
939 1355 1037 1394 nec
1067 1351 1246 1395 tamen
1272 1349 1509 1405 tantum,
1557 1349 1619 1394 ut
1652 1349 1760 1394 tam
1792 1356 1885 1394 ηο-

306 1432 411 1487 xize
449 1432 505 1486 in
529 1431 787 1501 regimine
840 1445 1084 1499 personae
1123 1432 1482 1493 traderentur,
1526 1439 1582 1484 et
1607 1430 1733 1485 dum
1769 1430 1886 1500 ejus

306 1521 449 1576 facta
492 1520 810 1590 despiciunt,
870 1520 996 1574 dum
1054 1529 1321 1591 prazcepta
1367 1529 1740 1586 contemnunt,
1819 1521 1885 1575 ad

309 1623 510 1668 tantam
554 1628 725 1682 usque
766 1613 1030 1666 insaniam
1066 1612 1443 1677 devolvuntur,
1493 1623 1555 1667 ut
1593 1612 1762 1666 Deum
1799 1627 1886 1668 res

308 1707 571 1762 humanas
592 1718 782 1759 curare
806 1719 911 1758 non
935 1704 1220 1767 :estimcnt,
1248 1703 1373 1773 quia
1398 1705 1443 1758 ei
1475 1705 1564 1773 qui
1595 1707 1746 1776 quasi
1765 1705 1887 1774 jure

307 1795 738 1865 reprehenditur,
767 1808 889 1848 esse
912 1809 968 1848 se
983 1795 1300 1849 commissos
1315 1794 1526 1860 dolent;
1551 1796 1738 1864 sicque
1760 1797 1884 1849 dum

306 1891 498 1938 contra
553 1891 820 1938 rectorem
873 1883 1209 1952 superbiunt,
1279 1884 1442 1936 etiam
1470 1893 1678 1937 montra
1738 1882 1885 1950 judi-

305 1976 392 2030 cia
431 1975 726 2030 conditoris
777 1975 1161 2028 intumescunt.
1213 1974 1280 2027 Et
1337 1974 1464 2028 dum
1510 1976 1744 2044 pastoris
1803 1965 1886 2030 sui

305 2066 471 2120 vitam
503 2064 815 2133 dijudicant,
861 2065 1032 2135 ipsam
1075 2081 1288 2134 quoque
1337 2068 1658 2136 sapientiam
1707 2071 1886 2123 omnia

307 2156 680 2224 diSponentem
709 2156 1042 2226 impugnant,
1079 2171 1138 2210 se
1166 2165 1344 2211 autem
1366 2151 1593 2213 rectoris
1620 2160 1702 2214 sui
1729 2160 1888 2215 dictis

306 2255 554 2316 proterve
589 2243 876 2313 objiciunt,
925 2255 980 2301 et
1009 2249 1253 2302 eamdem
1287 2250 1437 2304 vocis
1482 2252 1790 2320 superbiam
1818 2251 1885 2306 li-

306 2337 570 2392 bertatem
616 2346 830 2391 vocant.
892 2337 986 2392 Sic
1027 2340 1225 2408 quippe
1262 2339 1426 2395 elatio
1472 2357 1532 2397 se
1584 2344 1735 2412 quasi
1787 2358 1887 2412 pro

305 2427 629 2482 rectitudine
659 2428 927 2482 libertatis
955 2427 1159 2495 objicit,
1195 2431 1335 2484 sicut
1363 2446 1504 2500 serpe
1558 2447 1617 2487 se
1643 2441 1698 2487 et
1728 2434 1888 2488 timor

304 2535 404 2591 pro
441 2519 745 2574 humilitate
791 2521 1064 2589 supponit.
1115 2519 1250 2574 Nam
1301 2522 1441 2575 sicut
1476 2523 1718 2592 plerique
1761 2525 1888 2578 reti-

306 2618 432 2665 cent
466 2624 534 2663 ex
559 2610 773 2675 timore,
803 2617 859 2662 et
892 2617 1071 2664 tamen
1101 2619 1278 2666 tacere
1303 2626 1361 2667 se
1401 2614 1669 2667 aestimant
1693 2629 1758 2668 ex
1789 2615 1888 2668 hu-

305 2698 556 2764 militate,
607 2698 682 2752 ita
735 2699 975 2753 nonnulli
1021 2699 1310 2769 loquuntur
1359 2717 1457 2772 per
1499 2703 1887 2773 impatientiam

304 2788 572 2854 elationis,
623 2797 678 2844 et
704 2798 884 2844 tamen
940 2790 1083 2860 loqui
1109 2807 1166 2845 se
1189 2792 1418 2846 credunt
1462 2809 1558 2863 per
1585 2794 1885 2849 libertatem

308 2881 665 2936 rectitudinis.
713 2881 1015 2950 Aliquando
1049 2893 1228 2937 autem
1258 2885 1454 2940 subditi
1478 2897 1728 2955 proterva
1768 2903 1887 2959 quae

305 2972 548 3027 sentiunt
575 2983 918 3041 nequaquam
945 2973 1210 3042 produnt;
1268 2983 1322 3030 et
1345 2975 1400 3029 hi
1428 2993 1657 3046 quorum
1704 2979 1886 3050 loqua-

305 3062 442 3116 citas
469 3062 554 3116 vix
579 3063 961 3131 compescitur,
1007 3079 1390 3134 nonnunquam
1432 3083 1495 3121 ex
1525 3070 1636 3124 sola
1680 3073 1881 3126 amari-

1985 519 2218 574 latenter
2266 522 2556 588 desiderat,
2608 524 2804 592 quzerit
2865 533 2925 577 ut
2965 524 3382 594 cogatur:quia
3435 526 3572 580 dum

1983 611 2176 665 metuit
2209 627 2275 665 ex
2303 612 2571 667 desiderio
2596 628 2693 667 suo
2723 612 3005 680 vilescere,
3055 622 3205 684 optat
3230 615 3336 668 vim
3366 615 3418 668 in
3449 615 3572 685 ipsa

1986 716 2081 755 sua
2116 700 2388 756 voluntate
2421 702 2676 756 tolerare.
2723 701 2892 771 Igitur
2916 704 3041 772 quia
3071 704 3338 758 humanos
3357 705 3574 760 animos

1985 791 2144 844 aliter
2184 793 2381 846 tentari
2420 807 2485 846 ex
2523 793 2686 847 rebus
2710 789 3036 859 carnalibus,
3102 801 3266 863 atque
3309 794 3466 848 aliter
3502 810 3572 850 ex

1986 881 2316 949 spiritalibus
2349 882 2604 946 diximus,
2630 884 2853 937 audiant
2877 883 2952 937 illi
2993 903 3004 937 :
3039 903 3056 935 ι
3098 884 3290 940 Omnis
3317 901 3448 940 caro
3486 885 3571 939 fe-

1992 989 2011 1020 ‹
2053 987 2201 1035 ιιιιιη,
2234 979 2290 1025 et
2316 972 2484 1042 gloria
2507 971 2624 1040 ejus
2646 973 2789 1026 sicut
2815 971 2913 1028 ﬂos
2936 972 3043 1028 feni
3070 972 3205 1046 (Isa.
3237 975 3347 1046 χι).
3395 995 3411 1026 ι
3460 975 3577 1028 Au-

1985 1060 2138 1115 diant
2176 1063 2264 1116 isti
2317 1063 2460 1132 quod
2505 1063 2823 1132 quihusdam
2867 1073 2990 1133 post
3022 1065 3279 1120 miracula
3321 1067 3570 1121 dicitur:

1991 1170 2010 1203 ‹
2054 1152 2245 1207 Nescio
2265 1169 2361 1208 vos
2395 1155 2535 1208 unde
2564 1155 2702 1210 sitis.
2729 1156 2997 1211 Discedite
3024 1173 3053 1210 a
3085 1173 3188 1220 me,
3215 1173 3403 1212 omnes
3442 1174 3577 1228 ope-

1991 1261 2010 1294 ‹
2057 1243 2184 1296 rat-ii
2226 1243 2522 1311 iniquitatis
2550 1243 2701 1309 (Luc.
2734 1247 2854 1315 xm)
2884 1263 2897 1298 :
2931 1265 2949 1297 ι
2999 1247 3218 1301 audiant
3260 1247 3331 1300 illi
3358 1266 3371 1301 :
3403 1268 3421 1298 ι
3479 1249 3576 1302 Di-

1991 1351 2010 1384 c
2054 1333 2199 1386 vitia:
2227 1333 2272 1387 si
2298 1332 2536 1396 atiluant,
2561 1335 2726 1389 nolite
2753 1351 2847 1390 cor
2874 1351 3145 1405 apponere
3175 1336 3346 1409 (Psal.
3382 1339 3520 1408 ut).
3552 1359 3569 1389 ι

1985 1424 2222 1478 Audiant
2251 1425 2337 1479 isti
2355 1424 2498 1494 quod
2515 1425 2676 1481 fatuae
2702 1429 2958 1498 virgines,
2990 1445 3110 1499 qua:
3132 1431 3316 1484 vacuis
3337 1433 3576 1486 vasculis

1986 1516 2206 1570 veniunt
2232 1517 2540 1571 abinternis
2556 1520 2756 1586 nuptiis
2782 1520 3161 1575 excluduntur.
3186 1520 3419 1576 Rursum
3441 1524 3572 1592 quia

1986 1605 2144 1660 aliter
2172 1608 2364 1661 tentari
2388 1609 2659 1677 praelatos,
2703 1618 2866 1679 atque
2893 1611 3052 1666 aliter
3087 1613 3328 1667 subditos
3357 1614 3573 1682 praefati

1988 1712 2207 1762 sumus;
2239 1699 2462 1753 audiant
2487 1700 2583 1765 illi,
2631 1702 2774 1769 quod
2801 1716 2900 1770 per
2922 1704 3209 1772 quemdam
3261 1705 3568 1774 sapientem

1917 1786 1962 1844 B
1991 1789 2226 1844 dicitur:
2277 1809 2296 1840 ‹
2344 1789 2544 1846 Ducem
2617 1801 2668 1846 te
2713 1794 2996 1860 constitui,
3051 1796 3157 1850 noli
3205 1797 3411 1862 extolli,
3463 1799 3565 1853 sed

1995 1899 2014 1931 ι
2058 1888 2175 1936 esto
2230 1882 2283 1935 in
2315 1883 2420 1938 illis
2464 1886 2616 1953 quasi
2672 1902 2810 1940 unus
2846 1903 2911 1942 ex
2953 1887 3058 1941 illis
3103 1888 3271 1959 (Eccl.
3310 1891 3511 1961 xxx").
3548 1910 3568 1943 ι

1988 1967 2224 2023 Audiant
2252 1971 2362 2035 isti,
2425 1989 2444 2021 ι
2504 1972 2730 2026 Obetlite
2777 1977 3081 2045 praepositis
3112 1979 3309 2032 vestris
3359 1989 3413 2034 et
3442 1983 3574 2034 sub-

1994 2057 2228 2125 cjacete
2277 2061 2377 2114 eis.
2435 2063 2536 2131 Ipsi
2586 2064 2731 2118 enim
2772 2066 3115 2136 pervigilant,
3182 2069 3334 2136 quasi
3410 2072 3574 2124 ratio-

1993 2167 2012 2198 ι
2057 2162 2180 2203 nem
2259 2151 2518 2206 reddituri
2595 2169 2692 2222 pro
2770 2155 3062 2210 animabus
3126 2159 3322 2212 vestris
3403 2159 3569 2230 (Heb.

1994 2255 2013 2289 ι
2055 2239 2200 2311 χιιι).
2252 2259 2271 2293 ι
2321 2243 2558 2298 Audiant
2607 2247 2706 2312 illi,
2757 2262 2878 2302 cum
2929 2249 2996 2303 de
3027 2260 3247 2320 accepta
3301 2261 3574 2322 potestate

1987 2329 2415 2402 gloriantur,hoc
2431 2337 2572 2404 quod
2614 2337 2846 2393 Abrahae
2885 2355 3018 2395 voce
3048 2341 3256 2396 ardenti
3291 2344 3440 2398 diviti
3483 2346 3573 2400 di-

1988 2421 2166 2475 citur:
2211 2441 2230 2473 ι
2266 2421 2553 2489 Memento,
2602 2427 2700 2491 ﬁli,
2733 2429 2857 2496 quia
2905 2431 3151 2499 recepisti
3191 2433 3329 2486 bona
3374 2434 3426 2488 in
3458 2435 3570 2489 vita

1987 2518 2078 2564 tua
2106 2510 2257 2583 (Luc.
2288 2515 2423 2585 XVI).
2463 2533 2479 2565 ι
2510 2514 2748 2571 Audiam
2776 2519 2862 2573 isli
2882 2561 2895 2585 ,
2928 2535 3050 2575 cum
3098 2529 3285 2576 contra
3324 2533 3572 2581 rectores

1986 2616 2113 2656 suos
2142 2603 2193 2656 in
2218 2603 2434 2672 querela
2457 2606 2763 2674 prosiliunt,
2789 2609 2892 2664 hoc
2916 2611 3056 2678 quod
3081 2616 3441 2669 murmuranti
3475 2632 3574 2685 po-

1985 2693 2113 2763 pulo
2155 2693 2323 2766 Moysi
2364 2703 2420 2750 et
2462 2695 2642 2752 Aaron
2686 2699 2907 2754 vocibus
2951 2703 3341 2770 respondetur:
3392 2724 3412 2756 (
3458 2706 3572 2762 Nec

1986 2795 2172 2842 contra
2201 2804 2300 2843 nos
2328 2799 2412 2844 est
2453 2805 2700 2844 murmur
2728 2801 2987 2858 vestrum,
3022 2794 3113 2848 sed
3157 2803 3345 2849 contra
3389 2796 3572 2853 Domi-

1987 2895 2112 2933 num
2141 2897 2152 2933 :
2195 2895 2292 2934 nos
2318 2882 2460 2935 enim
2497 2881 2626 2951 quid
2655 2897 2839 2938 sumus
2863 2884 3058 2956 (Exod.
3089 2886 3245 2951 XVI)?
3282 2907 3299 2939 ι
3331 2888 3571 2944 Audiam

1985 2968 2061 3022 illi
2092 2988 2104 3023 :
2142 2988 2160 3020 ι
2193 2968 2578 3024 Turbahuntur
2605 2971 2660 3025 in
2691 2983 2980 3043 conspectu
3011 2977 3126 3045 ejus
3153 2986 3336 3046 patres
3368 2981 3570 3048 orpha-

1985 3073 2177 3111 norum
2205 3065 2260 3112 et
2280 3057 2493 3127 judices
2520 3061 2806 3117 viduarum
2847 3062 3018 3135 (Psal.
3054 3067 3242 3135 t.xvn).
3284 3088 3302 3119 ι
3333 3070 3572 3126 Audiant

302 3153 486 3209 tudine
515 3154 689 3207 intimi
723 3155 965 3208 rancoris
1009 3131 1389 3212 οδιῃυιθςξευηι
1418 3177 1429 3211 ε
1461 3160 1552 3227 qui
1591 3175 1689 3229 per
1724 3161 1876 3217 doto-
1911 3131 1954 3192 (ἶ
1988 3149 2106 3213 isti,
2149 3150 2293 3218 quod
2321 3160 2506 3205 contra
2539 3155 2930 3210 contumaciam
2961 3157 3298 3214 subditorum
3327 3162 3566 3218 dicitur:

303 3262 418 3301 rem
483 3246 681 3301 mentis
723 3246 1074 3316 procacitatis
1104 3263 1215 3302 sua:
1261 3251 1420 3304 verba
1478 3254 1878 3321 protrahentes,

301 3353 424 3393 cum
449 3337 589 3392 male
617 3339 761 3407 loqui
790 3338 1020 3403 soleant,
1056 3339 1208 3408 pejus
1229 3347 1427 3395 tacent.
1457 3341 1589 3407 Quia
1615 3359 1735 3398 cum
1758 3361 1883 3415 pec-

299 3439 486 3485 cantes
527 3429 728 3501 aliquid
771 3431 837 3484 de
863 3431 1202 3485 correctione
1249 3431 1492 3496 audiunt,
1538 3435 1881 3505 indignantes

298 3522 461 3575 etiam
528 3520 893 3590 responsionis
953 3520 1115 3574 verba
1168 3521 1524 3591 suspendunt.
1587 3522 1720 3578 Cum
1796 3525 1882 3580 bis

296 3612 513 3681 quando
560 3625 748 3681 aspere
795 3611 991 3682 agitur,
1041 3626 1198 3681 saepe
1232 3613 1300 3665 ad
1325 3613 1558 3681 querelae
1605 3629 1765 3670 voces
1816 3616 1880 3670 de

297 3704 401 3758 hac
426 3703 539 3771 ipsa
571 3703 863 3771 asperitate
882 3703 1185 3771 prosiliunt.
1211 3703 1343 3758 Cum
1368 3720 1495 3759 vero
1524 3721 1616 3759 eos
1640 3706 1881 3777 magistri

296 3795 379 3848 sui
421 3795 616 3849 blande
653 3795 1009 3864 praeveniunt,
1058 3797 1124 3851 de
1154 3797 1254 3852 bac
1281 3798 1394 3867 ipsa
1423 3798 1726 3852 humilitate
1767 3814 1875 3868 qua

294 3887 553 3955 prwventi
588 3895 729 3948 sunt,
766 3888 982 3957 gravius
1013 3889 1387 3960 indignantur;
1418 3898 1474 3944 et
1513 3899 1662 3945 tanto
1690 3907 1880 3946 eorum

297 3993 449 4032 mens
470 3978 660 4032 l'ortius
691 3979 1024 4045 accenditur,
1063 3988 1266 4048 quanto
1298 3981 1692 4036 consideratius
1724 3981 1877 4036 inﬁr-

295 4065 432 4119 mari
463 4066 676 4120 dicitur.
708 4065 772 4120 Hi
797 4067 1052 4120 nimirum
1074 4069 1197 4137 quia
1223 4068 1576 4124 humilitatem
1611 4069 1752 4141 (quae
1770 4071 1880 4126 vir-

299 4166 470 4212 tutum
503 4167 676 4213 mater
713 4159 816 4229 est)
864 4159 1132 4223 nesciunt,
1187 4175 1343 4214 usum
1393 4161 1474 4214 sui
1514 4160 1711 4216 laboris
1754 4177 1878 4233 per-

295 4249 697 4316 dunt;etiamsi
758 4249 1030 4318 quaebona
1083 4250 1210 4312 sint,
1257 4265 1378 4319 quae
1405 4251 1619 4320 operari
1657 4253 1877 4309 videan-

295 4351 402 4406 tur,
459 4340 583 4409 quia
606 4340 878 4410 surgentis
919 4339 1137 4394 l‘abricte
1191 4340 1411 4394 robusta
1448 4341 1708 4397 celsitudo
1765 4359 1874 4399 non

296 4429 499 4500 ﬁgitur,
540 4445 658 4500 quae
709 4445 1046 4500 nequaquam
1093 4445 1190 4499 per
1219 4430 1555 4486 fundamenti
1601 4431 1874 4488 fortitudi-

294 4539 415 4578 nem
449 4522 502 4575 in
526 4530 675 4591 petra
704 4523 993 4587 solidatur;
1028 4522 1124 4577 soli
1147 4538 1275 4594 ergo
1298 4525 1466 4578 ruinae
1491 4525 1709 4590 crescit,
1731 4525 1874 4593 quod

294 4610 585 4676 aediﬁcant,
631 4612 721 4680 qui
751 4620 874 4668 ante
906 4614 1096 4668 molem
1128 4612 1366 4680 fabricae,
1397 4615 1716 4670 humilitatis
1753 4615 1870 4670 fun-

299 4704 549 4758 damenta
593 4716 696 4755 non
730 4712 1038 4769 procurant.
1079 4701 1225 4768 Quos
1249 4704 1386 4758 bene
1413 4705 1483 4759 ab
1509 4705 1714 4760 intimis
1741 4721 1871 4774 pro-

292 4792 489 4857 dimus,
521 4791 566 4845 si
597 4790 780 4858 paucis
798 4789 850 4843 in
878 4791 1234 4847 exterioribus
1255 4793 1620 4848 ostendamus.
1651 4794 1872 4849 Cunctis

293 4892 525 4949 namque
564 4879 813 4948 superbia
851 4881 993 4950 apud
1039 4896 1097 4935 se
1143 4882 1466 4952 cogitatione
1518 4883 1868 4949 tumentibus,

290 4969 433 5025 inest
479 4969 686 5026 clamor
735 4972 788 5026 in
829 4972 1117 5039 locutione,
1173 4975 1481 5030 amaritudo
1529 4975 1583 5030 in
1631 4976 1868 5040 silentio,

288 5064 571 5120 dissolutio
599 5066 653 5120 itt
682 5067 980 5132 hilaritate,
1008 5066 1160 5122 furor
1189 5070 1242 5122 in
1267 5069 1508 5134 tristitia,
1552 5071 1870 5139 improbitas

288 5155 341 5208 in
367 5157 600 5223 actione,
632 5157 942 5213 inhonestas
969 5159 1021 5212 in
1043 5159 1297 5229 imagine,
1319 5161 1523 5216 erectio
1552 5161 1607 5215 in
1631 5161 1866 5227 incessu,

289 5261 482 5301 rancor
504 5248 558 5302 in
594 5251 970 5319 responsione;
1006 5252 1196 5304 horum
1223 5265 1374 5306 mens
1421 5267 1636 5323 semper
1672 5261 1757 5308 est
1801 5250 1870 5308 ad

289 5339 608 5409 irrogandas
663 5344 1017 5400 contumelias
1069 5344 1266 5411 valida,
1320 5346 1386 5399 ad
1431 5345 1738 5402 tolerandas
1785 5348 1866 5402 in-

266 5423 464 5498 ‘ﬁrtna,
526 5435 594 5487 ad
633 5435 989 5491 obediendum
1020 5438 1190 5508 pigra,
1253 5439 1321 5492 ad
1362 5438 1704 5493 lacessendos
1736 5455 1866 5495 vero

286 5521 417 5576 alios
460 5518 786 5595 importuna,
833 5530 899 5583 ad
923 5547 984 5585 ea
1011 5547 1130 5600 qua:
1160 5531 1337 5586 facere
1386 5540 1440 5587 et
1463 5532 1622 5588 debet
1651 5540 1705 5588 et
1729 5549 1866 5602 prte—

287 5612 428 5666 valet
467 5616 677 5686 ignava,
711 5621 778 5674 ad
803 5635 866 5675 ea
897 5630 1074 5676 autem
1101 5639 1219 5692 quae
1251 5622 1431 5679 facere
1454 5640 1553 5679 nec
1582 5625 1740 5680 debet
1766 5642 1865 5682 nec

288 5705 541 5772 prtevalet
570 5717 778 5777 parata.
813 5708 938 5766 Haec
971 5711 1022 5765 in
1052 5727 1119 5769 eo
1143 5715 1284 5784 quod
1309 5722 1500 5784 sponte
1525 5730 1631 5772 non
1659 5716 1862 5786 appetit

1988 3259 2005 3290 ι
2043 3239 2145 3306 Qui
2169 3241 2372 3296 resistit
2395 3244 2668 3312 potestati,
2694 3244 2787 3298 Dei
2811 3247 3138 3302 ordinationi
3163 3252 3370 3305 resistit
3392 3253 3563 3324 (Rom.

1981 3331 2123 3403 xm).
2165 3351 2183 3382 ι
2214 3332 2451 3386 Audiant
2476 3334 2637 3388 simul
2666 3351 2888 3392 omnes:
2928 3357 2945 3389 ι
2983 3337 3124 3395 Βεῖιε
3159 3343 3410 3411 superbis
3436 3347 3569 3399 resi-

1983 3421 2094 3485 stit,
2112 3420 2406 3476 humilibus
2428 3433 2609 3478 autem
2633 3425 2724 3478 dat
2743 3428 2971 3493 gratiam
2997 3427 3138 3500 (Jac.
3166 3431 3260 3502 tv).
3288 3453 3305 3484 »
3332 3432 3569 3509 {audiant

1981 3529 2206 3569 omnes:
2254 3534 2272 3565 ι
2314 3515 2628 3573 immundus
2655 3529 2740 3574 est
2768 3523 2906 3590 apud
2939 3524 3102 3578 Deum
3141 3528 3317 3582 omnis
3346 3532 3440 3599 qui
3475 3548 3570 3586 cx-

1983 3608 2115 3662 altat
2139 3625 2232 3664 cor
2265 3610 2408 3681 (Job.
2435 3613 2547 3684 xv).
2589 3634 2607 3666 ι
2645 3614 2879 3670 Audiam
2899 3632 3124 3673 omnes:
3160 3639 3176 3671 ι
3209 3620 3347 3687 Quid
3381 3639 3569 3692 super-

1981 3700 2060 3754 bit
2094 3701 2232 3756 cinis
2260 3711 2316 3758 et
2338 3711 2479 3758 terra
2509 3705 2679 3776 (Eccl.
2706 3708 2800 3777 x)?
2827 3729 2844 3760 ι
2881 3709 3077 3763 Contra
3103 3711 3262 3780 hujus
3286 3713 3569 3785 languoris

1980 3798 2206 3859 pestem,
2239 3793 2519 3849 audiamus
2546 3797 2747 3862 cuncti,
2780 3798 2922 3866 quod
2948 3801 3208 3868 magistra
3233 3801 3449 3859 Veritas
3473 3807 3569 3861 do-

1980 3887 2086 3942 cet,
2116 3880 2335 3936 dicens:
2375 3901 2394 3934 ι
2431 3884 2630 3939 Discite
2673 3901 2703 3940 a
2750 3902 2864 3952 me,
2899 3889 3022 3956 quia
3055 3890 3200 3944 mitis
3230 3908 3348 3946 sum
3385 3905 3442 3948 et
3468 3897 3568 3950 hu-

1979 3969 2124 4024 milis
2151 3974 2314 4026 corde
2336 3971 2552 4042 (Matth.
2579 3975 2677 4044 XI).
2717 3996 2736 4028 ι
2765 3977 2846 4031 Ad
2871 3979 2972 4033 hoc
2995 3995 3229 4049 namque
3255 3983 3569 4053 unigenitus

1979 4056 2074 4112 Dei
2105 4058 2273 4114 Filitts
2303 4059 2531 4116 fortnam
2573 4063 2904 4120 inﬁrmitatis
2942 4077 3142 4122 nostra:
3181 4072 3458 4141 suscepit;
3499 4075 3568 4128 ad

1979 4148 2082 4203 hoc
2107 4149 2390 4205 invisibilis
2418 4167 2525 4206 non
2555 4153 2726 4207 solum
2753 4156 2999 4220 visibilis,
3030 4158 3122 4211 sed
3161 4159 3325 4213 etiam
3371 4162 3568 4233 despe-

1979 4247 2099 4294 ctus
2127 4241 2412 4310 apparuit;
2452 4242 2520 4295 ad
2551 4243 2655 4298 hoc
2679 4247 3128 4301 contumeliarum
3159 4247 3416 4317 ludibria,
3441 4253 3570 4309 irri-

1978 4329 2188 4384 sionum
2218 4331 2527 4400 opprobria,
2549 4334 2862 4403 passionum
2899 4345 3163 4390 tormenta
3193 4338 3476 4405 toleravit,
3508 4355 3569 4397 ut

1978 4419 2269 4488 superbum
2295 4436 2401 4475 non
2437 4437 2556 4477 esse
2585 4423 2857 4479 hominem
2883 4426 3104 4482 doceret
3133 4429 3353 4485 humilis
3378 4431 3562 4496 Deus;

1979 4520 2178 4580 quanta
2201 4527 2332 4581 ergo
2360 4514 2682 4572 humilitatis
2707 4518 2880 4572 virtus
2905 4527 3006 4583 est,
3037 4531 3257 4590 propter
3283 4539 3445 4592 quam
3483 4542 3569 4580 so-

1979 4602 2084 4658 lam
2112 4606 2376 4660 veraciter
2419 4607 2746 4662 edocendam
2785 4611 2864 4673 is,
2909 4612 3000 4678 qui
3048 4613 3164 4666 sine
3201 4616 3566 4671 aestimatione

1977 4710 2204 4766 magnus
2237 4705 2338 4761 est,
2366 4713 2536 4767 usque
2572 4699 2636 4753 ad
2675 4701 2981 4769 passionem
3008 4701 3183 4759 factus
3211 4715 3298 4759 est
3324 4713 3560 4775 parvus!

1977 4785 2113 4852 Quia
2147 4787 2292 4841 enim
2336 4788 2600 4858 originem
2641 4791 2958 4860 perditionis
2993 4803 3190 4849 nostra:
3229 4812 3290 4851 se
3332 4801 3566 4868 praibuit

1976 4878 2226 4948 superbia
2259 4880 2479 4945 diaboli,
2507 4881 2926 4940 instrumentum
2948 4887 3334 4954 redemptionis
3361 4899 3566 4947 nostra:

1973 4969 2188 5025 iuventa
2211 4980 2298 5027 est
2321 4973 2600 5028 humilitas
2627 4975 2741 5030 Dei.
2771 4976 2950 5032 llostis
2975 4978 3171 5047 quippe
3197 4990 3385 5035 noster
3416 4983 3566 5040 inter

1973 5059 2153 5113 omnia
2189 5060 2468 5125 conditus,
2511 5062 2681 5116 videri
2725 5079 2886 5133 supra
2927 5065 3107 5118 omnia
3148 5066 3320 5122 voluit
3357 5068 3559 5127 elatus.

1975 5149 2301 5218 Redemptor
2321 5160 2501 5206 autem
2531 5161 2717 5207 noster
2737 5170 2962 5224 magnus
2993 5171 3216 5210 manens
3246 5173 3411 5227 supra
3439 5177 3560 5216 om-

1974 5239 2086 5302 nia,
2115 5237 2230 5292 ﬁeri
2257 5239 2399 5293 inter
2425 5241 2606 5295 omnia
2636 5242 2888 5312 dignatus
2923 5252 3006 5298 est
3031 5259 3248 5312 parvus.
3295 5245 3403 5302 Sed
3445 5266 3560 5305 me-

1972 5327 2076 5381 lius
2118 5337 2174 5382 et
2213 5328 2460 5384 elationis
2498 5346 2714 5385 causam
2759 5333 3080 5400 delegimus,
3110 5343 3165 5386 et
3202 5333 3556 5393 fundamenta

1973 5419 2292 5474 humilitatis
2316 5421 2610 5488 aperimus,
2640 5423 2683 5474 si
2713 5421 2862 5476 brevi
2891 5426 3406 5482 commemoratione
3429 5443 3550 5496 per-

1971 5513 2287 5582 stringimus
2326 5512 2456 5581 quid
2503 5513 2694 5567 mortis
2732 5523 2944 5578 auctor,
2994 5515 3124 5583 quid
3149 5516 3555 5574 vitatconditor

1969 5604 2132 5659 dicat.
2159 5604 2249 5658 llle
2272 5619 2502 5674 namque
2520 5605 2624 5658 ait:
2658 5624 2676 5655 ι
2700 5605 2754 5658 ln
2778 5606 2972 5660 coelum
2996 5608 3389 5682 conscendam(
3409 5610 3535 5665 Isa.

1984 5704 2117 5770 xlv)
2166 5715 2180 5754 :
2247 5708 2268 5744 ι
2354 5694 2454 5750 iste
2490 5705 2669 5749 autem
2697 5710 2796 5765 per
2824 5695 3146 5768 Prophetam
3178 5698 3348 5755 dicit:
3389 5721 3406 5754 ι
3441 5701 3549 5758 Re-
