3962 6198
284 319 386 376 837

1176 317 1534 376 COMMENT.
1572 317 1642 374 1N
1678 315 2288 376 ECCLESIASTICUM.
2329 349 2395 361 ——
2429 318 2556 374 LIB.
2597 319 2684 375 ΠΙ.

3455 323 3560 381 8ζὸ

280 435 581 498 habendos,
631 431 724 501 qui
770 438 897 487 sunt
937 431 992 486 in
1038 431 1279 490 civitate.
1311 452 1328 483 ι
1359 432 1486 488 Plus
1523 432 1668 490 enim
1691 439 1872 501 potest
1899 434 1948 494 Α
1976 431 2174 489 tiarum
2201 430 2474 503 opulentia
2503 445 2564 487 se
2585 433 2791 502 jactat:
2826 431 2893 486 de
2924 447 3030 502 quo
3068 442 3395 492 memoratus
3420 435 3565 508 Apa-

279 529 460 597 aliqua
485 525 834 580 tribulatione
860 524 1072 579 afﬂictis
1101 535 1360 596 praestare
1389 525 1677 595 sapientia,
1707 539 1872 595 quam

277 617 535 688 quaelibet
569 617 807 670 maxima
847 624 1106 685 potestas.
1153 613 1315 671 Juxta
1363 616 1674 684 allegoriam
1716 631 1869 679 vero,

278 722 472 763 servus
511 705 949 770 ecclesiasticus,
979 705 1072 774 qui
1117 706 1308 760 devota
1338 714 1517 760 mente
1555 705 1870 774 religionem

279 806 464 854 servat
493 796 860 854 Christianam
879 836 894 859 ,
926 795 1255 866 przeponitur
1289 795 1559 851 nobilibus
1585 811 1872 868 synagoga:

281 890 440 955 filiis,
485 887 781 944 secundum
824 886 953 942 illud
994 887 1139 956 quod
1181 887 1440 957 scriptum
1479 895 1600 941 est:
1645 905 1666 938 ι
1702 886 1869 955 Major

278 983 483 1038 serviet
503 981 700 1036 minori
729 977 881 1049 (Gen.
911 979 1038 1050 xxv)
1075 998 1094 1029 ι
1123 987 1208 1042 et,
1243 997 1260 1029 ι
1296 978 1464 1034 Jacob
1500 977 1697 1044 dilexi,
1726 979 1869 1034 Esau

279 1083 464 1130 autem
495 1073 620 1127 odio
645 1072 808 1126 habui
837 1069 993 1141 (Hal.
1026 1087 1076 1134 ις
1108 1070 1259 1125 Rom.
1283 1069 1384 1142 ix).
1418 1091 1437 1124 ι

357 1183 376 1216 ι
413 1165 512 1220 Vir
553 1163 793 1233 prudens
841 1171 896 1217 et
938 1161 1313 1232 disciplinatus
1356 1178 1463 1216 non
1511 1163 1872 1218 murmurabit

282 1277 300 1307 ι
340 1264 662 1324 correptus,
702 1263 757 1308 et
785 1255 987 1310 inscius
1016 1271 1123 1309 non
1153 1255 1522 1310 honorabitur.
1571 1274 1592 1308 ι
1630 1255 1769 1310 Huic
1799 1256 1873 1310 si-

280 1347 409 1400 mile
437 1356 520 1400 est
550 1345 711 1409 illud,
739 1341 882 1415 quod
916 1345 969 1399 in
1006 1343 1313 1400 Proverbiis
1357 1344 1589 1414 legitur:
1639 1365 1658 1397 ‹
1693 1345 1873 1416 Argue

279 1441 604 1508 sapientem,
633 1447 692 1495 et
717 1438 904 1509 diliget
927 1445 1000 1492 te.
1032 1437 1256 1507 Corripe
1298 1437 1552 1500 stultum,
1590 1445 1644 1492 et
1671 1438 1795 1493 odio
1821 1446 1873 1490 te

281 1532 503 1604 habebit
540 1530 723 1603 (Prov.
762 1530 860 1602 ix).
899 1550 918 1582 ι
961 1529 1062 1597 Qui
1109 1545 1238 1599 ergo
1285 1528 1469 1597 abjicit
1511 1529 1866 1598 disciplinam,

279 1623 510 1692 despicit
533 1622 768 1677 animam
800 1637 992 1686 suam;
1033 1621 1124 1690 qui
1150 1627 1331 1675 autem
1369 1620 1667 1689 acquiescit
1699 1621 1873 1673 incre-

279 1715 617 1784 pationibus,
660 1727 944 1782 possessor
986 1721 1071 1768 est
1117 1711 1335 1776 cordis;
1384 1718 1440 1765 et
1487 1709 1650 1764 alibi:
1697 1729 1716 1760 ‹
1766 1709 1869 1776 Qui

1971 524 2142 579 stolus
2169 525 2235 578 ad
2275 523 2596 594 discipulum
2626 525 2872 579 scribens
2903 525 3014 577 ait:
3053 543 3072 574 ι
3113 524 3354 594 Ρικιυοίρθ
3389 527 3564 586 diviti-

1972 612 2074 668 bus
2098 612 2258 682 hujus
2285 615 2468 669 saiculi
2495 631 2600 668 non
2633 615 2863 685 superbe
2892 629 3102 684 sapere,
3135 630 3311 685 neque
3339 629 3563 687 Sperare

1973 703 2028 758 in
2057 704 2264 759 incerto
2293 705 2598 760 divitiarum
2631 705 2682 778 (1
2713 705 2847 759 Tim.
2881 705 2977 775 vi).
3022 725 3040 756 ι

2050 814 2068 846 ι
2106 795 2207 863 Qui
2237 805 2416 852 autem
2448 797 2708 868 gloriatur
2735 798 2788 850 in
2820 807 3138 866 paupertate
3181 813 3309 862 sua,
3359 808 3563 868 quanto

1977 889 2202 964 «magis
2230 888 2281 941 in
2303 889 2650 944 substantia?
2693 909 2710 940 ι
2759 888 2852 942 Ille
2887 905 3016 958 ergo
3049 889 3138 957 qui
3172 889 3224 942 in
3258 889 3563 946 tribulatio-

1973 979 2132 1032 nibus
2157 979 2370 1050 gaudet,
2397 979 2449 1032 in
2472 980 2909 1044 necessitatibus,
2939 979 2991 1032 in
3015 979 3280 1051 angustiis
3301 997 3442 1034 nunc
3464 996 3564 1050 pro

1972 1065 2210 1132 Christo,
2240 1078 2442 1138 quanto
2475 1071 2646 1140 magis
2673 1068 2954 1138 gaudebit,
2995 1071 3214 1138 quando
3254 1073 3567 1140 pervenerit

1975 1156 2043 1208 ad
2075 1157 2483 1212 retributionem
2512 1159 2771 1223 futuram,
2799 1167 2854 1213 et
2881 1159 2948 1213 ad
2986 1161 3200 1214 divitias
3227 1178 3406 1228 veras,
3443 1179 3566 1232 qua:

1973 1246 2160 1302 electis
2189 1247 2281 1301 Dei
2318 1257 2602 1302 servantur
2627 1249 2678 1303 in
2709 1263 2876 1318 regno
2906 1249 3111 1304 caelesti
3139 1254 3152 1306 t

2051 1353 2070 1385 ί
2107 1334 2208 1402 Qui
2238 1343 2418 1388 autem
2446 1337 2710 1406 gloriatur
2745 1336 2797 1390 in
2830 1337 3130 1392 substantia
3149 1380 3163 1403 ,
3191 1349 3565 1410 paupertatem

1971 1434 2244 1478 vereatur.
2288 1444 2305 1474 ι
2350 1423 2463 1479 Hoc
2492 1434 2604 1489 est,
2652 1424 2740 1478 ille
2783 1426 2873 1494 qui
2911 1434 3078 1483 totam
3121 1427 3373 1481 fiduciam
3413 1445 3568 1483 suam

1972 1514 2124 1582 ponit
2149 1515 2202 1566 in
2237 1522 2576 1568 terrenarum
2605 1532 2784 1568 rerum
2808 1517 3158 1582 abundantia,
3187 1528 3565 1587 paupertatem

1975 1603 2211 1658 futuram
2238 1614 2508 1670 vereatur,
2540 1617 2910 1674 memoretque
2952 1622 3165 1676 semper
3212 1608 3356 1662 illam
3396 1624 3564 1664 evan-

1974 1693 2201 1761 gelicam
2228 1693 2543 1762 parabolam
2577 1695 2640 1747 de
2673 1695 2834 1748 divite
2862 1705 3193 1766 purpurato,
3232 1707 3288 1750 et
3327 1713 3568 1769 paupere

281 1804 532 1874 ignorat,
565 1802 900 1873 ignorabitur
927 1800 972 1872 (t
1007 1797 1130 1855 Cor.
1175 1799 1287 1872 xiv)
1316 1817 1329 1854 :
1368 1818 1388 1851 ι
1429 1799 1543 1855 Hoc
1569 1807 1654 1855 est
1691 1799 1868 1869 despi-
1900 1787 1944 1846 Β
1974 1784 2199 1847 Lazaro,
2217 1787 2488 1855 quomodo
2511 1785 2598 1840 ille
2619 1786 2685 1841 de
2712 1789 2880 1855 gloria
2907 1788 3185 1858 temporali
3216 1789 3269 1843 iu
3297 1797 3567 1846 tormenta

277 1895 474 1957 cietur,
503 1908 611 1948 non
641 1893 828 1962 utique
867 1891 1238 1946 honorabitur.

360 2006 378 2038 ι
414 1985 532 2040 Noli
576 1993 628 2040 te
671 1983 931 2038 extollere
958 1983 1010 2036 in
1039 1981 1285 2037 faciendo
1311 1995 1474 2051 opere
1515 1989 1641 2046 tuo,
1673 1991 1728 2036 et
1765 1981 1873 2040 noli

285 2097 302 2128 ι
342 2074 584 2130 cunctari
619 2076 670 2128 in
705 2083 946 2142 tempore
981 2073 1264 2142 angustiae.
1308 2092 1325 2122 ι
1369 2071 1627 2127 Prohibet
1656 2088 1725 2127 ne
1752 2073 1874 2142 quis

277 2179 380 2235 pro
410 2164 549 2217 bona
593 2163 907 2231 operatione
934 2178 1030 2216 sua
1062 2177 1119 2216 se
1144 2162 1387 2232 jactitet,
1419 2163 1546 2230 quia
1575 2164 1751 2217 omnis
1785 2178 1874 2218 ar-

279 2253 527 2324 mgantia
559 2251 891 2307 abominatio
913 2262 997 2307 est
1027 2252 1166 2322 apud
1209 2253 1377 2306 Deum
1405 2270 1418 2318 ;
1461 2261 1516 2307 et
1560 2269 1627 2308 ne
1659 2254 1781 2322 quis
1819 2255 1873 2308 in

288 2343 710 2397 adversitatibus
735 2359 764 2397 a
795 2344 937 2398 bono
980 2358 1144 2412 opere
1171 2350 1382 2408 cesset,
1427 2343 1552 2413 quia
1596 2343 1876 2400 tribulatio

278 2433 598 2504 patientiam
621 2441 914 2504 operatur;
952 2433 1213 2502 patientia
1250 2442 1432 2488 autem
1459 2434 1869 2504 probationem;

278 2523 531 2593 probatio
557 2537 688 2576 vero
717 2537 903 2592 spem:
935 2537 1058 2592 spes
1084 2532 1262 2577 autem
1295 2539 1397 2577 non
1431 2523 1730 2579 confundit.

411 2611 604 2668 Melior
630 2612 827 2682 estqui
858 2620 1115 2681 aperatur
1139 2620 1195 2667 et
1233 2612 1472 2668 abundat
1510 2614 1562 2668 in
1587 2615 1870 2680 omnibus,

282 2721 304 2756 ι
340 2719 504 2774 quam
531 2704 620 2774 qui
652 2703 913 2774 gloriatur
949 2713 1003 2758 et
1041 2711 1163 2776 eget
1186 2718 1344 2774 pane.
1381 2723 1399 2755 ι
1439 2703 1626 2759 Melius
1653 2712 1737 2759 est
1763 2705 1872 2760 sei-

277 2797 407 2853 licet
435 2807 494 2851 ut
518 2798 746 2867 quisque
772 2796 958 2851 diebus
979 2796 1104 2851 vita:
1130 2812 1240 2850 suae
1267 2795 1482 2850 studeat
1505 2797 1556 2850 in
1587 2797 1726 2850 bona
1747 2811 1874 2866 ope—

282 2889 493 2943 ratione
528 2887 804 2952 laborare,
838 2886 978 2941 unde
1011 2895 1157 2941 certa
1201 2885 1273 2940 illi
1325 2893 1496 2942 restat
1537 2901 1746 2941 merces
1793 2901 1875 2940 re—

279 2979 698 3045 munerationis,
746 2993 904 3048 quam
952 2986 1011 3032 ut
1055 2977 1106 3030 in
1143 2977 1383 3031 vanitate
1429 2977 1544 3033 dies
1575 2992 1702 3031 suos
1742 2992 1875 3032 con-

281 3081 480 3133 sumat,
514 3077 571 3124 et
595 3085 790 3140 expers
833 3069 928 3122 tiat
963 3083 1102 3138 pane
1143 3069 1232 3122 illo
1260 3068 1349 3136 qui
1380 3069 1447 3123 de
1473 3069 1613 3124 coelo
1643 3069 1841 3123 descen
1907 3122 1947 3146 η

281 3162 358 3215 dit
385 3178 398 3225 ;
435 3177 595 3230 quem
627 3161 717 3229 qui
751 3160 1177 3223 manducaverit,
1211 3175 1315 3213 non
1347 3159 1608 3214 morietur
1638 3160 1689 3214 in
1715 3169 1872 3215 teter-

279 3267 431 3306 num.
464 3251 662 3306 Beatus
690 3259 772 3306 est
801 3251 942 3304 enim
977 3250 1066 3320 qui
1096 3250 1384 3305 manducat
1409 3266 1601 3321 panem
1630 3251 1682 3306 in
1707 3267 1872 3323 regno

284 3344 379 3400 Dei
390 3385 403 3396 .

358 3455 376 3486 ι
416 3434 541 3500 Fili,
564 3433 618 3488 in
641 3434 1054 3489 mansuetudine
1084 3449 1240 3488 serva
1267 3434 1503 3487 animam
1535 3442 1702 3496 tuam,
1725 3442 1779 3488 et
1805 3435 1870 3488 da

286 3547 303 3578 ι
336 3527 409 3580 illi
440 3528 700 3581 honorem
733 3526 1028 3582 secundum
1059 3527 1311 3581 meritum
1348 3541 1526 3581 suum.
1573 3544 1590 3576 ι
1635 3525 1689 3579 In
1720 3541 1873 3579 man-

281 3619 572 3673 suetudine
596 3619 829 3672 animam
857 3628 1060 3683 servat,
1087 3618 1177 3688 qui
1201 3634 1296 3687 per
1320 3616 1681 3672 humilitatem
1708 3632 1872 3686 opera

278 3720 500 3766 exercet
531 3711 787 3780 pietatis;
828 3718 881 3764 et
913 3711 1006 3765 dat
1046 3710 1120 3764 illi
1149 3711 1410 3764 honorem
1438 3709 1732 3763 secundum
1763 3724 1874 3764 me-

280 3799 446 3854 ritum
478 3815 656 3866 suum,
689 3799 780 3870 qui
821 3815 879 3855 se
921 3815 1015 3870 spe
1048 3799 1240 3854 futura:
1269 3800 1533 3856 mercedis
1560 3817 1658 3871 pro
1694 3801 1873 3855 studio

280 3890 592 3946 consolatur
613 3890 742 3961 justi
776 3891 1011 3946 laboris:
1045 3890 1172 3961 quia
1195 3887 1352 3958 juxta
1383 3891 1706 3962 Prophetam
1731 3891 1873 3948 Deus

283 3983 471 4048 reddet
515 3982 741 4054 singulis
785 3983 1078 4038 secundum
1120 3993 1282 4052 opera
1312 3997 1409 4036 sua
1441 3979 1625 4054 (I’sal.
1656 3981 1798 4052 LXI).
1833 3982 1874 4036 E

278 4075 554 4130 contrario
600 4089 730 4130 vero
771 4075 898 4144 quid
946 4075 1012 4130 de
1056 4073 1437 4145 peccatoribus
1480 4073 1870 4146 subjungatur,

280 4168 570 4223 audiamus
597 4182 612 4221 :

356 4277 374 4310 ι
413 4258 739 4316 Peccantem
785 4261 836 4314 in
873 4260 1110 4314 animam
1159 4275 1313 4315 suam
1355 4260 1476 4329 quis
1512 4257 1875 4327 justificabit?

287 4367 309 4402 ι
325 4358 382 4404 et
402 4349 525 4418 quis
546 4348 922 4412 honorificabit
943 4350 1370 4406 exhonorantem
1391 4349 1626 4402 animam
1651 4348 1868 4403 suam?»

277 4439 598 4496 Exhonorat
627 4436 863 4496 animam
891 4457 1066 4505 suam,
1095 4441 1185 4510 qui
1213 4440 1448 4510 peccatis
1477 4439 1620 4493 illam
1652 4439 1868 4510 polluit;

277 4541 334 4587 ct
355 4534 480 4603 quis
507 4534 730 4603 justiti-ae
771 4533 847 4586 illi
899 4533 1086 4588 tribuit
1114 4533 1406 4597 meritum,
1457 4546 1616 4601 quem
1659 4540 1873 4586 constat

277 4639 391 4678 suae
417 4623 608 4678 salutis
635 4623 836 4679 habere
859 4622 1212 4693 neglectum?
1250 4641 1269 4674 ι
1305 4621 1508 4678 Omnes
1541 4621 1686 4677 enim
1713 4636 1872 4690 opor-

279 4725 357 4772 tet
378 4731 478 4771 nos
503 4725 648 4771 stare
675 4725 802 4771 ante
842 4716 1080 4771 tribunal
1127 4715 1352 4782 Christi,
1384 4722 1447 4769 ut
1472 4712 1676 4769 referat
1705 4729 1872 4768 unus-

275 4809 509 4878 quisque
535 4809 750 4878 propria
771 4809 1016 4879 corporis
1059 4810 1162 4873 sui,
1203 4817 1362 4878 prout
1395 4807 1591 4876 gessit,
1634 4807 1748 4862 sive
1773 4807 1872 4862 bo-

281 4913 434 4962 num,
464 4898 578 4953 sive
600 4898 799 4952 malum
827 4897 914 4971 (Il
942 4897 1065 4952 Cor.
1091 4897 1166 4971 v).
1206 4918 1225 4950 ι

354 5009 376 5044 ε
428 4989 642 5062 Pauper
682 4992 948 5064 gloriatur
992 5007 1089 5061 per
1131 4990 1466 5062 disciplinam
1515 4998 1570 5046 et
1619 4990 1869 5046 timorem

286 5102 306 5136 ι
340 5100 534 5140 suum:
576 5094 631 5142 et
656 5097 740 5142 est
767 5088 928 5142 homo
953 5087 1044 5157 qui
1087 5085 1472 5140 honoriﬁcatur
1501 5092 1722 5154 propter
1745 5084 1872 5137 sub-

285 5197 304 5230 ε
337 5181 594 5235 stantiam
644 5197 821 5236 suam.
872 5201 891 5233 ›
937 5179 1232 5252 Pauperem
1284 5179 1375 5234 hic
1419 5177 1676 5232 humilem
1707 5176 1873 5231 debes

280 5270 584 5342 intelligere
610 5274 703 5342 qui
749 5272 804 5326 in
847 5273 1038 5327 timore
1079 5271 1288 5327 Domini
1330 5278 1384 5323 et
1429 5269 1481 5322 in
1524 5267 1870 5322 observantia

280 5375 425 5416 verte
449 5362 724 5431 religionis
751 5371 918 5417 totam
955 5363 1180 5432 gloriam
1223 5375 1375 5416 suam
1417 5358 1626 5413 statuit.
1661 5357 1735 5411 De
1765 5372 1873 5427 quo

281 5468 378 5523 per
406 5452 630 5508 Paulum
662 5456 891 5511 dicitur:
928 5473 946 5506 ε
973 5455 1073 5521 Qui
1107 5454 1388 5525 gloriatur,
1419 5452 1472 5504 in
1510 5449 1737 5504 Domino
1757 5449 1873 5519 glo-

282 5545 473 5599 rietur.
521 5545 640 5600 Non
681 5548 823 5601 enim
851 5546 942 5615 qui
980 5546 1214 5615 seipsum
1246 5541 1592 5599 commendat
1629 5539 1717 5594 ille
1746 5553 1872 5608 pro-

283 5635 441 5691 batus
467 5644 569 5699 est,
597 5637 689 5691 sed
716 5653 874 5705 quem
904 5637 1046 5690 Deus
1073 5634 1435 5697 commendat,
1463 5631 1575 5699 ipse
1606 5629 1870 5698 probatus

281 5737 380 5784 est.
419 5748 438 5781 ι
470 5728 568 5784 Est
595 5739 773 5785 autem
802 5730 938 5784 alius
962 5728 1055 5798 qui
1077 5727 1306 5797 superba
1328 5723 1629 5782 intentione
1656 5721 1711 5776 in
1731 5719 1875 5777 divid

1971 1875 2249 1946 projectus
2279 1886 2361 1930 cst
2385 1886 2610 1940 (eterna,
2629 1876 2729 1931 iste
2755 1887 2933 1932 autem
2957 1880 3021 1933 de
3045 1879 3260 1934 miseria
3285 1883 3569 1952 pnesentis

1973 1966 2100 2022 vita)
2139 1967 2206 2021 ad
2248 1969 2441 2038 gaudia
2485 1970 2802 2023 conscendit
2852 1971 3200 2040 sempiterna.
3250 1973 3326 2027 De
3365 1990 3472 2044 quo
3513 1984 3568 2030 et

1973 2076 2072 2130 per
2099 2060 2360 2114 Iacobum
2405 2061 2633 2116 dicitur:
2679 2081 2696 2112 ι
2738 2061 3010 2116 Glorietnr
3041 2073 3220 2118 autem
3261 2064 3433 2120 frater
3469 2068 3569 2120 hu-

1975 2149 2117 2204 milis
2143 2166 2196 2203 tu
2228 2149 2556 2204 exultatione
2583 2166 2707 2214 sua,
2743 2152 2892 2205 dives
2934 2161 3113 2206 autem
3162 2154 3214 2206 in
3263 2155 3566 2211 humilitate

1975 2257 2069 2295 sua
2109 2240 2249 2313 (Jac.
2281 2240 2354 2300 ti:
2393 2261 2409 2292 ι
2446 2242 2570 2311 quia
2602 2243 2776 2296 omnis
2799 2243 2888 2312 qui
2915 2244 3142 2298 adversa
3173 2243 3446 2300 humiliter
3468 2265 3566 2318 pro

1975 2330 2206 2384 Domino
2235 2330 2443 2397 suffert,
2476 2331 2779 2385 sublimiter
2807 2333 2874 2386 ab
2903 2332 2991 2387 illo
3018 2334 3166 2403 regni
3195 2337 3417 2404 pratu'iia
3445 2351 3568 2406 per-

1975 2420 2156 2489 cipiet.
2210 2420 2253 2474 E
2295 2421 2570 2475 contrario
2617 2431 2796 2476 autem
2831 2423 2980 2478 dives
3030 2423 3082 2477 in
3125 2424 3425 2481 humilitate
3468 2442 3564 2481 sna

1976 2513 2261 2582 glorietur:
2293 2514 2436 2583 quod
2466 2529 2562 2583 per
2589 2514 2815 2568 ironiam
2843 2515 3059 2581 dicitur,
3096 2518 3312 2586 quando
3337 2518 3562 2590 gloriam

1975 2620 2152 2669 suam,
2185 2621 2287 2674 qua
2319 2607 2384 2660 de
2416 2607 2619 2660 divitiis
2648 2607 2994 2676 snperbiebat
3020 2617 3074 2664 et
3101 2624 3364 2680 pauperes
3391 2612 3568 2681 despi-

1976 2697 2174 2762 ciebat,
2204 2705 2295 2750 aut
2321 2698 2484 2752 etiam
2507 2699 2866 2768 opprimebat,
2896 2710 3154 2771 perpetua
3176 2717 3332 2772 pmna
3357 2702 3566 2757 finitam

1977 2805 2096 2845 esse
2127 2790 2488 2859 conspexerit.

2591 2880 2818 2937 CAPUT
2853 2881 2948 2938 Π.

1976 2975 2254 3031 Laudatur
2277 2978 2503 3039 sauiens,
2527 2979 2650 3048 quia
2674 2977 2992 3054 excitabitur
3013 2989 3059 3033 et
3087 2981 3138 3035 in
3163 2981 3331 3036 medio
3355 2999 3568 3054 magna-

2591 3057 2700 3101 tum
2727 3050 2919 3103 sedebit

2053 3177 2072 3210 ε
2109 3159 2260 3232 (Car.
2292 3160 2394 3234 x1.)
2425 3159 2699 3231 Sapientia
2724 3163 2991 3218 lmmiliati
3017 3165 3276 3221 exaltabit
3302 3175 3462 3236 caput.
3487 3165 3569 3237 ip-

1978 3268 1999 3302 ‹
2045 3248 2180 3314 sius,
2207 3258 2262 3304 et
2290 3250 2341 3304 in
2371 3251 2548 3306 medio
2577 3261 2952 3322 magnatorum
2986 3256 3278 3310 consedere
3308 3255 3452 3309 illum
3486 3255 3564 3309 fa-

1979 3359 2000 3394 c
2039 3342 2167 3398 ciet.
2193 3361 2210 3394 ι
2244 3340 2520 3411 Sapientia
2539 3343 2807 3396 humiliati
2835 3353 2918 3398 est
2943 3345 3073 3399 ﬁdes
3095 3344 3450 3416 Christi,qu:e
3464 3361 3563 3416 per

1975 3435 2318 3491 dilectionem
2344 3443 2618 3506 operatur.
2660 3433 2785 3490 llaec
2811 3451 2914 3490 non
2945 3435 3338 3506 philosophiam
3371 3437 3565 3491 huma-

1973 3545 2121 3594 nam,
2157 3545 2257 3586 ncc
2286 3529 2604 3601 jactantiam
2638 3544 2833 3584 vanam
2871 3530 3029 3600 hujus
3065 3530 3249 3584 mundi
3282 3538 3560 3598 sectatur;

1974 3623 2067 3676 sed
2091 3623 2556 3676 mansuetudinem
2579 3630 2632 3676 et
2658 3622 2977 3676 modestiam
3005 3636 3218 3692 semper
3236 3621 3318 3676 sui
3349 3621 3556 3676 domini

1975 3714 2241 3779 imitatur,
2264 3715 2355 3784 qui
2383 3715 2549 3781 dixit:
2581 3733 2597 3764 ι
2620 3714 2820 3768 Discite
2841 3729 2871 3767 a
2896 3729 3002 3778 me,
3029 3713 3152 3783 quia
3177 3713 3326 3768 mitis
3349 3728 3489 3776 sum,
3508 3721 3564 3766 et

1974 3803 2192 3858 humilis
2221 3804 2383 3858 corde
2422 3803 2636 3873 (Matth.
2669 3802 2768 3873 xi).
2809 3823 2827 3854 ι
2871 3801 3020 3858 Unde
3053 3803 3143 3857 fiet
3167 3803 3312 3872 quod
3337 3803 3560 3873 subjun-

1975 3892 2140 3963 gitnr,
2177 3911 2195 3942 ‹
2234 3903 2288 3946 et
2333 3892 2616 3946 invenietis
2655 3893 2895 3961 requiem
2941 3892 3224 3946 animabus
3268 3893 3484 3946 vestris.
3537 3912 3555 3944 ι

1973 3983 2326 4038 Possessores
2350 3981 2494 4036 enim
2527 3996 2653 4035 suos
2683 3981 2735 4033 in
2767 3980 2944 4034 medio
2969 3988 3345 4050 magnatorum
3370 3993 3560 4033 consc-

1976 4076 2102 4132 dcre
2127 4075 2308 4140 faciet,
2334 4074 2548 4144 quando
2572 4089 2665 4128 eos
2690 4088 2810 4126 cum
2834 4069 3160 4140 patriarchis
3183 4078 3237 4124 et
3260 4070 3561 4141 prophetis,

1975 4183 2098 4223 cum
2131 4166 2392 4236 apostolis
2415 4174 2469 4221 et
2499 4164 2831 4234 martyribus
2859 4170 2913 4217 et
2942 4161 3154 4217 catteris
3179 4161 3383 4216 sanctis
3411 4159 3564 4230 regni

1976 4261 2213 4316 cmlestis
2243 4261 2444 4314 tribuet
2473 4272 2593 4313 esse
2623 4256 2932 4326 participes.

2054 4371 2071 4404 ‹
2116 4351 2232 4406 Non
2263 4350 2454 4404 laudes
2477 4349 2653 4402 virum
2687 4347 2737 4402 in
2761 4347 2941 4418 specie
2973 4361 3088 4410 sua,
3128 4359 3303 4415 neque
3333 4360 3563 4424 spernas

1982 4461 2000 4494 ‹
2041 4441 2315 4496 hominem
2333 4440 2385 4494 in
2409 4439 2527 4492 visu
2553 4453 2668 4491 suo.
2687 4435 2874 4491 Brevis
2901 4436 2954 4490 in
2983 4434 3290 4490 volatilibus
3313 4443 3396 4490 est
3418 4434 3559 4505 apis,

1983 4553 2002 4586 ‹
2047 4541 2103 4588 et
2151 4532 2366 4588 initium
2413 4528 2648 4585 dulcoris
2687 4529 2852 4583 habet
2886 4527 3095 4583 fructus
3149 4527 3315 4582 illius.
3353 4546 3371 4580 ι
3419 4526 3556 4582 Pro-

1978 4625 2128 4680 hibet
2161 4639 2228 4678 ne
2271 4622 2393 4693 quis
2417 4621 2571 4692 juxta
2615 4620 2850 4691 speciem
2881 4621 3127 4690 corporis
3169 4620 3400 4674 aestimet
3422 4636 3560 4689 qua-

1977 4717 2186 4772 litatem
2225 4716 2424 4770 mentis
2459 4733 2472 4769 :
2506 4714 2632 4784 quia
2665 4714 2805 4768 sicut
2830 4713 2999 4768 divisa
3033 4720 3116 4766 est
3143 4720 3339 4766 natura
3368 4713 3562 4766 animae

1979 4817 2033 4864 et
2079 4807 2355 4878 corporis,
2412 4807 2484 4860 ita
2531 4814 2586 4860 et
2631 4805 2866 4875 dignitas
2918 4818 3106 4856 eorum
3164 4811 3246 4856 est
3297 4801 3510 4856 diversa
3541 4841 3556 4865 ,

1979 4914 2078 4954 nec
2128 4911 2470 4966 consequens
2521 4903 2606 4951 est
2657 4903 2715 4949 ut
2779 4893 3137 4963 quantitatem
3199 4898 3421 4944 staturae
3478 4904 3564 4942 se-

1978 5001 2175 5063 quatur
2213 4990 2405 5045 modus
2446 4988 2742 5059 sapientiae.
2777 4986 2929 5041 Unde
2963 4993 3016 5040 et
3057 4985 3109 5037 in
3138 4981 3389 5051 [Regum
3417 5019 3432 5043 ,
3467 4979 3560 5032 ubi

1981 5081 2287 5136 Samuelcm
2335 5079 2595 5134 Dominus
2633 5077 2810 5137 misit,
2845 5084 2908 5129 ut
2935 5090 3098 5128 unum
3153 5073 3221 5125 de
3274 5070 3398 5123 filiis
3452 5067 3557 5122 lsai

1978 5179 2204 5243 angeret
2248 5172 2302 5224 in
2353 5185 2534 5238 regem
2578 5183 2741 5237 super
2778 5165 2962 5228 Israel,
3012 5179 3132 5218 cum
3173 5158 3563 5231 primogenitus

1977 5262 2094 5331 ejus
2128 5263 2280 5317 Eliab
2324 5262 2662 5315 introductus
2701 5267 2845 5313 esset
2885 5273 3067 5310 coram
3104 5255 3394 5324 propheta,
3425 5253 3566 5307 dixit

1979 5355 2238 5409 Dominus
2269 5351 2334 5406 ad
2364 5368 2485 5406 eum
2513 5371 2526 5405 :
2558 5370 2577 5402 ι
2612 5350 2687 5406 Ne
2713 5349 2970 5420 respicias
2995 5345 3198 5400 vultum
3221 5343 3357 5413 ejus,
3385 5357 3565 5414 neque

1976 5446 2313 5501 altitudinem
2347 5451 2570 5498 staturae
2613 5441 2749 5509 ejus,
2783 5440 3037 5510 quoniam
3075 5436 3245 5506 abjcci
3278 5450 3426 5495 eum.
3457 5449 3562 5489 nec

1967 5536 2122 5607 juxta
2159 5533 2411 5588 intuitum
2455 5531 2688 5585 hominis
2727 5529 2910 5600 judico
2942 5526 2993 5599 (I
3027 5526 3155 5595 Reg.
3189 5523 3324 5596 xvi).
3347 5523 3567 5578 »Ηυυιο

1976 5627 2119 5681 enim
2143 5624 2289 5678 videt
2311 5637 2373 5676 ea
2397 5635 2520 5692 quae
2540 5628 2802 5690 apparent
2828 5638 2842 5674 :
2878 5619 3136 5674 Dominus
3166 5627 3343 5672 autem
3377 5615 3558 5671 intue-

1974 5726 2064 5773 tur
2087 5731 2215 5783 cor;
2255 5726 2314 5771 et
2341 5715 2481 5772 bene
2513 5712 2722 5784 species
2756 5712 2872 5784 apis
2907 5711 3048 5768 inter
3092 5719 3290 5768 cetera
3322 5705 3564 5766 volatilia
