  <div class='ocr_page' id='page_1' title='image "/cluster/home/n/w/nwhite01/storage/ocr_20150623/111/hvd.32044054759766/423.png"; bbox 0 0 1981 3099; ppageno 0'>
   <div class='ocr_carea' id='block_1_1' title="bbox 157 163 1791 201">
    <p class='ocr_par' dir='ltr' id='par_1_1' title="bbox 157 163 1791 201">
     <span class='ocr_line' id='line_1_1' title="bbox 157 163 1791 201; baseline 0.004 -11"><span class='ocrx_word' id='word_1_1' title='bbox 157 163 208 192; x_wconf 74' lang='lat'><strong>839</strong></span> <span class='ocrx_word' id='word_1_2' title='bbox 480 163 510 190; x_wconf 90' lang='grc' dir='ltr'><strong>Β.</strong></span> <span class='ocrx_word' id='word_1_3' title='bbox 531 163 659 191; x_wconf 81' lang='lat' dir='ltr'><strong>RABANI</strong></span> <span class='ocrx_word' id='word_1_4' title='bbox 676 163 786 191; x_wconf 81' lang='lat' dir='ltr'><strong>MAURI</strong></span> <span class='ocrx_word' id='word_1_5' title='bbox 806 163 964 191; x_wconf 79' lang='lat' dir='ltr'><strong>ARCHIEP.</strong></span> <span class='ocrx_word' id='word_1_6' title='bbox 997 165 1150 195; x_wconf 84' lang='lat' dir='ltr'><strong>MOGUNT.</strong></span> <span class='ocrx_word' id='word_1_7' title='bbox 1167 166 1308 201; x_wconf 74' lang='lat' dir='ltr'><strong>OPERUM</strong></span> <span class='ocrx_word' id='word_1_8' title='bbox 1322 166 1410 196; x_wconf 76' lang='lat' dir='ltr'><strong>PARS</strong></span> <span class='ocrx_word' id='word_1_9' title='bbox 1428 167 1451 195; x_wconf 74' lang='grc' dir='ltr'><strong>Ι.</strong></span> <span class='ocrx_word' id='word_1_10' title='bbox 1734 164 1791 192; x_wconf 60' lang='grc'><strong>8⁵0</strong></span> 
     </span>
    </p>
   </div>
   <div class='ocr_carea' id='block_1_2' title="bbox 156 219 946 256">
    <p class='ocr_par' dir='ltr' id='par_1_2' title="bbox 156 219 946 256">
     <span class='ocr_line' id='line_1_2' title="bbox 156 219 946 256; baseline -0.003 -7"><span class='ocrx_word' id='word_1_11' title='bbox 156 221 189 249; x_wconf 84' lang='lat' dir='ltr'><strong>ad</strong></span> <span class='ocrx_word' id='word_1_12' title='bbox 202 219 427 256; x_wconf 82' lang='lat' dir='ltr'><strong>comparationem</strong></span> <span class='ocrx_word' id='word_1_13' title='bbox 441 226 567 253; x_wconf 76' lang='lat' dir='ltr'><strong>sumitur,</strong></span> <span class='ocrx_word' id='word_1_14' title='bbox 582 226 642 255; x_wconf 74' lang='lat' dir='ltr'><strong>quae</strong></span> <span class='ocrx_word' id='word_1_15' title='bbox 656 225 684 248; x_wconf 91' lang='lat' dir='ltr'><strong>et</strong></span> <span class='ocrx_word' id='word_1_16' title='bbox 697 221 791 248; x_wconf 81' lang='lat' dir='ltr'><strong>aculeo</strong></span> <span class='ocrx_word' id='word_1_17' title='bbox 802 221 905 255; x_wconf 83' lang='lat' dir='ltr'><strong>pungit,</strong></span> <span class='ocrx_word' id='word_1_18' title='bbox 920 225 946 247; x_wconf 89' lang='lat' dir='ltr'><strong>et</strong></span> 
     </span>
    </p>
   </div>
   <div class='ocr_carea' id='block_1_3' title="bbox 155 264 949 301">
    <p class='ocr_par' dir='ltr' id='par_1_3' title="bbox 155 264 949 301">
     <span class='ocr_line' id='line_1_3' title="bbox 155 264 949 301; baseline -0.001 -8"><span class='ocrx_word' id='word_1_19' title='bbox 155 273 236 301; x_wconf 81' lang='lat' dir='ltr'><strong>opera</strong></span> <span class='ocrx_word' id='word_1_20' title='bbox 248 265 335 292; x_wconf 82' lang='lat' dir='ltr'><strong>mellis</strong></span> <span class='ocrx_word' id='word_1_21' title='bbox 348 264 465 292; x_wconf 85' lang='lat' dir='ltr'><strong>conﬁcit.</strong></span> <span class='ocrx_word' id='word_1_22' title='bbox 478 265 524 292; x_wconf 88' lang='lat' dir='ltr'><strong>Sic</strong></span> <span class='ocrx_word' id='word_1_23' title='bbox 536 269 565 292; x_wconf 88' lang='lat' dir='ltr'><strong>et</strong></span> <span class='ocrx_word' id='word_1_24' title='bbox 575 266 602 291; x_wconf 93' lang='lat' dir='ltr'><strong>in</strong></span> <span class='ocrx_word' id='word_1_25' title='bbox 615 266 690 292; x_wconf 84' lang='lat' dir='ltr'><strong>brevi</strong></span> <span class='ocrx_word' id='word_1_26' title='bbox 706 266 866 300; x_wconf 90' lang='lat' dir='ltr'><strong>corpusculo</strong></span> <span class='ocrx_word' id='word_1_27' title='bbox 878 273 949 300; x_wconf 55' lang='lat' dir='ltr'><strong>saepe</strong></span> 
     </span>
    </p>
   </div>
   <div class='ocr_carea' id='block_1_4' title="bbox 156 312 950 349">
    <p class='ocr_par' dir='ltr' id='par_1_4' title="bbox 156 312 950 349">
     <span class='ocr_line' id='line_1_4' title="bbox 156 312 950 349; baseline -0.001 -9"><span class='ocrx_word' id='word_1_28' title='bbox 156 313 294 349; x_wconf 75' lang='lat' dir='ltr'><strong>ingeniosa</strong></span> <span class='ocrx_word' id='word_1_29' title='bbox 309 312 442 340; x_wconf 74' lang='lat' dir='ltr'><strong>inhabitat</strong></span> <span class='ocrx_word' id='word_1_30' title='bbox 455 313 557 345; x_wconf 89' lang='lat' dir='ltr'><strong>anima,</strong></span> <span class='ocrx_word' id='word_1_31' title='bbox 571 320 630 347; x_wconf 83' lang='lat' dir='ltr'><strong>quae</strong></span> <span class='ocrx_word' id='word_1_32' title='bbox 643 317 671 340; x_wconf 89' lang='lat' dir='ltr'><strong>et</strong></span> <span class='ocrx_word' id='word_1_33' title='bbox 686 314 810 340; x_wconf 83' lang='lat' dir='ltr'><strong>acumine</strong></span> <span class='ocrx_word' id='word_1_34' title='bbox 825 314 907 347; x_wconf 77' lang='lat' dir='ltr'><strong>viget,</strong></span> <span class='ocrx_word' id='word_1_35' title='bbox 922 318 950 340; x_wconf 83' lang='lat' dir='ltr'><strong>et</strong></span> 
     </span>
    </p>
   </div>
   <div class='ocr_carea' id='block_1_5' title="bbox 157 357 937 393">
    <p class='ocr_par' dir='ltr' id='par_1_5' title="bbox 157 357 937 393">
     <span class='ocr_line' id='line_1_5' title="bbox 157 357 937 393; baseline 0 -9"><span class='ocrx_word' id='word_1_36' title='bbox 157 358 183 384; x_wconf 94' lang='lat' dir='ltr'><strong>in</strong></span> <span class='ocrx_word' id='word_1_37' title='bbox 202 358 323 385; x_wconf 77' lang='lat' dir='ltr'><strong>doctrina</strong></span> <span class='ocrx_word' id='word_1_38' title='bbox 349 365 396 384; x_wconf 89' lang='lat' dir='ltr'><strong>sua</strong></span> <span class='ocrx_word' id='word_1_39' title='bbox 420 357 495 384; x_wconf 88' lang='lat' dir='ltr'><strong>novit</strong></span> <span class='ocrx_word' id='word_1_40' title='bbox 520 357 643 393; x_wconf 78' lang='lat' dir='ltr'><strong>proferre</strong></span> <span class='ocrx_word' id='word_1_41' title='bbox 665 358 825 384; x_wconf 87' lang='lat' dir='ltr'><strong>suavitatem</strong></span> <span class='ocrx_word' id='word_1_42' title='bbox 846 358 937 393; x_wconf 86' lang='lat' dir='ltr'><strong>sapien</strong></span> 
     </span>
    </p>
   </div>
   <div class='ocr_carea' id='block_1_6' title="bbox 156 404 202 432">
    <p class='ocr_par' dir='ltr' id='par_1_6' title="bbox 156 404 202 432">
     <span class='ocr_line' id='line_1_6' title="bbox 156 404 202 432; baseline -0.022 0"><span class='ocrx_word' id='word_1_43' title='bbox 156 404 202 432; x_wconf 71' lang='lat' dir='ltr'><strong>tia:</strong></span> 
     </span>
    </p>
   </div>
   <div class='ocr_carea' id='block_1_7' title="bbox 196 460 950 497">
    <p class='ocr_par' dir='ltr' id='par_1_7' title="bbox 196 460 950 497">
     <span class='ocr_line' id='line_1_7' title="bbox 196 460 950 497; baseline 0.004 -10"><span class='ocrx_word' id='word_1_44' title='bbox 196 470 205 486; x_wconf 75' lang='grc' dir='ltr'><strong>ι</strong></span> <span class='ocrx_word' id='word_1_45' title='bbox 228 460 256 488; x_wconf 85' lang='lat' dir='ltr'><strong>In</strong></span> <span class='ocrx_word' id='word_1_46' title='bbox 270 461 368 488; x_wconf 89' lang='lat' dir='ltr'><strong>vestitu</strong></span> <span class='ocrx_word' id='word_1_47' title='bbox 382 468 415 488; x_wconf 88' lang='lat' dir='ltr'><strong>ne</strong></span> <span class='ocrx_word' id='word_1_48' title='bbox 430 460 553 497; x_wconf 81' lang='lat' dir='ltr'><strong>glorieris</strong></span> <span class='ocrx_word' id='word_1_49' title='bbox 566 469 695 496; x_wconf 82' lang='lat' dir='ltr'><strong>unquam,</strong></span> <span class='ocrx_word' id='word_1_50' title='bbox 709 470 759 489; x_wconf 91' lang='lat' dir='ltr'><strong>nec</strong></span> <span class='ocrx_word' id='word_1_51' title='bbox 771 462 796 489; x_wconf 91' lang='lat' dir='ltr'><strong>in</strong></span> <span class='ocrx_word' id='word_1_52' title='bbox 811 462 854 489; x_wconf 93' lang='lat' dir='ltr'><strong>die</strong></span> <span class='ocrx_word' id='word_1_53' title='bbox 865 462 950 490; x_wconf 80' lang='lat' dir='ltr'><strong>hono—</strong></span> 
     </span>
    </p>
   </div>
   <div class='ocr_carea' id='block_1_8' title="bbox 161 507 950 540">
    <p class='ocr_par' dir='ltr' id='par_1_8' title="bbox 161 507 950 540">
     <span class='ocr_line' id='line_1_8' title="bbox 161 507 950 540; baseline 0.004 -7"><span class='ocrx_word' id='word_1_54' title='bbox 161 515 171 532; x_wconf 75' lang='grc' dir='ltr'><strong>σ</strong></span> <span class='ocrx_word' id='word_1_55' title='bbox 192 507 230 534; x_wconf 89' lang='lat' dir='ltr'><strong>ris</strong></span> <span class='ocrx_word' id='word_1_56' title='bbox 240 508 276 534; x_wconf 90' lang='lat' dir='ltr'><strong>tui</strong></span> <span class='ocrx_word' id='word_1_57' title='bbox 289 507 435 535; x_wconf 79' lang='lat' dir='ltr'><strong>extollaris.</strong></span> <span class='ocrx_word' id='word_1_58' title='bbox 450 518 460 533; x_wconf 80' lang='grc' dir='ltr'><strong>ι</strong></span> <span class='ocrx_word' id='word_1_59' title='bbox 477 507 553 540; x_wconf 88' lang='lat' dir='ltr'><strong>Quod</strong></span> <span class='ocrx_word' id='word_1_60' title='bbox 565 512 655 535; x_wconf 86' lang='lat' dir='ltr'><strong>autem</strong></span> <span class='ocrx_word' id='word_1_61' title='bbox 668 509 774 536; x_wconf 90' lang='lat' dir='ltr'><strong>vanitas</strong></span> <span class='ocrx_word' id='word_1_62' title='bbox 784 510 900 536; x_wconf 86' lang='lat' dir='ltr'><strong>vestium</strong></span> <span class='ocrx_word' id='word_1_63' title='bbox 911 509 950 536; x_wconf 82' lang='lat' dir='ltr'><strong>fu-</strong></span> 
     </span>
    </p>
   </div>
   <div class='ocr_carea' id='block_1_9' title="bbox 158 553 951 588">
    <p class='ocr_par' dir='ltr' id='par_1_9' title="bbox 158 553 951 588">
     <span class='ocr_line' id='line_1_9' title="bbox 158 553 951 588; baseline 0.003 -9"><span class='ocrx_word' id='word_1_64' title='bbox 158 553 253 588; x_wconf 80' lang='lat' dir='ltr'><strong>gienda</strong></span> <span class='ocrx_word' id='word_1_65' title='bbox 269 553 314 585; x_wconf 88' lang='lat' dir='ltr'><strong>sit,</strong></span> <span class='ocrx_word' id='word_1_66' title='bbox 325 553 455 580; x_wconf 90' lang='lat' dir='ltr'><strong>Dominus</strong></span> <span class='ocrx_word' id='word_1_67' title='bbox 470 553 588 580; x_wconf 89' lang='lat' dir='ltr'><strong>insinuat</strong></span> <span class='ocrx_word' id='word_1_68' title='bbox 601 554 627 580; x_wconf 92' lang='lat' dir='ltr'><strong>in</strong></span> <span class='ocrx_word' id='word_1_69' title='bbox 643 554 798 588; x_wconf 81' lang='lat' dir='ltr'><strong>Evangelio,</strong></span> <span class='ocrx_word' id='word_1_70' title='bbox 812 554 857 582; x_wconf 90' lang='lat' dir='ltr'><strong>ubi</strong></span> <span class='ocrx_word' id='word_1_71' title='bbox 872 554 951 581; x_wconf 87' lang='lat' dir='ltr'><strong>Joan-</strong></span> 
     </span>
    </p>
   </div>
   <div class='ocr_carea' id='block_1_10' title="bbox 158 599 950 633">
    <p class='ocr_par' dir='ltr' id='par_1_10' title="bbox 158 599 950 633">
     <span class='ocr_line' id='line_1_10' title="bbox 158 599 950 633; baseline 0.001 -8"><span class='ocrx_word' id='word_1_72' title='bbox 158 607 220 626; x_wconf 88' lang='lat' dir='ltr'><strong>nem</strong></span> <span class='ocrx_word' id='word_1_73' title='bbox 231 599 380 633; x_wconf 86' lang='lat' dir='ltr'><strong>Baptistam</strong></span> <span class='ocrx_word' id='word_1_74' title='bbox 394 606 444 633; x_wconf 89' lang='lat' dir='ltr'><strong>pro</strong></span> <span class='ocrx_word' id='word_1_75' title='bbox 459 599 605 633; x_wconf 83' lang='lat' dir='ltr'><strong>asperitate</strong></span> <span class='ocrx_word' id='word_1_76' title='bbox 624 599 774 626; x_wconf 89' lang='lat' dir='ltr'><strong>indumenti</strong></span> <span class='ocrx_word' id='word_1_77' title='bbox 790 600 950 628; x_wconf 89' lang='lat' dir='ltr'><strong>laudabilem</strong></span> 
     </span>
    </p>
   </div>
   <div class='ocr_carea' id='block_1_11' title="bbox 159 644 952 678">
    <p class='ocr_par' dir='ltr' id='par_1_11' title="bbox 159 644 952 678">
     <span class='ocr_line' id='line_1_11' title="bbox 159 644 952 678; baseline 0.003 -7"><span class='ocrx_word' id='word_1_78' title='bbox 159 644 285 676; x_wconf 84' lang='lat' dir='ltr'><strong>ostendit,</strong></span> <span class='ocrx_word' id='word_1_79' title='bbox 311 644 345 671; x_wconf 88' lang='lat' dir='ltr'><strong>ad</strong></span> <span class='ocrx_word' id='word_1_80' title='bbox 371 644 463 671; x_wconf 87' lang='lat' dir='ltr'><strong>turbas</strong></span> <span class='ocrx_word' id='word_1_81' title='bbox 481 644 594 671; x_wconf 84' lang='lat' dir='ltr'><strong>dicens:</strong></span> <span class='ocrx_word' id='word_1_82' title='bbox 615 653 624 669; x_wconf 78' lang='grc' dir='ltr'><strong>ι</strong></span> <span class='ocrx_word' id='word_1_83' title='bbox 648 644 716 678; x_wconf 83' lang='lat' dir='ltr'><strong>Quid</strong></span> <span class='ocrx_word' id='word_1_84' title='bbox 735 645 830 672; x_wconf 87' lang='lat' dir='ltr'><strong>existis</strong></span> <span class='ocrx_word' id='word_1_85' title='bbox 844 645 952 673; x_wconf 92' lang='lat' dir='ltr'><strong>videre?</strong></span> 
     </span>
    </p>
   </div>
   <div class='ocr_carea' id='block_1_12' title="bbox 159 691 952 726">
    <p class='ocr_par' dir='ltr' id='par_1_12' title="bbox 159 691 952 726">
     <span class='ocr_line' id='line_1_12' title="bbox 159 691 952 726; baseline 0.001 -8"><span class='ocrx_word' id='word_1_86' title='bbox 159 691 297 719; x_wconf 83' lang='lat' dir='ltr'><strong>hominem</strong></span> <span class='ocrx_word' id='word_1_87' title='bbox 314 691 439 718; x_wconf 88' lang='lat' dir='ltr'><strong>mollibus</strong></span> <span class='ocrx_word' id='word_1_88' title='bbox 454 691 596 718; x_wconf 88' lang='lat' dir='ltr'><strong>vestitum?</strong></span> <span class='ocrx_word' id='word_1_89' title='bbox 608 691 687 723; x_wconf 86' lang='lat' dir='ltr'><strong>Ecce,</strong></span> <span class='ocrx_word' id='word_1_90' title='bbox 706 692 751 726; x_wconf 92' lang='lat' dir='ltr'><strong>qui</strong></span> <span class='ocrx_word' id='word_1_91' title='bbox 767 692 891 719; x_wconf 91' lang='lat' dir='ltr'><strong>mollibus</strong></span> <span class='ocrx_word' id='word_1_92' title='bbox 906 699 952 719; x_wconf 88' lang='lat' dir='ltr'><strong>ve-</strong></span> 
     </span>
    </p>
   </div>
   <div class='ocr_carea' id='block_1_13' title="bbox 160 736 952 773">
    <p class='ocr_par' dir='ltr' id='par_1_13' title="bbox 160 736 952 773">
     <span class='ocr_line' id='line_1_13' title="bbox 160 736 952 773; baseline 0.001 -10"><span class='ocrx_word' id='word_1_93' title='bbox 160 737 290 768; x_wconf 87' lang='lat' dir='ltr'><strong>stiuntur,</strong></span> <span class='ocrx_word' id='word_1_94' title='bbox 314 736 340 763; x_wconf 91' lang='lat' dir='ltr'><strong>in</strong></span> <span class='ocrx_word' id='word_1_95' title='bbox 365 736 487 763; x_wconf 89' lang='lat' dir='ltr'><strong>domibus</strong></span> <span class='ocrx_word' id='word_1_96' title='bbox 512 745 605 772; x_wconf 82' lang='lat' dir='ltr'><strong>regum</strong></span> <span class='ocrx_word' id='word_1_97' title='bbox 629 742 692 764; x_wconf 90' lang='lat' dir='ltr'><strong>sunt</strong></span> <span class='ocrx_word' id='word_1_98' title='bbox 708 736 783 773; x_wconf 82' lang='lat' dir='ltr'><strong>(Luc.</strong></span> <span class='ocrx_word' id='word_1_99' title='bbox 793 736 874 772; x_wconf 55' lang='lat' dir='ltr'><strong>vn)»</strong></span> <span class='ocrx_word' id='word_1_100' title='bbox 893 737 952 772; x_wconf 85' lang='lat' dir='ltr'><strong>ipse</strong></span> 
     </span>
    </p>
   </div>
   <div class='ocr_carea' id='block_1_14' title="bbox 160 781 952 816">
    <p class='ocr_par' dir='ltr' id='par_1_14' title="bbox 160 781 952 816">
     <span class='ocr_line' id='line_1_14' title="bbox 160 781 952 816; baseline 0 -8"><span class='ocrx_word' id='word_1_101' title='bbox 160 786 251 808; x_wconf 83' lang='lat' dir='ltr'><strong>autem</strong></span> <span class='ocrx_word' id='word_1_102' title='bbox 267 781 384 809; x_wconf 84' lang='lat' dir='ltr'><strong>Joannes</strong></span> <span class='ocrx_word' id='word_1_103' title='bbox 404 781 518 809; x_wconf 82' lang='lat' dir='ltr'><strong>habebat</strong></span> <span class='ocrx_word' id='word_1_104' title='bbox 532 782 723 809; x_wconf 88' lang='lat' dir='ltr'><strong>vestimentum</strong></span> <span class='ocrx_word' id='word_1_105' title='bbox 740 782 773 809; x_wconf 91' lang='lat' dir='ltr'><strong>de</strong></span> <span class='ocrx_word' id='word_1_106' title='bbox 787 781 848 816; x_wconf 86' lang='lat' dir='ltr'><strong>pilis</strong></span> <span class='ocrx_word' id='word_1_107' title='bbox 861 789 952 809; x_wconf 83' lang='lat' dir='ltr'><strong>came-</strong></span> 
     </span>
    </p>
   </div>
   <div class='ocr_carea' id='block_1_15' title="bbox 161 826 953 862">
    <p class='ocr_par' dir='ltr' id='par_1_15' title="bbox 161 826 953 862">
     <span class='ocr_line' id='line_1_15' title="bbox 161 826 953 862; baseline 0.003 -9"><span class='ocrx_word' id='word_1_108' title='bbox 161 826 259 859; x_wconf 87' lang='lat' dir='ltr'><strong>lorum,</strong></span> <span class='ocrx_word' id='word_1_109' title='bbox 273 832 301 854; x_wconf 91' lang='lat' dir='ltr'><strong>et</strong></span> <span class='ocrx_word' id='word_1_110' title='bbox 313 834 408 854; x_wconf 83' lang='lat' dir='ltr'><strong>zonam</strong></span> <span class='ocrx_word' id='word_1_111' title='bbox 429 828 569 862; x_wconf 84' lang='lat' dir='ltr'><strong>pelliceam</strong></span> <span class='ocrx_word' id='word_1_112' title='bbox 583 828 654 855; x_wconf 88' lang='lat' dir='ltr'><strong>circa</strong></span> <span class='ocrx_word' id='word_1_113' title='bbox 670 828 774 855; x_wconf 89' lang='lat' dir='ltr'><strong>lumbos</strong></span> <span class='ocrx_word' id='word_1_114' title='bbox 788 836 851 855; x_wconf 89' lang='lat' dir='ltr'><strong>suos</strong></span> <span class='ocrx_word' id='word_1_115' title='bbox 868 837 874 854; x_wconf 91' lang='lat'><strong>:</strong></span> <span class='ocrx_word' id='word_1_116' title='bbox 892 835 953 855; x_wconf 85' lang='lat' dir='ltr'><strong>esca</strong></span> 
     </span>
    </p>
   </div>
   <div class='ocr_carea' id='block_1_16' title="bbox 161 873 954 908">
    <p class='ocr_par' dir='ltr' id='par_1_16' title="bbox 161 873 954 908">
     <span class='ocr_line' id='line_1_16' title="bbox 161 873 954 908; baseline 0.003 -9"><span class='ocrx_word' id='word_1_117' title='bbox 161 877 252 900; x_wconf 84' lang='lat' dir='ltr'><strong>autem</strong></span> <span class='ocrx_word' id='word_1_118' title='bbox 270 878 328 900; x_wconf 88' lang='lat' dir='ltr'><strong>erat</strong></span> <span class='ocrx_word' id='word_1_119' title='bbox 340 873 443 901; x_wconf 88' lang='lat' dir='ltr'><strong>locusta</strong></span> <span class='ocrx_word' id='word_1_120' title='bbox 457 878 484 900; x_wconf 90' lang='lat' dir='ltr'><strong>et</strong></span> <span class='ocrx_word' id='word_1_121' title='bbox 499 874 550 901; x_wconf 92' lang='lat' dir='ltr'><strong>mel</strong></span> <span class='ocrx_word' id='word_1_122' title='bbox 570 874 703 901; x_wconf 83' lang='lat' dir='ltr'><strong>silvestre.</strong></span> <span class='ocrx_word' id='word_1_123' title='bbox 724 875 756 901; x_wconf 87' lang='lat' dir='ltr'><strong>Et</strong></span> <span class='ocrx_word' id='word_1_124' title='bbox 777 875 873 902; x_wconf 88' lang='lat' dir='ltr'><strong>Petrus</strong></span> <span class='ocrx_word' id='word_1_125' title='bbox 891 882 954 908; x_wconf 91' lang='lat' dir='ltr'><strong>apo-</strong></span> 
     </span>
    </p>
   </div>
   <div class='ocr_carea' id='block_1_17' title="bbox 161 918 954 953">
    <p class='ocr_par' dir='ltr' id='par_1_17' title="bbox 161 918 954 953">
     <span class='ocr_line' id='line_1_17' title="bbox 161 918 954 953; baseline 0.001 -8"><span class='ocrx_word' id='word_1_126' title='bbox 161 918 246 945; x_wconf 86' lang='lat' dir='ltr'><strong>stolus</strong></span> <span class='ocrx_word' id='word_1_127' title='bbox 260 919 285 945; x_wconf 95' lang='lat' dir='ltr'><strong>in</strong></span> <span class='ocrx_word' id='word_1_128' title='bbox 307 919 425 953; x_wconf 86' lang='lat' dir='ltr'><strong>Epistula</strong></span> <span class='ocrx_word' id='word_1_129' title='bbox 440 927 487 946; x_wconf 91' lang='lat' dir='ltr'><strong>sua</strong></span> <span class='ocrx_word' id='word_1_130' title='bbox 499 919 574 953; x_wconf 82' lang='lat' dir='ltr'><strong>jubet</strong></span> <span class='ocrx_word' id='word_1_131' title='bbox 588 920 714 947; x_wconf 87' lang='lat' dir='ltr'><strong>mulieres</strong></span> <span class='ocrx_word' id='word_1_132' title='bbox 729 928 780 947; x_wconf 91' lang='lat' dir='ltr'><strong>non</strong></span> <span class='ocrx_word' id='word_1_133' title='bbox 793 920 867 947; x_wconf 91' lang='lat' dir='ltr'><strong>indui</strong></span> <span class='ocrx_word' id='word_1_134' title='bbox 881 923 954 947; x_wconf 84' lang='lat' dir='ltr'><strong>veste</strong></span> 
     </span>
    </p>
   </div>
   <div class='ocr_carea' id='block_1_18' title="bbox 163 963 954 999">
    <p class='ocr_par' dir='ltr' id='par_1_18' title="bbox 163 963 954 999">
     <span class='ocr_line' id='line_1_18' title="bbox 163 963 954 999; baseline 0.004 -11"><span class='ocrx_word' id='word_1_135' title='bbox 163 963 279 997; x_wconf 88' lang='lat' dir='ltr'><strong>pretiosa</strong></span> <span class='ocrx_word' id='word_1_136' title='bbox 291 983 298 995; x_wconf 89' lang='lat'><strong>,</strong></span> <span class='ocrx_word' id='word_1_137' title='bbox 312 971 400 997; x_wconf 88' lang='lat' dir='ltr'><strong>neque</strong></span> <span class='ocrx_word' id='word_1_138' title='bbox 418 964 572 999; x_wconf 80' lang='lat' dir='ltr'><strong>margaritis</strong></span> <span class='ocrx_word' id='word_1_139' title='bbox 587 969 634 991; x_wconf 90' lang='lat' dir='ltr'><strong>aut</strong></span> <span class='ocrx_word' id='word_1_140' title='bbox 648 964 861 992; x_wconf 88' lang='lat' dir='ltr'><strong>circumdatione</strong></span> <span class='ocrx_word' id='word_1_141' title='bbox 879 964 954 997; x_wconf 85' lang='lat' dir='ltr'><strong>auri;</strong></span> 
     </span>
    </p>
   </div>
   <div class='ocr_carea' id='block_1_19' title="bbox 163 1009 957 1044">
    <p class='ocr_par' dir='ltr' id='par_1_19' title="bbox 163 1009 957 1044">
     <span class='ocr_line' id='line_1_19' title="bbox 163 1009 957 1044; baseline 0.003 -9"><span class='ocrx_word' id='word_1_142' title='bbox 163 1009 210 1035; x_wconf 86' lang='lat' dir='ltr'><strong>sed</strong></span> <span class='ocrx_word' id='word_1_143' title='bbox 233 1009 318 1043; x_wconf 80' lang='lat' dir='ltr'><strong>magis</strong></span> <span class='ocrx_word' id='word_1_144' title='bbox 350 1017 455 1036; x_wconf 92' lang='lat' dir='ltr'><strong>morum</strong></span> <span class='ocrx_word' id='word_1_145' title='bbox 487 1010 626 1036; x_wconf 84' lang='lat' dir='ltr'><strong>honestate</strong></span> <span class='ocrx_word' id='word_1_146' title='bbox 653 1014 680 1036; x_wconf 89' lang='lat' dir='ltr'><strong>et</strong></span> <span class='ocrx_word' id='word_1_147' title='bbox 705 1010 957 1044; x_wconf 88' lang='lat' dir='ltr'><strong>incorruptibilitate</strong></span> 
     </span>
    </p>
   </div>
   <div class='ocr_carea' id='block_1_20' title="bbox 163 1054 956 1090">
    <p class='ocr_par' dir='ltr' id='par_1_20' title="bbox 163 1054 956 1090">
     <span class='ocr_line' id='line_1_20' title="bbox 163 1054 956 1090; baseline 0.003 -10"><span class='ocrx_word' id='word_1_148' title='bbox 163 1054 246 1088; x_wconf 85' lang='lat' dir='ltr'><strong>quieti</strong></span> <span class='ocrx_word' id='word_1_149' title='bbox 268 1058 295 1081; x_wconf 92' lang='lat' dir='ltr'><strong>et</strong></span> <span class='ocrx_word' id='word_1_150' title='bbox 319 1055 433 1082; x_wconf 85' lang='lat' dir='ltr'><strong>modesti</strong></span> <span class='ocrx_word' id='word_1_151' title='bbox 448 1055 558 1089; x_wconf 86' lang='lat' dir='ltr'><strong>spiritus</strong></span> <span class='ocrx_word' id='word_1_152' title='bbox 573 1054 598 1090; x_wconf 90' lang='lat' dir='ltr'><strong>(I</strong></span> <span class='ocrx_word' id='word_1_153' title='bbox 613 1054 671 1081; x_wconf 88' lang='lat' dir='ltr'><strong>Pet.</strong></span> <span class='ocrx_word' id='word_1_154' title='bbox 693 1054 746 1090; x_wconf 88' lang='grc' dir='ltr'>ιιι).</span> <span class='ocrx_word' id='word_1_155' title='bbox 767 1054 883 1082; x_wconf 87' lang='lat' dir='ltr'><strong>Proinde</strong></span> <span class='ocrx_word' id='word_1_156' title='bbox 903 1063 956 1082; x_wconf 90' lang='lat' dir='ltr'><strong>non</strong></span> 
     </span>
    </p>
   </div>
   <div class='ocr_carea' id='block_1_21' title="bbox 163 1100 957 1135">
    <p class='ocr_par' dir='ltr' id='par_1_21' title="bbox 163 1100 957 1135">
     <span class='ocr_line' id='line_1_21' title="bbox 163 1100 957 1135; baseline 0.001 -8"><span class='ocrx_word' id='word_1_157' title='bbox 163 1100 241 1127; x_wconf 88' lang='lat' dir='ltr'><strong>decet</strong></span> <span class='ocrx_word' id='word_1_158' title='bbox 256 1100 403 1127; x_wconf 85' lang='lat' dir='ltr'><strong>honoribus</strong></span> <span class='ocrx_word' id='word_1_159' title='bbox 418 1101 560 1127; x_wconf 88' lang='lat' dir='ltr'><strong>mundanis</strong></span> <span class='ocrx_word' id='word_1_160' title='bbox 578 1100 725 1135; x_wconf 86' lang='lat' dir='ltr'><strong>quemlibet</strong></span> <span class='ocrx_word' id='word_1_161' title='bbox 746 1100 876 1128; x_wconf 83' lang='lat' dir='ltr'><strong>extollere</strong></span> <span class='ocrx_word' id='word_1_162' title='bbox 886 1121 893 1133; x_wconf 90' lang='lat'><strong>,</strong></span> <span class='ocrx_word' id='word_1_163' title='bbox 910 1101 957 1128; x_wconf 87' lang='lat' dir='ltr'><strong>sed</strong></span> 
     </span>
    </p>
   </div>
   <div class='ocr_carea' id='block_1_22' title="bbox 165 1145 956 1181">
    <p class='ocr_par' dir='ltr' id='par_1_22' title="bbox 165 1145 956 1181">
     <span class='ocr_line' id='line_1_22' title="bbox 165 1145 956 1181; baseline 0.003 -10"><span class='ocrx_word' id='word_1_164' title='bbox 165 1145 250 1180; x_wconf 75' lang='lat' dir='ltr'><strong>magis</strong></span> <span class='ocrx_word' id='word_1_165' title='bbox 282 1146 413 1172; x_wconf 91' lang='lat' dir='ltr'><strong>virtutum</strong></span> <span class='ocrx_word' id='word_1_166' title='bbox 444 1147 585 1174; x_wconf 83' lang='lat' dir='ltr'><strong>honestate</strong></span> <span class='ocrx_word' id='word_1_167' title='bbox 609 1146 784 1181; x_wconf 82' lang='lat' dir='ltr'><strong>semetipsum</strong></span> <span class='ocrx_word' id='word_1_168' title='bbox 814 1147 956 1174; x_wconf 89' lang='lat' dir='ltr'><strong>adornare.</strong></span> 
     </span>
    </p>
   </div>
   <div class='ocr_carea' id='block_1_23' title="bbox 166 1191 436 1226">
    <p class='ocr_par' dir='ltr' id='par_1_23' title="bbox 166 1191 436 1226">
     <span class='ocr_line' id='line_1_23' title="bbox 166 1191 436 1226; baseline 0 -7"><span class='ocrx_word' id='word_1_169' title='bbox 166 1191 243 1219; x_wconf 83' lang='lat' dir='ltr'><strong>Unde</strong></span> <span class='ocrx_word' id='word_1_170' title='bbox 256 1195 282 1219; x_wconf 90' lang='lat' dir='ltr'><strong>et</strong></span> <span class='ocrx_word' id='word_1_171' title='bbox 296 1193 417 1226; x_wconf 80' lang='lat' dir='ltr'><strong>sequitur</strong></span> <span class='ocrx_word' id='word_1_172' title='bbox 430 1201 436 1218; x_wconf 90' lang='lat'><strong><em>:</em></strong></span> 
     </span>
    </p>
   </div>
   <div class='ocr_carea' id='block_1_24' title="bbox 203 1247 959 1283">
    <p class='ocr_par' dir='ltr' id='par_1_24' title="bbox 203 1247 959 1283">
     <span class='ocr_line' id='line_1_24' title="bbox 203 1247 959 1283; baseline 0.001 -9"><span class='ocrx_word' id='word_1_173' title='bbox 203 1257 212 1273; x_wconf 74' lang='grc' dir='ltr'>ί</span> <span class='ocrx_word' id='word_1_174' title='bbox 236 1247 367 1281; x_wconf 89' lang='lat' dir='ltr'><strong>Quoniam</strong></span> <span class='ocrx_word' id='word_1_175' title='bbox 390 1248 523 1275; x_wconf 85' lang='lat' dir='ltr'><strong>mirabilia</strong></span> <span class='ocrx_word' id='word_1_176' title='bbox 549 1256 631 1283; x_wconf 83' lang='lat' dir='ltr'><strong>opera</strong></span> <span class='ocrx_word' id='word_1_177' title='bbox 648 1247 781 1275; x_wconf 88' lang='lat' dir='ltr'><strong>Altissimi</strong></span> <span class='ocrx_word' id='word_1_178' title='bbox 808 1247 905 1280; x_wconf 86' lang='lat' dir='ltr'><strong>solius,</strong></span> <span class='ocrx_word' id='word_1_179' title='bbox 932 1252 959 1275; x_wconf 90' lang='lat' dir='ltr'><strong>ct</strong></span> 
     </span>
    </p>
   </div>
   <div class='ocr_carea' id='block_1_25' title="bbox 169 1292 959 1328">
    <p class='ocr_par' dir='ltr' id='par_1_25' title="bbox 169 1292 959 1328">
     <span class='ocr_line' id='line_1_25' title="bbox 169 1292 959 1328; baseline 0.001 -9"><span class='ocrx_word' id='word_1_180' title='bbox 169 1303 178 1319; x_wconf 84' lang='grc'><em>‹</em></span> <span class='ocrx_word' id='word_1_181' title='bbox 200 1294 315 1328; x_wconf 80' lang='lat' dir='ltr'><strong>gloriosa</strong></span> <span class='ocrx_word' id='word_1_182' title='bbox 328 1298 355 1320; x_wconf 90' lang='lat' dir='ltr'><strong>et</strong></span> <span class='ocrx_word' id='word_1_183' title='bbox 369 1294 500 1321; x_wconf 89' lang='lat' dir='ltr'><strong>absconsa</strong></span> <span class='ocrx_word' id='word_1_184' title='bbox 513 1298 540 1320; x_wconf 89' lang='lat' dir='ltr'><strong>et</strong></span> <span class='ocrx_word' id='word_1_185' title='bbox 551 1294 637 1320; x_wconf 89' lang='lat' dir='ltr'><strong>invisa</strong></span> <span class='ocrx_word' id='word_1_186' title='bbox 653 1301 734 1327; x_wconf 88' lang='lat' dir='ltr'><strong>opera</strong></span> <span class='ocrx_word' id='word_1_187' title='bbox 747 1293 827 1321; x_wconf 90' lang='lat' dir='ltr'><strong>illius.</strong></span> <span class='ocrx_word' id='word_1_188' title='bbox 846 1303 854 1318; x_wconf 73' lang='grc' dir='ltr'><strong>ι</strong></span> <span class='ocrx_word' id='word_1_189' title='bbox 871 1292 959 1328; x_wconf 88' lang='lat' dir='ltr'><strong>Opera</strong></span> 
     </span>
    </p>
   </div>
   <div class='ocr_carea' id='block_1_26' title="bbox 166 1338 958 1373">
    <p class='ocr_par' dir='ltr' id='par_1_26' title="bbox 166 1338 958 1373">
     <span class='ocr_line' id='line_1_26' title="bbox 166 1338 958 1373; baseline -0.001 -8"><span class='ocrx_word' id='word_1_190' title='bbox 166 1339 238 1366; x_wconf 89' lang='lat' dir='ltr'><strong>enim</strong></span> <span class='ocrx_word' id='word_1_191' title='bbox 265 1339 311 1365; x_wconf 85' lang='lat' dir='ltr'><strong>Dei</strong></span> <span class='ocrx_word' id='word_1_192' title='bbox 335 1339 397 1373; x_wconf 90' lang='lat' dir='ltr'><strong>quia</strong></span> <span class='ocrx_word' id='word_1_193' title='bbox 419 1339 566 1366; x_wconf 89' lang='lat' dir='ltr'><strong>secundum</strong></span> <span class='ocrx_word' id='word_1_194' title='bbox 590 1338 731 1366; x_wconf 84' lang='lat' dir='ltr'><strong>veritatem</strong></span> <span class='ocrx_word' id='word_1_195' title='bbox 754 1343 782 1365; x_wconf 86' lang='lat' dir='ltr'><strong>et</strong></span> <span class='ocrx_word' id='word_1_196' title='bbox 800 1338 958 1372; x_wconf 64' lang='lat' dir='ltr'><strong>atquitatem</strong></span> 
     </span>
    </p>
   </div>
   <div class='ocr_carea' id='block_1_27' title="bbox 166 1383 960 1418">
    <p class='ocr_par' dir='ltr' id='par_1_27' title="bbox 166 1383 960 1418">
     <span class='ocr_line' id='line_1_27' title="bbox 166 1383 960 1418; baseline -0.003 -7"><span class='ocrx_word' id='word_1_197' title='bbox 166 1384 255 1412; x_wconf 90' lang='lat' dir='ltr'><strong>omnia</strong></span> <span class='ocrx_word' id='word_1_198' title='bbox 271 1384 347 1417; x_wconf 88' lang='lat' dir='ltr'><strong>tiunt,</strong></span> <span class='ocrx_word' id='word_1_199' title='bbox 365 1384 425 1411; x_wconf 90' lang='lat' dir='ltr'><strong>ideo</strong></span> <span class='ocrx_word' id='word_1_200' title='bbox 438 1383 571 1412; x_wconf 87' lang='lat' dir='ltr'><strong>mirabilia</strong></span> <span class='ocrx_word' id='word_1_201' title='bbox 590 1388 617 1410; x_wconf 93' lang='lat' dir='ltr'><strong>et</strong></span> <span class='ocrx_word' id='word_1_202' title='bbox 630 1383 746 1418; x_wconf 80' lang='lat' dir='ltr'><strong>gloriosa</strong></span> <span class='ocrx_word' id='word_1_203' title='bbox 759 1387 832 1416; x_wconf 90' lang='lat' dir='ltr'><strong>sunt,</strong></span> <span class='ocrx_word' id='word_1_204' title='bbox 847 1390 896 1410; x_wconf 90' lang='lat' dir='ltr'><strong>nec</strong></span> <span class='ocrx_word' id='word_1_205' title='bbox 907 1390 960 1410; x_wconf 91' lang='lat' dir='ltr'><strong>non</strong></span> 
     </span>
    </p>
   </div>
   <div class='ocr_carea' id='block_1_28' title="bbox 168 1429 960 1466">
    <p class='ocr_par' dir='ltr' id='par_1_28' title="bbox 168 1429 960 1466">
     <span class='ocr_line' id='line_1_28' title="bbox 168 1429 960 1466; baseline -0.003 -9"><span class='ocrx_word' id='word_1_206' title='bbox 168 1434 196 1457; x_wconf 88' lang='lat' dir='ltr'><strong>et</strong></span> <span class='ocrx_word' id='word_1_207' title='bbox 218 1430 348 1458; x_wconf 86' lang='lat' dir='ltr'><strong>abscousa</strong></span> <span class='ocrx_word' id='word_1_208' title='bbox 363 1435 390 1457; x_wconf 90' lang='lat' dir='ltr'><strong>et</strong></span> <span class='ocrx_word' id='word_1_209' title='bbox 404 1430 490 1457; x_wconf 86' lang='lat' dir='ltr'><strong>invisa</strong></span> <span class='ocrx_word' id='word_1_210' title='bbox 501 1451 508 1463; x_wconf 94' lang='lat'><strong>,</strong></span> <span class='ocrx_word' id='word_1_211' title='bbox 523 1429 589 1466; x_wconf 84' lang='lat' dir='ltr'><strong>quia</strong></span> <span class='ocrx_word' id='word_1_212' title='bbox 608 1430 739 1457; x_wconf 88' lang='lat' dir='ltr'><strong>rationem</strong></span> <span class='ocrx_word' id='word_1_213' title='bbox 755 1429 861 1456; x_wconf 89' lang='lat' dir='ltr'><strong>illorum</strong></span> <span class='ocrx_word' id='word_1_214' title='bbox 882 1436 960 1456; x_wconf 89' lang='lat' dir='ltr'><strong>nemo</strong></span> 
     </span>
    </p>
   </div>
   <div class='ocr_carea' id='block_1_29' title="bbox 167 1474 960 1511">
    <p class='ocr_par' dir='ltr' id='par_1_29' title="bbox 167 1474 960 1511">
     <span class='ocr_line' id='line_1_29' title="bbox 167 1474 960 1511; baseline -0.003 -9"><span class='ocrx_word' id='word_1_215' title='bbox 167 1476 201 1502; x_wconf 86' lang='lat' dir='ltr'><strong>ad</strong></span> <span class='ocrx_word' id='word_1_216' title='bbox 215 1475 349 1511; x_wconf 79' lang='lat' dir='ltr'><strong>integrum</strong></span> <span class='ocrx_word' id='word_1_217' title='bbox 360 1475 523 1510; x_wconf 80' lang='lat' dir='ltr'><strong>investigare</strong></span> <span class='ocrx_word' id='word_1_218' title='bbox 538 1475 645 1509; x_wconf 87' lang='lat' dir='ltr'><strong>poterit.</strong></span> <span class='ocrx_word' id='word_1_219' title='bbox 660 1474 726 1508; x_wconf 72' lang='lat' dir='ltr'><strong>Quae</strong></span> <span class='ocrx_word' id='word_1_220' title='bbox 739 1475 796 1509; x_wconf 90' lang='lat' dir='ltr'><strong>ipse</strong></span> <span class='ocrx_word' id='word_1_221' title='bbox 808 1474 960 1502; x_wconf 87' lang='lat' dir='ltr'><strong>secundum</strong></span> 
     </span>
    </p>
   </div>
   <div class='ocr_carea' id='block_1_30' title="bbox 167 1519 960 1556">
    <p class='ocr_par' dir='ltr' id='par_1_30' title="bbox 167 1519 960 1556">
     <span class='ocr_line' id='line_1_30' title="bbox 167 1519 960 1556; baseline -0.004 -7"><span class='ocrx_word' id='word_1_222' title='bbox 167 1522 309 1549; x_wconf 90' lang='lat' dir='ltr'><strong>consilium</strong></span> <span class='ocrx_word' id='word_1_223' title='bbox 322 1530 399 1549; x_wconf 90' lang='lat' dir='ltr'><strong>suum</strong></span> <span class='ocrx_word' id='word_1_224' title='bbox 417 1526 444 1549; x_wconf 88' lang='lat' dir='ltr'><strong>et</strong></span> <span class='ocrx_word' id='word_1_225' title='bbox 456 1521 618 1556; x_wconf 87' lang='lat' dir='ltr'><strong>sapientiam</strong></span> <span class='ocrx_word' id='word_1_226' title='bbox 631 1529 706 1549; x_wconf 91' lang='lat' dir='ltr'><strong>suam</strong></span> <span class='ocrx_word' id='word_1_227' title='bbox 722 1521 796 1548; x_wconf 89' lang='lat' dir='ltr'><strong>solus</strong></span> <span class='ocrx_word' id='word_1_228' title='bbox 807 1521 870 1555; x_wconf 78' lang='lat' dir='ltr'><strong>agit.</strong></span> <span class='ocrx_word' id='word_1_229' title='bbox 884 1519 960 1553; x_wconf 90' lang='lat' dir='ltr'><strong>Quod</strong></span> 
     </span>
    </p>
   </div>
   <div class='ocr_carea' id='block_1_31' title="bbox 168 1565 960 1603">
    <p class='ocr_par' dir='ltr' id='par_1_31' title="bbox 168 1565 960 1603">
     <span class='ocr_line' id='line_1_31' title="bbox 168 1565 960 1603; baseline -0.005 -8"><span class='ocrx_word' id='word_1_230' title='bbox 168 1567 319 1603; x_wconf 82' lang='lat' dir='ltr'><strong>intelligens</strong></span> <span class='ocrx_word' id='word_1_231' title='bbox 328 1567 473 1602; x_wconf 83' lang='lat' dir='ltr'><strong>Apostolus</strong></span> <span class='ocrx_word' id='word_1_232' title='bbox 484 1567 650 1601; x_wconf 86' lang='lat' dir='ltr'><strong>obstupendo</strong></span> <span class='ocrx_word' id='word_1_233' title='bbox 661 1567 798 1594; x_wconf 87' lang='lat' dir='ltr'><strong>admirans</strong></span> <span class='ocrx_word' id='word_1_234' title='bbox 811 1566 862 1593; x_wconf 88' lang='lat' dir='ltr'><strong>ait:</strong></span> <span class='ocrx_word' id='word_1_235' title='bbox 875 1575 883 1591; x_wconf 77' lang='grc' dir='ltr'><strong>ι</strong></span> <span class='ocrx_word' id='word_1_236' title='bbox 894 1565 916 1593; x_wconf 93' lang='lat'><strong>0</strong></span> <span class='ocrx_word' id='word_1_237' title='bbox 924 1565 960 1592; x_wconf 91' lang='lat' dir='ltr'><strong>al-</strong></span> 
     </span>
    </p>
   </div>
   <div class='ocr_carea' id='block_1_32' title="bbox 170 1612 960 1648">
    <p class='ocr_par' dir='ltr' id='par_1_32' title="bbox 170 1612 960 1648">
     <span class='ocr_line' id='line_1_32' title="bbox 170 1612 960 1648; baseline -0.004 -7"><span class='ocrx_word' id='word_1_238' title='bbox 170 1615 254 1642; x_wconf 87' lang='lat' dir='ltr'><strong>titudo</strong></span> <span class='ocrx_word' id='word_1_239' title='bbox 265 1614 420 1641; x_wconf 87' lang='lat' dir='ltr'><strong>divitiarum</strong></span> <span class='ocrx_word' id='word_1_240' title='bbox 434 1614 571 1648; x_wconf 69' lang='lat' dir='ltr'><strong>sapicntim</strong></span> <span class='ocrx_word' id='word_1_241' title='bbox 583 1617 610 1640; x_wconf 87' lang='lat' dir='ltr'><strong>et</strong></span> <span class='ocrx_word' id='word_1_242' title='bbox 621 1613 742 1640; x_wconf 75' lang='lat' dir='ltr'><strong>scicntia:</strong></span> <span class='ocrx_word' id='word_1_243' title='bbox 756 1613 815 1645; x_wconf 85' lang='lat' dir='ltr'><strong>Dei,</strong></span> <span class='ocrx_word' id='word_1_244' title='bbox 826 1620 907 1647; x_wconf 88' lang='lat' dir='ltr'><strong>quam</strong></span> <span class='ocrx_word' id='word_1_245' title='bbox 921 1612 960 1638; x_wconf 89' lang='lat' dir='ltr'><strong>in-</strong></span> 
     </span>
    </p>
   </div>
   <div class='ocr_carea' id='block_1_33' title="bbox 169 1658 962 1695">
    <p class='ocr_par' dir='ltr' id='par_1_33' title="bbox 169 1658 962 1695">
     <span class='ocr_line' id='line_1_33' title="bbox 169 1658 962 1695; baseline -0.003 -7"><span class='ocrx_word' id='word_1_246' title='bbox 169 1660 421 1695; x_wconf 86' lang='lat' dir='ltr'><strong>comprehensibilia</strong></span> <span class='ocrx_word' id='word_1_247' title='bbox 436 1663 498 1686; x_wconf 90' lang='lat' dir='ltr'><strong>sunt</strong></span> <span class='ocrx_word' id='word_1_248' title='bbox 511 1659 611 1693; x_wconf 89' lang='lat' dir='ltr'><strong>judicia</strong></span> <span class='ocrx_word' id='word_1_249' title='bbox 630 1658 688 1693; x_wconf 90' lang='lat' dir='ltr'><strong>ejus</strong></span> <span class='ocrx_word' id='word_1_250' title='bbox 698 1679 705 1691; x_wconf 84' lang='lat'><strong>,</strong></span> <span class='ocrx_word' id='word_1_251' title='bbox 722 1663 749 1686; x_wconf 89' lang='lat' dir='ltr'><strong>et</strong></span> <span class='ocrx_word' id='word_1_252' title='bbox 763 1659 962 1694; x_wconf 81' lang='lat' dir='ltr'><strong>investigabiles</strong></span> 
     </span>
    </p>
   </div>
   <div class='ocr_carea' id='block_1_34' title="bbox 169 1704 962 1741">
    <p class='ocr_par' dir='ltr' id='par_1_34' title="bbox 169 1704 962 1741">
     <span class='ocr_line' id='line_1_34' title="bbox 169 1704 962 1741; baseline -0.004 -7"><span class='ocrx_word' id='word_1_253' title='bbox 169 1707 218 1734; x_wconf 68' lang='lat' dir='ltr'><strong>via:</strong></span> <span class='ocrx_word' id='word_1_254' title='bbox 228 1706 304 1741; x_wconf 86' lang='lat' dir='ltr'><strong>ejus!</strong></span> <span class='ocrx_word' id='word_1_255' title='bbox 325 1706 390 1738; x_wconf 90' lang='lat' dir='ltr'><strong>Quis</strong></span> <span class='ocrx_word' id='word_1_256' title='bbox 408 1705 478 1732; x_wconf 88' lang='lat' dir='ltr'><strong>enim</strong></span> <span class='ocrx_word' id='word_1_257' title='bbox 495 1705 621 1739; x_wconf 84' lang='lat' dir='ltr'><strong>cognovit</strong></span> <span class='ocrx_word' id='word_1_258' title='bbox 638 1712 748 1732; x_wconf 89' lang='lat' dir='ltr'><strong>sensum</strong></span> <span class='ocrx_word' id='word_1_259' title='bbox 767 1704 892 1732; x_wconf 77' lang='lat' dir='ltr'><strong>Domitii?</strong></span> <span class='ocrx_word' id='word_1_260' title='bbox 909 1704 962 1732; x_wconf 80' lang='lat' dir='ltr'><strong>Aut</strong></span> 
     </span>
    </p>
   </div>
   <div class='ocr_carea' id='block_1_35' title="bbox 169 1749 960 1787">
    <p class='ocr_par' dir='ltr' id='par_1_35' title="bbox 169 1749 960 1787">
     <span class='ocr_line' id='line_1_35' title="bbox 169 1749 960 1787; baseline -0.001 -9"><span class='ocrx_word' id='word_1_261' title='bbox 169 1752 230 1787; x_wconf 89' lang='lat' dir='ltr'><strong>quis</strong></span> <span class='ocrx_word' id='word_1_262' title='bbox 253 1751 424 1778; x_wconf 88' lang='lat' dir='ltr'><strong>consiliarius</strong></span> <span class='ocrx_word' id='word_1_263' title='bbox 438 1749 497 1784; x_wconf 87' lang='lat' dir='ltr'><strong>ejus</strong></span> <span class='ocrx_word' id='word_1_264' title='bbox 516 1750 566 1777; x_wconf 82' lang='lat' dir='ltr'><strong>fuit</strong></span> <span class='ocrx_word' id='word_1_265' title='bbox 577 1770 583 1782; x_wconf 88' lang='lat'><strong>,</strong></span> <span class='ocrx_word' id='word_1_266' title='bbox 600 1754 647 1777; x_wconf 89' lang='lat' dir='ltr'><strong>aut</strong></span> <span class='ocrx_word' id='word_1_267' title='bbox 658 1750 720 1784; x_wconf 87' lang='lat' dir='ltr'><strong>quis</strong></span> <span class='ocrx_word' id='word_1_268' title='bbox 736 1750 812 1785; x_wconf 88' lang='lat' dir='ltr'><strong>prior</strong></span> <span class='ocrx_word' id='word_1_269' title='bbox 825 1750 899 1777; x_wconf 87' lang='lat' dir='ltr'><strong>dedit</strong></span> <span class='ocrx_word' id='word_1_270' title='bbox 912 1750 960 1783; x_wconf 91' lang='lat' dir='ltr'><strong>illi,</strong></span> 
     </span>
    </p>
   </div>
   <div class='ocr_carea' id='block_1_36' title="bbox 170 1795 962 1830">
    <p class='ocr_par' dir='ltr' id='par_1_36' title="bbox 170 1795 962 1830">
     <span class='ocr_line' id='line_1_36' title="bbox 170 1795 962 1830; baseline -0.003 -6"><span class='ocrx_word' id='word_1_271' title='bbox 170 1801 197 1824; x_wconf 88' lang='lat' dir='ltr'><strong>et</strong></span> <span class='ocrx_word' id='word_1_272' title='bbox 209 1796 371 1823; x_wconf 89' lang='lat' dir='ltr'><strong>retribuctur</strong></span> <span class='ocrx_word' id='word_1_273' title='bbox 384 1796 426 1823; x_wconf 88' lang='lat' dir='ltr'><strong>ei?</strong></span> <span class='ocrx_word' id='word_1_274' title='bbox 442 1796 569 1830; x_wconf 91' lang='lat' dir='ltr'><strong>quoniam</strong></span> <span class='ocrx_word' id='word_1_275' title='bbox 591 1803 623 1823; x_wconf 84' lang='lat' dir='ltr'><strong>ex</strong></span> <span class='ocrx_word' id='word_1_276' title='bbox 638 1796 705 1830; x_wconf 85' lang='lat' dir='ltr'><strong>ipso,</strong></span> <span class='ocrx_word' id='word_1_277' title='bbox 721 1799 748 1822; x_wconf 92' lang='lat' dir='ltr'><strong>et</strong></span> <span class='ocrx_word' id='word_1_278' title='bbox 759 1803 808 1830; x_wconf 90' lang='lat' dir='ltr'><strong>per</strong></span> <span class='ocrx_word' id='word_1_279' title='bbox 823 1795 921 1830; x_wconf 87' lang='lat' dir='ltr'><strong>ipsum,</strong></span> <span class='ocrx_word' id='word_1_280' title='bbox 935 1799 962 1822; x_wconf 88' lang='lat' dir='ltr'><strong>et</strong></span> 
     </span>
    </p>
   </div>
   <div class='ocr_carea' id='block_1_37' title="bbox 170 1839 961 1876">
    <p class='ocr_par' dir='ltr' id='par_1_37' title="bbox 170 1839 961 1876">
     <span class='ocr_line' id='line_1_37' title="bbox 170 1839 961 1876; baseline -0.003 -7"><span class='ocrx_word' id='word_1_281' title='bbox 170 1842 197 1869; x_wconf 89' lang='lat' dir='ltr'><strong>in</strong></span> <span class='ocrx_word' id='word_1_282' title='bbox 216 1842 274 1876; x_wconf 90' lang='lat' dir='ltr'><strong>ipso</strong></span> <span class='ocrx_word' id='word_1_283' title='bbox 295 1845 357 1868; x_wconf 91' lang='lat' dir='ltr'><strong>sunt</strong></span> <span class='ocrx_word' id='word_1_284' title='bbox 382 1841 471 1867; x_wconf 89' lang='lat' dir='ltr'><strong>omnia</strong></span> <span class='ocrx_word' id='word_1_285' title='bbox 494 1840 582 1876; x_wconf 86' lang='lat' dir='ltr'><strong>(Rom.</strong></span> <span class='ocrx_word' id='word_1_286' title='bbox 606 1839 645 1876; x_wconf 71' lang='lat' dir='ltr'><strong>XI)</strong></span> <span class='ocrx_word' id='word_1_287' title='bbox 665 1850 674 1866; x_wconf 71' lang='grc' dir='ltr'><strong>ι</strong></span> <span class='ocrx_word' id='word_1_288' title='bbox 702 1849 708 1867; x_wconf 89' lang='lat'><strong>:</strong></span> <span class='ocrx_word' id='word_1_289' title='bbox 731 1840 777 1875; x_wconf 86' lang='lat' dir='ltr'><strong>qui</strong></span> <span class='ocrx_word' id='word_1_290' title='bbox 798 1840 879 1867; x_wconf 85' lang='lat' dir='ltr'><strong>etiam</strong></span> <span class='ocrx_word' id='word_1_291' title='bbox 899 1840 961 1867; x_wconf 80' lang='lat' dir='ltr'><strong>facit</strong></span> 
     </span>
    </p>
   </div>
   <div class='ocr_carea' id='block_1_38' title="bbox 170 1885 960 1921">
    <p class='ocr_par' dir='ltr' id='par_1_38' title="bbox 170 1885 960 1921">
     <span class='ocr_line' id='line_1_38' title="bbox 170 1885 960 1921; baseline -0.001 -8"><span class='ocrx_word' id='word_1_292' title='bbox 170 1894 268 1921; x_wconf 80' lang='lat' dir='ltr'><strong>magna</strong></span> <span class='ocrx_word' id='word_1_293' title='bbox 295 1890 322 1913; x_wconf 91' lang='lat' dir='ltr'><strong>et</strong></span> <span class='ocrx_word' id='word_1_294' title='bbox 346 1886 540 1913; x_wconf 85' lang='lat' dir='ltr'><strong>inscrutabilia.</strong></span> <span class='ocrx_word' id='word_1_295' title='bbox 566 1885 634 1913; x_wconf 87' lang='lat' dir='ltr'><strong>Hine</strong></span> <span class='ocrx_word' id='word_1_296' title='bbox 655 1889 681 1913; x_wconf 88' lang='lat' dir='ltr'><strong>et</strong></span> <span class='ocrx_word' id='word_1_297' title='bbox 706 1885 882 1913; x_wconf 78' lang='lat' dir='ltr'><strong>Ecclesiastes</strong></span> <span class='ocrx_word' id='word_1_298' title='bbox 901 1886 960 1913; x_wconf 88' lang='lat' dir='ltr'><strong>ait:</strong></span> 
     </span>
    </p>
   </div>
   <div class='ocr_carea' id='block_1_39' title="bbox 173 1929 963 1966">
    <p class='ocr_par' dir='ltr' id='par_1_39' title="bbox 173 1929 963 1966">
     <span class='ocr_line' id='line_1_39' title="bbox 173 1929 963 1966; baseline -0.001 -8"><span class='ocrx_word' id='word_1_299' title='bbox 173 1942 183 1958; x_wconf 73' lang='grc' dir='ltr'><strong>ι</strong></span> <span class='ocrx_word' id='word_1_300' title='bbox 202 1932 322 1959; x_wconf 83' lang='lat' dir='ltr'><strong>Intellexi</strong></span> <span class='ocrx_word' id='word_1_301' title='bbox 338 1931 408 1966; x_wconf 90' lang='lat' dir='ltr'><strong>quod</strong></span> <span class='ocrx_word' id='word_1_302' title='bbox 422 1931 542 1958; x_wconf 88' lang='lat' dir='ltr'><strong>omnium</strong></span> <span class='ocrx_word' id='word_1_303' title='bbox 562 1938 673 1965; x_wconf 87' lang='lat' dir='ltr'><strong>operum</strong></span> <span class='ocrx_word' id='word_1_304' title='bbox 692 1929 736 1956; x_wconf 87' lang='lat' dir='ltr'><strong>Dei</strong></span> <span class='ocrx_word' id='word_1_305' title='bbox 759 1930 859 1956; x_wconf 90' lang='lat' dir='ltr'><strong>nullam</strong></span> <span class='ocrx_word' id='word_1_306' title='bbox 877 1930 963 1964; x_wconf 87' lang='lat' dir='ltr'><strong>possit</strong></span> 
     </span>
    </p>
   </div>
   <div class='ocr_carea' id='block_1_40' title="bbox 171 1975 962 2010">
    <p class='ocr_par' dir='ltr' id='par_1_40' title="bbox 171 1975 962 2010">
     <span class='ocr_line' id='line_1_40' title="bbox 171 1975 962 2010; baseline -0.001 -6"><span class='ocrx_word' id='word_1_307' title='bbox 171 1978 251 2005; x_wconf 91' lang='lat' dir='ltr'><strong>homo</strong></span> <span class='ocrx_word' id='word_1_308' title='bbox 267 1977 388 2004; x_wconf 86' lang='lat' dir='ltr'><strong>invenire</strong></span> <span class='ocrx_word' id='word_1_309' title='bbox 404 1977 535 2003; x_wconf 87' lang='lat' dir='ltr'><strong>rationem</strong></span> <span class='ocrx_word' id='word_1_310' title='bbox 549 1983 658 2007; x_wconf 87' lang='lat' dir='ltr'><strong>eorum,</strong></span> <span class='ocrx_word' id='word_1_311' title='bbox 681 1983 741 2010; x_wconf 77' lang='lat' dir='ltr'><strong>quae</strong></span> <span class='ocrx_word' id='word_1_312' title='bbox 758 1975 824 2002; x_wconf 84' lang='lat' dir='ltr'><strong>ﬁunt</strong></span> <span class='ocrx_word' id='word_1_313' title='bbox 843 1976 892 2003; x_wconf 91' lang='lat' dir='ltr'><strong>sub</strong></span> <span class='ocrx_word' id='word_1_314' title='bbox 906 1976 962 2003; x_wconf 90' lang='lat' dir='ltr'><strong>sole</strong></span> 
     </span>
    </p>
   </div>
   <div class='ocr_carea' id='block_1_41' title="bbox 168 2022 957 2059">
    <p class='ocr_par' dir='ltr' id='par_1_41' title="bbox 168 2022 957 2059">
     <span class='ocr_line' id='line_1_41' title="bbox 168 2022 957 2059; baseline -0.005 -7"><span class='ocrx_word' id='word_1_315' title='bbox 168 2030 196 2052; x_wconf 89' lang='lat' dir='ltr'><strong>et</strong></span> <span class='ocrx_word' id='word_1_316' title='bbox 208 2030 308 2058; x_wconf 88' lang='lat' dir='ltr'><strong>quanto</strong></span> <span class='ocrx_word' id='word_1_317' title='bbox 322 2024 439 2059; x_wconf 85' lang='lat' dir='ltr'><strong>amplius</strong></span> <span class='ocrx_word' id='word_1_318' title='bbox 451 2023 614 2050; x_wconf 68' lang='lat' dir='ltr'><strong>laborat-erit</strong></span> <span class='ocrx_word' id='word_1_319' title='bbox 630 2023 662 2049; x_wconf 90' lang='lat' dir='ltr'><strong>ad</strong></span> <span class='ocrx_word' id='word_1_320' title='bbox 677 2022 863 2056; x_wconf 83' lang='lat' dir='ltr'><strong>qua-rendam,</strong></span> <span class='ocrx_word' id='word_1_321' title='bbox 882 2026 957 2048; x_wconf 88' lang='lat' dir='ltr'><strong>tanto</strong></span> 
     </span>
    </p>
   </div>
   <div class='ocr_carea' id='block_1_42' title="bbox 169 2068 955 2102">
    <p class='ocr_par' dir='ltr' id='par_1_42' title="bbox 169 2068 955 2102">
     <span class='ocr_line' id='line_1_42' title="bbox 169 2068 955 2102; baseline -0.005 -5"><span class='ocrx_word' id='word_1_322' title='bbox 169 2072 259 2097; x_wconf 85' lang='lat' dir='ltr'><strong>minus</strong></span> <span class='ocrx_word' id='word_1_323' title='bbox 272 2071 390 2097; x_wconf 83' lang='lat' dir='ltr'><strong>inveniet</strong></span> <span class='ocrx_word' id='word_1_324' title='bbox 411 2077 419 2096; x_wconf 85' lang='lat'><strong>:</strong></span> <span class='ocrx_word' id='word_1_325' title='bbox 437 2070 516 2095; x_wconf 89' lang='lat' dir='ltr'><strong>etiam</strong></span> <span class='ocrx_word' id='word_1_326' title='bbox 537 2068 559 2095; x_wconf 88' lang='lat' dir='ltr'><strong>si</strong></span> <span class='ocrx_word' id='word_1_327' title='bbox 572 2068 669 2094; x_wconf 71' lang='lat' dir='ltr'><strong>dixerit</strong></span> <span class='ocrx_word' id='word_1_328' title='bbox 685 2068 793 2102; x_wconf 87' lang='lat' dir='ltr'><strong>sapiens</strong></span> <span class='ocrx_word' id='word_1_329' title='bbox 817 2074 846 2094; x_wconf 89' lang='lat' dir='ltr'><strong>se</strong></span> <span class='ocrx_word' id='word_1_330' title='bbox 864 2074 955 2098; x_wconf 88' lang='lat' dir='ltr'><strong>nosse,</strong></span> 
     </span>
    </p>
   </div>
   <div class='ocr_carea' id='block_1_43' title="bbox 169 2112 957 2149">
    <p class='ocr_par' dir='ltr' id='par_1_43' title="bbox 169 2112 957 2149">
     <span class='ocr_line' id='line_1_43' title="bbox 169 2112 957 2149; baseline -0.008 -5"><span class='ocrx_word' id='word_1_331' title='bbox 169 2124 222 2144; x_wconf 90' lang='lat' dir='ltr'><strong>non</strong></span> <span class='ocrx_word' id='word_1_332' title='bbox 257 2116 354 2149; x_wconf 88' lang='lat' dir='ltr'><strong>poterit</strong></span> <span class='ocrx_word' id='word_1_333' title='bbox 374 2115 497 2142; x_wconf 89' lang='lat' dir='ltr'><strong>invenire</strong></span> <span class='ocrx_word' id='word_1_334' title='bbox 522 2113 622 2147; x_wconf 84' lang='lat' dir='ltr'><strong>(Eccl.</strong></span> <span class='ocrx_word' id='word_1_335' title='bbox 644 2121 690 2140; x_wconf 84' lang='lat' dir='ltr'><strong>vni</strong></span> <span class='ocrx_word' id='word_1_336' title='bbox 704 2113 726 2147; x_wconf 91' lang='lat'><strong>).</strong></span> <span class='ocrx_word' id='word_1_337' title='bbox 748 2122 757 2139; x_wconf 70' lang='grc' dir='ltr'><strong>ι</strong></span> <span class='ocrx_word' id='word_1_338' title='bbox 783 2112 860 2144; x_wconf 85' lang='lat' dir='ltr'><strong>Quod</strong></span> <span class='ocrx_word' id='word_1_339' title='bbox 885 2112 957 2139; x_wconf 89' lang='lat' dir='ltr'><strong>enim</strong></span> 
     </span>
    </p>
   </div>
   <div class='ocr_carea' id='block_1_44' title="bbox 166 2155 955 2191">
    <p class='ocr_par' dir='ltr' id='par_1_44' title="bbox 166 2155 955 2191">
     <span class='ocr_line' id='line_1_44' title="bbox 166 2155 955 2191; baseline -0.006 -4"><span class='ocrx_word' id='word_1_340' title='bbox 166 2161 247 2187; x_wconf 92' lang='lat' dir='ltr'><strong>alium</strong></span> <span class='ocrx_word' id='word_1_341' title='bbox 265 2161 334 2187; x_wconf 84' lang='lat' dir='ltr'><strong>Deus</strong></span> <span class='ocrx_word' id='word_1_342' title='bbox 350 2159 473 2186; x_wconf 89' lang='lat' dir='ltr'><strong>humiliat</strong></span> <span class='ocrx_word' id='word_1_343' title='bbox 488 2162 515 2185; x_wconf 89' lang='lat' dir='ltr'><strong>et</strong></span> <span class='ocrx_word' id='word_1_344' title='bbox 529 2157 610 2184; x_wconf 86' lang='lat' dir='ltr'><strong>alium</strong></span> <span class='ocrx_word' id='word_1_345' title='bbox 621 2156 733 2189; x_wconf 82' lang='lat' dir='ltr'><strong>exultat,</strong></span> <span class='ocrx_word' id='word_1_346' title='bbox 746 2164 800 2183; x_wconf 71' lang='lat' dir='ltr'><strong>sua:</strong></span> <span class='ocrx_word' id='word_1_347' title='bbox 812 2155 955 2191; x_wconf 85' lang='lat' dir='ltr'><strong>potestatis</strong></span> 
     </span>
    </p>
   </div>
   <div class='ocr_carea' id='block_1_45' title="bbox 168 2202 805 2240">
    <p class='ocr_par' dir='ltr' id='par_1_45' title="bbox 168 2202 805 2240">
     <span class='ocr_line' id='line_1_45' title="bbox 168 2202 805 2240; baseline -0.005 -9"><span class='ocrx_word' id='word_1_348' title='bbox 168 2210 248 2239; x_wconf 88' lang='lat' dir='ltr'><strong>atque</strong></span> <span class='ocrx_word' id='word_1_349' title='bbox 260 2205 354 2240; x_wconf 85' lang='lat' dir='ltr'><strong>judieii</strong></span> <span class='ocrx_word' id='word_1_350' title='bbox 366 2209 418 2237; x_wconf 88' lang='lat' dir='ltr'><strong>est,</strong></span> <span class='ocrx_word' id='word_1_351' title='bbox 434 2204 504 2231; x_wconf 89' lang='lat' dir='ltr'><strong>sicut</strong></span> <span class='ocrx_word' id='word_1_352' title='bbox 519 2202 657 2237; x_wconf 88' lang='lat' dir='ltr'><strong>sequentia</strong></span> <span class='ocrx_word' id='word_1_353' title='bbox 671 2202 787 2236; x_wconf 89' lang='lat' dir='ltr'><strong>probant</strong></span> <span class='ocrx_word' id='word_1_354' title='bbox 800 2210 805 2228; x_wconf 95' lang='lat'><strong>:</strong></span> 
     </span>
    </p>
   </div>
   <div class='ocr_carea' id='block_1_46' title="bbox 960 218 1792 257">
    <p class='ocr_par' dir='ltr' id='par_1_46' title="bbox 960 218 1792 257">
     <span class='ocr_line' id='line_1_46' title="bbox 960 218 1792 257; baseline -0.006 -7"><span class='ocrx_word' id='word_1_355' title='bbox 960 224 985 253; x_wconf 73' lang='grc' dir='ltr'><strong>Α</strong></span> <span class='ocrx_word' id='word_1_356' title='bbox 1000 223 1183 250; x_wconf 65' lang='lat' dir='ltr'><strong>haereditatem</strong></span> <span class='ocrx_word' id='word_1_357' title='bbox 1194 226 1362 257; x_wconf 74' lang='lat' dir='ltr'><strong>perpetuam,</strong></span> <span class='ocrx_word' id='word_1_358' title='bbox 1375 219 1484 248; x_wconf 82' lang='lat' dir='ltr'><strong>Christo</strong></span> <span class='ocrx_word' id='word_1_359' title='bbox 1498 218 1647 251; x_wconf 79' lang='lat' dir='ltr'><strong>tribuente,</strong></span> <span class='ocrx_word' id='word_1_360' title='bbox 1664 223 1792 254; x_wconf 80' lang='lat' dir='ltr'><strong>percepit</strong></span> 
     </span>
    </p>
   </div>
   <div class='ocr_carea' id='block_1_47' title="bbox 1000 268 1638 305">
    <p class='ocr_par' dir='ltr' id='par_1_47' title="bbox 1000 268 1638 305">
     <span class='ocr_line' id='line_1_47' title="bbox 1000 268 1638 305; baseline -0.002 -9"><span class='ocrx_word' id='word_1_361' title='bbox 1000 270 1091 305; x_wconf 82' lang='lat' dir='ltr'><strong>(Hebr.</strong></span> <span class='ocrx_word' id='word_1_362' title='bbox 1108 268 1157 303; x_wconf 80' lang='lat' dir='ltr'><strong>ix).</strong></span> <span class='ocrx_word' id='word_1_363' title='bbox 1636 293 1638 295; x_wconf 78' lang='lat'><strong>.</strong></span> 
     </span>
    </p>
   </div>
   <div class='ocr_carea' id='block_1_48' title="bbox 1038 314 1789 350">
    <p class='ocr_par' dir='ltr' id='par_1_48' title="bbox 1038 314 1789 350">
     <span class='ocr_line' id='line_1_48' title="bbox 1038 314 1789 350; baseline -0.003 -9"><span class='ocrx_word' id='word_1_364' title='bbox 1038 325 1047 341; x_wconf 75' lang='grc' dir='ltr'><strong>ι</strong></span> <span class='ocrx_word' id='word_1_365' title='bbox 1063 316 1140 343; x_wconf 80' lang='lat' dir='ltr'><strong>Prius</strong></span> <span class='ocrx_word' id='word_1_366' title='bbox 1151 321 1232 349; x_wconf 89' lang='lat' dir='ltr'><strong>quam</strong></span> <span class='ocrx_word' id='word_1_367' title='bbox 1247 315 1408 350; x_wconf 70' lang='lat' dir='ltr'><strong>interroges,</strong></span> <span class='ocrx_word' id='word_1_368' title='bbox 1418 321 1452 342; x_wconf 89' lang='lat' dir='ltr'><strong>ne</strong></span> <span class='ocrx_word' id='word_1_369' title='bbox 1462 314 1597 348; x_wconf 86' lang='lat' dir='ltr'><strong>vituperes</strong></span> <span class='ocrx_word' id='word_1_370' title='bbox 1607 319 1789 348; x_wconf 82' lang='lat' dir='ltr'><strong>quemquam;</strong></span> 
     </span>
    </p>
   </div>
   <div class='ocr_carea' id='block_1_49' title="bbox 1004 355 1791 393">
    <p class='ocr_par' dir='ltr' id='par_1_49' title="bbox 1004 355 1791 393">
     <span class='ocr_line' id='line_1_49' title="bbox 1004 355 1791 393; baseline 0 -10"><span class='ocrx_word' id='word_1_371' title='bbox 1004 368 1013 383; x_wconf 79' lang='grc' dir='ltr'><strong>ι</strong></span> <span class='ocrx_word' id='word_1_372' title='bbox 1028 363 1055 385; x_wconf 89' lang='lat' dir='ltr'><strong>et</strong></span> <span class='ocrx_word' id='word_1_373' title='bbox 1067 366 1127 385; x_wconf 88' lang='lat' dir='ltr'><strong>cum</strong></span> <span class='ocrx_word' id='word_1_374' title='bbox 1142 358 1564 393; x_wconf 76' lang='lat' dir='ltr'><strong>interregaveris.corripejuste.</strong></span> <span class='ocrx_word' id='word_1_375' title='bbox 1578 366 1587 383; x_wconf 74' lang='grc' dir='ltr'><strong>ι</strong></span> <span class='ocrx_word' id='word_1_376' title='bbox 1600 355 1791 384; x_wconf 81' lang='lat' dir='ltr'><strong>Temerarinm</strong></span> 
     </span>
    </p>
   </div>
   <div class='ocr_carea' id='block_1_50' title="bbox 1003 402 1792 439">
    <p class='ocr_par' dir='ltr' id='par_1_50' title="bbox 1003 402 1792 439">
     <span class='ocr_line' id='line_1_50' title="bbox 1003 402 1792 439; baseline -0.001 -9"><span class='ocrx_word' id='word_1_377' title='bbox 1003 403 1130 439; x_wconf 82' lang='lat' dir='ltr'><strong>iudicium</strong></span> <span class='ocrx_word' id='word_1_378' title='bbox 1144 411 1195 430; x_wconf 85' lang='lat' dir='ltr'><strong>nos</strong></span> <span class='ocrx_word' id='word_1_379' title='bbox 1211 403 1301 431; x_wconf 81' lang='lat' dir='ltr'><strong>iacere</strong></span> <span class='ocrx_word' id='word_1_380' title='bbox 1326 404 1464 438; x_wconf 84' lang='lat' dir='ltr'><strong>prohibet.</strong></span> <span class='ocrx_word' id='word_1_381' title='bbox 1485 403 1555 431; x_wconf 78' lang='lat' dir='ltr'><strong>Hine</strong></span> <span class='ocrx_word' id='word_1_382' title='bbox 1573 403 1641 435; x_wconf 79' lang='lat' dir='ltr'><strong>etin</strong></span> <span class='ocrx_word' id='word_1_383' title='bbox 1661 402 1721 437; x_wconf 78' lang='lat' dir='ltr'><strong>lege</strong></span> <span class='ocrx_word' id='word_1_384' title='bbox 1737 402 1792 429; x_wconf 88' lang='lat' dir='ltr'><strong>Do-</strong></span> 
     </span>
    </p>
   </div>
   <div class='ocr_carea' id='block_1_51' title="bbox 1003 448 1791 484">
    <p class='ocr_par' dir='ltr' id='par_1_51' title="bbox 1003 448 1791 484">
     <span class='ocr_line' id='line_1_51' title="bbox 1003 448 1791 484; baseline -0.001 -8"><span class='ocrx_word' id='word_1_385' title='bbox 1003 449 1093 476; x_wconf 85' lang='lat' dir='ltr'><strong>minus</strong></span> <span class='ocrx_word' id='word_1_386' title='bbox 1099 449 1225 483; x_wconf 71' lang='lat' dir='ltr'><strong>przeeepit</strong></span> <span class='ocrx_word' id='word_1_387' title='bbox 1240 456 1273 476; x_wconf 91' lang='lat' dir='ltr'><strong>ne</strong></span> <span class='ocrx_word' id='word_1_388' title='bbox 1282 449 1424 484; x_wconf 83' lang='lat' dir='ltr'><strong>quisquam</strong></span> <span class='ocrx_word' id='word_1_389' title='bbox 1436 449 1575 484; x_wconf 78' lang='lat' dir='ltr'><strong>puniretur</strong></span> <span class='ocrx_word' id='word_1_390' title='bbox 1585 448 1727 480; x_wconf 83' lang='lat' dir='ltr'><strong>innocens,</strong></span> <span class='ocrx_word' id='word_1_391' title='bbox 1738 455 1791 475; x_wconf 83' lang='lat' dir='ltr'><strong>nec</strong></span> 
     </span>
    </p>
   </div>
   <div class='ocr_carea' id='block_1_52' title="bbox 1003 494 1791 527">
    <p class='ocr_par' dir='ltr' id='par_1_52' title="bbox 1003 494 1791 527">
     <span class='ocr_line' id='line_1_52' title="bbox 1003 494 1791 527; baseline -0.001 -6"><span class='ocrx_word' id='word_1_392' title='bbox 1003 501 1058 521; x_wconf 86' lang='lat' dir='ltr'><strong>uno</strong></span> <span class='ocrx_word' id='word_1_393' title='bbox 1072 499 1165 522; x_wconf 85' lang='lat' dir='ltr'><strong>contra</strong></span> <span class='ocrx_word' id='word_1_394' title='bbox 1179 502 1209 522; x_wconf 88' lang='lat' dir='ltr'><strong>se</strong></span> <span class='ocrx_word' id='word_1_395' title='bbox 1223 495 1330 523; x_wconf 86' lang='lat' dir='ltr'><strong>dicente</strong></span> <span class='ocrx_word' id='word_1_396' title='bbox 1342 495 1541 527; x_wconf 84' lang='lat' dir='ltr'><strong>testimonium,</strong></span> <span class='ocrx_word' id='word_1_397' title='bbox 1554 494 1600 521; x_wconf 85' lang='lat' dir='ltr'><strong>sed</strong></span> <span class='ocrx_word' id='word_1_398' title='bbox 1614 495 1641 521; x_wconf 89' lang='lat' dir='ltr'><strong>in</strong></span> <span class='ocrx_word' id='word_1_399' title='bbox 1657 501 1706 521; x_wconf 90' lang='lat' dir='ltr'><strong>ore</strong></span> <span class='ocrx_word' id='word_1_400' title='bbox 1720 494 1791 520; x_wconf 89' lang='lat' dir='ltr'><strong>duo-</strong></span> 
     </span>
    </p>
   </div>
   <div class='ocr_carea' id='block_1_53' title="bbox 1002 531 1790 574">
    <p class='ocr_par' dir='ltr' id='par_1_53' title="bbox 1002 531 1790 574">
     <span class='ocr_line' id='line_1_53' title="bbox 1002 531 1790 574; baseline 0 -8"><span class='ocrx_word' id='word_1_401' title='bbox 1002 547 1062 567; x_wconf 91' lang='lat' dir='ltr'><strong>rum</strong></span> <span class='ocrx_word' id='word_1_402' title='bbox 1078 540 1119 567; x_wconf 89' lang='lat' dir='ltr'><strong>vel</strong></span> <span class='ocrx_word' id='word_1_403' title='bbox 1144 541 1224 568; x_wconf 88' lang='lat' dir='ltr'><strong>trium</strong></span> <span class='ocrx_word' id='word_1_404' title='bbox 1238 541 1347 568; x_wconf 87' lang='lat' dir='ltr'><strong>testium</strong></span> <span class='ocrx_word' id='word_1_405' title='bbox 1360 531 1458 568; x_wconf 43' lang='lat' dir='ltr'><strong>staret&#39;</strong></span> <span class='ocrx_word' id='word_1_406' title='bbox 1469 548 1551 568; x_wconf 88' lang='lat' dir='ltr'><strong>omne</strong></span> <span class='ocrx_word' id='word_1_407' title='bbox 1567 540 1679 568; x_wconf 85' lang='lat' dir='ltr'><strong>verbum</strong></span> <span class='ocrx_word' id='word_1_408' title='bbox 1696 539 1790 574; x_wconf 74' lang='lat' dir='ltr'><strong>(Deut.</strong></span> 
     </span>
    </p>
   </div>
   <div class='ocr_carea' id='block_1_54' title="bbox 1002 584 1791 618">
    <p class='ocr_par' dir='ltr' id='par_1_54' title="bbox 1002 584 1791 618">
     <span class='ocr_line' id='line_1_54' title="bbox 1002 584 1791 618; baseline -0.001 -6"><span class='ocrx_word' id='word_1_409' title='bbox 1002 593 1071 617; x_wconf 78' lang='lat' dir='ltr'><strong>xvii,</strong></span> <span class='ocrx_word' id='word_1_410' title='bbox 1086 593 1131 612; x_wconf 74' lang='lat' dir='ltr'><strong>xu</strong></span> <span class='ocrx_word' id='word_1_411' title='bbox 1146 594 1153 618; x_wconf 86' lang='lat'>;</span> <span class='ocrx_word' id='word_1_412' title='bbox 1172 585 1268 613; x_wconf 77' lang='lat' dir='ltr'><strong>Matth.</strong></span> <span class='ocrx_word' id='word_1_413' title='bbox 1283 586 1373 617; x_wconf 78' lang='lat' dir='ltr'><strong>xvtu).</strong></span> <span class='ocrx_word' id='word_1_414' title='bbox 1394 586 1527 614; x_wconf 88' lang='lat' dir='ltr'><strong>Similiter</strong></span> <span class='ocrx_word' id='word_1_415' title='bbox 1542 590 1568 613; x_wconf 90' lang='lat' dir='ltr'><strong>et</strong></span> <span class='ocrx_word' id='word_1_416' title='bbox 1582 586 1721 618; x_wconf 85' lang='lat' dir='ltr'><strong>apostolus</strong></span> <span class='ocrx_word' id='word_1_417' title='bbox 1739 584 1791 612; x_wconf 82' lang='lat' dir='ltr'><strong>Ti-</strong></span> 
     </span>
    </p>
   </div>
   <div class='ocr_carea' id='block_1_55' title="bbox 1003 627 1790 663">
    <p class='ocr_par' dir='ltr' id='par_1_55' title="bbox 1003 627 1790 663">
     <span class='ocr_line' id='line_1_55' title="bbox 1003 627 1790 663; baseline -0.001 -9"><span class='ocrx_word' id='word_1_418' title='bbox 1003 627 1111 654; x_wconf 88' lang='lat' dir='ltr'><strong>motheo</strong></span> <span class='ocrx_word' id='word_1_419' title='bbox 1116 627 1193 662; x_wconf 84' lang='lat' dir='ltr'><strong>jubet</strong></span> <span class='ocrx_word' id='word_1_420' title='bbox 1202 628 1378 655; x_wconf 87' lang='lat' dir='ltr'><strong>utadversum</strong></span> <span class='ocrx_word' id='word_1_421' title='bbox 1390 629 1575 663; x_wconf 86' lang='lat' dir='ltr'><strong>presbyterum</strong></span> <span class='ocrx_word' id='word_1_422' title='bbox 1583 628 1790 654; x_wconf 82' lang='lat' dir='ltr'><strong>accusationem</strong></span> 
     </span>
    </p>
   </div>
   <div class='ocr_carea' id='block_1_56' title="bbox 1003 669 1791 703">
    <p class='ocr_par' dir='ltr' id='par_1_56' title="bbox 1003 669 1791 703">
     <span class='ocr_line' id='line_1_56' title="bbox 1003 669 1791 703; baseline 0.003 -8"><span class='ocrx_word' id='word_1_423' title='bbox 1003 675 1057 695; x_wconf 87' lang='lat' dir='ltr'><strong>nou</strong></span> <span class='ocrx_word' id='word_1_424' title='bbox 1074 669 1195 703; x_wconf 84' lang='lat' dir='ltr'><strong>recipiat,</strong></span> <span class='ocrx_word' id='word_1_425' title='bbox 1214 670 1264 696; x_wconf 88' lang='lat' dir='ltr'><strong>nisi</strong></span> <span class='ocrx_word' id='word_1_426' title='bbox 1288 670 1338 697; x_wconf 83' lang='lat' dir='ltr'><strong>sub</strong></span> <span class='ocrx_word' id='word_1_427' title='bbox 1364 669 1470 697; x_wconf 85' lang='lat' dir='ltr'><strong>duobus</strong></span> <span class='ocrx_word' id='word_1_428' title='bbox 1482 674 1528 696; x_wconf 89' lang='lat' dir='ltr'><strong>aut</strong></span> <span class='ocrx_word' id='word_1_429' title='bbox 1545 670 1632 697; x_wconf 86' lang='lat' dir='ltr'><strong>tribus</strong></span> <span class='ocrx_word' id='word_1_430' title='bbox 1646 669 1763 696; x_wconf 88' lang='lat' dir='ltr'><strong>testibus</strong></span> <span class='ocrx_word' id='word_1_431' title='bbox 1782 676 1791 697; x_wconf 86' lang='lat'><strong>:</strong></span> 
     </span>
    </p>
   </div>
   <div class='ocr_carea' id='block_1_57' title="bbox 1004 713 1792 750">
    <p class='ocr_par' dir='ltr' id='par_1_57' title="bbox 1004 713 1792 750">
     <span class='ocr_line' id='line_1_57' title="bbox 1004 713 1792 750; baseline 0.001 -10"><span class='ocrx_word' id='word_1_432' title='bbox 1004 718 1147 747; x_wconf 85' lang='lat' dir='ltr'><strong>peccantes</strong></span> <span class='ocrx_word' id='word_1_433' title='bbox 1158 719 1246 741; x_wconf 87' lang='lat' dir='ltr'><strong>autem</strong></span> <span class='ocrx_word' id='word_1_434' title='bbox 1262 721 1355 742; x_wconf 82' lang='lat' dir='ltr'><strong>coram</strong></span> <span class='ocrx_word' id='word_1_435' title='bbox 1368 713 1496 743; x_wconf 84' lang='lat' dir='ltr'><strong>omnibus</strong></span> <span class='ocrx_word' id='word_1_436' title='bbox 1518 717 1626 750; x_wconf 70' lang='lat' dir='ltr'><strong>arguat,</strong></span> <span class='ocrx_word' id='word_1_437' title='bbox 1647 719 1678 741; x_wconf 89' lang='lat' dir='ltr'><strong>ut</strong></span> <span class='ocrx_word' id='word_1_438' title='bbox 1695 713 1792 742; x_wconf 54' lang='lat' dir='ltr'><strong>caeteri</strong></span> 
     </span>
    </p>
   </div>
   <div class='ocr_carea' id='block_1_58' title="bbox 1004 757 1418 793">
    <p class='ocr_par' dir='ltr' id='par_1_58' title="bbox 1004 757 1418 793">
     <span class='ocr_line' id='line_1_58' title="bbox 1004 757 1418 793; baseline 0.005 -8"><span class='ocrx_word' id='word_1_439' title='bbox 1004 762 1105 785; x_wconf 85' lang='lat' dir='ltr'><strong>metum</strong></span> <span class='ocrx_word' id='word_1_440' title='bbox 1127 759 1245 787; x_wconf 77' lang='lat' dir='ltr'><strong>habeant</strong></span> <span class='ocrx_word' id='word_1_441' title='bbox 1259 757 1283 792; x_wconf 91' lang='grc'><strong>(1</strong></span> <span class='ocrx_word' id='word_1_442' title='bbox 1299 758 1367 786; x_wconf 76' lang='lat' dir='ltr'><strong>Tim.</strong></span> <span class='ocrx_word' id='word_1_443' title='bbox 1379 758 1418 793; x_wconf 91' lang='lat' dir='ltr'><strong>v).</strong></span> 
     </span>
    </p>
   </div>
   <div class='ocr_carea' id='block_1_59' title="bbox 1042 815 1804 849">
    <p class='ocr_par' dir='ltr' id='par_1_59' title="bbox 1042 815 1804 849">
     <span class='ocr_line' id='line_1_59' title="bbox 1042 815 1804 849; baseline 0.003 -8"><span class='ocrx_word' id='word_1_444' title='bbox 1042 824 1051 840; x_wconf 75' lang='grc' dir='ltr'><strong>ι</strong></span> <span class='ocrx_word' id='word_1_445' title='bbox 1073 815 1152 841; x_wconf 84' lang='lat' dir='ltr'><strong>Prius</strong></span> <span class='ocrx_word' id='word_1_446' title='bbox 1166 821 1246 849; x_wconf 88' lang='lat' dir='ltr'><strong>quam</strong></span> <span class='ocrx_word' id='word_1_447' title='bbox 1261 815 1371 848; x_wconf 86' lang='lat' dir='ltr'><strong>audias,</strong></span> <span class='ocrx_word' id='word_1_448' title='bbox 1395 822 1429 842; x_wconf 86' lang='lat' dir='ltr'><strong>ne</strong></span> <span class='ocrx_word' id='word_1_449' title='bbox 1449 816 1614 849; x_wconf 84' lang='lat' dir='ltr'><strong>respondeas</strong></span> <span class='ocrx_word' id='word_1_450' title='bbox 1627 817 1758 848; x_wconf 79' lang='lat' dir='ltr'><strong>verbum,</strong></span> <span class='ocrx_word' id='word_1_451' title='bbox 1775 821 1804 843; x_wconf 88' lang='lat' dir='ltr'><strong>et</strong></span> 
     </span>
    </p>
   </div>
   <div class='ocr_carea' id='block_1_60' title="bbox 1008 860 1804 897">
    <p class='ocr_par' dir='ltr' id='par_1_60' title="bbox 1008 860 1804 897">
     <span class='ocr_line' id='line_1_60' title="bbox 1008 860 1804 897; baseline 0.004 -10"><span class='ocrx_word' id='word_1_452' title='bbox 1008 871 1017 886; x_wconf 73' lang='grc' dir='ltr'><strong>ε</strong></span> <span class='ocrx_word' id='word_1_453' title='bbox 1040 860 1067 887; x_wconf 93' lang='lat' dir='ltr'><strong>in</strong></span> <span class='ocrx_word' id='word_1_454' title='bbox 1091 860 1180 887; x_wconf 90' lang='lat' dir='ltr'><strong>medio</strong></span> <span class='ocrx_word' id='word_1_455' title='bbox 1196 867 1351 888; x_wconf 90' lang='lat' dir='ltr'><strong>sermonum</strong></span> <span class='ocrx_word' id='word_1_456' title='bbox 1369 868 1403 887; x_wconf 88' lang='lat' dir='ltr'><strong>ne</strong></span> <span class='ocrx_word' id='word_1_457' title='bbox 1425 860 1637 896; x_wconf 81' lang='lat' dir='ltr'><strong>adjicias~loqui.</strong></span> <span class='ocrx_word' id='word_1_458' title='bbox 1655 869 1672 888; x_wconf 71' lang='grc' dir='ltr'><strong>ι’</strong></span> <span class='ocrx_word' id='word_1_459' title='bbox 1693 862 1732 890; x_wconf 88' lang='lat' dir='ltr'><strong>De</strong></span> <span class='ocrx_word' id='word_1_460' title='bbox 1747 861 1804 897; x_wconf 89' lang='lat' dir='ltr'><strong>quo</strong></span> 
     </span>
    </p>
   </div>
   <div class='ocr_carea' id='block_1_61' title="bbox 968 906 1806 942">
    <p class='ocr_par' dir='ltr' id='par_1_61' title="bbox 968 906 1806 942">
     <span class='ocr_line' id='line_1_61' title="bbox 968 906 1806 942; baseline 0.001 -8"><span class='ocrx_word' id='word_1_461' title='bbox 968 910 991 940; x_wconf 85' lang='grc' dir='ltr'>Β</span> <span class='ocrx_word' id='word_1_462' title='bbox 1005 910 1032 934; x_wconf 86' lang='lat' dir='ltr'><strong>et</strong></span> <span class='ocrx_word' id='word_1_463' title='bbox 1043 906 1071 934; x_wconf 87' lang='lat' dir='ltr'><strong>in</strong></span> <span class='ocrx_word' id='word_1_464' title='bbox 1082 906 1236 933; x_wconf 86' lang='lat' dir='ltr'><strong>Proverbiis</strong></span> <span class='ocrx_word' id='word_1_465' title='bbox 1251 906 1381 941; x_wconf 83' lang='lat' dir='ltr'><strong>scriptum</strong></span> <span class='ocrx_word' id='word_1_466' title='bbox 1396 910 1438 934; x_wconf 89' lang='lat' dir='ltr'><strong>est</strong></span> <span class='ocrx_word' id='word_1_467' title='bbox 1454 915 1460 933; x_wconf 90' lang='lat'>:</span> <span class='ocrx_word' id='word_1_468' title='bbox 1480 915 1489 932; x_wconf 74' lang='grc' dir='ltr'><strong>ι</strong></span> <span class='ocrx_word' id='word_1_469' title='bbox 1506 906 1557 939; x_wconf 90' lang='lat' dir='ltr'><strong>Qui</strong></span> <span class='ocrx_word' id='word_1_470' title='bbox 1569 907 1644 942; x_wconf 89' lang='lat' dir='ltr'><strong>prius</strong></span> <span class='ocrx_word' id='word_1_471' title='bbox 1655 909 1806 942; x_wconf 84' lang='lat' dir='ltr'><strong>respondet</strong></span> 
     </span>
    </p>
   </div>
   <div class='ocr_carea' id='block_1_62' title="bbox 1007 953 1806 988">
    <p class='ocr_par' dir='ltr' id='par_1_62' title="bbox 1007 953 1806 988">
     <span class='ocr_line' id='line_1_62' title="bbox 1007 953 1806 988; baseline 0.001 -8"><span class='ocrx_word' id='word_1_472' title='bbox 1007 957 1155 988; x_wconf 86' lang='lat' dir='ltr'><strong>antequam</strong></span> <span class='ocrx_word' id='word_1_473' title='bbox 1177 953 1285 985; x_wconf 84' lang='lat' dir='ltr'><strong>audiat,</strong></span> <span class='ocrx_word' id='word_1_474' title='bbox 1311 953 1423 980; x_wconf 88' lang='lat' dir='ltr'><strong>stultum</strong></span> <span class='ocrx_word' id='word_1_475' title='bbox 1445 960 1475 983; x_wconf 87' lang='lat' dir='ltr'><strong>se</strong></span> <span class='ocrx_word' id='word_1_476' title='bbox 1498 960 1559 980; x_wconf 86' lang='lat' dir='ltr'><strong>esse</strong></span> <span class='ocrx_word' id='word_1_477' title='bbox 1583 953 1752 981; x_wconf 87' lang='lat' dir='ltr'><strong>demonstrat</strong></span> <span class='ocrx_word' id='word_1_478' title='bbox 1776 958 1806 981; x_wconf 85' lang='lat' dir='ltr'><strong>et</strong></span> 
     </span>
    </p>
   </div>
   <div class='ocr_carea' id='block_1_63' title="bbox 1007 998 1805 1035">
    <p class='ocr_par' dir='ltr' id='par_1_63' title="bbox 1007 998 1805 1035">
     <span class='ocr_line' id='line_1_63' title="bbox 1007 998 1805 1035; baseline 0 -8"><span class='ocrx_word' id='word_1_479' title='bbox 1007 1000 1164 1028; x_wconf 79' lang='lat' dir='ltr'><strong>confusione</strong></span> <span class='ocrx_word' id='word_1_480' title='bbox 1176 1000 1285 1035; x_wconf 79' lang='lat' dir='ltr'><strong>dignum</strong></span> <span class='ocrx_word' id='word_1_481' title='bbox 1301 999 1392 1034; x_wconf 80' lang='lat' dir='ltr'><strong>(Prov.</strong></span> <span class='ocrx_word' id='word_1_482' title='bbox 1414 998 1503 1034; x_wconf 73' lang='lat' dir='ltr'><strong>xvui).</strong></span> <span class='ocrx_word' id='word_1_483' title='bbox 1523 1008 1532 1024; x_wconf 77' lang='grc' dir='ltr'><strong>ι</strong></span> <span class='ocrx_word' id='word_1_484' title='bbox 1555 999 1582 1026; x_wconf 89' lang='lat' dir='ltr'><strong>Id</strong></span> <span class='ocrx_word' id='word_1_485' title='bbox 1595 1003 1647 1031; x_wconf 88' lang='lat' dir='ltr'><strong>est,</strong></span> <span class='ocrx_word' id='word_1_486' title='bbox 1663 1000 1709 1033; x_wconf 90' lang='lat' dir='ltr'><strong>qui</strong></span> <span class='ocrx_word' id='word_1_487' title='bbox 1726 1000 1805 1034; x_wconf 87' lang='lat' dir='ltr'><strong>prius</strong></span> 
     </span>
    </p>
   </div>
   <div class='ocr_carea' id='block_1_64' title="bbox 1008 1039 1806 1080">
    <p class='ocr_par' dir='ltr' id='par_1_64' title="bbox 1008 1039 1806 1080">
     <span class='ocr_line' id='line_1_64' title="bbox 1008 1039 1806 1080; baseline -0.004 -5"><span class='ocrx_word' id='word_1_488' title='bbox 1008 1049 1103 1075; x_wconf 90' lang='lat' dir='ltr'><strong>doctor</strong></span> <span class='ocrx_word' id='word_1_489' title='bbox 1117 1054 1176 1074; x_wconf 88' lang='lat' dir='ltr'><strong>esse</strong></span> <span class='ocrx_word' id='word_1_490' title='bbox 1193 1046 1328 1073; x_wconf 86' lang='lat' dir='ltr'><strong>desiderat</strong></span> <span class='ocrx_word' id='word_1_491' title='bbox 1345 1039 1425 1080; x_wconf 82' lang='lat' dir='ltr'><strong>quam</strong></span> <span class='ocrx_word' id='word_1_492' title='bbox 1441 1045 1547 1077; x_wconf 89' lang='lat' dir='ltr'><strong>discat,</strong></span> <span class='ocrx_word' id='word_1_493' title='bbox 1564 1046 1685 1073; x_wconf 77' lang='lat' dir='ltr'><strong>stultitim</strong></span> <span class='ocrx_word' id='word_1_494' title='bbox 1702 1054 1806 1072; x_wconf 78' lang='lat' dir='ltr'><strong>noxam</strong></span> 
     </span>
    </p>
   </div>
   <div class='ocr_carea' id='block_1_65' title="bbox 1008 1091 1807 1126">
    <p class='ocr_par' dir='ltr' id='par_1_65' title="bbox 1008 1091 1807 1126">
     <span class='ocr_line' id='line_1_65' title="bbox 1008 1091 1807 1126; baseline -0.003 -5"><span class='ocrx_word' id='word_1_495' title='bbox 1008 1101 1061 1121; x_wconf 86' lang='lat' dir='ltr'><strong>non</strong></span> <span class='ocrx_word' id='word_1_496' title='bbox 1076 1093 1202 1120; x_wconf 89' lang='lat' dir='ltr'><strong>declinat.</strong></span> <span class='ocrx_word' id='word_1_497' title='bbox 1220 1091 1269 1124; x_wconf 90' lang='lat' dir='ltr'><strong>Qui</strong></span> <span class='ocrx_word' id='word_1_498' title='bbox 1286 1091 1409 1126; x_wconf 86' lang='lat' dir='ltr'><strong>judicare</strong></span> <span class='ocrx_word' id='word_1_499' title='bbox 1425 1091 1610 1125; x_wconf 77' lang='lat' dir='ltr'><strong>proximorum</strong></span> <span class='ocrx_word' id='word_1_500' title='bbox 1626 1091 1697 1118; x_wconf 79' lang='lat' dir='ltr'><strong>facta</strong></span> <span class='ocrx_word' id='word_1_501' title='bbox 1713 1092 1807 1126; x_wconf 89' lang='lat' dir='ltr'><strong>prius-</strong></span> 
     </span>
    </p>
   </div>
   <div class='ocr_carea' id='block_1_66' title="bbox 1008 1136 1806 1173">
    <p class='ocr_par' dir='ltr' id='par_1_66' title="bbox 1008 1136 1806 1173">
     <span class='ocr_line' id='line_1_66' title="bbox 1008 1136 1806 1173; baseline -0.001 -9"><span class='ocrx_word' id='word_1_502' title='bbox 1008 1145 1089 1173; x_wconf 91' lang='lat' dir='ltr'><strong>quam</strong></span> <span class='ocrx_word' id='word_1_503' title='bbox 1109 1137 1188 1171; x_wconf 89' lang='lat' dir='ltr'><strong>plene</strong></span> <span class='ocrx_word' id='word_1_504' title='bbox 1207 1143 1318 1163; x_wconf 81' lang='lat' dir='ltr'><strong>causam</strong></span> <span class='ocrx_word' id='word_1_505' title='bbox 1334 1136 1475 1170; x_wconf 87' lang='lat' dir='ltr'><strong>utriusque</strong></span> <span class='ocrx_word' id='word_1_506' title='bbox 1492 1136 1576 1170; x_wconf 89' lang='lat' dir='ltr'><strong>partis</strong></span> <span class='ocrx_word' id='word_1_507' title='bbox 1589 1136 1746 1172; x_wconf 76' lang='lat' dir='ltr'><strong>dignoscat,</strong></span> <span class='ocrx_word' id='word_1_508' title='bbox 1762 1136 1806 1163; x_wconf 90' lang='lat' dir='ltr'><strong>in-</strong></span> 
     </span>
    </p>
   </div>
   <div class='ocr_carea' id='block_1_67' title="bbox 1008 1181 1808 1216">
    <p class='ocr_par' dir='ltr' id='par_1_67' title="bbox 1008 1181 1808 1216">
     <span class='ocr_line' id='line_1_67' title="bbox 1008 1181 1808 1216; baseline -0.004 -5"><span class='ocrx_word' id='word_1_509' title='bbox 1008 1183 1131 1211; x_wconf 91' lang='lat' dir='ltr'><strong>ordinate</strong></span> <span class='ocrx_word' id='word_1_510' title='bbox 1150 1182 1270 1214; x_wconf 87' lang='lat' dir='ltr'><strong>festinat,</strong></span> <span class='ocrx_word' id='word_1_511' title='bbox 1290 1186 1317 1208; x_wconf 84' lang='lat' dir='ltr'><strong>et</strong></span> <span class='ocrx_word' id='word_1_512' title='bbox 1338 1181 1383 1209; x_wconf 86' lang='lat' dir='ltr'><strong>ille</strong></span> <span class='ocrx_word' id='word_1_513' title='bbox 1400 1189 1428 1209; x_wconf 92' lang='lat' dir='ltr'><strong>se</strong></span> <span class='ocrx_word' id='word_1_514' title='bbox 1447 1181 1605 1208; x_wconf 86' lang='lat' dir='ltr'><strong>confusione</strong></span> <span class='ocrx_word' id='word_1_515' title='bbox 1625 1182 1737 1216; x_wconf 79' lang='lat' dir='ltr'><strong>dignum</strong></span> <span class='ocrx_word' id='word_1_516' title='bbox 1757 1181 1808 1208; x_wconf 87' lang='lat' dir='ltr'><strong>de—</strong></span> 
     </span>
    </p>
   </div>
   <div class='ocr_carea' id='block_1_68' title="bbox 1009 1227 1806 1263">
    <p class='ocr_par' dir='ltr' id='par_1_68' title="bbox 1009 1227 1806 1263">
     <span class='ocr_line' id='line_1_68' title="bbox 1009 1227 1806 1263; baseline -0.003 -7"><span class='ocrx_word' id='word_1_517' title='bbox 1009 1233 1157 1261; x_wconf 86' lang='lat' dir='ltr'><strong>monstrat,</strong></span> <span class='ocrx_word' id='word_1_518' title='bbox 1174 1228 1237 1263; x_wconf 89' lang='lat' dir='ltr'><strong>quia</strong></span> <span class='ocrx_word' id='word_1_519' title='bbox 1252 1227 1337 1263; x_wconf 78' lang='lat' dir='ltr'><strong>magis</strong></span> <span class='ocrx_word' id='word_1_520' title='bbox 1353 1228 1521 1263; x_wconf 86' lang='lat' dir='ltr'><strong>pertinacem</strong></span> <span class='ocrx_word' id='word_1_521' title='bbox 1541 1235 1624 1262; x_wconf 90' lang='lat' dir='ltr'><strong>quam</strong></span> <span class='ocrx_word' id='word_1_522' title='bbox 1641 1227 1806 1262; x_wconf 87' lang='lat' dir='ltr'><strong>prudentem</strong></span> 
     </span>
    </p>
   </div>
   <div class='ocr_carea' id='block_1_69' title="bbox 1009 1273 1188 1308">
    <p class='ocr_par' dir='ltr' id='par_1_69' title="bbox 1009 1273 1188 1308">
     <span class='ocr_line' id='line_1_69' title="bbox 1009 1273 1188 1308; baseline -0.006 -7"><span class='ocrx_word' id='word_1_523' title='bbox 1009 1281 1069 1301; x_wconf 90' lang='lat' dir='ltr'><strong>esse</strong></span> <span class='ocrx_word' id='word_1_524' title='bbox 1082 1273 1188 1308; x_wconf 88' lang='lat' dir='ltr'><strong>probat.</strong></span> 
     </span>
    </p>
   </div>
   <div class='ocr_carea' id='block_1_70' title="bbox 1048 1318 1806 1354">
    <p class='ocr_par' dir='ltr' id='par_1_70' title="bbox 1048 1318 1806 1354">
     <span class='ocr_line' id='line_1_70' title="bbox 1048 1318 1806 1354; baseline -0.001 -8"><span class='ocrx_word' id='word_1_525' title='bbox 1048 1329 1057 1346; x_wconf 81' lang='grc' dir='ltr'><strong>ι</strong></span> <span class='ocrx_word' id='word_1_526' title='bbox 1078 1320 1116 1346; x_wconf 89' lang='lat' dir='ltr'><strong>De</strong></span> <span class='ocrx_word' id='word_1_527' title='bbox 1128 1327 1160 1347; x_wconf 90' lang='lat' dir='ltr'><strong>ea</strong></span> <span class='ocrx_word' id='word_1_528' title='bbox 1176 1326 1206 1346; x_wconf 90' lang='lat' dir='ltr'><strong>re</strong></span> <span class='ocrx_word' id='word_1_529' title='bbox 1220 1326 1280 1354; x_wconf 65' lang='lat' dir='ltr'><strong>qum</strong></span> <span class='ocrx_word' id='word_1_530' title='bbox 1292 1322 1319 1346; x_wconf 88' lang='lat' dir='ltr'><strong>te</strong></span> <span class='ocrx_word' id='word_1_531' title='bbox 1333 1326 1387 1346; x_wconf 92' lang='lat' dir='ltr'><strong>non</strong></span> <span class='ocrx_word' id='word_1_532' title='bbox 1403 1318 1528 1346; x_wconf 90' lang='lat' dir='ltr'><strong>molestat</strong></span> <span class='ocrx_word' id='word_1_533' title='bbox 1543 1325 1577 1345; x_wconf 90' lang='lat' dir='ltr'><strong>ne</strong></span> <span class='ocrx_word' id='word_1_534' title='bbox 1590 1318 1719 1351; x_wconf 83' lang='lat' dir='ltr'><strong>certcris;</strong></span> <span class='ocrx_word' id='word_1_535' title='bbox 1733 1322 1761 1346; x_wconf 88' lang='lat' dir='ltr'><strong>et</strong></span> <span class='ocrx_word' id='word_1_536' title='bbox 1776 1326 1806 1345; x_wconf 81' lang='grc' dir='ltr'><strong>ιιι</strong></span> 
     </span>
    </p>
   </div>
   <div class='ocr_carea' id='block_1_71' title="bbox 1015 1363 1806 1399">
    <p class='ocr_par' dir='ltr' id='par_1_71' title="bbox 1015 1363 1806 1399">
     <span class='ocr_line' id='line_1_71' title="bbox 1015 1363 1806 1399; baseline -0.001 -8"><span class='ocrx_word' id='word_1_537' title='bbox 1015 1374 1023 1391; x_wconf 89' lang='grc' dir='ltr'><strong>ι</strong></span> <span class='ocrx_word' id='word_1_538' title='bbox 1042 1364 1143 1399; x_wconf 86' lang='lat' dir='ltr'><strong>judicio</strong></span> <span class='ocrx_word' id='word_1_539' title='bbox 1155 1364 1325 1399; x_wconf 89' lang='lat' dir='ltr'><strong>peccantium</strong></span> <span class='ocrx_word' id='word_1_540' title='bbox 1340 1372 1373 1391; x_wconf 92' lang='lat' dir='ltr'><strong>ne</strong></span> <span class='ocrx_word' id='word_1_541' title='bbox 1392 1364 1533 1391; x_wconf 87' lang='lat' dir='ltr'><strong>consistas.</strong></span> <span class='ocrx_word' id='word_1_542' title='bbox 1554 1373 1562 1390; x_wconf 78' lang='grc' dir='ltr'><strong>ι</strong></span> <span class='ocrx_word' id='word_1_543' title='bbox 1581 1364 1716 1391; x_wconf 83' lang='lat' dir='ltr'><strong>Admonet</strong></span> <span class='ocrx_word' id='word_1_544' title='bbox 1730 1367 1760 1391; x_wconf 87' lang='lat' dir='ltr'><strong>ut</strong></span> <span class='ocrx_word' id='word_1_545' title='bbox 1775 1363 1806 1391; x_wconf 87' lang='lat' dir='ltr'><strong>in</strong></span> 
     </span>
    </p>
   </div>
   <div class='ocr_carea' id='block_1_72' title="bbox 1010 1411 1805 1448">
    <p class='ocr_par' dir='ltr' id='par_1_72' title="bbox 1010 1411 1805 1448">
     <span class='ocr_line' id='line_1_72' title="bbox 1010 1411 1805 1448; baseline -0.004 -8"><span class='ocrx_word' id='word_1_546' title='bbox 1010 1412 1152 1448; x_wconf 83' lang='lat' dir='ltr'><strong>superﬂuis</strong></span> <span class='ocrx_word' id='word_1_547' title='bbox 1167 1413 1248 1439; x_wconf 89' lang='lat' dir='ltr'><strong>rebus</strong></span> <span class='ocrx_word' id='word_1_548' title='bbox 1261 1420 1314 1439; x_wconf 93' lang='lat' dir='ltr'><strong>non</strong></span> <span class='ocrx_word' id='word_1_549' title='bbox 1330 1412 1410 1439; x_wconf 90' lang='lat' dir='ltr'><strong>nimis</strong></span> <span class='ocrx_word' id='word_1_550' title='bbox 1420 1411 1504 1439; x_wconf 89' lang='lat' dir='ltr'><strong>simus</strong></span> <span class='ocrx_word' id='word_1_551' title='bbox 1518 1411 1628 1443; x_wconf 87' lang='lat' dir='ltr'><strong>curiosi,</strong></span> <span class='ocrx_word' id='word_1_552' title='bbox 1644 1414 1671 1438; x_wconf 89' lang='lat' dir='ltr'><strong>et</strong></span> <span class='ocrx_word' id='word_1_553' title='bbox 1685 1418 1805 1445; x_wconf 88' lang='lat' dir='ltr'><strong>peccan-</strong></span> 
     </span>
    </p>
   </div>
   <div class='ocr_carea' id='block_1_73' title="bbox 1010 1457 1807 1494">
    <p class='ocr_par' dir='ltr' id='par_1_73' title="bbox 1010 1457 1807 1494">
     <span class='ocr_line' id='line_1_73' title="bbox 1010 1457 1807 1494; baseline -0.005 -7"><span class='ocrx_word' id='word_1_554' title='bbox 1010 1460 1077 1487; x_wconf 86' lang='lat' dir='ltr'><strong>tium</strong></span> <span class='ocrx_word' id='word_1_555' title='bbox 1090 1458 1217 1494; x_wconf 87' lang='lat' dir='ltr'><strong>pravitati</strong></span> <span class='ocrx_word' id='word_1_556' title='bbox 1240 1465 1293 1484; x_wconf 93' lang='lat' dir='ltr'><strong>non</strong></span> <span class='ocrx_word' id='word_1_557' title='bbox 1312 1458 1523 1485; x_wconf 88' lang='lat' dir='ltr'><strong>consentiamus.</strong></span> <span class='ocrx_word' id='word_1_558' title='bbox 1549 1457 1631 1484; x_wconf 88' lang='lat' dir='ltr'><strong>Docet</strong></span> <span class='ocrx_word' id='word_1_559' title='bbox 1645 1457 1717 1484; x_wconf 90' lang='lat' dir='ltr'><strong>enim</strong></span> <span class='ocrx_word' id='word_1_560' title='bbox 1732 1457 1807 1491; x_wconf 83' lang='lat' dir='ltr'><strong>Apo-</strong></span> 
     </span>
    </p>
   </div>
   <div class='ocr_carea' id='block_1_74' title="bbox 1011 1503 1803 1538">
    <p class='ocr_par' dir='ltr' id='par_1_74' title="bbox 1011 1503 1803 1538">
     <span class='ocr_line' id='line_1_74' title="bbox 1011 1503 1803 1538; baseline -0.005 -5"><span class='ocrx_word' id='word_1_561' title='bbox 1011 1505 1103 1537; x_wconf 89' lang='lat' dir='ltr'><strong>stolus,</strong></span> <span class='ocrx_word' id='word_1_562' title='bbox 1121 1515 1130 1530; x_wconf 82' lang='grc'><strong>‹</strong></span> <span class='ocrx_word' id='word_1_563' title='bbox 1155 1509 1185 1532; x_wconf 84' lang='lat' dir='ltr'><strong>ut</strong></span> <span class='ocrx_word' id='word_1_564' title='bbox 1207 1504 1338 1532; x_wconf 90' lang='lat' dir='ltr'><strong>habentes</strong></span> <span class='ocrx_word' id='word_1_565' title='bbox 1358 1504 1485 1531; x_wconf 89' lang='lat' dir='ltr'><strong>alimenta</strong></span> <span class='ocrx_word' id='word_1_566' title='bbox 1505 1508 1532 1531; x_wconf 92' lang='lat' dir='ltr'><strong>et</strong></span> <span class='ocrx_word' id='word_1_567' title='bbox 1546 1503 1644 1538; x_wconf 91' lang='lat' dir='ltr'><strong>quibus</strong></span> <span class='ocrx_word' id='word_1_568' title='bbox 1668 1506 1803 1537; x_wconf 80' lang='lat' dir='ltr'><strong>tegamur,</strong></span> 
     </span>
    </p>
   </div>
   <div class='ocr_carea' id='block_1_75' title="bbox 1011 1549 1807 1586">
    <p class='ocr_par' dir='ltr' id='par_1_75' title="bbox 1011 1549 1807 1586">
     <span class='ocr_line' id='line_1_75' title="bbox 1011 1549 1807 1586; baseline -0.003 -7"><span class='ocrx_word' id='word_1_569' title='bbox 1011 1551 1053 1579; x_wconf 86' lang='lat' dir='ltr'><strong>his</strong></span> <span class='ocrx_word' id='word_1_570' title='bbox 1073 1551 1191 1579; x_wconf 90' lang='lat' dir='ltr'><strong>contenti</strong></span> <span class='ocrx_word' id='word_1_571' title='bbox 1214 1552 1300 1578; x_wconf 90' lang='lat' dir='ltr'><strong>simus</strong></span> <span class='ocrx_word' id='word_1_572' title='bbox 1324 1550 1350 1586; x_wconf 88' lang='grc'><strong>(1</strong></span> <span class='ocrx_word' id='word_1_573' title='bbox 1366 1550 1433 1577; x_wconf 87' lang='lat' dir='ltr'><strong>Tim.</strong></span> <span class='ocrx_word' id='word_1_574' title='bbox 1449 1551 1498 1585; x_wconf 73' lang='lat' dir='ltr'><strong>v1).</strong></span> <span class='ocrx_word' id='word_1_575' title='bbox 1512 1560 1521 1576; x_wconf 74' lang='grc' dir='ltr'><strong>ι</strong></span> <span class='ocrx_word' id='word_1_576' title='bbox 1546 1551 1581 1577; x_wconf 87' lang='grc' dir='ltr'>Ει</span> <span class='ocrx_word' id='word_1_577' title='bbox 1599 1550 1662 1578; x_wconf 87' lang='lat' dir='ltr'><strong>alibi</strong></span> <span class='ocrx_word' id='word_1_578' title='bbox 1679 1559 1686 1576; x_wconf 83' lang='lat'><strong>:</strong></span> <span class='ocrx_word' id='word_1_579' title='bbox 1712 1559 1721 1575; x_wconf 74' lang='grc' dir='ltr'><strong>ι</strong></span> <span class='ocrx_word' id='word_1_580' title='bbox 1744 1549 1807 1577; x_wconf 82' lang='lat' dir='ltr'><strong>Non</strong></span> 
     </span>
    </p>
   </div>
   <div class='ocr_carea' id='block_1_76' title="bbox 973 1590 1807 1631">
    <p class='ocr_par' dir='ltr' id='par_1_76' title="bbox 973 1590 1807 1631">
     <span class='ocr_line' id='line_1_76' title="bbox 973 1590 1807 1631; baseline -0.002 -7"><span class='ocrx_word' id='word_1_581' title='bbox 973 1590 995 1621; x_wconf 85' lang='lat' dir='ltr'>C</span> <span class='ocrx_word' id='word_1_582' title='bbox 1012 1597 1108 1630; x_wconf 82' lang='lat' dir='ltr'><strong>solum,</strong></span> <span class='ocrx_word' id='word_1_583' title='bbox 1125 1597 1222 1631; x_wconf 90' lang='lat' dir='ltr'><strong>inquit,</strong></span> <span class='ocrx_word' id='word_1_584' title='bbox 1238 1596 1283 1631; x_wconf 91' lang='lat' dir='ltr'><strong>qui</strong></span> <span class='ocrx_word' id='word_1_585' title='bbox 1299 1596 1402 1623; x_wconf 81' lang='lat' dir='ltr'><strong>faciunt</strong></span> <span class='ocrx_word' id='word_1_586' title='bbox 1420 1596 1500 1628; x_wconf 90' lang='lat' dir='ltr'><strong>mala,</strong></span> <span class='ocrx_word' id='word_1_587' title='bbox 1520 1596 1566 1623; x_wconf 88' lang='lat' dir='ltr'><strong>sed</strong></span> <span class='ocrx_word' id='word_1_588' title='bbox 1581 1600 1608 1624; x_wconf 87' lang='lat' dir='ltr'><strong>et</strong></span> <span class='ocrx_word' id='word_1_589' title='bbox 1622 1595 1668 1630; x_wconf 88' lang='lat' dir='ltr'><strong>qui</strong></span> <span class='ocrx_word' id='word_1_590' title='bbox 1689 1602 1807 1623; x_wconf 84' lang='lat' dir='ltr'><strong>consen-</strong></span> 
     </span>
    </p>
   </div>
   <div class='ocr_carea' id='block_1_77' title="bbox 1010 1641 1810 1677">
    <p class='ocr_par' dir='ltr' id='par_1_77' title="bbox 1010 1641 1810 1677">
     <span class='ocr_line' id='line_1_77' title="bbox 1010 1641 1810 1677; baseline -0.003 -8"><span class='ocrx_word' id='word_1_591' title='bbox 1010 1642 1080 1669; x_wconf 90' lang='lat' dir='ltr'><strong>tiunt</strong></span> <span class='ocrx_word' id='word_1_592' title='bbox 1092 1641 1262 1674; x_wconf 78' lang='lat' dir='ltr'><strong>facientibus,</strong></span> <span class='ocrx_word' id='word_1_593' title='bbox 1275 1641 1348 1677; x_wconf 79' lang='lat' dir='ltr'><strong>digni</strong></span> <span class='ocrx_word' id='word_1_594' title='bbox 1361 1646 1424 1668; x_wconf 89' lang='lat' dir='ltr'><strong>sunt</strong></span> <span class='ocrx_word' id='word_1_595' title='bbox 1439 1646 1536 1668; x_wconf 87' lang='lat' dir='ltr'><strong>morte.</strong></span> <span class='ocrx_word' id='word_1_596' title='bbox 1561 1641 1749 1671; x_wconf 85' lang='lat' dir='ltr'><strong>Beatusenim</strong></span> <span class='ocrx_word' id='word_1_597' title='bbox 1764 1641 1810 1667; x_wconf 89' lang='lat' dir='ltr'><strong>vir</strong></span> 
     </span>
    </p>
   </div>
   <div class='ocr_carea' id='block_1_78' title="bbox 1010 1686 1808 1722">
    <p class='ocr_par' dir='ltr' id='par_1_78' title="bbox 1010 1686 1808 1722">
     <span class='ocr_line' id='line_1_78' title="bbox 1010 1686 1808 1722; baseline -0.003 -8"><span class='ocrx_word' id='word_1_598' title='bbox 1010 1692 1053 1715; x_wconf 90' lang='lat' dir='ltr'><strong>est</strong></span> <span class='ocrx_word' id='word_1_599' title='bbox 1076 1688 1122 1722; x_wconf 87' lang='lat' dir='ltr'><strong>qui</strong></span> <span class='ocrx_word' id='word_1_600' title='bbox 1146 1695 1199 1714; x_wconf 93' lang='lat' dir='ltr'><strong>non</strong></span> <span class='ocrx_word' id='word_1_601' title='bbox 1215 1687 1282 1714; x_wconf 91' lang='lat' dir='ltr'><strong>abiit</strong></span> <span class='ocrx_word' id='word_1_602' title='bbox 1306 1688 1333 1714; x_wconf 91' lang='lat' dir='ltr'><strong>in</strong></span> <span class='ocrx_word' id='word_1_603' title='bbox 1353 1687 1466 1714; x_wconf 90' lang='lat' dir='ltr'><strong>consilio</strong></span> <span class='ocrx_word' id='word_1_604' title='bbox 1485 1686 1645 1721; x_wconf 81' lang='lat' dir='ltr'><strong>impiorum,</strong></span> <span class='ocrx_word' id='word_1_605' title='bbox 1662 1690 1690 1713; x_wconf 88' lang='lat' dir='ltr'><strong>et</strong></span> <span class='ocrx_word' id='word_1_606' title='bbox 1711 1686 1737 1712; x_wconf 94' lang='lat' dir='ltr'><strong>in</strong></span> <span class='ocrx_word' id='word_1_607' title='bbox 1760 1686 1808 1712; x_wconf 78' lang='lat' dir='ltr'><strong>via</strong></span> 
     </span>
    </p>
   </div>
   <div class='ocr_carea' id='block_1_79' title="bbox 1011 1730 1808 1764">
    <p class='ocr_par' dir='ltr' id='par_1_79' title="bbox 1011 1730 1808 1764">
     <span class='ocr_line' id='line_1_79' title="bbox 1011 1730 1808 1764; baseline -0.003 -4"><span class='ocrx_word' id='word_1_608' title='bbox 1011 1737 1184 1760; x_wconf 77' lang='lat' dir='ltr'><strong>peccatorum</strong></span> <span class='ocrx_word' id='word_1_609' title='bbox 1210 1740 1263 1759; x_wconf 94' lang='lat' dir='ltr'><strong>non</strong></span> <span class='ocrx_word' id='word_1_610' title='bbox 1289 1732 1374 1763; x_wconf 88' lang='lat' dir='ltr'><strong>stetit,</strong></span> <span class='ocrx_word' id='word_1_611' title='bbox 1399 1736 1426 1758; x_wconf 90' lang='lat' dir='ltr'><strong>et</strong></span> <span class='ocrx_word' id='word_1_612' title='bbox 1444 1732 1472 1758; x_wconf 94' lang='lat' dir='ltr'><strong>in</strong></span> <span class='ocrx_word' id='word_1_613' title='bbox 1491 1731 1619 1759; x_wconf 87' lang='lat' dir='ltr'><strong>cathedra</strong></span> <span class='ocrx_word' id='word_1_614' title='bbox 1645 1730 1808 1764; x_wconf 71' lang='lat' dir='ltr'><strong>pestilentia:</strong></span> 
     </span>
    </p>
   </div>
   <div class='ocr_carea' id='block_1_80' title="bbox 1011 1779 1460 1815">
    <p class='ocr_par' dir='ltr' id='par_1_80' title="bbox 1011 1779 1460 1815">
     <span class='ocr_line' id='line_1_80' title="bbox 1011 1779 1460 1815; baseline -0.009 -5"><span class='ocrx_word' id='word_1_615' title='bbox 1011 1789 1064 1810; x_wconf 91' lang='lat' dir='ltr'><strong>non</strong></span> <span class='ocrx_word' id='word_1_616' title='bbox 1079 1780 1244 1815; x_wconf 82' lang='lat' dir='ltr'><strong>sedit(Rom.</strong></span> <span class='ocrx_word' id='word_1_617' title='bbox 1261 1779 1379 1812; x_wconf 72' lang='grc' dir='ltr'>ιςΡιιιι.</span> <span class='ocrx_word' id='word_1_618' title='bbox 1397 1779 1428 1812; x_wconf 87' lang='grc' dir='ltr'><strong>ι).</strong></span> <span class='ocrx_word' id='word_1_619' title='bbox 1449 1789 1460 1806; x_wconf 73' lang='grc' dir='ltr'><strong>ι</strong></span> 
     </span>
    </p>
   </div>
   <div class='ocr_carea' id='block_1_81' title="bbox 1049 1821 1800 1860">
    <p class='ocr_par' dir='ltr' id='par_1_81' title="bbox 1049 1821 1800 1860">
     <span class='ocr_line' id='line_1_81' title="bbox 1049 1821 1800 1860; baseline -0.008 -6"><span class='ocrx_word' id='word_1_620' title='bbox 1049 1837 1059 1853; x_wconf 76' lang='grc' dir='ltr'><strong>ι</strong></span> <span class='ocrx_word' id='word_1_621' title='bbox 1074 1826 1136 1860; x_wconf 85' lang='lat' dir='ltr'><strong>Fili,</strong></span> <span class='ocrx_word' id='word_1_622' title='bbox 1151 1834 1184 1854; x_wconf 91' lang='lat' dir='ltr'><strong>ue</strong></span> <span class='ocrx_word' id='word_1_623' title='bbox 1199 1827 1226 1853; x_wconf 94' lang='lat' dir='ltr'><strong>in</strong></span> <span class='ocrx_word' id='word_1_624' title='bbox 1246 1826 1338 1853; x_wconf 86' lang='lat' dir='ltr'><strong>multis</strong></span> <span class='ocrx_word' id='word_1_625' title='bbox 1350 1827 1405 1853; x_wconf 89' lang='lat' dir='ltr'><strong>sint</strong></span> <span class='ocrx_word' id='word_1_626' title='bbox 1418 1831 1493 1853; x_wconf 86' lang='lat' dir='ltr'><strong>actus</strong></span> <span class='ocrx_word' id='word_1_627' title='bbox 1503 1825 1553 1857; x_wconf 88' lang='lat' dir='ltr'><strong>tui,</strong></span> <span class='ocrx_word' id='word_1_628' title='bbox 1566 1828 1594 1851; x_wconf 91' lang='lat' dir='ltr'><strong>ot</strong></span> <span class='ocrx_word' id='word_1_629' title='bbox 1610 1824 1637 1851; x_wconf 83' lang='lat' dir='ltr'><strong>si.</strong></span> <span class='ocrx_word' id='word_1_630' title='bbox 1646 1823 1721 1851; x_wconf 86' lang='lat' dir='ltr'><strong>dives</strong></span> <span class='ocrx_word' id='word_1_631' title='bbox 1739 1821 1800 1848; x_wconf 78' lang='lat' dir='ltr'><strong>fue-</strong></span> 
     </span>
    </p>
   </div>
   <div class='ocr_carea' id='block_1_82' title="bbox 1011 1868 1801 1906">
    <p class='ocr_par' dir='ltr' id='par_1_82' title="bbox 1011 1868 1801 1906">
     <span class='ocr_line' id='line_1_82' title="bbox 1011 1868 1801 1906; baseline -0.008 -6"><span class='ocrx_word' id='word_1_632' title='bbox 1011 1873 1061 1906; x_wconf 89' lang='lat' dir='ltr'><strong>ris,</strong></span> <span class='ocrx_word' id='word_1_633' title='bbox 1079 1873 1196 1900; x_wconf 88' lang='lat' dir='ltr'><strong>noueris</strong></span> <span class='ocrx_word' id='word_1_634' title='bbox 1212 1873 1339 1900; x_wconf 90' lang='lat' dir='ltr'><strong>immunis</strong></span> <span class='ocrx_word' id='word_1_635' title='bbox 1357 1880 1371 1899; x_wconf 91' lang='lat' dir='ltr'><strong>a</strong></span> <span class='ocrx_word' id='word_1_636' title='bbox 1388 1872 1499 1899; x_wconf 89' lang='lat' dir='ltr'><strong>delicto.</strong></span> <span class='ocrx_word' id='word_1_637' title='bbox 1519 1881 1529 1898; x_wconf 73' lang='grc' dir='ltr'><strong>ι</strong></span> <span class='ocrx_word' id='word_1_638' title='bbox 1550 1872 1631 1898; x_wconf 88' lang='lat' dir='ltr'><strong>Docet</strong></span> <span class='ocrx_word' id='word_1_639' title='bbox 1660 1868 1801 1903; x_wconf 75' lang='lat' dir='ltr'><strong>sapientia</strong></span> 
     </span>
    </p>
   </div>
   <div class='ocr_carea' id='block_1_83' title="bbox 1011 1915 1796 1950">
    <p class='ocr_par' dir='ltr' id='par_1_83' title="bbox 1011 1915 1796 1950">
     <span class='ocr_line' id='line_1_83' title="bbox 1011 1915 1796 1950; baseline -0.006 -4"><span class='ocrx_word' id='word_1_640' title='bbox 1011 1919 1082 1947; x_wconf 78' lang='lat' dir='ltr'><strong>filios</strong></span> <span class='ocrx_word' id='word_1_641' title='bbox 1096 1926 1158 1946; x_wconf 87' lang='lat' dir='ltr'><strong>suos</strong></span> <span class='ocrx_word' id='word_1_642' title='bbox 1171 1926 1203 1945; x_wconf 90' lang='lat' dir='ltr'><strong>ne</strong></span> <span class='ocrx_word' id='word_1_643' title='bbox 1222 1923 1325 1946; x_wconf 88' lang='lat' dir='ltr'><strong>certent</strong></span> <span class='ocrx_word' id='word_1_644' title='bbox 1341 1918 1409 1945; x_wconf 88' lang='lat' dir='ltr'><strong>ultra</strong></span> <span class='ocrx_word' id='word_1_645' title='bbox 1435 1919 1545 1945; x_wconf 91' lang='lat' dir='ltr'><strong>modum</strong></span> <span class='ocrx_word' id='word_1_646' title='bbox 1563 1917 1590 1944; x_wconf 93' lang='lat' dir='ltr'><strong>iu</strong></span> <span class='ocrx_word' id='word_1_647' title='bbox 1608 1915 1796 1950; x_wconf 84' lang='lat' dir='ltr'><strong>adipiscendis</strong></span> 
     </span>
    </p>
   </div>
   <div class='ocr_carea' id='block_1_84' title="bbox 1013 1962 1802 2000">
    <p class='ocr_par' dir='ltr' id='par_1_84' title="bbox 1013 1962 1802 2000">
     <span class='ocr_line' id='line_1_84' title="bbox 1013 1962 1802 2000; baseline -0.005 -9"><span class='ocrx_word' id='word_1_648' title='bbox 1013 1966 1126 1993; x_wconf 87' lang='lat' dir='ltr'><strong>terrenis</strong></span> <span class='ocrx_word' id='word_1_649' title='bbox 1144 1965 1310 2000; x_wconf 85' lang='lat' dir='ltr'><strong>lucris,quia</strong></span> <span class='ocrx_word' id='word_1_650' title='bbox 1333 1969 1434 1998; x_wconf 89' lang='lat' dir='ltr'><strong>pestem</strong></span> <span class='ocrx_word' id='word_1_651' title='bbox 1459 1964 1581 1991; x_wconf 68' lang='lat' dir='ltr'><strong>avaritia:</strong></span> <span class='ocrx_word' id='word_1_652' title='bbox 1599 1967 1626 1989; x_wconf 90' lang='lat' dir='ltr'><strong>et</strong></span> <span class='ocrx_word' id='word_1_653' title='bbox 1643 1962 1754 1989; x_wconf 67' lang='lat' dir='ltr'><strong>invidiae</strong></span> <span class='ocrx_word' id='word_1_654' title='bbox 1770 1965 1802 1987; x_wconf 87' lang='lat' dir='ltr'><strong>et</strong></span> 
     </span>
    </p>
   </div>
   <div class='ocr_carea' id='block_1_85' title="bbox 1012 2003 1804 2041">
    <p class='ocr_par' dir='ltr' id='par_1_85' title="bbox 1012 2003 1804 2041">
     <span class='ocr_line' id='line_1_85' title="bbox 1012 2003 1804 2041; baseline -0.005 -7"><span class='ocrx_word' id='word_1_655' title='bbox 1012 2007 1164 2041; x_wconf 88' lang='lat' dir='ltr'><strong>hujusmodi</strong></span> <span class='ocrx_word' id='word_1_656' title='bbox 1181 2014 1232 2033; x_wconf 91' lang='lat' dir='ltr'><strong>non</strong></span> <span class='ocrx_word' id='word_1_657' title='bbox 1245 2006 1375 2032; x_wconf 84' lang='lat' dir='ltr'><strong>devitant.</strong></span> <span class='ocrx_word' id='word_1_658' title='bbox 1388 2005 1464 2033; x_wconf 89' lang='lat' dir='ltr'><strong>Unde</strong></span> <span class='ocrx_word' id='word_1_659' title='bbox 1480 2011 1506 2032; x_wconf 90' lang='lat' dir='ltr'><strong>et</strong></span> <span class='ocrx_word' id='word_1_660' title='bbox 1519 2005 1545 2031; x_wconf 92' lang='lat' dir='ltr'><strong>in</strong></span> <span class='ocrx_word' id='word_1_661' title='bbox 1555 2003 1711 2031; x_wconf 84' lang='lat' dir='ltr'><strong>Proverbiis</strong></span> <span class='ocrx_word' id='word_1_662' title='bbox 1727 2003 1804 2030; x_wconf 86' lang='lat' dir='ltr'><strong>scri-</strong></span> 
     </span>
    </p>
   </div>
   <div class='ocr_carea' id='block_1_86' title="bbox 1013 2045 1803 2084">
    <p class='ocr_par' dir='ltr' id='par_1_86' title="bbox 1013 2045 1803 2084">
     <span class='ocr_line' id='line_1_86' title="bbox 1013 2045 1803 2084; baseline -0.006 -8"><span class='ocrx_word' id='word_1_663' title='bbox 1013 2054 1087 2084; x_wconf 91' lang='lat' dir='ltr'><strong>ptum</strong></span> <span class='ocrx_word' id='word_1_664' title='bbox 1102 2053 1143 2076; x_wconf 87' lang='lat' dir='ltr'><strong>est</strong></span> <span class='ocrx_word' id='word_1_665' title='bbox 1157 2056 1165 2074; x_wconf 89' lang='lat'><strong>:</strong></span> <span class='ocrx_word' id='word_1_666' title='bbox 1187 2056 1196 2072; x_wconf 77' lang='grc' dir='ltr'><strong>ι</strong></span> <span class='ocrx_word' id='word_1_667' title='bbox 1216 2047 1263 2074; x_wconf 85' lang='lat' dir='ltr'><strong>Vir</strong></span> <span class='ocrx_word' id='word_1_668' title='bbox 1277 2049 1321 2082; x_wconf 89' lang='lat' dir='ltr'><strong>qui</strong></span> <span class='ocrx_word' id='word_1_669' title='bbox 1336 2047 1444 2074; x_wconf 72' lang='lat' dir='ltr'><strong>festinat</strong></span> <span class='ocrx_word' id='word_1_670' title='bbox 1465 2047 1545 2074; x_wconf 86' lang='lat' dir='ltr'><strong>ditari</strong></span> <span class='ocrx_word' id='word_1_671' title='bbox 1563 2051 1588 2073; x_wconf 85' lang='lat' dir='ltr'><strong>et</strong></span> <span class='ocrx_word' id='word_1_672' title='bbox 1609 2045 1670 2072; x_wconf 87' lang='lat' dir='ltr'><strong>aliis</strong></span> <span class='ocrx_word' id='word_1_673' title='bbox 1684 2045 1803 2076; x_wconf 71' lang='lat' dir='ltr'><strong>invidet,</strong></span> 
     </span>
    </p>
   </div>
   <div class='ocr_carea' id='block_1_87' title="bbox 1013 2088 1799 2126">
    <p class='ocr_par' dir='ltr' id='par_1_87' title="bbox 1013 2088 1799 2126">
     <span class='ocr_line' id='line_1_87' title="bbox 1013 2088 1799 2126; baseline -0.008 -8"><span class='ocrx_word' id='word_1_674' title='bbox 1013 2090 1202 2126; x_wconf 75' lang='lat' dir='ltr'><strong>iguoratquod</strong></span> <span class='ocrx_word' id='word_1_675' title='bbox 1218 2095 1325 2123; x_wconf 83' lang='lat' dir='ltr'><strong>egestas</strong></span> <span class='ocrx_word' id='word_1_676' title='bbox 1344 2089 1516 2122; x_wconf 85' lang='lat' dir='ltr'><strong>superveniet</strong></span> <span class='ocrx_word' id='word_1_677' title='bbox 1527 2089 1551 2115; x_wconf 92' lang='lat' dir='ltr'><strong>ei</strong></span> <span class='ocrx_word' id='word_1_678' title='bbox 1569 2088 1799 2123; x_wconf 68' lang='lat' dir='ltr'><strong>(Prov.xxvm).o</strong></span> 
     </span>
    </p>
   </div>
   <div class='ocr_carea' id='block_1_88' title="bbox 1015 2133 1803 2167">
    <p class='ocr_par' dir='ltr' id='par_1_88' title="bbox 1015 2133 1803 2167">
     <span class='ocr_line' id='line_1_88' title="bbox 1015 2133 1803 2167; baseline -0.006 -4"><span class='ocrx_word' id='word_1_679' title='bbox 1015 2135 1048 2163; x_wconf 86' lang='lat' dir='ltr'><strong>Et</strong></span> <span class='ocrx_word' id='word_1_680' title='bbox 1069 2136 1153 2162; x_wconf 86' lang='lat' dir='ltr'><strong>item:</strong></span> <span class='ocrx_word' id='word_1_681' title='bbox 1173 2143 1182 2159; x_wconf 84' lang='grc' dir='ltr'><strong>ι</strong></span> <span class='ocrx_word' id='word_1_682' title='bbox 1202 2133 1363 2165; x_wconf 86' lang='lat' dir='ltr'><strong>Conturbat,</strong></span> <span class='ocrx_word' id='word_1_683' title='bbox 1382 2134 1478 2167; x_wconf 89' lang='lat' dir='ltr'><strong>inquit,</strong></span> <span class='ocrx_word' id='word_1_684' title='bbox 1507 2133 1617 2161; x_wconf 90' lang='lat' dir='ltr'><strong>domum</strong></span> <span class='ocrx_word' id='word_1_685' title='bbox 1647 2140 1734 2163; x_wconf 85' lang='lat' dir='ltr'><strong>suam,</strong></span> <span class='ocrx_word' id='word_1_686' title='bbox 1754 2133 1803 2166; x_wconf 90' lang='lat' dir='ltr'><strong>qui</strong></span> 
     </span>
    </p>
   </div>
   <div class='ocr_carea' id='block_1_89' title="bbox 1014 2177 1804 2214">
    <p class='ocr_par' dir='ltr' id='par_1_89' title="bbox 1014 2177 1804 2214">
     <span class='ocr_line' id='line_1_89' title="bbox 1014 2177 1804 2214; baseline -0.009 -5"><span class='ocrx_word' id='word_1_687' title='bbox 1014 2186 1132 2210; x_wconf 84' lang='lat' dir='ltr'><strong>sectatur</strong></span> <span class='ocrx_word' id='word_1_688' title='bbox 1147 2181 1288 2207; x_wconf 84' lang='lat' dir='ltr'><strong>avaritiam</strong></span> <span class='ocrx_word' id='word_1_689' title='bbox 1307 2178 1397 2214; x_wconf 80' lang='lat' dir='ltr'><strong>(Prov.</strong></span> <span class='ocrx_word' id='word_1_690' title='bbox 1416 2178 1472 2212; x_wconf 85' lang='lat' dir='ltr'><strong>xv).</strong></span> <span class='ocrx_word' id='word_1_691' title='bbox 1500 2188 1509 2204; x_wconf 76' lang='grc' dir='ltr'><strong>ι</strong></span> <span class='ocrx_word' id='word_1_692' title='bbox 1534 2177 1628 2204; x_wconf 84' lang='lat' dir='ltr'><strong>Melius</strong></span> <span class='ocrx_word' id='word_1_693' title='bbox 1644 2182 1685 2204; x_wconf 83' lang='lat' dir='ltr'><strong>est</strong></span> <span class='ocrx_word' id='word_1_694' title='bbox 1702 2184 1804 2210; x_wconf 82' lang='lat' dir='ltr'><strong>parum</strong></span> 
     </span>
    </p>
   </div>
   <div class='ocr_carea' id='block_1_90' title="bbox 1014 2214 1842 2255">
    <p class='ocr_par' dir='ltr' id='par_1_90' title="bbox 1014 2214 1842 2255">
     <span class='ocr_line' id='line_1_90' title="bbox 1014 2214 1842 2255; baseline -0.006 -5"><span class='ocrx_word' id='word_1_695' title='bbox 1014 2231 1073 2251; x_wconf 87' lang='lat' dir='ltr'><strong>cum</strong></span> <span class='ocrx_word' id='word_1_696' title='bbox 1089 2223 1184 2249; x_wconf 87' lang='lat' dir='ltr'><strong>timore</strong></span> <span class='ocrx_word' id='word_1_697' title='bbox 1195 2221 1312 2253; x_wconf 88' lang='lat' dir='ltr'><strong>Domini,</strong></span> <span class='ocrx_word' id='word_1_698' title='bbox 1323 2228 1402 2255; x_wconf 89' lang='lat' dir='ltr'><strong>quam</strong></span> <span class='ocrx_word' id='word_1_699' title='bbox 1416 2221 1536 2247; x_wconf 89' lang='lat' dir='ltr'><strong>thesauri</strong></span> <span class='ocrx_word' id='word_1_700' title='bbox 1552 2219 1655 2254; x_wconf 78' lang='lat' dir='ltr'><strong>argenti</strong></span> <span class='ocrx_word' id='word_1_701' title='bbox 1669 2219 1758 2251; x_wconf 79' lang='lat' dir='ltr'><strong>magni</strong></span> <span class='ocrx_word' id='word_1_702' title='bbox 1768 2222 1802 2245; x_wconf 80' lang='lat' dir='ltr'><strong>et</strong></span> <span class='ocrx_word' id='word_1_703' title='bbox 1839 2214 1842 2216; x_wconf 60' lang='grc'><em>’</em></span> 
     </span>
    </p>
   </div>
   <div class='ocr_carea' id='block_1_91' title="bbox 207 2253 1805 2306">
    <p class='ocr_par' dir='ltr' id='par_1_91' title="bbox 207 2253 1805 2306">
     <span class='ocr_line' id='line_1_91' title="bbox 207 2253 1805 2306; baseline -0.003 -11"><span class='ocrx_word' id='word_1_704' title='bbox 207 2279 216 2295; x_wconf 74' lang='grc'>1</span> <span class='ocrx_word' id='word_1_705' title='bbox 236 2270 309 2297; x_wconf 82' lang='lat' dir='ltr'><strong>Multi</strong></span> <span class='ocrx_word' id='word_1_706' title='bbox 323 2271 428 2306; x_wconf 83' lang='lat' dir='ltr'><strong>tyranni</strong></span> <span class='ocrx_word' id='word_1_707' title='bbox 442 2271 570 2298; x_wconf 89' lang='lat' dir='ltr'><strong>sederunt</strong></span> <span class='ocrx_word' id='word_1_708' title='bbox 585 2270 612 2297; x_wconf 92' lang='lat' dir='ltr'><strong>in</strong></span> <span class='ocrx_word' id='word_1_709' title='bbox 631 2270 745 2302; x_wconf 91' lang='lat' dir='ltr'><strong>throno,</strong></span> <span class='ocrx_word' id='word_1_710' title='bbox 763 2273 791 2297; x_wconf 90' lang='lat' dir='ltr'><strong>et</strong></span> <span class='ocrx_word' id='word_1_711' title='bbox 806 2269 957 2303; x_wconf 87' lang='lat' dir='ltr'><strong>insuspica-</strong></span> <span class='ocrx_word' id='word_1_712' title='bbox 970 2253 996 2282; x_wconf 83' lang='lat' dir='ltr'><strong>D</strong></span> <span class='ocrx_word' id='word_1_713' title='bbox 1014 2268 1163 2295; x_wconf 85' lang='lat' dir='ltr'><strong>instabiles.</strong></span> <span class='ocrx_word' id='word_1_714' title='bbox 1183 2267 1215 2294; x_wconf 89' lang='lat' dir='ltr'><strong>Et</strong></span> <span class='ocrx_word' id='word_1_715' title='bbox 1228 2268 1254 2293; x_wconf 89' lang='lat' dir='ltr'><strong>in</strong></span> <span class='ocrx_word' id='word_1_716' title='bbox 1273 2253 1434 2293; x_wconf 77' lang='lat' dir='ltr'><strong>Euclesiaste</strong></span> <span class='ocrx_word' id='word_1_717' title='bbox 1447 2274 1454 2293; x_wconf 84' lang='lat'><strong>:</strong></span> <span class='ocrx_word' id='word_1_718' title='bbox 1467 2274 1476 2291; x_wconf 79' lang='grc' dir='ltr'><strong>ι</strong></span> <span class='ocrx_word' id='word_1_719' title='bbox 1500 2253 1615 2296; x_wconf 78' lang='lat' dir='ltr'><strong>Avarus,</strong></span> <span class='ocrx_word' id='word_1_720' title='bbox 1630 2263 1727 2297; x_wconf 88' lang='lat' dir='ltr'><strong>inquit,</strong></span> <span class='ocrx_word' id='word_1_721' title='bbox 1746 2271 1805 2291; x_wconf 87' lang='lat' dir='ltr'><strong>nou</strong></span> 
     </span>
    </p>
   </div>
   <div class='ocr_carea' id='block_1_92' title="bbox 172 2314 959 2349">
    <p class='ocr_par' dir='ltr' id='par_1_92' title="bbox 172 2314 959 2349">
     <span class='ocr_line' id='line_1_92' title="bbox 172 2314 959 2349; baseline -0.003 -8"><span class='ocrx_word' id='word_1_722' title='bbox 172 2326 180 2341; x_wconf 84' lang='grc' dir='ltr'><strong>ι</strong></span> <span class='ocrx_word' id='word_1_723' title='bbox 202 2315 263 2342; x_wconf 90' lang='lat' dir='ltr'><strong>bilis</strong></span> <span class='ocrx_word' id='word_1_724' title='bbox 286 2316 403 2349; x_wconf 87' lang='lat' dir='ltr'><strong>portavit</strong></span> <span class='ocrx_word' id='word_1_725' title='bbox 427 2316 564 2348; x_wconf 84' lang='lat' dir='ltr'><strong>diadema;</strong></span> <span class='ocrx_word' id='word_1_726' title='bbox 591 2315 667 2342; x_wconf 93' lang='lat' dir='ltr'><strong>multi</strong></span> <span class='ocrx_word' id='word_1_727' title='bbox 690 2318 815 2349; x_wconf 87' lang='lat' dir='ltr'><strong>potentes</strong></span> <span class='ocrx_word' id='word_1_728' title='bbox 838 2314 959 2348; x_wconf 87' lang='lat' dir='ltr'><strong>oppressi</strong></span> 
     </span>
    </p>
   </div>
   <div class='ocr_carea' id='block_1_93' title="bbox 172 2357 961 2395">
    <p class='ocr_par' dir='ltr' id='par_1_93' title="bbox 172 2357 961 2395">
     <span class='ocr_line' id='line_1_93' title="bbox 172 2357 961 2395; baseline -0.001 -10"><span class='ocrx_word' id='word_1_729' title='bbox 172 2368 181 2385; x_wconf 73' lang='grc' dir='ltr'><strong>ι</strong></span> <span class='ocrx_word' id='word_1_730' title='bbox 205 2363 268 2387; x_wconf 89' lang='lat' dir='ltr'><strong>sunt</strong></span> <span class='ocrx_word' id='word_1_731' title='bbox 280 2360 368 2387; x_wconf 88' lang='lat' dir='ltr'><strong>valide</strong></span> <span class='ocrx_word' id='word_1_732' title='bbox 377 2379 384 2392; x_wconf 94' lang='lat'><strong>,</strong></span> <span class='ocrx_word' id='word_1_733' title='bbox 397 2364 423 2386; x_wconf 90' lang='lat' dir='ltr'><strong>et</strong></span> <span class='ocrx_word' id='word_1_734' title='bbox 435 2360 546 2395; x_wconf 83' lang='lat' dir='ltr'><strong>gloriosi</strong></span> <span class='ocrx_word' id='word_1_735' title='bbox 560 2359 651 2386; x_wconf 88' lang='lat' dir='ltr'><strong>traditi</strong></span> <span class='ocrx_word' id='word_1_736' title='bbox 664 2363 730 2385; x_wconf 85' lang='lat' dir='ltr'><strong>sunt</strong></span> <span class='ocrx_word' id='word_1_737' title='bbox 743 2359 770 2385; x_wconf 91' lang='lat' dir='ltr'><strong>in</strong></span> <span class='ocrx_word' id='word_1_738' title='bbox 784 2366 879 2385; x_wconf 90' lang='lat' dir='ltr'><strong>manus</strong></span> <span class='ocrx_word' id='word_1_739' title='bbox 894 2357 961 2385; x_wconf 91' lang='lat' dir='ltr'><strong>alte-</strong></span> 
     </span>
    </p>
   </div>
   <div class='ocr_carea' id='block_1_94' title="bbox 173 2403 960 2438">
    <p class='ocr_par' dir='ltr' id='par_1_94' title="bbox 173 2403 960 2438">
     <span class='ocr_line' id='line_1_94' title="bbox 173 2403 960 2438; baseline -0.006 -4"><span class='ocrx_word' id='word_1_740' title='bbox 173 2416 182 2433; x_wconf 86' lang='lat' dir='ltr'><strong>I</strong></span> <span class='ocrx_word' id='word_1_741' title='bbox 206 2413 308 2434; x_wconf 85' lang='lat' dir='ltr'><strong>rerum.</strong></span> <span class='ocrx_word' id='word_1_742' title='bbox 338 2415 346 2432; x_wconf 73' lang='grc' dir='ltr'><strong>ι</strong></span> <span class='ocrx_word' id='word_1_743' title='bbox 372 2405 434 2432; x_wconf 73' lang='grc' dir='ltr'><strong>Ηαιο</strong></span> <span class='ocrx_word' id='word_1_744' title='bbox 456 2409 484 2433; x_wconf 89' lang='lat' dir='ltr'><strong>et</strong></span> <span class='ocrx_word' id='word_1_745' title='bbox 508 2405 654 2432; x_wconf 80' lang='lat' dir='ltr'><strong>secundum</strong></span> <span class='ocrx_word' id='word_1_746' title='bbox 680 2404 821 2431; x_wconf 87' lang='lat' dir='ltr'><strong>historiam</strong></span> <span class='ocrx_word' id='word_1_747' title='bbox 848 2403 960 2438; x_wconf 77' lang='lat' dir='ltr'><strong>intelligi</strong></span> 
     </span>
    </p>
   </div>
   <div class='ocr_carea' id='block_1_95' title="bbox 170 2448 962 2489">
    <p class='ocr_par' dir='ltr' id='par_1_95' title="bbox 170 2448 962 2489">
     <span class='ocr_line' id='line_1_95' title="bbox 170 2448 962 2489; baseline -0.008 -9"><span class='ocrx_word' id='word_1_748' title='bbox 170 2456 294 2489; x_wconf 88' lang='lat' dir='ltr'><strong>possunt,</strong></span> <span class='ocrx_word' id='word_1_749' title='bbox 308 2451 370 2486; x_wconf 92' lang='lat' dir='ltr'><strong>quia</strong></span> <span class='ocrx_word' id='word_1_750' title='bbox 385 2457 456 2485; x_wconf 62' lang='lat' dir='ltr'><strong>stepe</strong></span> <span class='ocrx_word' id='word_1_751' title='bbox 470 2457 518 2484; x_wconf 89' lang='lat' dir='ltr'><strong>per</strong></span> <span class='ocrx_word' id='word_1_752' title='bbox 532 2449 729 2477; x_wconf 90' lang='lat' dir='ltr'><strong>ordinationem</strong></span> <span class='ocrx_word' id='word_1_753' title='bbox 743 2448 790 2475; x_wconf 91' lang='lat' dir='ltr'><strong>Dei</strong></span> <span class='ocrx_word' id='word_1_754' title='bbox 807 2448 844 2475; x_wconf 93' lang='lat' dir='ltr'><strong>illi</strong></span> <span class='ocrx_word' id='word_1_755' title='bbox 855 2448 889 2475; x_wconf 91' lang='lat' dir='ltr'><strong>ad</strong></span> <span class='ocrx_word' id='word_1_756' title='bbox 905 2448 962 2475; x_wconf 94' lang='lat' dir='ltr'><strong>cul-</strong></span> 
     </span>
    </p>
   </div>
   <div class='ocr_carea' id='block_1_96' title="bbox 170 2495 958 2531">
    <p class='ocr_par' dir='ltr' id='par_1_96' title="bbox 170 2495 958 2531">
     <span class='ocr_line' id='line_1_96' title="bbox 170 2495 958 2531; baseline -0.008 -4"><span class='ocrx_word' id='word_1_757' title='bbox 170 2508 231 2528; x_wconf 89' lang='lat' dir='ltr'><strong>men</strong></span> <span class='ocrx_word' id='word_1_758' title='bbox 246 2498 357 2526; x_wconf 88' lang='lat' dir='ltr'><strong>honoris</strong></span> <span class='ocrx_word' id='word_1_759' title='bbox 372 2498 537 2529; x_wconf 87' lang='lat' dir='ltr'><strong>ascendunt,</strong></span> <span class='ocrx_word' id='word_1_760' title='bbox 555 2496 600 2531; x_wconf 87' lang='lat' dir='ltr'><strong>qui</strong></span> <span class='ocrx_word' id='word_1_761' title='bbox 617 2496 716 2523; x_wconf 92' lang='lat' dir='ltr'><strong>nullius</strong></span> <span class='ocrx_word' id='word_1_762' title='bbox 730 2500 810 2522; x_wconf 89' lang='lat' dir='ltr'><strong>antea</strong></span> <span class='ocrx_word' id='word_1_763' title='bbox 825 2495 895 2530; x_wconf 91' lang='lat' dir='ltr'><strong>apud</strong></span> <span class='ocrx_word' id='word_1_764' title='bbox 909 2495 958 2522; x_wconf 92' lang='lat' dir='ltr'><strong>ho-</strong></span> 
     </span>
    </p>
   </div>
   <div class='ocr_carea' id='block_1_97' title="bbox 170 2542 958 2580">
    <p class='ocr_par' dir='ltr' id='par_1_97' title="bbox 170 2542 958 2580">
     <span class='ocr_line' id='line_1_97' title="bbox 170 2542 958 2580; baseline -0.006 -7"><span class='ocrx_word' id='word_1_765' title='bbox 170 2546 258 2573; x_wconf 88' lang='lat' dir='ltr'><strong>mines</strong></span> <span class='ocrx_word' id='word_1_766' title='bbox 271 2544 409 2580; x_wconf 74' lang='lat' dir='ltr'><strong>dignitatis</strong></span> <span class='ocrx_word' id='word_1_767' title='bbox 427 2543 545 2576; x_wconf 83' lang='lat' dir='ltr'><strong>fuerunt,</strong></span> <span class='ocrx_word' id='word_1_768' title='bbox 561 2547 588 2570; x_wconf 91' lang='lat' dir='ltr'><strong>et</strong></span> <span class='ocrx_word' id='word_1_769' title='bbox 604 2550 619 2569; x_wconf 88' lang='lat' dir='ltr'><strong>e</strong></span> <span class='ocrx_word' id='word_1_770' title='bbox 638 2542 773 2569; x_wconf 86' lang='lat' dir='ltr'><strong>contrario</strong></span> <span class='ocrx_word' id='word_1_771' title='bbox 788 2542 835 2574; x_wconf 83' lang='lat' dir='ltr'><strong>illi,</strong></span> <span class='ocrx_word' id='word_1_772' title='bbox 851 2542 895 2576; x_wconf 92' lang='lat' dir='ltr'><strong>qui</strong></span> <span class='ocrx_word' id='word_1_773' title='bbox 909 2549 958 2577; x_wconf 91' lang='lat' dir='ltr'><strong>po-</strong></span> 
     </span>
    </p>
   </div>
   <div class='ocr_carea' id='block_1_98' title="bbox 172 2588 961 2625">
    <p class='ocr_par' dir='ltr' id='par_1_98' title="bbox 172 2588 961 2625">
     <span class='ocr_line' id='line_1_98' title="bbox 172 2588 961 2625; baseline -0.008 -5"><span class='ocrx_word' id='word_1_774' title='bbox 172 2597 260 2620; x_wconf 88' lang='lat' dir='ltr'><strong>tentes</strong></span> <span class='ocrx_word' id='word_1_775' title='bbox 273 2592 392 2623; x_wconf 69' lang='lat' dir='ltr'><strong>l’uerunt,</strong></span> <span class='ocrx_word' id='word_1_776' title='bbox 402 2590 504 2625; x_wconf 89' lang='lat' dir='ltr'><strong>judicio</strong></span> <span class='ocrx_word' id='word_1_777' title='bbox 520 2589 565 2616; x_wconf 88' lang='lat' dir='ltr'><strong>Dei</strong></span> <span class='ocrx_word' id='word_1_778' title='bbox 581 2588 666 2623; x_wconf 86' lang='lat' dir='ltr'><strong>pressi</strong></span> <span class='ocrx_word' id='word_1_779' title='bbox 687 2588 720 2615; x_wconf 89' lang='lat' dir='ltr'><strong>ad</strong></span> <span class='ocrx_word' id='word_1_780' title='bbox 731 2591 918 2624; x_wconf 78' lang='lat' dir='ltr'><strong>paupertatem</strong></span> <span class='ocrx_word' id='word_1_781' title='bbox 932 2591 961 2615; x_wconf 89' lang='lat' dir='ltr'><strong>et</strong></span> 
     </span>
    </p>
   </div>
   <div class='ocr_carea' id='block_1_99' title="bbox 173 2633 960 2673">
    <p class='ocr_par' dir='ltr' id='par_1_99' title="bbox 173 2633 960 2673">
     <span class='ocr_line' id='line_1_99' title="bbox 173 2633 960 2673; baseline -0.006 -7"><span class='ocrx_word' id='word_1_782' title='bbox 173 2639 207 2666; x_wconf 89' lang='lat' dir='ltr'><strong>ad</strong></span> <span class='ocrx_word' id='word_1_783' title='bbox 220 2639 375 2673; x_wconf 85' lang='lat' dir='ltr'><strong>despectum</strong></span> <span class='ocrx_word' id='word_1_784' title='bbox 387 2637 555 2672; x_wconf 89' lang='lat' dir='ltr'><strong>perveniunt.</strong></span> <span class='ocrx_word' id='word_1_785' title='bbox 574 2635 705 2662; x_wconf 88' lang='lat' dir='ltr'><strong>Similiter</strong></span> <span class='ocrx_word' id='word_1_786' title='bbox 718 2639 745 2661; x_wconf 89' lang='lat' dir='ltr'><strong>et</strong></span> <span class='ocrx_word' id='word_1_787' title='bbox 759 2635 906 2662; x_wconf 89' lang='lat' dir='ltr'><strong>secundum</strong></span> <span class='ocrx_word' id='word_1_788' title='bbox 919 2633 960 2660; x_wconf 84' lang='lat' dir='ltr'><strong>al-</strong></span> 
     </span>
    </p>
   </div>
   <div class='ocr_carea' id='block_1_100' title="bbox 173 2679 962 2719">
    <p class='ocr_par' dir='ltr' id='par_1_100' title="bbox 173 2679 962 2719">
     <span class='ocr_line' id='line_1_100' title="bbox 173 2679 962 2719; baseline -0.005 -9"><span class='ocrx_word' id='word_1_789' title='bbox 173 2683 311 2719; x_wconf 73' lang='lat' dir='ltr'><strong>legoriam,</strong></span> <span class='ocrx_word' id='word_1_790' title='bbox 336 2682 450 2718; x_wconf 90' lang='lat' dir='ltr'><strong>populus</strong></span> <span class='ocrx_word' id='word_1_791' title='bbox 466 2682 540 2717; x_wconf 89' lang='lat' dir='ltr'><strong>prior</strong></span> <span class='ocrx_word' id='word_1_792' title='bbox 558 2681 603 2715; x_wconf 92' lang='lat' dir='ltr'><strong>qui</strong></span> <span class='ocrx_word' id='word_1_793' title='bbox 616 2681 648 2708; x_wconf 87' lang='lat' dir='ltr'><strong>de</strong></span> <span class='ocrx_word' id='word_1_794' title='bbox 662 2684 805 2715; x_wconf 91' lang='lat' dir='ltr'><strong>parentum</strong></span> <span class='ocrx_word' id='word_1_795' title='bbox 823 2679 962 2706; x_wconf 80' lang='lat' dir='ltr'><strong>nobilitate</strong></span> 
     </span>
    </p>
   </div>
   <div class='ocr_carea' id='block_1_101' title="bbox 171 2727 963 2764">
    <p class='ocr_par' dir='ltr' id='par_1_101' title="bbox 171 2727 963 2764">
     <span class='ocr_line' id='line_1_101' title="bbox 171 2727 963 2764; baseline -0.004 -8"><span class='ocrx_word' id='word_1_796' title='bbox 171 2729 300 2764; x_wconf 87' lang='lat' dir='ltr'><strong>jactabat,</strong></span> <span class='ocrx_word' id='word_1_797' title='bbox 314 2733 341 2756; x_wconf 90' lang='lat' dir='ltr'><strong>et</strong></span> <span class='ocrx_word' id='word_1_798' title='bbox 363 2730 390 2755; x_wconf 94' lang='lat' dir='ltr'><strong>in</strong></span> <span class='ocrx_word' id='word_1_799' title='bbox 404 2729 522 2764; x_wconf 89' lang='lat' dir='ltr'><strong>potentia</strong></span> <span class='ocrx_word' id='word_1_800' title='bbox 541 2727 642 2755; x_wconf 90' lang='lat' dir='ltr'><strong>carnali</strong></span> <span class='ocrx_word' id='word_1_801' title='bbox 661 2727 837 2762; x_wconf 81' lang='lat' dir='ltr'><strong>gloriabatur,</strong></span> <span class='ocrx_word' id='word_1_802' title='bbox 853 2731 963 2761; x_wconf 88' lang='lat' dir='ltr'><strong>propter</strong></span> 
     </span>
    </p>
   </div>
   <div class='ocr_carea' id='block_1_102' title="bbox 174 2774 965 2809">
    <p class='ocr_par' dir='ltr' id='par_1_102' title="bbox 174 2774 965 2809">
     <span class='ocr_line' id='line_1_102' title="bbox 174 2774 965 2809; baseline -0.004 -7"><span class='ocrx_word' id='word_1_803' title='bbox 174 2775 314 2809; x_wconf 83' lang='lat' dir='ltr'><strong>perﬁdiam</strong></span> <span class='ocrx_word' id='word_1_804' title='bbox 328 2775 530 2809; x_wconf 86' lang='lat' dir='ltr'><strong>divinojudicio</strong></span> <span class='ocrx_word' id='word_1_805' title='bbox 545 2782 558 2801; x_wconf 90' lang='lat' dir='ltr'><strong>a</strong></span> <span class='ocrx_word' id='word_1_806' title='bbox 574 2775 690 2809; x_wconf 90' lang='lat' dir='ltr'><strong>primatu</strong></span> <span class='ocrx_word' id='word_1_807' title='bbox 704 2774 824 2809; x_wconf 86' lang='lat' dir='ltr'><strong>dejectus</strong></span> <span class='ocrx_word' id='word_1_808' title='bbox 838 2776 880 2800; x_wconf 90' lang='lat' dir='ltr'><strong>est</strong></span> <span class='ocrx_word' id='word_1_809' title='bbox 897 2780 904 2799; x_wconf 92' lang='lat'><strong>:</strong></span> <span class='ocrx_word' id='word_1_810' title='bbox 919 2780 965 2807; x_wconf 90' lang='lat' dir='ltr'><strong>po-</strong></span> 
     </span>
    </p>
   </div>
   <div class='ocr_carea' id='block_1_103' title="bbox 175 2817 963 2856">
    <p class='ocr_par' dir='ltr' id='par_1_103' title="bbox 175 2817 963 2856">
     <span class='ocr_line' id='line_1_103' title="bbox 175 2817 963 2856; baseline -0.003 -11"><span class='ocrx_word' id='word_1_811' title='bbox 175 2819 254 2853; x_wconf 87' lang='lat' dir='ltr'><strong>pulus</strong></span> <span class='ocrx_word' id='word_1_812' title='bbox 273 2828 336 2847; x_wconf 87' lang='lat' dir='ltr'><strong>vero</strong></span> <span class='ocrx_word' id='word_1_813' title='bbox 357 2820 476 2856; x_wconf 82' lang='lat' dir='ltr'><strong>gentium</strong></span> <span class='ocrx_word' id='word_1_814' title='bbox 498 2824 606 2854; x_wconf 86' lang='lat' dir='ltr'><strong>propter</strong></span> <span class='ocrx_word' id='word_1_815' title='bbox 626 2818 705 2846; x_wconf 84' lang='lat' dir='ltr'><strong>tidem</strong></span> <span class='ocrx_word' id='word_1_816' title='bbox 727 2819 775 2846; x_wconf 90' lang='lat' dir='ltr'><strong>Dei</strong></span> <span class='ocrx_word' id='word_1_817' title='bbox 800 2818 826 2844; x_wconf 92' lang='lat' dir='ltr'><strong>in</strong></span> <span class='ocrx_word' id='word_1_818' title='bbox 847 2817 963 2844; x_wconf 86' lang='lat' dir='ltr'><strong>ﬁliorum</strong></span> 
     </span>
    </p>
   </div>
   <div class='ocr_carea' id='block_1_104' title="bbox 175 2862 963 2902">
    <p class='ocr_par' dir='ltr' id='par_1_104' title="bbox 175 2862 963 2902">
     <span class='ocr_line' id='line_1_104' title="bbox 175 2862 963 2902; baseline -0.003 -10"><span class='ocrx_word' id='word_1_819' title='bbox 175 2864 264 2892; x_wconf 78' lang='lat' dir='ltr'><strong>locum</strong></span> <span class='ocrx_word' id='word_1_820' title='bbox 288 2866 458 2902; x_wconf 74' lang='lat' dir='ltr'><strong>subrogatus,</strong></span> <span class='ocrx_word' id='word_1_821' title='bbox 473 2864 687 2893; x_wconf 82' lang='lat' dir='ltr'><strong>benediCtionem</strong></span> <span class='ocrx_word' id='word_1_822' title='bbox 701 2864 920 2900; x_wconf 88' lang='lat' dir='ltr'><strong>patriarcharum</strong></span> <span class='ocrx_word' id='word_1_823' title='bbox 935 2862 963 2890; x_wconf 88' lang='lat' dir='ltr'><strong>in</strong></span> 
     </span>
    </p>
   </div>
   <div class='ocr_carea' id='block_1_105' title="bbox 1014 2311 1809 2349">
    <p class='ocr_par' dir='ltr' id='par_1_105' title="bbox 1014 2311 1809 2349">
     <span class='ocr_line' id='line_1_105' title="bbox 1014 2311 1809 2349; baseline -0.005 -8"><span class='ocrx_word' id='word_1_824' title='bbox 1014 2313 1171 2349; x_wconf 90' lang='lat' dir='ltr'><strong>implebitur</strong></span> <span class='ocrx_word' id='word_1_825' title='bbox 1184 2314 1307 2346; x_wconf 83' lang='lat' dir='ltr'><strong>pecunia;</strong></span> <span class='ocrx_word' id='word_1_826' title='bbox 1317 2317 1343 2339; x_wconf 89' lang='lat' dir='ltr'><strong>et</strong></span> <span class='ocrx_word' id='word_1_827' title='bbox 1360 2312 1406 2347; x_wconf 90' lang='lat' dir='ltr'><strong>qui</strong></span> <span class='ocrx_word' id='word_1_828' title='bbox 1416 2318 1488 2338; x_wconf 89' lang='lat' dir='ltr'><strong>amat</strong></span> <span class='ocrx_word' id='word_1_829' title='bbox 1500 2311 1618 2343; x_wconf 86' lang='lat' dir='ltr'><strong>divitias,</strong></span> <span class='ocrx_word' id='word_1_830' title='bbox 1629 2311 1733 2339; x_wconf 79' lang='lat' dir='ltr'><strong>fructus</strong></span> <span class='ocrx_word' id='word_1_831' title='bbox 1745 2318 1809 2341; x_wconf 78' lang='lat' dir='ltr'><strong>non</strong></span> 
     </span>
    </p>
   </div>
   <div class='ocr_carea' id='block_1_106' title="bbox 1011 2359 1811 2399">
    <p class='ocr_par' dir='ltr' id='par_1_106' title="bbox 1011 2359 1811 2399">
     <span class='ocr_line' id='line_1_106' title="bbox 1011 2359 1811 2399; baseline -0.01 -8"><span class='ocrx_word' id='word_1_832' title='bbox 1011 2364 1099 2399; x_wconf 89' lang='lat' dir='ltr'><strong>capiet</strong></span> <span class='ocrx_word' id='word_1_833' title='bbox 1111 2371 1143 2391; x_wconf 80' lang='lat' dir='ltr'><strong>ex</strong></span> <span class='ocrx_word' id='word_1_834' title='bbox 1157 2363 1196 2390; x_wconf 90' lang='lat' dir='ltr'><strong>eis</strong></span> <span class='ocrx_word' id='word_1_835' title='bbox 1209 2360 1293 2398; x_wconf 85' lang='lat' dir='ltr'><strong>(Eccl.</strong></span> <span class='ocrx_word' id='word_1_836' title='bbox 1302 2360 1358 2396; x_wconf 72' lang='lat' dir='ltr'><strong>v).i</strong></span> <span class='ocrx_word' id='word_1_837' title='bbox 1367 2360 1448 2388; x_wconf 82' lang='lat' dir='ltr'><strong>Juxta</strong></span> <span class='ocrx_word' id='word_1_838' title='bbox 1461 2359 1637 2394; x_wconf 80' lang='lat' dir='ltr'><strong>tropologiam</strong></span> <span class='ocrx_word' id='word_1_839' title='bbox 1651 2365 1715 2385; x_wconf 89' lang='lat' dir='ltr'><strong>vero</strong></span> <span class='ocrx_word' id='word_1_840' title='bbox 1730 2364 1811 2391; x_wconf 61' lang='lat' dir='ltr'><strong>saepe</strong></span> 
     </span>
    </p>
   </div>
   <div class='ocr_carea' id='block_1_107' title="bbox 1011 2403 1810 2443">
    <p class='ocr_par' dir='ltr' id='par_1_107' title="bbox 1011 2403 1810 2443">
     <span class='ocr_line' id='line_1_107' title="bbox 1011 2403 1810 2443; baseline -0.011 -7"><span class='ocrx_word' id='word_1_841' title='bbox 1011 2412 1133 2443; x_wconf 90' lang='lat' dir='ltr'><strong>suscepta</strong></span> <span class='ocrx_word' id='word_1_842' title='bbox 1150 2415 1214 2435; x_wconf 89' lang='lat' dir='ltr'><strong>cura</strong></span> <span class='ocrx_word' id='word_1_843' title='bbox 1238 2406 1377 2442; x_wconf 78' lang='lat' dir='ltr'><strong>regiminis</strong></span> <span class='ocrx_word' id='word_1_844' title='bbox 1390 2413 1436 2433; x_wconf 91' lang='lat' dir='ltr'><strong>cor</strong></span> <span class='ocrx_word' id='word_1_845' title='bbox 1450 2412 1499 2440; x_wconf 89' lang='lat' dir='ltr'><strong>per</strong></span> <span class='ocrx_word' id='word_1_846' title='bbox 1512 2404 1618 2431; x_wconf 87' lang='lat' dir='ltr'><strong>diversa</strong></span> <span class='ocrx_word' id='word_1_847' title='bbox 1631 2403 1810 2435; x_wconf 85' lang='lat' dir='ltr'><strong>diverberat;</strong></span> 
     </span>
    </p>
   </div>
   <div class='ocr_carea' id='block_1_108' title="bbox 1012 2445 1813 2487">
    <p class='ocr_par' dir='ltr' id='par_1_108' title="bbox 1012 2445 1813 2487">
     <span class='ocr_line' id='line_1_108' title="bbox 1012 2445 1813 2487; baseline -0.01 -6"><span class='ocrx_word' id='word_1_848' title='bbox 1012 2459 1039 2481; x_wconf 88' lang='lat' dir='ltr'><strong>et</strong></span> <span class='ocrx_word' id='word_1_849' title='bbox 1051 2454 1137 2487; x_wconf 92' lang='lat' dir='ltr'><strong>impar</strong></span> <span class='ocrx_word' id='word_1_850' title='bbox 1153 2452 1267 2487; x_wconf 87' lang='lat' dir='ltr'><strong>quisque</strong></span> <span class='ocrx_word' id='word_1_851' title='bbox 1284 2450 1421 2477; x_wconf 89' lang='lat' dir='ltr'><strong>invenitur</strong></span> <span class='ocrx_word' id='word_1_852' title='bbox 1433 2449 1466 2476; x_wconf 81' lang='lat' dir='ltr'><strong>ad</strong></span> <span class='ocrx_word' id='word_1_853' title='bbox 1484 2447 1599 2482; x_wconf 77' lang='lat' dir='ltr'><strong>singula,</strong></span> <span class='ocrx_word' id='word_1_854' title='bbox 1613 2447 1676 2474; x_wconf 89' lang='lat' dir='ltr'><strong>dum</strong></span> <span class='ocrx_word' id='word_1_855' title='bbox 1689 2445 1813 2475; x_wconf 75' lang='lat' dir='ltr'><strong>confusa</strong></span> 
     </span>
    </p>
   </div>
   <div class='ocr_carea' id='block_1_109' title="bbox 1011 2491 1811 2529">
    <p class='ocr_par' dir='ltr' id='par_1_109' title="bbox 1011 2491 1811 2529">
     <span class='ocr_line' id='line_1_109' title="bbox 1011 2491 1811 2529; baseline -0.008 -4"><span class='ocrx_word' id='word_1_856' title='bbox 1011 2502 1101 2525; x_wconf 88' lang='lat' dir='ltr'><strong>mente</strong></span> <span class='ocrx_word' id='word_1_857' title='bbox 1111 2497 1241 2524; x_wconf 90' lang='lat' dir='ltr'><strong>dividitur</strong></span> <span class='ocrx_word' id='word_1_858' title='bbox 1253 2495 1286 2522; x_wconf 91' lang='lat' dir='ltr'><strong>ad</strong></span> <span class='ocrx_word' id='word_1_859' title='bbox 1300 2494 1394 2522; x_wconf 88' lang='lat' dir='ltr'><strong>multa.</strong></span> <span class='ocrx_word' id='word_1_860' title='bbox 1412 2493 1488 2521; x_wconf 88' lang='lat' dir='ltr'><strong>Unde</strong></span> <span class='ocrx_word' id='word_1_861' title='bbox 1505 2493 1549 2520; x_wconf 91' lang='lat' dir='ltr'><strong>hic</strong></span> <span class='ocrx_word' id='word_1_862' title='bbox 1563 2491 1684 2529; x_wconf 71' lang='lat' dir='ltr'><strong>consplte</strong></span> <span class='ocrx_word' id='word_1_863' title='bbox 1697 2498 1746 2525; x_wconf 84' lang='lat' dir='ltr'><strong>per</strong></span> <span class='ocrx_word' id='word_1_864' title='bbox 1759 2499 1811 2519; x_wconf 80' lang='lat' dir='ltr'><strong>sa-</strong></span> 
     </span>
    </p>
   </div>
   <div class='ocr_carea' id='block_1_110' title="bbox 1011 2532 1809 2579">
    <p class='ocr_par' dir='ltr' id='par_1_110' title="bbox 1011 2532 1809 2579">
     <span class='ocr_line' id='line_1_110' title="bbox 1011 2532 1809 2579; baseline -0.013 -8"><span class='ocrx_word' id='word_1_865' title='bbox 1011 2544 1139 2579; x_wconf 88' lang='lat' dir='ltr'><strong>pientiam</strong></span> <span class='ocrx_word' id='word_1_866' title='bbox 1155 2542 1253 2570; x_wconf 88' lang='lat' dir='ltr'><strong>dicitur</strong></span> <span class='ocrx_word' id='word_1_867' title='bbox 1266 2550 1272 2567; x_wconf 92' lang='lat'><strong>:</strong></span> <span class='ocrx_word' id='word_1_868' title='bbox 1288 2551 1296 2565; x_wconf 77' lang='grc' dir='ltr'><strong>ι</strong></span> <span class='ocrx_word' id='word_1_869' title='bbox 1308 2540 1369 2571; x_wconf 78' lang='lat' dir='ltr'><strong>Fili,</strong></span> <span class='ocrx_word' id='word_1_870' title='bbox 1382 2547 1414 2566; x_wconf 89' lang='lat' dir='ltr'><strong>ne</strong></span> <span class='ocrx_word' id='word_1_871' title='bbox 1427 2540 1453 2566; x_wconf 91' lang='lat' dir='ltr'><strong>in</strong></span> <span class='ocrx_word' id='word_1_872' title='bbox 1464 2538 1555 2565; x_wconf 78' lang='lat' dir='ltr'><strong>multis</strong></span> <span class='ocrx_word' id='word_1_873' title='bbox 1566 2532 1706 2565; x_wconf 74' lang='lat' dir='ltr'><strong>sintactus</strong></span> <span class='ocrx_word' id='word_1_874' title='bbox 1717 2536 1756 2562; x_wconf 91' lang='lat' dir='ltr'><strong>tui</strong></span> <span class='ocrx_word' id='word_1_875' title='bbox 1772 2545 1778 2561; x_wconf 92' lang='lat'>:</span> <span class='ocrx_word' id='word_1_876' title='bbox 1797 2547 1809 2561; x_wconf 72' lang='grc' dir='ltr'><strong>ι</strong></span> 
     </span>
    </p>
   </div>
   <div class='ocr_carea' id='block_1_111' title="bbox 1012 2581 1812 2625">
    <p class='ocr_par' dir='ltr' id='par_1_111' title="bbox 1012 2581 1812 2625">
     <span class='ocr_line' id='line_1_111' title="bbox 1012 2581 1812 2625; baseline -0.009 -9"><span class='ocrx_word' id='word_1_877' title='bbox 1012 2590 1075 2625; x_wconf 89' lang='lat' dir='ltr'><strong>quia</strong></span> <span class='ocrx_word' id='word_1_878' title='bbox 1096 2588 1237 2620; x_wconf 88' lang='lat' dir='ltr'><strong>videlicet,</strong></span> <span class='ocrx_word' id='word_1_879' title='bbox 1263 2593 1431 2621; x_wconf 89' lang='lat' dir='ltr'><strong>nequaquam</strong></span> <span class='ocrx_word' id='word_1_880' title='bbox 1450 2584 1527 2618; x_wconf 89' lang='lat' dir='ltr'><strong>plene</strong></span> <span class='ocrx_word' id='word_1_881' title='bbox 1546 2584 1572 2611; x_wconf 91' lang='lat' dir='ltr'><strong>in</strong></span> <span class='ocrx_word' id='word_1_882' title='bbox 1593 2581 1812 2615; x_wconf 86' lang='lat' dir='ltr'><strong>uniuscujusque</strong></span> 
     </span>
    </p>
   </div>
   <div class='ocr_carea' id='block_1_112' title="bbox 1012 2629 1811 2670">
    <p class='ocr_par' dir='ltr' id='par_1_112' title="bbox 1012 2629 1811 2670">
     <span class='ocr_line' id='line_1_112' title="bbox 1012 2629 1811 2670; baseline -0.01 -8"><span class='ocrx_word' id='word_1_883' title='bbox 1012 2635 1103 2670; x_wconf 89' lang='lat' dir='ltr'><strong>operis</strong></span> <span class='ocrx_word' id='word_1_884' title='bbox 1115 2634 1220 2660; x_wconf 88' lang='lat' dir='ltr'><strong>ratione</strong></span> <span class='ocrx_word' id='word_1_885' title='bbox 1233 2632 1379 2667; x_wconf 76' lang='lat' dir='ltr'><strong>colligitur,</strong></span> <span class='ocrx_word' id='word_1_886' title='bbox 1391 2632 1453 2659; x_wconf 85' lang='lat' dir='ltr'><strong>dum</strong></span> <span class='ocrx_word' id='word_1_887' title='bbox 1469 2638 1546 2657; x_wconf 89' lang='lat' dir='ltr'><strong>mens</strong></span> <span class='ocrx_word' id='word_1_888' title='bbox 1559 2637 1608 2664; x_wconf 89' lang='lat' dir='ltr'><strong>per</strong></span> <span class='ocrx_word' id='word_1_889' title='bbox 1622 2629 1728 2656; x_wconf 83' lang='lat' dir='ltr'><strong>diversa</strong></span> <span class='ocrx_word' id='word_1_890' title='bbox 1747 2636 1811 2663; x_wconf 35' lang='lat' dir='ltr'><strong>pars</strong></span> 
     </span>
    </p>
   </div>
   <div class='ocr_carea' id='block_1_113' title="bbox 1014 2673 1812 2713">
    <p class='ocr_par' dir='ltr' id='par_1_113' title="bbox 1014 2673 1812 2713">
     <span class='ocr_line' id='line_1_113' title="bbox 1014 2673 1812 2713; baseline -0.01 -7"><span class='ocrx_word' id='word_1_891' title='bbox 1014 2680 1090 2707; x_wconf 90' lang='lat' dir='ltr'><strong>titur.</strong></span> <span class='ocrx_word' id='word_1_892' title='bbox 1108 2678 1229 2713; x_wconf 84' lang='lat' dir='ltr'><strong>Cumque</strong></span> <span class='ocrx_word' id='word_1_893' title='bbox 1243 2677 1314 2704; x_wconf 82' lang='lat' dir='ltr'><strong>foras</strong></span> <span class='ocrx_word' id='word_1_894' title='bbox 1328 2684 1376 2711; x_wconf 90' lang='lat' dir='ltr'><strong>per</strong></span> <span class='ocrx_word' id='word_1_895' title='bbox 1391 2675 1550 2703; x_wconf 84' lang='lat' dir='ltr'><strong>insolentem</strong></span> <span class='ocrx_word' id='word_1_896' title='bbox 1568 2682 1661 2702; x_wconf 89' lang='lat' dir='ltr'><strong>curam</strong></span> <span class='ocrx_word' id='word_1_897' title='bbox 1678 2673 1812 2705; x_wconf 78' lang='lat' dir='ltr'><strong>trahitur,</strong></span> 
     </span>
    </p>
   </div>
   <div class='ocr_carea' id='block_1_114' title="bbox 1014 2719 1814 2755">
    <p class='ocr_par' dir='ltr' id='par_1_114' title="bbox 1014 2719 1814 2755">
     <span class='ocr_line' id='line_1_114' title="bbox 1014 2719 1814 2755; baseline -0.009 -3"><span class='ocrx_word' id='word_1_898' title='bbox 1014 2734 1029 2753; x_wconf 86' lang='lat' dir='ltr'><strong>a</strong></span> <span class='ocrx_word' id='word_1_899' title='bbox 1042 2725 1146 2752; x_wconf 89' lang='lat' dir='ltr'><strong>timoris</strong></span> <span class='ocrx_word' id='word_1_900' title='bbox 1160 2724 1247 2751; x_wconf 92' lang='lat' dir='ltr'><strong>intimi</strong></span> <span class='ocrx_word' id='word_1_901' title='bbox 1261 2723 1396 2751; x_wconf 82' lang='lat' dir='ltr'><strong>soliditate</strong></span> <span class='ocrx_word' id='word_1_902' title='bbox 1407 2727 1547 2753; x_wconf 86' lang='lat' dir='ltr'><strong>vacuatur,</strong></span> <span class='ocrx_word' id='word_1_903' title='bbox 1560 2720 1642 2755; x_wconf 85' lang='lat' dir='ltr'><strong>ﬁtque</strong></span> <span class='ocrx_word' id='word_1_904' title='bbox 1653 2721 1680 2747; x_wconf 90' lang='lat' dir='ltr'><strong>in</strong></span> <span class='ocrx_word' id='word_1_905' title='bbox 1691 2719 1814 2746; x_wconf 65' lang='lat' dir='ltr'><strong>exterio.</strong></span> 
     </span>
    </p>
   </div>
   <div class='ocr_carea' id='block_1_115' title="bbox 1015 2764 1813 2803">
    <p class='ocr_par' dir='ltr' id='par_1_115' title="bbox 1015 2764 1813 2803">
     <span class='ocr_line' id='line_1_115' title="bbox 1015 2764 1813 2803; baseline -0.006 -7"><span class='ocrx_word' id='word_1_906' title='bbox 1015 2778 1075 2796; x_wconf 92' lang='lat' dir='ltr'><strong>rum</strong></span> <span class='ocrx_word' id='word_1_907' title='bbox 1091 2769 1273 2803; x_wconf 88' lang='lat' dir='ltr'><strong>disputatione</strong></span> <span class='ocrx_word' id='word_1_908' title='bbox 1286 2768 1412 2798; x_wconf 86' lang='lat' dir='ltr'><strong>sollicita,</strong></span> <span class='ocrx_word' id='word_1_909' title='bbox 1427 2773 1453 2793; x_wconf 89' lang='lat' dir='ltr'><strong>et</strong></span> <span class='ocrx_word' id='word_1_910' title='bbox 1464 2766 1505 2793; x_wconf 86' lang='lat' dir='ltr'><strong>sui</strong></span> <span class='ocrx_word' id='word_1_911' title='bbox 1519 2764 1687 2793; x_wconf 89' lang='lat' dir='ltr'><strong>solummodo</strong></span> <span class='ocrx_word' id='word_1_912' title='bbox 1703 2764 1813 2798; x_wconf 77' lang='lat' dir='ltr'><strong>ignara.</strong></span> 
     </span>
    </p>
   </div>
   <div class='ocr_carea' id='block_1_116' title="bbox 1017 2810 1814 2849">
    <p class='ocr_par' dir='ltr' id='par_1_116' title="bbox 1017 2810 1814 2849">
     <span class='ocr_line' id='line_1_116' title="bbox 1017 2810 1814 2849; baseline -0.01 -6"><span class='ocrx_word' id='word_1_913' title='bbox 1017 2816 1075 2843; x_wconf 90' lang='lat' dir='ltr'><strong>Scit</strong></span> <span class='ocrx_word' id='word_1_914' title='bbox 1086 2815 1169 2842; x_wconf 90' lang='lat' dir='ltr'><strong>multa</strong></span> <span class='ocrx_word' id='word_1_915' title='bbox 1181 2815 1312 2849; x_wconf 75' lang='lat' dir='ltr'><strong>cogitare,</strong></span> <span class='ocrx_word' id='word_1_916' title='bbox 1323 2821 1352 2841; x_wconf 89' lang='lat' dir='ltr'><strong>se</strong></span> <span class='ocrx_word' id='word_1_917' title='bbox 1363 2813 1502 2844; x_wconf 86' lang='lat' dir='ltr'><strong>nesciens;</strong></span> <span class='ocrx_word' id='word_1_918' title='bbox 1515 2819 1577 2838; x_wconf 91' lang='lat' dir='ltr'><strong>nam</strong></span> <span class='ocrx_word' id='word_1_919' title='bbox 1589 2818 1649 2838; x_wconf 84' lang='lat' dir='ltr'><strong>cum</strong></span> <span class='ocrx_word' id='word_1_920' title='bbox 1660 2810 1814 2844; x_wconf 78' lang='lat' dir='ltr'><strong>plusquam</strong></span> 
     </span>
    </p>
   </div>
   <div class='ocr_carea' id='block_1_117' title="bbox 1017 2855 1815 2894">
    <p class='ocr_par' dir='ltr' id='par_1_117' title="bbox 1017 2855 1815 2894">
     <span class='ocr_line' id='line_1_117' title="bbox 1017 2855 1815 2894; baseline -0.011 -4"><span class='ocrx_word' id='word_1_921' title='bbox 1017 2869 1128 2890; x_wconf 86' lang='lat' dir='ltr'><strong>necesse</strong></span> <span class='ocrx_word' id='word_1_922' title='bbox 1141 2866 1183 2889; x_wconf 87' lang='lat' dir='ltr'><strong>est</strong></span> <span class='ocrx_word' id='word_1_923' title='bbox 1194 2869 1223 2889; x_wconf 87' lang='lat' dir='ltr'><strong>se</strong></span> <span class='ocrx_word' id='word_1_924' title='bbox 1236 2859 1416 2888; x_wconf 83' lang='lat' dir='ltr'><strong>exterioribus</strong></span> <span class='ocrx_word' id='word_1_925' title='bbox 1430 2858 1567 2894; x_wconf 89' lang='lat' dir='ltr'><strong>implicat,</strong></span> <span class='ocrx_word' id='word_1_926' title='bbox 1580 2855 1658 2892; x_wconf 86' lang='lat' dir='ltr'><strong>quasi</strong></span> <span class='ocrx_word' id='word_1_927' title='bbox 1676 2858 1815 2890; x_wconf 83' lang='lat' dir='ltr'><strong>occupata</strong></span> 
     </span>
    </p>
   </div>
  </div>
