  <div class='ocr_page' id='page_1' title='image "/cluster/home/n/w/nwhite01/storage/ocr_20150623/111/hvd.32044054759766/424.png"; bbox 0 0 3962 6198; ppageno 0'>
   <div class='ocr_carea' id='block_1_1' title="bbox 229 292 329 345">
    <p class='ocr_par' dir='ltr' id='par_1_1' title="bbox 229 292 329 345">
     <span class='ocr_line' id='line_1_1' title="bbox 229 292 329 345; baseline -0.01 0"><span class='ocrx_word' id='word_1_1' title='bbox 229 292 329 345; x_wconf 61' lang='grc'><strong>811</strong></span> 
     </span>
    </p>
   </div>
   <div class='ocr_carea' id='block_1_2' title="bbox 230 390 1887 472">
    <p class='ocr_par' dir='ltr' id='par_1_2' title="bbox 230 390 1887 472">
     <span class='ocr_line' id='line_1_2' title="bbox 230 390 1887 472; baseline -0.01 -12"><span class='ocrx_word' id='word_1_2' title='bbox 230 416 287 460; x_wconf 81' lang='lat' dir='ltr'><strong>et</strong></span> <span class='ocrx_word' id='word_1_3' title='bbox 319 404 508 472; x_wconf 90' lang='lat' dir='ltr'><strong>jurant</strong></span> <span class='ocrx_word' id='word_1_4' title='bbox 545 403 599 455; x_wconf 91' lang='lat' dir='ltr'><strong>in</strong></span> <span class='ocrx_word' id='word_1_5' title='bbox 634 398 933 461; x_wconf 89' lang='lat' dir='ltr'><strong>mendacio,</strong></span> <span class='ocrx_word' id='word_1_6' title='bbox 979 396 1073 451; x_wconf 77' lang='lat' dir='ltr'><strong>sed</strong></span> <span class='ocrx_word' id='word_1_7' title='bbox 1101 412 1330 467; x_wconf 81' lang='lat' dir='ltr'><strong>quorum</strong></span> <span class='ocrx_word' id='word_1_8' title='bbox 1361 395 1525 451; x_wconf 80' lang='lat' dir='ltr'><strong>corda</strong></span> <span class='ocrx_word' id='word_1_9' title='bbox 1563 393 1809 460; x_wconf 84' lang='lat' dir='ltr'><strong>labiaque</strong></span> <span class='ocrx_word' id='word_1_10' title='bbox 1839 390 1887 449; x_wconf 74' lang='grc' dir='ltr'><strong>Α</strong></span> 
     </span>
    </p>
   </div>
   <div class='ocr_carea' id='block_1_3' title="bbox 231 495 598 551">
    <p class='ocr_par' dir='ltr' id='par_1_3' title="bbox 231 495 598 551">
     <span class='ocr_line' id='line_1_3' title="bbox 231 495 598 551; baseline -0.014 -1"><span class='ocrx_word' id='word_1_11' title='bbox 231 495 598 551; x_wconf 73' lang='lat' dir='ltr'><strong>consentiunt.</strong></span> 
     </span>
    </p>
   </div>
   <div class='ocr_carea' id='block_1_4' title="bbox 312 571 1811 647">
    <p class='ocr_par' dir='ltr' id='par_1_4' title="bbox 312 571 1811 647">
     <span class='ocr_line' id='line_1_4' title="bbox 312 571 1811 647; baseline -0.007 -12"><span class='ocrx_word' id='word_1_12' title='bbox 312 605 331 635; x_wconf 70' lang='grc' dir='ltr'><strong><em>ι</em></strong></span> <span class='ocrx_word' id='word_1_13' title='bbox 381 583 623 647; x_wconf 85' lang='lat' dir='ltr'><strong>Domine,</strong></span> <span class='ocrx_word' id='word_1_14' title='bbox 648 579 787 635; x_wconf 87' lang='lat' dir='ltr'><strong>oeuli</strong></span> <span class='ocrx_word' id='word_1_15' title='bbox 821 579 893 632; x_wconf 85' lang='lat' dir='ltr'><strong>lui</strong></span> <span class='ocrx_word' id='word_1_16' title='bbox 937 577 1231 647; x_wconf 78' lang='lat' dir='ltr'><strong>respiciunt</strong></span> <span class='ocrx_word' id='word_1_17' title='bbox 1272 576 1453 630; x_wconf 73' lang='lat' dir='ltr'><strong>fidem.</strong></span> <span class='ocrx_word' id='word_1_18' title='bbox 1492 571 1811 628; x_wconf 84' lang='lat' dir='ltr'><strong>Pcrcussisti</strong></span> 
     </span>
    </p>
   </div>
   <div class='ocr_carea' id='block_1_5' title="bbox 238 666 1814 733">
    <p class='ocr_par' dir='ltr' id='par_1_5' title="bbox 238 666 1814 733">
     <span class='ocr_line' id='line_1_5' title="bbox 238 666 1814 733; baseline -0.006 -7"><span class='ocrx_word' id='word_1_19' title='bbox 238 694 258 726; x_wconf 78' lang='grc' dir='ltr'>ι</span> <span class='ocrx_word' id='word_1_20' title='bbox 304 690 400 728; x_wconf 87' lang='lat' dir='ltr'><strong>eos</strong></span> <span class='ocrx_word' id='word_1_21' title='bbox 424 681 479 726; x_wconf 90' lang='lat' dir='ltr'><strong>et</strong></span> <span class='ocrx_word' id='word_1_22' title='bbox 510 686 615 726; x_wconf 89' lang='lat' dir='ltr'><strong>non</strong></span> <span class='ocrx_word' id='word_1_23' title='bbox 643 669 961 733; x_wconf 73' lang='lat' dir='ltr'><strong>doluerunt;</strong></span> <span class='ocrx_word' id='word_1_24' title='bbox 1009 668 1262 726; x_wconf 84' lang='lat' dir='ltr'><strong>attrivisti</strong></span> <span class='ocrx_word' id='word_1_25' title='bbox 1291 666 1408 721; x_wconf 92' lang='lat' dir='ltr'><strong>illos</strong></span> <span class='ocrx_word' id='word_1_26' title='bbox 1435 675 1485 720; x_wconf 90' lang='lat' dir='ltr'><strong>et</strong></span> <span class='ocrx_word' id='word_1_27' title='bbox 1522 673 1814 719; x_wconf 86' lang='lat' dir='ltr'><strong>reuuerunt</strong></span> 
     </span>
    </p>
   </div>
   <div class='ocr_carea' id='block_1_6' title="bbox 241 758 1814 834">
    <p class='ocr_par' dir='ltr' id='par_1_6' title="bbox 241 758 1814 834">
     <span class='ocr_line' id='line_1_6' title="bbox 241 758 1814 834; baseline -0.004 -18"><span class='ocrx_word' id='word_1_28' title='bbox 241 784 261 816; x_wconf 76' lang='grc' dir='ltr'>ι</span> <span class='ocrx_word' id='word_1_29' title='bbox 308 765 554 834; x_wconf 89' lang='lat' dir='ltr'><strong>accipere</strong></span> <span class='ocrx_word' id='word_1_30' title='bbox 600 762 960 832; x_wconf 88' lang='lat' dir='ltr'><strong>disciplinam.</strong></span> <span class='ocrx_word' id='word_1_31' title='bbox 1021 761 1413 817; x_wconf 82' lang='lat' dir='ltr'><strong>luduraverunt</strong></span> <span class='ocrx_word' id='word_1_32' title='bbox 1466 758 1633 813; x_wconf 78' lang='lat' dir='ltr'><strong>facies</strong></span> <span class='ocrx_word' id='word_1_33' title='bbox 1686 773 1814 812; x_wconf 88' lang='lat' dir='ltr'><strong>suas</strong></span> 
     </span>
    </p>
   </div>
   <div class='ocr_carea' id='block_1_7' title="bbox 241 849 1812 928">
    <p class='ocr_par' dir='ltr' id='par_1_7' title="bbox 241 849 1812 928">
     <span class='ocr_line' id='line_1_7' title="bbox 241 849 1812 928; baseline -0.005 -18"><span class='ocrx_word' id='word_1_34' title='bbox 241 880 261 910; x_wconf 79' lang='grc' dir='ltr'>ι</span> <span class='ocrx_word' id='word_1_35' title='bbox 309 874 473 928; x_wconf 83' lang='lat' dir='ltr'><strong>super</strong></span> <span class='ocrx_word' id='word_1_36' title='bbox 497 866 724 928; x_wconf 89' lang='lat' dir='ltr'><strong>petram,</strong></span> <span class='ocrx_word' id='word_1_37' title='bbox 757 866 810 910; x_wconf 90' lang='lat' dir='ltr'><strong>et</strong></span> <span class='ocrx_word' id='word_1_38' title='bbox 841 855 1133 909; x_wconf 90' lang='lat' dir='ltr'><strong>noluerunt</strong></span> <span class='ocrx_word' id='word_1_39' title='bbox 1161 853 1382 909; x_wconf 86' lang='lat' dir='ltr'><strong>reverti.</strong></span> <span class='ocrx_word' id='word_1_40' title='bbox 1420 871 1438 903; x_wconf 73' lang='grc' dir='ltr'><strong>ι</strong></span> <span class='ocrx_word' id='word_1_41' title='bbox 1495 851 1625 906; x_wconf 82' lang='lat' dir='ltr'><strong>Post</strong></span> <span class='ocrx_word' id='word_1_42' title='bbox 1649 849 1812 903; x_wconf 88' lang='lat' dir='ltr'><strong>verba</strong></span> 
     </span>
    </p>
   </div>
   <div class='ocr_carea' id='block_1_8' title="bbox 235 941 1816 1016">
    <p class='ocr_par' dir='ltr' id='par_1_8' title="bbox 235 941 1816 1016">
     <span class='ocr_line' id='line_1_8' title="bbox 235 941 1816 1016; baseline -0.004 -14"><span class='ocrx_word' id='word_1_43' title='bbox 235 947 468 1008; x_wconf 87' lang='lat' dir='ltr'><strong>Domini,</strong></span> <span class='ocrx_word' id='word_1_44' title='bbox 501 946 697 1016; x_wconf 82' lang='lat' dir='ltr'><strong>quibus</strong></span> <span class='ocrx_word' id='word_1_45' title='bbox 738 945 1101 1015; x_wconf 74' lang='lat' dir='ltr'><strong>imperaverat</strong></span> <span class='ocrx_word' id='word_1_46' title='bbox 1148 944 1335 999; x_wconf 90' lang='lat' dir='ltr'><strong>dicens</strong></span> <span class='ocrx_word' id='word_1_47' title='bbox 1368 960 1381 995; x_wconf 91' lang='lat'><strong>:</strong></span> <span class='ocrx_word' id='word_1_48' title='bbox 1424 941 1665 997; x_wconf 87' lang='lat' dir='ltr'><strong>Circuite</strong></span> <span class='ocrx_word' id='word_1_49' title='bbox 1698 942 1816 996; x_wconf 87' lang='lat' dir='ltr'><strong>vias</strong></span> 
     </span>
    </p>
   </div>
   <div class='ocr_carea' id='block_1_9' title="bbox 237 1031 1811 1104">
    <p class='ocr_par' dir='ltr' id='par_1_9' title="bbox 237 1031 1811 1104">
     <span class='ocr_line' id='line_1_9' title="bbox 237 1031 1811 1104; baseline -0.004 -13"><span class='ocrx_word' id='word_1_50' title='bbox 237 1035 598 1100; x_wconf 87' lang='lat' dir='ltr'><strong>llierusalem,</strong></span> <span class='ocrx_word' id='word_1_51' title='bbox 629 1043 682 1091; x_wconf 89' lang='lat' dir='ltr'><strong>et</strong></span> <span class='ocrx_word' id='word_1_52' title='bbox 705 1043 939 1100; x_wconf 78' lang='lat' dir='ltr'><strong>czetera,</strong></span> <span class='ocrx_word' id='word_1_53' title='bbox 976 1033 1235 1104; x_wconf 82' lang='lat' dir='ltr'><strong>propheta</strong></span> <span class='ocrx_word' id='word_1_54' title='bbox 1269 1032 1509 1104; x_wconf 89' lang='lat' dir='ltr'><strong>loquitur</strong></span> <span class='ocrx_word' id='word_1_55' title='bbox 1537 1033 1604 1087; x_wconf 88' lang='lat' dir='ltr'><strong>ad</strong></span> <span class='ocrx_word' id='word_1_56' title='bbox 1628 1031 1811 1087; x_wconf 89' lang='lat' dir='ltr'><strong>Domi-</strong></span> 
     </span>
    </p>
   </div>
   <div class='ocr_carea' id='block_1_10' title="bbox 238 1123 1818 1196">
    <p class='ocr_par' dir='ltr' id='par_1_10' title="bbox 238 1123 1818 1196">
     <span class='ocr_line' id='line_1_10' title="bbox 238 1123 1818 1196; baseline -0.003 -14"><span class='ocrx_word' id='word_1_57' title='bbox 238 1144 367 1183; x_wconf 85' lang='lat' dir='ltr'><strong>num</strong></span> <span class='ocrx_word' id='word_1_58' title='bbox 402 1147 416 1183; x_wconf 92' lang='lat'>:</span> <span class='ocrx_word' id='word_1_59' title='bbox 452 1147 469 1179; x_wconf 75' lang='grc' dir='ltr'>ι</span> <span class='ocrx_word' id='word_1_60' title='bbox 504 1128 756 1193; x_wconf 85' lang='lat' dir='ltr'><strong>Domine,</strong></span> <span class='ocrx_word' id='word_1_61' title='bbox 787 1127 926 1182; x_wconf 89' lang='lat' dir='ltr'><strong>oculi</strong></span> <span class='ocrx_word' id='word_1_62' title='bbox 976 1126 1053 1181; x_wconf 91' lang='lat' dir='ltr'><strong>tui</strong></span> <span class='ocrx_word' id='word_1_63' title='bbox 1101 1125 1396 1196; x_wconf 91' lang='lat' dir='ltr'><strong>respiciunt</strong></span> <span class='ocrx_word' id='word_1_64' title='bbox 1423 1123 1605 1190; x_wconf 83' lang='lat' dir='ltr'><strong>ﬁdem,</strong></span> <span class='ocrx_word' id='word_1_65' title='bbox 1643 1143 1661 1175; x_wconf 85' lang='grc'><strong>›</strong></span> <span class='ocrx_word' id='word_1_66' title='bbox 1698 1139 1818 1193; x_wconf 73' lang='lat' dir='ltr'><strong>qua:</strong></span> 
     </span>
    </p>
   </div>
   <div class='ocr_carea' id='block_1_11' title="bbox 236 1214 1816 1288">
    <p class='ocr_par' dir='ltr' id='par_1_11' title="bbox 236 1214 1816 1288">
     <span class='ocr_line' id='line_1_11' title="bbox 236 1214 1816 1288; baseline -0.005 -12"><span class='ocrx_word' id='word_1_67' title='bbox 236 1221 503 1276; x_wconf 82' lang='lat' dir='ltr'><strong>llebraice</strong></span> <span class='ocrx_word' id='word_1_68' title='bbox 538 1216 736 1275; x_wconf 87' lang='lat' dir='ltr'><strong>dicitur</strong></span> <span class='ocrx_word' id='word_1_69' title='bbox 766 1228 946 1278; x_wconf 62' lang='lat' dir='ltr'><strong>ruma</strong></span> <span class='ocrx_word' id='word_1_70' title='bbox 989 1236 1003 1272; x_wconf 90' lang='lat'><strong>:</strong></span> <span class='ocrx_word' id='word_1_71' title='bbox 1050 1232 1158 1272; x_wconf 91' lang='lat' dir='ltr'><strong>non</strong></span> <span class='ocrx_word' id='word_1_72' title='bbox 1187 1232 1352 1288; x_wconf 87' lang='lat' dir='ltr'><strong>opera</strong></span> <span class='ocrx_word' id='word_1_73' title='bbox 1396 1214 1729 1279; x_wconf 67' lang='lat' dir='ltr'><strong>Judaeorum,</strong></span> <span class='ocrx_word' id='word_1_74' title='bbox 1761 1215 1816 1269; x_wconf 90' lang='lat' dir='ltr'><strong>in</strong></span> 
     </span>
    </p>
   </div>
   <div class='ocr_carea' id='block_1_12' title="bbox 237 1304 1816 1380">
    <p class='ocr_par' dir='ltr' id='par_1_12' title="bbox 237 1304 1816 1380">
     <span class='ocr_line' id='line_1_12' title="bbox 237 1304 1816 1380; baseline -0.004 -17"><span class='ocrx_word' id='word_1_75' title='bbox 237 1310 436 1379; x_wconf 87' lang='lat' dir='ltr'><strong>quibus</strong></span> <span class='ocrx_word' id='word_1_76' title='bbox 456 1309 610 1380; x_wconf 76' lang='lat' dir='ltr'><strong>juxta</strong></span> <span class='ocrx_word' id='word_1_77' title='bbox 633 1309 766 1380; x_wconf 87' lang='lat' dir='ltr'><strong>legis</strong></span> <span class='ocrx_word' id='word_1_78' title='bbox 788 1308 1139 1363; x_wconf 65' lang='lat' dir='ltr'><strong>caeremonias</strong></span> <span class='ocrx_word' id='word_1_79' title='bbox 1162 1307 1523 1371; x_wconf 83' lang='lat' dir='ltr'><strong>exsultabant,</strong></span> <span class='ocrx_word' id='word_1_80' title='bbox 1540 1305 1635 1361; x_wconf 89' lang='lat' dir='ltr'><strong>sed</strong></span> <span class='ocrx_word' id='word_1_81' title='bbox 1656 1304 1816 1359; x_wconf 81' lang='lat' dir='ltr'><strong>fidem</strong></span> 
     </span>
    </p>
   </div>
   <div class='ocr_carea' id='block_1_13' title="bbox 238 1395 1814 1467">
    <p class='ocr_par' dir='ltr' id='par_1_13' title="bbox 238 1395 1814 1467">
     <span class='ocr_line' id='line_1_13' title="bbox 238 1395 1814 1467; baseline -0.003 -14"><span class='ocrx_word' id='word_1_82' title='bbox 238 1398 692 1462; x_wconf 88' lang='lat' dir='ltr'><strong>Christianorum,</strong></span> <span class='ocrx_word' id='word_1_83' title='bbox 727 1412 822 1467; x_wconf 91' lang='lat' dir='ltr'><strong>per</strong></span> <span class='ocrx_word' id='word_1_84' title='bbox 849 1412 1010 1467; x_wconf 90' lang='lat' dir='ltr'><strong>quam</strong></span> <span class='ocrx_word' id='word_1_85' title='bbox 1042 1400 1215 1467; x_wconf 85' lang='lat' dir='ltr'><strong>gratia</strong></span> <span class='ocrx_word' id='word_1_86' title='bbox 1249 1396 1386 1451; x_wconf 91' lang='lat' dir='ltr'><strong>salvi</strong></span> <span class='ocrx_word' id='word_1_87' title='bbox 1434 1395 1560 1449; x_wconf 79' lang='lat' dir='ltr'><strong>facti</strong></span> <span class='ocrx_word' id='word_1_88' title='bbox 1607 1410 1814 1450; x_wconf 89' lang='lat' dir='ltr'><strong>sumus.</strong></span> 
     </span>
    </p>
   </div>
   <div class='ocr_carea' id='block_1_14' title="bbox 245 1484 1812 1558">
    <p class='ocr_par' dir='ltr' id='par_1_14' title="bbox 245 1484 1812 1558">
     <span class='ocr_line' id='line_1_14' title="bbox 245 1484 1812 1558; baseline -0.001 -15"><span class='ocrx_word' id='word_1_89' title='bbox 245 1490 358 1543; x_wconf 79' lang='lat' dir='ltr'><strong>lioc</strong></span> <span class='ocrx_word' id='word_1_90' title='bbox 385 1497 563 1543; x_wconf 87' lang='lat' dir='ltr'><strong>autem</strong></span> <span class='ocrx_word' id='word_1_91' title='bbox 590 1488 826 1558; x_wconf 85' lang='lat' dir='ltr'><strong>capitulo</strong></span> <span class='ocrx_word' id='word_1_92' title='bbox 852 1488 1109 1543; x_wconf 88' lang='lat' dir='ltr'><strong>discimus</strong></span> <span class='ocrx_word' id='word_1_93' title='bbox 1153 1487 1357 1543; x_wconf 87' lang='lat' dir='ltr'><strong>ideirco</strong></span> <span class='ocrx_word' id='word_1_94' title='bbox 1385 1484 1573 1541; x_wconf 75' lang='lat' dir='ltr'><strong>inferri</strong></span> <span class='ocrx_word' id='word_1_95' title='bbox 1602 1485 1812 1557; x_wconf 87' lang='lat' dir='ltr'><strong>suppli-</strong></span> 
     </span>
    </p>
   </div>
   <div class='ocr_carea' id='block_1_15' title="bbox 242 1578 1817 1651">
    <p class='ocr_par' dir='ltr' id='par_1_15' title="bbox 242 1578 1817 1651">
     <span class='ocr_line' id='line_1_15' title="bbox 242 1578 1817 1651; baseline -0.001 -19"><span class='ocrx_word' id='word_1_96' title='bbox 242 1581 325 1634; x_wconf 70' lang='lat' dir='ltr'><strong>cia</strong></span> <span class='ocrx_word' id='word_1_97' title='bbox 343 1590 401 1634; x_wconf 90' lang='lat' dir='ltr'><strong>ut</strong></span> <span class='ocrx_word' id='word_1_98' title='bbox 421 1580 550 1634; x_wconf 90' lang='lat' dir='ltr'><strong>vitia</strong></span> <span class='ocrx_word' id='word_1_99' title='bbox 574 1580 936 1651; x_wconf 85' lang='lat' dir='ltr'><strong>corrigantur.</strong></span> <span class='ocrx_word' id='word_1_100' title='bbox 954 1580 1197 1651; x_wconf 77' lang='lat' dir='ltr'><strong>Denique</strong></span> <span class='ocrx_word' id='word_1_101' title='bbox 1220 1580 1298 1634; x_wconf 89' lang='lat' dir='ltr'><strong>ait</strong></span> <span class='ocrx_word' id='word_1_102' title='bbox 1314 1596 1327 1632; x_wconf 91' lang='lat'><strong>:</strong></span> <span class='ocrx_word' id='word_1_103' title='bbox 1341 1597 1360 1631; x_wconf 73' lang='grc' dir='ltr'>ι</span> <span class='ocrx_word' id='word_1_104' title='bbox 1378 1578 1702 1634; x_wconf 85' lang='lat' dir='ltr'><strong>Percussisti</strong></span> <span class='ocrx_word' id='word_1_105' title='bbox 1723 1592 1817 1632; x_wconf 87' lang='lat' dir='ltr'><strong>eos</strong></span> 
     </span>
    </p>
   </div>
   <div class='ocr_carea' id='block_1_16' title="bbox 242 1667 1814 1733">
    <p class='ocr_par' dir='ltr' id='par_1_16' title="bbox 242 1667 1814 1733">
     <span class='ocr_line' id='line_1_16' title="bbox 242 1667 1814 1733; baseline 0 -12"><span class='ocrx_word' id='word_1_106' title='bbox 242 1677 297 1721; x_wconf 87' lang='lat' dir='ltr'><strong>et</strong></span> <span class='ocrx_word' id='word_1_107' title='bbox 325 1684 431 1723; x_wconf 91' lang='lat' dir='ltr'><strong>non</strong></span> <span class='ocrx_word' id='word_1_108' title='bbox 466 1667 782 1733; x_wconf 87' lang='lat' dir='ltr'><strong>doluerunt;</strong></span> <span class='ocrx_word' id='word_1_109' title='bbox 813 1667 1066 1723; x_wconf 84' lang='lat' dir='ltr'><strong>aurivisti</strong></span> <span class='ocrx_word' id='word_1_110' title='bbox 1103 1682 1217 1733; x_wconf 88' lang='lat' dir='ltr'><strong>eos,</strong></span> <span class='ocrx_word' id='word_1_111' title='bbox 1247 1676 1304 1723; x_wconf 88' lang='lat' dir='ltr'><strong>et</strong></span> <span class='ocrx_word' id='word_1_112' title='bbox 1346 1675 1641 1722; x_wconf 87' lang='lat' dir='ltr'><strong>renuerunt</strong></span> <span class='ocrx_word' id='word_1_113' title='bbox 1665 1667 1814 1722; x_wconf 89' lang='lat' dir='ltr'><strong>acci-</strong></span> 
     </span>
    </p>
   </div>
   <div class='ocr_carea' id='block_1_17' title="bbox 1150 272 2582 339">
    <p class='ocr_par' dir='ltr' id='par_1_17' title="bbox 1150 272 2582 339">
     <span class='ocr_line' id='line_1_17' title="bbox 1150 272 2582 339; baseline -0.005 0"><span class='ocrx_word' id='word_1_114' title='bbox 1150 280 1513 339; x_wconf 72' lang='lat' dir='ltr'><strong>EXPOSITIO</strong></span> <span class='ocrx_word' id='word_1_115' title='bbox 1551 277 1775 336; x_wconf 73' lang='lat' dir='ltr'><strong>SUPER</strong></span> <span class='ocrx_word' id='word_1_116' title='bbox 1818 272 2183 331; x_wconf 70' lang='lat' dir='ltr'><strong>JE‘REMIAM.</strong></span> <span class='ocrx_word' id='word_1_117' title='bbox 2228 308 2293 317; x_wconf 80' lang='lat'><strong>—-</strong></span> <span class='ocrx_word' id='word_1_118' title='bbox 2328 276 2457 332; x_wconf 82' lang='lat' dir='ltr'><strong>LIB.</strong></span> <span class='ocrx_word' id='word_1_119' title='bbox 2497 276 2582 332; x_wconf 82' lang='lat' dir='ltr'><strong>III.</strong></span> 
     </span>
    </p>
   </div>
   <div class='ocr_carea' id='block_1_18' title="bbox 3385 276 3492 332">
    <p class='ocr_par' dir='ltr' id='par_1_18' title="bbox 3385 276 3492 332">
     <span class='ocr_line' id='line_1_18' title="bbox 3385 276 3492 332; baseline 0.047 -4"><span class='ocrx_word' id='word_1_120' title='bbox 3385 276 3492 332; x_wconf 70' lang='grc' dir='ltr'><strong>8ιί</strong></span> 
     </span>
    </p>
   </div>
   <div class='ocr_carea' id='block_1_19' title="bbox 1992 377 3490 461">
    <p class='ocr_par' dir='ltr' id='par_1_19' title="bbox 1992 377 3490 461">
     <span class='ocr_line' id='line_1_19' title="bbox 1992 377 3490 461; baseline 0.007 -25"><span class='ocrx_word' id='word_1_121' title='bbox 1992 404 2008 436; x_wconf 78' lang='grc' dir='ltr'>ι</span> <span class='ocrx_word' id='word_1_122' title='bbox 2055 386 2146 441; x_wconf 69' lang='lat' dir='ltr'><strong>Ibo</strong></span> <span class='ocrx_word' id='word_1_123' title='bbox 2173 377 2335 458; x_wconf 80' lang='lat' dir='ltr'><strong>igitur</strong></span> <span class='ocrx_word' id='word_1_124' title='bbox 2363 392 2431 443; x_wconf 90' lang='lat' dir='ltr'><strong>ad</strong></span> <span class='ocrx_word' id='word_1_125' title='bbox 2455 390 2743 458; x_wconf 86' lang='lat' dir='ltr'><strong>optimates</strong></span> <span class='ocrx_word' id='word_1_126' title='bbox 2777 398 2832 444; x_wconf 90' lang='lat' dir='ltr'><strong>et</strong></span> <span class='ocrx_word' id='word_1_127' title='bbox 2870 389 3060 460; x_wconf 90' lang='lat' dir='ltr'><strong>loquar</strong></span> <span class='ocrx_word' id='word_1_128' title='bbox 3086 389 3186 455; x_wconf 90' lang='lat' dir='ltr'><strong>eis,</strong></span> <span class='ocrx_word' id='word_1_129' title='bbox 3215 390 3315 461; x_wconf 86' lang='lat' dir='ltr'><strong>ipsi</strong></span> <span class='ocrx_word' id='word_1_130' title='bbox 3344 392 3490 446; x_wconf 90' lang='lat' dir='ltr'><strong>enim</strong></span> 
     </span>
    </p>
   </div>
   <div class='ocr_carea' id='block_1_20' title="bbox 1919 478 3494 550">
    <p class='ocr_par' dir='ltr' id='par_1_20' title="bbox 1919 478 3494 550">
     <span class='ocr_line' id='line_1_20' title="bbox 1919 478 3494 550; baseline 0.006 -23"><span class='ocrx_word' id='word_1_131' title='bbox 1919 494 1936 527; x_wconf 76' lang='grc' dir='ltr'>ι</span> <span class='ocrx_word' id='word_1_132' title='bbox 1983 484 2352 546; x_wconf 85' lang='lat' dir='ltr'><strong>cognoverunt</strong></span> <span class='ocrx_word' id='word_1_133' title='bbox 2380 478 2520 532; x_wconf 84' lang='lat' dir='ltr'><strong>viam</strong></span> <span class='ocrx_word' id='word_1_134' title='bbox 2548 478 2780 544; x_wconf 88' lang='lat' dir='ltr'><strong>Domini,</strong></span> <span class='ocrx_word' id='word_1_135' title='bbox 2803 480 3064 550; x_wconf 82' lang='lat' dir='ltr'><strong>judicium</strong></span> <span class='ocrx_word' id='word_1_136' title='bbox 3088 480 3183 534; x_wconf 90' lang='lat' dir='ltr'><strong>Dei</strong></span> <span class='ocrx_word' id='word_1_137' title='bbox 3210 480 3311 534; x_wconf 90' lang='lat' dir='ltr'><strong>sui.</strong></span> <span class='ocrx_word' id='word_1_138' title='bbox 3342 479 3494 545; x_wconf 81' lang='lat' dir='ltr'><strong>(Hie-</strong></span> 
     </span>
    </p>
   </div>
   <div class='ocr_carea' id='block_1_21' title="bbox 1914 564 3490 638">
    <p class='ocr_par' dir='ltr' id='par_1_21' title="bbox 1914 564 3490 638">
     <span class='ocr_line' id='line_1_21' title="bbox 1914 564 3490 638; baseline 0.002 -18"><span class='ocrx_word' id='word_1_139' title='bbox 1914 564 2052 635; x_wconf 82' lang='lat' dir='ltr'><strong>ron.)</strong></span> <span class='ocrx_word' id='word_1_140' title='bbox 2082 567 2350 636; x_wconf 82' lang='lat' dir='ltr'><strong>Paupercs</strong></span> <span class='ocrx_word' id='word_1_141' title='bbox 2373 567 2462 622; x_wconf 89' lang='lat' dir='ltr'><strong>hic</strong></span> <span class='ocrx_word' id='word_1_142' title='bbox 2490 574 2544 621; x_wconf 92' lang='lat' dir='ltr'><strong>et</strong></span> <span class='ocrx_word' id='word_1_143' title='bbox 2571 568 2859 637; x_wconf 83' lang='lat' dir='ltr'><strong>optimates</strong></span> <span class='ocrx_word' id='word_1_144' title='bbox 2889 584 2995 622; x_wconf 91' lang='lat' dir='ltr'><strong>non</strong></span> <span class='ocrx_word' id='word_1_145' title='bbox 3026 568 3203 638; x_wconf 90' lang='lat' dir='ltr'><strong>inopia</strong></span> <span class='ocrx_word' id='word_1_146' title='bbox 3233 568 3490 623; x_wconf 87' lang='lat' dir='ltr'><strong>dicuntur</strong></span> 
     </span>
    </p>
   </div>
   <div class='ocr_carea' id='block_1_22' title="bbox 1914 656 3494 728">
    <p class='ocr_par' dir='ltr' id='par_1_22' title="bbox 1914 656 3494 728">
     <span class='ocr_line' id='line_1_22' title="bbox 1914 656 3494 728; baseline 0.003 -17"><span class='ocrx_word' id='word_1_147' title='bbox 1914 666 1969 712; x_wconf 91' lang='lat' dir='ltr'><strong>ct</strong></span> <span class='ocrx_word' id='word_1_148' title='bbox 1988 656 2210 724; x_wconf 78' lang='lat' dir='ltr'><strong>divitiis,</strong></span> <span class='ocrx_word' id='word_1_149' title='bbox 2236 658 2329 712; x_wconf 71' lang='lat' dir='ltr'><strong>sed</strong></span> <span class='ocrx_word' id='word_1_150' title='bbox 2350 657 2602 728; x_wconf 88' lang='lat' dir='ltr'><strong>populum</strong></span> <span class='ocrx_word' id='word_1_151' title='bbox 2632 658 2964 728; x_wconf 82' lang='lat' dir='ltr'><strong>principibus</strong></span> <span class='ocrx_word' id='word_1_152' title='bbox 2992 668 3291 727; x_wconf 86' lang='lat' dir='ltr'><strong>comparat.</strong></span> <span class='ocrx_word' id='word_1_153' title='bbox 3322 658 3388 713; x_wconf 87' lang='lat' dir='ltr'><strong>Et</strong></span> <span class='ocrx_word' id='word_1_154' title='bbox 3408 666 3494 715; x_wconf 87' lang='lat' dir='ltr'><strong>est</strong></span> 
     </span>
    </p>
   </div>
   <div class='ocr_carea' id='block_1_23' title="bbox 1916 747 3497 819">
    <p class='ocr_par' dir='ltr' id='par_1_23' title="bbox 1916 747 3497 819">
     <span class='ocr_line' id='line_1_23' title="bbox 1916 747 3497 819; baseline 0 -16"><span class='ocrx_word' id='word_1_155' title='bbox 1916 762 2107 803; x_wconf 88' lang='lat' dir='ltr'><strong>sensus</strong></span> <span class='ocrx_word' id='word_1_156' title='bbox 2151 764 2164 799; x_wconf 88' lang='lat'><strong>:</strong></span> <span class='ocrx_word' id='word_1_157' title='bbox 2209 747 2448 804; x_wconf 90' lang='lat' dir='ltr'><strong>Cernens</strong></span> <span class='ocrx_word' id='word_1_158' title='bbox 2494 748 2729 803; x_wconf 63' lang='lat' dir='ltr'><strong>inﬂjelis</strong></span> <span class='ocrx_word' id='word_1_159' title='bbox 2776 748 2956 819; x_wconf 82' lang='lat' dir='ltr'><strong>pepuli</strong></span> <span class='ocrx_word' id='word_1_160' title='bbox 3005 747 3385 818; x_wconf 85' lang='lat' dir='ltr'><strong>pertinaciam,</strong></span> <span class='ocrx_word' id='word_1_161' title='bbox 3440 756 3497 803; x_wconf 90' lang='lat' dir='ltr'><strong>et</strong></span> 
     </span>
    </p>
   </div>
   <div class='ocr_carea' id='block_1_24' title="bbox 1915 835 3493 907">
    <p class='ocr_par' dir='ltr' id='par_1_24' title="bbox 1915 835 3493 907">
     <span class='ocr_line' id='line_1_24' title="bbox 1915 835 3493 907; baseline -0.001 -16"><span class='ocrx_word' id='word_1_162' title='bbox 1915 838 2056 907; x_wconf 88' lang='lat' dir='ltr'><strong>quod</strong></span> <span class='ocrx_word' id='word_1_163' title='bbox 2093 836 2339 892; x_wconf 88' lang='lat' dir='ltr'><strong>indurata</strong></span> <span class='ocrx_word' id='word_1_164' title='bbox 2374 835 2512 891; x_wconf 87' lang='lat' dir='ltr'><strong>facie</strong></span> <span class='ocrx_word' id='word_1_165' title='bbox 2558 836 2791 892; x_wconf 88' lang='lat' dir='ltr'><strong>noluerit</strong></span> <span class='ocrx_word' id='word_1_166' title='bbox 2842 838 3085 906; x_wconf 85' lang='lat' dir='ltr'><strong>recipere</strong></span> <span class='ocrx_word' id='word_1_167' title='bbox 3131 836 3493 907; x_wconf 85' lang='lat' dir='ltr'><strong>disciplinam,</strong></span> 
     </span>
    </p>
   </div>
   <div class='ocr_carea' id='block_1_25' title="bbox 1916 929 3499 1001">
    <p class='ocr_par' dir='ltr' id='par_1_25' title="bbox 1916 929 3499 1001">
     <span class='ocr_line' id='line_1_25' title="bbox 1916 929 3499 1001; baseline 0.001 -17"><span class='ocrx_word' id='word_1_168' title='bbox 1916 930 2021 985; x_wconf 85' lang='lat' dir='ltr'><strong>hoc</strong></span> <span class='ocrx_word' id='word_1_169' title='bbox 2075 945 2286 985; x_wconf 79' lang='lat' dir='ltr'><strong>mecum</strong></span> <span class='ocrx_word' id='word_1_170' title='bbox 2336 930 2547 985; x_wconf 85' lang='lat' dir='ltr'><strong>ratione</strong></span> <span class='ocrx_word' id='word_1_171' title='bbox 2595 930 2892 985; x_wconf 86' lang='lat' dir='ltr'><strong>tractabam</strong></span> <span class='ocrx_word' id='word_1_172' title='bbox 2941 946 2954 981; x_wconf 89' lang='lat'><strong>:</strong></span> <span class='ocrx_word' id='word_1_173' title='bbox 3008 929 3256 987; x_wconf 75' lang='lat' dir='ltr'><strong>Forsitan</strong></span> <span class='ocrx_word' id='word_1_174' title='bbox 3306 929 3499 1001; x_wconf 82' lang='lat' dir='ltr'><strong>vulgus</strong></span> 
     </span>
    </p>
   </div>
   <div class='ocr_carea' id='block_1_26' title="bbox 1917 1019 3490 1093">
    <p class='ocr_par' dir='ltr' id='par_1_26' title="bbox 1917 1019 3490 1093">
     <span class='ocr_line' id='line_1_26' title="bbox 1917 1019 3490 1093; baseline 0.001 -19"><span class='ocrx_word' id='word_1_175' title='bbox 1917 1019 2147 1093; x_wconf 72' lang='lat' dir='ltr'><strong>ignobile</strong></span> <span class='ocrx_word' id='word_1_176' title='bbox 2191 1035 2295 1075; x_wconf 92' lang='lat' dir='ltr'><strong>non</strong></span> <span class='ocrx_word' id='word_1_177' title='bbox 2323 1028 2496 1091; x_wconf 85' lang='lat' dir='ltr'><strong>potest</strong></span> <span class='ocrx_word' id='word_1_178' title='bbox 2524 1020 2618 1075; x_wconf 89' lang='lat' dir='ltr'><strong>Dei</strong></span> <span class='ocrx_word' id='word_1_179' title='bbox 2658 1036 2819 1076; x_wconf 87' lang='lat' dir='ltr'><strong>nosse</strong></span> <span class='ocrx_word' id='word_1_180' title='bbox 2844 1021 3167 1085; x_wconf 88' lang='lat' dir='ltr'><strong>doctrinam,</strong></span> <span class='ocrx_word' id='word_1_181' title='bbox 3205 1030 3261 1076; x_wconf 91' lang='lat' dir='ltr'><strong>et</strong></span> <span class='ocrx_word' id='word_1_182' title='bbox 3287 1021 3490 1076; x_wconf 91' lang='lat' dir='ltr'><strong>ideirco</strong></span> 
     </span>
    </p>
   </div>
   <div class='ocr_carea' id='block_1_27' title="bbox 1915 1109 3497 1182">
    <p class='ocr_par' dir='ltr' id='par_1_27' title="bbox 1915 1109 3497 1182">
     <span class='ocr_line' id='line_1_27' title="bbox 1915 1109 3497 1182; baseline 0.001 -18"><span class='ocrx_word' id='word_1_183' title='bbox 1915 1109 2222 1165; x_wconf 77' lang='lat' dir='ltr'><strong>excusabile</strong></span> <span class='ocrx_word' id='word_1_184' title='bbox 2243 1119 2345 1176; x_wconf 88' lang='lat' dir='ltr'><strong>est,</strong></span> <span class='ocrx_word' id='word_1_185' title='bbox 2362 1110 2486 1180; x_wconf 86' lang='lat' dir='ltr'><strong>quia</strong></span> <span class='ocrx_word' id='word_1_186' title='bbox 2506 1120 2727 1181; x_wconf 88' lang='lat' dir='ltr'><strong>propter</strong></span> <span class='ocrx_word' id='word_1_187' title='bbox 2746 1111 3068 1182; x_wconf 85' lang='lat' dir='ltr'><strong>imperitiam</strong></span> <span class='ocrx_word' id='word_1_188' title='bbox 3095 1111 3189 1166; x_wconf 91' lang='lat' dir='ltr'><strong>Dei</strong></span> <span class='ocrx_word' id='word_1_189' title='bbox 3217 1127 3323 1168; x_wconf 92' lang='lat' dir='ltr'><strong>non</strong></span> <span class='ocrx_word' id='word_1_190' title='bbox 3353 1111 3497 1166; x_wconf 86' lang='lat' dir='ltr'><strong>valet</strong></span> 
     </span>
    </p>
   </div>
   <div class='ocr_carea' id='block_1_28' title="bbox 1917 1200 3498 1273">
    <p class='ocr_par' dir='ltr' id='par_1_28' title="bbox 1917 1200 3498 1273">
     <span class='ocr_line' id='line_1_28' title="bbox 1917 1200 3498 1273; baseline 0.003 -19"><span class='ocrx_word' id='word_1_191' title='bbox 1917 1200 2057 1255; x_wconf 85' lang='lat' dir='ltr'><strong>scire</strong></span> <span class='ocrx_word' id='word_1_192' title='bbox 2093 1201 2368 1255; x_wconf 88' lang='lat' dir='ltr'><strong>mandata.</strong></span> <span class='ocrx_word' id='word_1_193' title='bbox 2406 1200 2634 1271; x_wconf 81' lang='lat' dir='ltr'><strong>Pergam</strong></span> <span class='ocrx_word' id='word_1_194' title='bbox 2673 1201 2842 1273; x_wconf 75' lang='lat' dir='ltr'><strong>igitur</strong></span> <span class='ocrx_word' id='word_1_195' title='bbox 2887 1202 2953 1256; x_wconf 88' lang='lat' dir='ltr'><strong>ad</strong></span> <span class='ocrx_word' id='word_1_196' title='bbox 2997 1202 3309 1258; x_wconf 87' lang='lat' dir='ltr'><strong>sacerdotes</strong></span> <span class='ocrx_word' id='word_1_197' title='bbox 3343 1211 3399 1257; x_wconf 92' lang='lat' dir='ltr'><strong>et</strong></span> <span class='ocrx_word' id='word_1_198' title='bbox 3431 1203 3498 1258; x_wconf 90' lang='lat' dir='ltr'><strong>ad</strong></span> 
     </span>
    </p>
   </div>
   <div class='ocr_carea' id='block_1_29' title="bbox 1918 1292 3496 1365">
    <p class='ocr_par' dir='ltr' id='par_1_29' title="bbox 1918 1292 3496 1365">
     <span class='ocr_line' id='line_1_29' title="bbox 1918 1292 3496 1365; baseline 0.003 -18"><span class='ocrx_word' id='word_1_199' title='bbox 1918 1306 2012 1347; x_wconf 88' lang='lat' dir='ltr'><strong>eos</strong></span> <span class='ocrx_word' id='word_1_200' title='bbox 2037 1292 2130 1361; x_wconf 86' lang='lat' dir='ltr'><strong>qui</strong></span> <span class='ocrx_word' id='word_1_201' title='bbox 2154 1301 2397 1361; x_wconf 76' lang='lat' dir='ltr'><strong>przesunt</strong></span> <span class='ocrx_word' id='word_1_202' title='bbox 2434 1294 2656 1363; x_wconf 84' lang='lat' dir='ltr'><strong>populo,</strong></span> <span class='ocrx_word' id='word_1_203' title='bbox 2681 1301 2736 1349; x_wconf 90' lang='lat' dir='ltr'><strong>et</strong></span> <span class='ocrx_word' id='word_1_204' title='bbox 2764 1294 2952 1364; x_wconf 88' lang='lat' dir='ltr'><strong>loquar</strong></span> <span class='ocrx_word' id='word_1_205' title='bbox 2976 1294 3075 1360; x_wconf 90' lang='lat' dir='ltr'><strong>eis,</strong></span> <span class='ocrx_word' id='word_1_206' title='bbox 3105 1295 3206 1365; x_wconf 88' lang='lat' dir='ltr'><strong>ipsi</strong></span> <span class='ocrx_word' id='word_1_207' title='bbox 3232 1295 3375 1351; x_wconf 89' lang='lat' dir='ltr'><strong>enim</strong></span> <span class='ocrx_word' id='word_1_208' title='bbox 3401 1311 3496 1351; x_wconf 90' lang='lat' dir='ltr'><strong>co-</strong></span> 
     </span>
    </p>
   </div>
   <div class='ocr_carea' id='block_1_30' title="bbox 1918 1384 3499 1457">
    <p class='ocr_par' dir='ltr' id='par_1_30' title="bbox 1918 1384 3499 1457">
     <span class='ocr_line' id='line_1_30' title="bbox 1918 1384 3499 1457; baseline 0.004 -20"><span class='ocrx_word' id='word_1_209' title='bbox 1918 1393 2222 1454; x_wconf 85' lang='lat' dir='ltr'><strong>gnoverunt</strong></span> <span class='ocrx_word' id='word_1_210' title='bbox 2270 1384 2603 1441; x_wconf 87' lang='lat' dir='ltr'><strong>voluntatem</strong></span> <span class='ocrx_word' id='word_1_211' title='bbox 2639 1387 2872 1449; x_wconf 87' lang='lat' dir='ltr'><strong>Domini,</strong></span> <span class='ocrx_word' id='word_1_212' title='bbox 2924 1395 2981 1443; x_wconf 90' lang='lat' dir='ltr'><strong>et</strong></span> <span class='ocrx_word' id='word_1_213' title='bbox 3013 1388 3192 1443; x_wconf 88' lang='lat' dir='ltr'><strong>sciunt</strong></span> <span class='ocrx_word' id='word_1_214' title='bbox 3235 1387 3499 1457; x_wconf 90' lang='lat' dir='ltr'><strong>judicium</strong></span> 
     </span>
    </p>
   </div>
   <div class='ocr_carea' id='block_1_31' title="bbox 1920 1473 3499 1548">
    <p class='ocr_par' dir='ltr' id='par_1_31' title="bbox 1920 1473 3499 1548">
     <span class='ocr_line' id='line_1_31' title="bbox 1920 1473 3499 1548; baseline 0.003 -19"><span class='ocrx_word' id='word_1_215' title='bbox 1920 1473 2015 1529; x_wconf 81' lang='lat' dir='ltr'><strong>Dei</strong></span> <span class='ocrx_word' id='word_1_216' title='bbox 2038 1475 2141 1529; x_wconf 90' lang='lat' dir='ltr'><strong>sui.</strong></span> <span class='ocrx_word' id='word_1_217' title='bbox 2175 1474 2291 1530; x_wconf 84' lang='lat' dir='ltr'><strong>Hoc</strong></span> <span class='ocrx_word' id='word_1_218' title='bbox 2328 1485 2509 1531; x_wconf 89' lang='lat' dir='ltr'><strong>autem</strong></span> <span class='ocrx_word' id='word_1_219' title='bbox 2538 1476 2671 1532; x_wconf 91' lang='lat' dir='ltr'><strong>dicit</strong></span> <span class='ocrx_word' id='word_1_220' title='bbox 2720 1493 2970 1532; x_wconf 87' lang='lat' dir='ltr'><strong>sermone</strong></span> <span class='ocrx_word' id='word_1_221' title='bbox 3001 1478 3318 1544; x_wconf 86' lang='lat' dir='ltr'><strong>dubitantis,</strong></span> <span class='ocrx_word' id='word_1_222' title='bbox 3344 1476 3499 1548; x_wconf 82' lang='lat' dir='ltr'><strong>juxta</strong></span> 
     </span>
    </p>
   </div>
   <div class='ocr_carea' id='block_1_32' title="bbox 1920 1563 3503 1640">
    <p class='ocr_par' dir='ltr' id='par_1_32' title="bbox 1920 1563 3503 1640">
     <span class='ocr_line' id='line_1_32' title="bbox 1920 1563 3503 1640; baseline 0.006 -23"><span class='ocrx_word' id='word_1_223' title='bbox 1920 1563 2052 1619; x_wconf 82' lang='lat' dir='ltr'><strong>illud</strong></span> <span class='ocrx_word' id='word_1_224' title='bbox 2093 1565 2505 1636; x_wconf 78' lang='lat' dir='ltr'><strong>evangelicum:</strong></span> <span class='ocrx_word' id='word_1_225' title='bbox 2554 1586 2572 1618; x_wconf 69' lang='grc' dir='ltr'>ε</span> <span class='ocrx_word' id='word_1_226' title='bbox 2612 1567 2820 1622; x_wconf 82' lang='lat' dir='ltr'><strong>Mittam</strong></span> <span class='ocrx_word' id='word_1_227' title='bbox 2858 1567 3027 1623; x_wconf 87' lang='lat' dir='ltr'><strong>ﬂlium</strong></span> <span class='ocrx_word' id='word_1_228' title='bbox 3075 1584 3279 1634; x_wconf 89' lang='lat' dir='ltr'><strong>meum,</strong></span> <span class='ocrx_word' id='word_1_229' title='bbox 3326 1572 3503 1640; x_wconf 90' lang='lat' dir='ltr'><strong>ipsum</strong></span> 
     </span>
    </p>
   </div>
   <div class='ocr_carea' id='block_1_33' title="bbox 1921 1652 3498 1733">
    <p class='ocr_par' dir='ltr' id='par_1_33' title="bbox 1921 1652 3498 1733">
     <span class='ocr_line' id='line_1_33' title="bbox 1921 1652 3498 1733; baseline 0.005 -24"><span class='ocrx_word' id='word_1_230' title='bbox 1921 1652 2148 1710; x_wconf 78' lang='lat' dir='ltr'><strong>forsitan</strong></span> <span class='ocrx_word' id='word_1_231' title='bbox 2178 1658 2567 1713; x_wconf 85' lang='lat' dir='ltr'><strong>reverebuntur</strong></span> <span class='ocrx_word' id='word_1_232' title='bbox 2596 1657 2813 1731; x_wconf 77' lang='lat' dir='ltr'><strong>(Matth.</strong></span> <span class='ocrx_word' id='word_1_233' title='bbox 2843 1659 3011 1731; x_wconf 46' lang='lat' dir='ltr'><strong>xxx)»</strong></span> <span class='ocrx_word' id='word_1_234' title='bbox 3048 1670 3107 1716; x_wconf 90' lang='lat' dir='ltr'><strong>ut</strong></span> <span class='ocrx_word' id='word_1_235' title='bbox 3140 1676 3205 1715; x_wconf 78' lang='lat' dir='ltr'><strong>ex</strong></span> <span class='ocrx_word' id='word_1_236' title='bbox 3232 1662 3498 1733; x_wconf 85' lang='lat' dir='ltr'><strong>ambigui-</strong></span> 
     </span>
    </p>
   </div>
   <div class='ocr_carea' id='block_1_34' title="bbox 244 1738 3498 1828">
    <p class='ocr_par' dir='ltr' id='par_1_34' title="bbox 244 1738 3498 1828">
     <span class='ocr_line' id='line_1_34' title="bbox 244 1738 3498 1828; baseline 0.002 -26"><span class='ocrx_word' id='word_1_237' title='bbox 244 1774 372 1828; x_wconf 68' lang='grc' dir='ltr'><strong>ρει-ε</strong></span> <span class='ocrx_word' id='word_1_238' title='bbox 399 1758 755 1827; x_wconf 66' lang='lat' dir='ltr'><strong>disciplinam,</strong></span> <span class='ocrx_word' id='word_1_239' title='bbox 792 1778 810 1811; x_wconf 81' lang='grc'><em>,</em></span> <span class='ocrx_word' id='word_1_240' title='bbox 842 1757 951 1813; x_wconf 65' lang='lat' dir='ltr'><strong>per</strong></span> <span class='ocrx_word' id='word_1_241' title='bbox 973 1758 1153 1813; x_wconf 73' lang='lat' dir='ltr'><strong>omnia</strong></span> <span class='ocrx_word' id='word_1_242' title='bbox 1179 1758 1322 1813; x_wconf 70' lang='lat' dir='ltr'><strong>enim</strong></span> <span class='ocrx_word' id='word_1_243' title='bbox 1355 1766 1623 1813; x_wconf 51' lang='lat' dir='ltr'><strong>(armenia</strong></span> <span class='ocrx_word' id='word_1_244' title='bbox 1654 1768 1818 1827; x_wconf 48' lang='lat' dir='ltr'><strong>atque</strong></span> <span class='ocrx_word' id='word_1_245' title='bbox 1844 1738 1894 1798; x_wconf 89' lang='lat' dir='ltr'><strong>B</strong></span> <span class='ocrx_word' id='word_1_246' title='bbox 1923 1754 2033 1800; x_wconf 88' lang='lat' dir='ltr'><strong>tate</strong></span> <span class='ocrx_word' id='word_1_247' title='bbox 2076 1748 2360 1803; x_wconf 64' lang='lat' dir='ltr'><strong>sentcntiae</strong></span> <span class='ocrx_word' id='word_1_248' title='bbox 2403 1758 2458 1803; x_wconf 93' lang='lat' dir='ltr'><strong>et</strong></span> <span class='ocrx_word' id='word_1_249' title='bbox 2502 1750 2855 1818; x_wconf 84' lang='lat' dir='ltr'><strong>suspensione</strong></span> <span class='ocrx_word' id='word_1_250' title='bbox 2900 1751 3215 1819; x_wconf 80' lang='lat' dir='ltr'><strong>verborum,</strong></span> <span class='ocrx_word' id='word_1_251' title='bbox 3269 1752 3498 1807; x_wconf 86' lang='lat' dir='ltr'><strong>liberum</strong></span> 
     </span>
    </p>
   </div>
   <div class='ocr_carea' id='block_1_35' title="bbox 244 1846 1821 1921">
    <p class='ocr_par' dir='ltr' id='par_1_35' title="bbox 244 1846 1821 1921">
     <span class='ocr_line' id='line_1_35' title="bbox 244 1846 1821 1921; baseline 0.001 -21"><span class='ocrx_word' id='word_1_252' title='bbox 244 1846 449 1918; x_wconf 82' lang='lat' dir='ltr'><strong>ﬂagella</strong></span> <span class='ocrx_word' id='word_1_253' title='bbox 500 1862 606 1901; x_wconf 86' lang='lat' dir='ltr'><strong>non</strong></span> <span class='ocrx_word' id='word_1_254' title='bbox 644 1847 968 1903; x_wconf 90' lang='lat' dir='ltr'><strong>emendatur</strong></span> <span class='ocrx_word' id='word_1_255' title='bbox 1014 1846 1368 1913; x_wconf 81' lang='lat' dir='ltr'><strong>Hierusalem,</strong></span> <span class='ocrx_word' id='word_1_256' title='bbox 1415 1855 1470 1921; x_wconf 84' lang='lat' dir='ltr'><strong>et</strong></span> <span class='ocrx_word' id='word_1_257' title='bbox 1514 1848 1821 1916; x_wconf 71' lang='lat' dir='ltr'><strong>superbam</strong></span> 
     </span>
    </p>
   </div>
   <div class='ocr_carea' id='block_1_36' title="bbox 244 1937 1820 2009">
    <p class='ocr_par' dir='ltr' id='par_1_36' title="bbox 244 1937 1820 2009">
     <span class='ocr_line' id='line_1_36' title="bbox 244 1937 1820 2009; baseline 0.003 -19"><span class='ocrx_word' id='word_1_258' title='bbox 244 1939 495 1992; x_wconf 87' lang='lat' dir='ltr'><strong>universa</strong></span> <span class='ocrx_word' id='word_1_259' title='bbox 542 1953 612 1993; x_wconf 92' lang='lat' dir='ltr'><strong>ne</strong></span> <span class='ocrx_word' id='word_1_260' title='bbox 652 1939 1034 1996; x_wconf 79' lang='lat' dir='ltr'><strong>verecundiam</strong></span> <span class='ocrx_word' id='word_1_261' title='bbox 1080 1937 1297 2009; x_wconf 84' lang='lat' dir='ltr'><strong>quidem</strong></span> <span class='ocrx_word' id='word_1_262' title='bbox 1352 1952 1575 1994; x_wconf 84' lang='lat' dir='ltr'><strong>suorum</strong></span> <span class='ocrx_word' id='word_1_263' title='bbox 1617 1938 1820 1994; x_wconf 90' lang='lat' dir='ltr'><strong>habere</strong></span> 
     </span>
    </p>
   </div>
   <div class='ocr_carea' id='block_1_37' title="bbox 243 2028 1819 2100">
    <p class='ocr_par' dir='ltr' id='par_1_37' title="bbox 243 2028 1819 2100">
     <span class='ocr_line' id='line_1_37' title="bbox 243 2028 1819 2100; baseline 0 -19"><span class='ocrx_word' id='word_1_264' title='bbox 243 2030 521 2096; x_wconf 88' lang='lat' dir='ltr'><strong>vitiorum,</strong></span> <span class='ocrx_word' id='word_1_265' title='bbox 551 2029 645 2084; x_wconf 91' lang='lat' dir='ltr'><strong>sed</strong></span> <span class='ocrx_word' id='word_1_266' title='bbox 674 2030 846 2085; x_wconf 90' lang='lat' dir='ltr'><strong>instar</strong></span> <span class='ocrx_word' id='word_1_267' title='bbox 869 2038 1038 2100; x_wconf 65' lang='lat' dir='ltr'><strong>petra:</strong></span> <span class='ocrx_word' id='word_1_268' title='bbox 1063 2030 1378 2084; x_wconf 88' lang='lat' dir='ltr'><strong>indurantes</strong></span> <span class='ocrx_word' id='word_1_269' title='bbox 1403 2028 1600 2085; x_wconf 83' lang='lat' dir='ltr'><strong>frontis</strong></span> <span class='ocrx_word' id='word_1_270' title='bbox 1646 2029 1819 2099; x_wconf 89' lang='lat' dir='ltr'><strong>impu-</strong></span> 
     </span>
    </p>
   </div>
   <div class='ocr_carea' id='block_1_38' title="bbox 246 2118 1818 2194">
    <p class='ocr_par' dir='ltr' id='par_1_38' title="bbox 246 2118 1818 2194">
     <span class='ocr_line' id='line_1_38' title="bbox 246 2118 1818 2194; baseline 0 -20"><span class='ocrx_word' id='word_1_271' title='bbox 246 2123 486 2177; x_wconf 78' lang='lat' dir='ltr'><strong>dentiam</strong></span> <span class='ocrx_word' id='word_1_272' title='bbox 555 2121 843 2177; x_wconf 89' lang='lat' dir='ltr'><strong>noluerunt</strong></span> <span class='ocrx_word' id='word_1_273' title='bbox 875 2121 961 2190; x_wconf 47' lang='lat' dir='ltr'><strong>-ad</strong></span> <span class='ocrx_word' id='word_1_274' title='bbox 1021 2120 1244 2177; x_wconf 86' lang='lat' dir='ltr'><strong>meliora</strong></span> <span class='ocrx_word' id='word_1_275' title='bbox 1296 2122 1559 2176; x_wconf 87' lang='lat' dir='ltr'><strong>converti.</strong></span> <span class='ocrx_word' id='word_1_276' title='bbox 1616 2118 1818 2194; x_wconf 85' lang='lat' dir='ltr'><strong>(Greg.)</strong></span> 
     </span>
    </p>
   </div>
   <div class='ocr_carea' id='block_1_39' title="bbox 245 2212 1822 2285">
    <p class='ocr_par' dir='ltr' id='par_1_39' title="bbox 245 2212 1822 2285">
     <span class='ocr_line' id='line_1_39' title="bbox 245 2212 1822 2285; baseline -0.001 -17"><span class='ocrx_word' id='word_1_277' title='bbox 245 2212 438 2269; x_wconf 87' lang='lat' dir='ltr'><strong>Omnis</strong></span> <span class='ocrx_word' id='word_1_278' title='bbox 460 2229 590 2284; x_wconf 85' lang='lat' dir='ltr'><strong>ergo</strong></span> <span class='ocrx_word' id='word_1_279' title='bbox 624 2213 805 2268; x_wconf 90' lang='lat' dir='ltr'><strong>divina</strong></span> <span class='ocrx_word' id='word_1_280' title='bbox 850 2214 1127 2285; x_wconf 86' lang='lat' dir='ltr'><strong>percussio</strong></span> <span class='ocrx_word' id='word_1_281' title='bbox 1155 2221 1247 2267; x_wconf 89' lang='lat' dir='ltr'><strong>aut</strong></span> <span class='ocrx_word' id='word_1_282' title='bbox 1277 2213 1523 2285; x_wconf 81' lang='lat' dir='ltr'><strong>purgatio</strong></span> <span class='ocrx_word' id='word_1_283' title='bbox 1570 2213 1623 2268; x_wconf 91' lang='lat' dir='ltr'><strong>in</strong></span> <span class='ocrx_word' id='word_1_284' title='bbox 1664 2212 1822 2267; x_wconf 89' lang='lat' dir='ltr'><strong>nobis</strong></span> 
     </span>
    </p>
   </div>
   <div class='ocr_carea' id='block_1_40' title="bbox 242 2302 1816 2374">
    <p class='ocr_par' dir='ltr' id='par_1_40' title="bbox 242 2302 1816 2374">
     <span class='ocr_line' id='line_1_40' title="bbox 242 2302 1816 2374; baseline -0.001 -19"><span class='ocrx_word' id='word_1_285' title='bbox 242 2304 373 2356; x_wconf 67' lang='lat' dir='ltr'><strong>vita:</strong></span> <span class='ocrx_word' id='word_1_286' title='bbox 411 2302 696 2373; x_wconf 72' lang='lat' dir='ltr'><strong>praesentis</strong></span> <span class='ocrx_word' id='word_1_287' title='bbox 743 2311 845 2368; x_wconf 89' lang='lat' dir='ltr'><strong>est,</strong></span> <span class='ocrx_word' id='word_1_288' title='bbox 895 2310 989 2358; x_wconf 90' lang='lat' dir='ltr'><strong>aut</strong></span> <span class='ocrx_word' id='word_1_289' title='bbox 1026 2302 1240 2358; x_wconf 89' lang='lat' dir='ltr'><strong>initium</strong></span> <span class='ocrx_word' id='word_1_290' title='bbox 1292 2318 1467 2374; x_wconf 71' lang='lat' dir='ltr'><strong>preme</strong></span> <span class='ocrx_word' id='word_1_291' title='bbox 1520 2302 1816 2372; x_wconf 84' lang='lat' dir='ltr'><strong>sequentis.</strong></span> 
     </span>
    </p>
   </div>
   <div class='ocr_carea' id='block_1_41' title="bbox 243 2394 1821 2466">
    <p class='ocr_par' dir='ltr' id='par_1_41' title="bbox 243 2394 1821 2466">
     <span class='ocr_line' id='line_1_41' title="bbox 243 2394 1821 2466; baseline 0 -17"><span class='ocrx_word' id='word_1_292' title='bbox 243 2397 475 2465; x_wconf 85' lang='lat' dir='ltr'><strong>Propter</strong></span> <span class='ocrx_word' id='word_1_293' title='bbox 497 2411 591 2451; x_wconf 89' lang='lat' dir='ltr'><strong>eos</strong></span> <span class='ocrx_word' id='word_1_294' title='bbox 617 2396 760 2451; x_wconf 89' lang='lat' dir='ltr'><strong>enim</strong></span> <span class='ocrx_word' id='word_1_295' title='bbox 799 2396 892 2466; x_wconf 83' lang='lat' dir='ltr'><strong>qui</strong></span> <span class='ocrx_word' id='word_1_296' title='bbox 929 2412 995 2452; x_wconf 78' lang='lat' dir='ltr'><strong>ex</strong></span> <span class='ocrx_word' id='word_1_297' title='bbox 1026 2394 1236 2466; x_wconf 84' lang='lat' dir='ltr'><strong>ﬂagello</strong></span> <span class='ocrx_word' id='word_1_298' title='bbox 1277 2396 1568 2466; x_wconf 80' lang='lat' dir='ltr'><strong>proﬁciunt</strong></span> <span class='ocrx_word' id='word_1_299' title='bbox 1615 2394 1821 2450; x_wconf 89' lang='lat' dir='ltr'><strong>dictum</strong></span> 
     </span>
    </p>
   </div>
   <div class='ocr_carea' id='block_1_42' title="bbox 246 2484 1815 2559">
    <p class='ocr_par' dir='ltr' id='par_1_42' title="bbox 246 2484 1815 2559">
     <span class='ocr_line' id='line_1_42' title="bbox 246 2484 1815 2559; baseline -0.001 -20"><span class='ocrx_word' id='word_1_300' title='bbox 246 2497 339 2539; x_wconf 85' lang='lat' dir='ltr'><strong>est</strong></span> <span class='ocrx_word' id='word_1_301' title='bbox 364 2501 380 2538; x_wconf 91' lang='lat'><strong>:</strong></span> <span class='ocrx_word' id='word_1_302' title='bbox 410 2503 428 2536; x_wconf 74' lang='grc' dir='ltr'><strong><em>ι</em></strong></span> <span class='ocrx_word' id='word_1_303' title='bbox 462 2484 563 2552; x_wconf 83' lang='lat' dir='ltr'><strong>Qui</strong></span> <span class='ocrx_word' id='word_1_304' title='bbox 586 2485 745 2557; x_wconf 84' lang='lat' dir='ltr'><strong>ﬁngis</strong></span> <span class='ocrx_word' id='word_1_305' title='bbox 765 2486 1003 2541; x_wconf 89' lang='lat' dir='ltr'><strong>dolorem</strong></span> <span class='ocrx_word' id='word_1_306' title='bbox 1031 2487 1083 2540; x_wconf 93' lang='lat' dir='ltr'><strong>in</strong></span> <span class='ocrx_word' id='word_1_307' title='bbox 1104 2495 1372 2556; x_wconf 74' lang='lat' dir='ltr'><strong>praecepto</strong></span> <span class='ocrx_word' id='word_1_308' title='bbox 1396 2484 1569 2559; x_wconf 75' lang='lat' dir='ltr'><strong>(Psal.</strong></span> <span class='ocrx_word' id='word_1_309' title='bbox 1597 2486 1774 2558; x_wconf 79' lang='lat' dir='ltr'><strong>xcm).</strong></span> <span class='ocrx_word' id='word_1_310' title='bbox 1796 2505 1815 2538; x_wconf 76' lang='grc' dir='ltr'><strong><em>ι</em></strong></span> 
     </span>
    </p>
   </div>
   <div class='ocr_carea' id='block_1_43' title="bbox 243 2574 1825 2647">
    <p class='ocr_par' dir='ltr' id='par_1_43' title="bbox 243 2574 1825 2647">
     <span class='ocr_line' id='line_1_43' title="bbox 243 2574 1825 2647; baseline 0.003 -19"><span class='ocrx_word' id='word_1_311' title='bbox 243 2575 385 2643; x_wconf 79' lang='lat' dir='ltr'><strong>Quia</strong></span> <span class='ocrx_word' id='word_1_312' title='bbox 412 2576 535 2631; x_wconf 89' lang='lat' dir='ltr'><strong>dum</strong></span> <span class='ocrx_word' id='word_1_313' title='bbox 566 2574 865 2647; x_wconf 87' lang='lat' dir='ltr'><strong>ﬂagellatur</strong></span> <span class='ocrx_word' id='word_1_314' title='bbox 902 2576 1119 2646; x_wconf 86' lang='lat' dir='ltr'><strong>iniquus</strong></span> <span class='ocrx_word' id='word_1_315' title='bbox 1153 2586 1209 2632; x_wconf 87' lang='lat' dir='ltr'><strong>et</strong></span> <span class='ocrx_word' id='word_1_316' title='bbox 1251 2577 1540 2647; x_wconf 79' lang='lat' dir='ltr'><strong>corrigitur</strong></span> <span class='ocrx_word' id='word_1_317' title='bbox 1562 2616 1578 2643; x_wconf 93' lang='lat'><strong>,</strong></span> <span class='ocrx_word' id='word_1_318' title='bbox 1618 2592 1825 2647; x_wconf 65' lang='lat' dir='ltr'><strong>praece-</strong></span> 
     </span>
    </p>
   </div>
   <div class='ocr_carea' id='block_1_44' title="bbox 249 2666 1818 2739">
    <p class='ocr_par' dir='ltr' id='par_1_44' title="bbox 249 2666 1818 2739">
     <span class='ocr_line' id='line_1_44' title="bbox 249 2666 1818 2739; baseline 0 -17"><span class='ocrx_word' id='word_1_319' title='bbox 249 2679 401 2736; x_wconf 78' lang='lat' dir='ltr'><strong>ptum</strong></span> <span class='ocrx_word' id='word_1_320' title='bbox 437 2666 621 2721; x_wconf 87' lang='lat' dir='ltr'><strong>audire</strong></span> <span class='ocrx_word' id='word_1_321' title='bbox 654 2666 847 2733; x_wconf 84' lang='lat' dir='ltr'><strong>noluit,</strong></span> <span class='ocrx_word' id='word_1_322' title='bbox 881 2667 1084 2723; x_wconf 86' lang='lat' dir='ltr'><strong>audivit</strong></span> <span class='ocrx_word' id='word_1_323' title='bbox 1113 2667 1373 2724; x_wconf 88' lang='lat' dir='ltr'><strong>dolorem.</strong></span> <span class='ocrx_word' id='word_1_324' title='bbox 1409 2667 1571 2722; x_wconf 90' lang='lat' dir='ltr'><strong>Dolor</strong></span> <span class='ocrx_word' id='word_1_325' title='bbox 1600 2683 1729 2739; x_wconf 88' lang='lat' dir='ltr'><strong>ergo</strong></span> <span class='ocrx_word' id='word_1_326' title='bbox 1764 2667 1818 2722; x_wconf 89' lang='lat' dir='ltr'><strong>in</strong></span> 
     </span>
    </p>
   </div>
   <div class='ocr_carea' id='block_1_45' title="bbox 245 2754 1817 2830">
    <p class='ocr_par' dir='ltr' id='par_1_45' title="bbox 245 2754 1817 2830">
     <span class='ocr_line' id='line_1_45' title="bbox 245 2754 1817 2830; baseline 0.001 -20"><span class='ocrx_word' id='word_1_327' title='bbox 245 2762 516 2826; x_wconf 82' lang='lat' dir='ltr'><strong>praecepto</strong></span> <span class='ocrx_word' id='word_1_328' title='bbox 558 2754 781 2827; x_wconf 76' lang='lat' dir='ltr'><strong>fingitur</strong></span> <span class='ocrx_word' id='word_1_329' title='bbox 824 2755 874 2812; x_wconf 82' lang='lat' dir='ltr'><strong>ei</strong></span> <span class='ocrx_word' id='word_1_330' title='bbox 916 2757 1009 2828; x_wconf 91' lang='lat' dir='ltr'><strong>qui</strong></span> <span class='ocrx_word' id='word_1_331' title='bbox 1051 2773 1086 2812; x_wconf 90' lang='lat' dir='ltr'><strong>a</strong></span> <span class='ocrx_word' id='word_1_332' title='bbox 1116 2758 1272 2813; x_wconf 88' lang='lat' dir='ltr'><strong>malis</strong></span> <span class='ocrx_word' id='word_1_333' title='bbox 1318 2758 1592 2828; x_wconf 61' lang='lat' dir='ltr'><strong>omnibus,</strong></span> <span class='ocrx_word' id='word_1_334' title='bbox 1641 2758 1817 2830; x_wconf 87' lang='lat' dir='ltr'><strong>quasi,</strong></span> 
     </span>
    </p>
   </div>
   <div class='ocr_carea' id='block_1_46' title="bbox 244 2849 1823 2920">
    <p class='ocr_par' dir='ltr' id='par_1_46' title="bbox 244 2849 1823 2920">
     <span class='ocr_line' id='line_1_46' title="bbox 244 2849 1823 2920; baseline 0.002 -18"><span class='ocrx_word' id='word_1_335' title='bbox 244 2850 502 2919; x_wconf 62' lang='lat' dir='ltr'><strong>praecepti</strong></span> <span class='ocrx_word' id='word_1_336' title='bbox 542 2849 680 2914; x_wconf 85' lang='lat' dir='ltr'><strong>vice,</strong></span> <span class='ocrx_word' id='word_1_337' title='bbox 724 2850 908 2906; x_wconf 90' lang='lat' dir='ltr'><strong>dolore</strong></span> <span class='ocrx_word' id='word_1_338' title='bbox 954 2851 1255 2907; x_wconf 84' lang='lat' dir='ltr'><strong>cohibetur.</strong></span> <span class='ocrx_word' id='word_1_339' title='bbox 1314 2851 1391 2907; x_wconf 89' lang='lat' dir='ltr'><strong>De</strong></span> <span class='ocrx_word' id='word_1_340' title='bbox 1421 2852 1506 2907; x_wconf 89' lang='lat' dir='ltr'><strong>bis</strong></span> <span class='ocrx_word' id='word_1_341' title='bbox 1533 2866 1661 2906; x_wconf 90' lang='lat' dir='ltr'><strong>vero</strong></span> <span class='ocrx_word' id='word_1_342' title='bbox 1685 2866 1823 2920; x_wconf 87' lang='lat' dir='ltr'><strong>quos</strong></span> 
     </span>
    </p>
   </div>
   <div class='ocr_carea' id='block_1_47' title="bbox 243 2939 1822 3013">
    <p class='ocr_par' dir='ltr' id='par_1_47' title="bbox 243 2939 1822 3013">
     <span class='ocr_line' id='line_1_47' title="bbox 243 2939 1822 3013; baseline 0.002 -19"><span class='ocrx_word' id='word_1_343' title='bbox 243 2941 508 2995; x_wconf 71' lang='lat' dir='ltr'><strong>tlamuant</strong></span> <span class='ocrx_word' id='word_1_344' title='bbox 532 2939 737 3013; x_wconf 90' lang='lat' dir='ltr'><strong>ﬂagella</strong></span> <span class='ocrx_word' id='word_1_345' title='bbox 772 2950 828 2996; x_wconf 90' lang='lat' dir='ltr'><strong>et</strong></span> <span class='ocrx_word' id='word_1_346' title='bbox 853 2957 957 2996; x_wconf 90' lang='lat' dir='ltr'><strong>non</strong></span> <span class='ocrx_word' id='word_1_347' title='bbox 994 2942 1240 3008; x_wconf 89' lang='lat' dir='ltr'><strong>liberant,</strong></span> <span class='ocrx_word' id='word_1_348' title='bbox 1269 2942 1495 2998; x_wconf 89' lang='lat' dir='ltr'><strong>dicitur:</strong></span> <span class='ocrx_word' id='word_1_349' title='bbox 1529 2960 1548 2993; x_wconf 80' lang='grc' dir='ltr'>ι</span> <span class='ocrx_word' id='word_1_350' title='bbox 1589 2940 1822 2997; x_wconf 86' lang='lat' dir='ltr'><strong>Percus-</strong></span> 
     </span>
    </p>
   </div>
   <div class='ocr_carea' id='block_1_48' title="bbox 244 3030 1824 3101">
    <p class='ocr_par' dir='ltr' id='par_1_48' title="bbox 244 3030 1824 3101">
     <span class='ocr_line' id='line_1_48' title="bbox 244 3030 1824 3101; baseline 0 -17"><span class='ocrx_word' id='word_1_351' title='bbox 244 3031 365 3085; x_wconf 89' lang='lat' dir='ltr'><strong>sisti</strong></span> <span class='ocrx_word' id='word_1_352' title='bbox 399 3045 623 3101; x_wconf 90' lang='lat' dir='ltr'><strong>eos,uec</strong></span> <span class='ocrx_word' id='word_1_353' title='bbox 647 3030 973 3085; x_wconf 88' lang='lat' dir='ltr'><strong>doluerunt:</strong></span> <span class='ocrx_word' id='word_1_354' title='bbox 1006 3032 1259 3093; x_wconf 72' lang='lat' dir='ltr'><strong>atn&#39;ivisti</strong></span> <span class='ocrx_word' id='word_1_355' title='bbox 1290 3047 1404 3097; x_wconf 89' lang='lat' dir='ltr'><strong>eos,</strong></span> <span class='ocrx_word' id='word_1_356' title='bbox 1439 3041 1494 3087; x_wconf 90' lang='lat' dir='ltr'><strong>et</strong></span> <span class='ocrx_word' id='word_1_357' title='bbox 1526 3038 1824 3087; x_wconf 88' lang='lat' dir='ltr'><strong>renuerunt</strong></span> 
     </span>
    </p>
   </div>
   <div class='ocr_carea' id='block_1_49' title="bbox 245 3090 1894 3192">
    <p class='ocr_par' dir='ltr' id='par_1_49' title="bbox 245 3090 1894 3192">
     <span class='ocr_line' id='line_1_49' title="bbox 245 3090 1894 3192; baseline 0.002 -18"><span class='ocrx_word' id='word_1_358' title='bbox 245 3090 516 3190; x_wconf 42' lang='lat' dir='ltr'><strong>accipere,</strong></span> <span class='ocrx_word' id='word_1_359' title='bbox 545 3120 900 3189; x_wconf 89' lang='lat' dir='ltr'><strong>disciplinam.</strong></span> <span class='ocrx_word' id='word_1_360' title='bbox 938 3140 957 3172; x_wconf 75' lang='grc' dir='ltr'><strong><em>ι</em></strong></span> <span class='ocrx_word' id='word_1_361' title='bbox 990 3090 1115 3176; x_wconf 71' lang='lat' dir='ltr'><strong>Hmc</strong></span> <span class='ocrx_word' id='word_1_362' title='bbox 1140 3120 1344 3192; x_wconf 89' lang='lat' dir='ltr'><strong>ﬂagella</strong></span> <span class='ocrx_word' id='word_1_363' title='bbox 1371 3090 1438 3178; x_wconf 82' lang='lat' dir='ltr'><strong>ab</strong></span> <span class='ocrx_word' id='word_1_364' title='bbox 1470 3127 1572 3178; x_wconf 86' lang='lat' dir='ltr'><strong>hac</strong></span> <span class='ocrx_word' id='word_1_365' title='bbox 1594 3122 1703 3177; x_wconf 88' lang='lat' dir='ltr'><strong>vita</strong></span> <span class='ocrx_word' id='word_1_366' title='bbox 1742 3122 1824 3177; x_wconf 88' lang='lat' dir='ltr'><strong>in—</strong></span> <span class='ocrx_word' id='word_1_367' title='bbox 1850 3090 1894 3152; x_wconf 64' lang='grc' dir='ltr'><strong>Ο</strong></span> 
     </span>
    </p>
   </div>
   <div class='ocr_carea' id='block_1_50' title="bbox 248 3210 1824 3282">
    <p class='ocr_par' dir='ltr' id='par_1_50' title="bbox 248 3210 1824 3282">
     <span class='ocr_line' id='line_1_50' title="bbox 248 3210 1824 3282; baseline 0.001 -16"><span class='ocrx_word' id='word_1_368' title='bbox 248 3211 469 3276; x_wconf 87' lang='lat' dir='ltr'><strong>ehoant,</strong></span> <span class='ocrx_word' id='word_1_369' title='bbox 498 3211 643 3266; x_wconf 46' lang='lat' dir='ltr'><strong>et‘in</strong></span> <span class='ocrx_word' id='word_1_370' title='bbox 693 3220 894 3265; x_wconf 71' lang='lat' dir='ltr'><strong>aeterna</strong></span> <span class='ocrx_word' id='word_1_371' title='bbox 935 3211 1282 3281; x_wconf 89' lang='lat' dir='ltr'><strong>percussione</strong></span> <span class='ocrx_word' id='word_1_372' title='bbox 1323 3211 1637 3282; x_wconf 86' lang='lat' dir='ltr'><strong>perdurant.</strong></span> <span class='ocrx_word' id='word_1_373' title='bbox 1671 3210 1824 3268; x_wconf 89' lang='lat' dir='ltr'><strong>Unde</strong></span> 
     </span>
    </p>
   </div>
   <div class='ocr_carea' id='block_1_51' title="bbox 245 3300 1825 3374">
    <p class='ocr_par' dir='ltr' id='par_1_51' title="bbox 245 3300 1825 3374">
     <span class='ocr_line' id='line_1_51' title="bbox 245 3300 1825 3374; baseline 0.001 -19"><span class='ocrx_word' id='word_1_374' title='bbox 245 3317 344 3371; x_wconf 81' lang='lat' dir='ltr'><strong>per</strong></span> <span class='ocrx_word' id='word_1_375' title='bbox 369 3301 589 3372; x_wconf 80' lang='lat' dir='ltr'><strong>Moysen</strong></span> <span class='ocrx_word' id='word_1_376' title='bbox 615 3302 873 3356; x_wconf 90' lang='lat' dir='ltr'><strong>Dominus</strong></span> <span class='ocrx_word' id='word_1_377' title='bbox 911 3300 1043 3357; x_wconf 86' lang='lat' dir='ltr'><strong>dicit</strong></span> <span class='ocrx_word' id='word_1_378' title='bbox 1085 3319 1099 3355; x_wconf 92' lang='lat'><strong>:</strong></span> <span class='ocrx_word' id='word_1_379' title='bbox 1147 3321 1166 3354; x_wconf 72' lang='grc' dir='ltr'>ς</span> <span class='ocrx_word' id='word_1_380' title='bbox 1214 3300 1357 3374; x_wconf 89' lang='lat' dir='ltr'><strong>Ignis</strong></span> <span class='ocrx_word' id='word_1_381' title='bbox 1382 3302 1587 3358; x_wconf 81' lang='lat' dir='ltr'><strong>exarsit</strong></span> <span class='ocrx_word' id='word_1_382' title='bbox 1633 3301 1704 3357; x_wconf 88' lang='lat' dir='ltr'><strong>ab</strong></span> <span class='ocrx_word' id='word_1_383' title='bbox 1745 3303 1825 3357; x_wconf 90' lang='lat' dir='ltr'><strong>ira</strong></span> 
     </span>
    </p>
   </div>
   <div class='ocr_carea' id='block_1_52' title="bbox 247 3390 1826 3462">
    <p class='ocr_par' dir='ltr' id='par_1_52' title="bbox 247 3390 1826 3462">
     <span class='ocr_line' id='line_1_52' title="bbox 247 3390 1826 3462; baseline 0.002 -17"><span class='ocrx_word' id='word_1_384' title='bbox 247 3407 392 3456; x_wconf 83' lang='lat' dir='ltr'><strong>mea,</strong></span> <span class='ocrx_word' id='word_1_385' title='bbox 419 3400 475 3446; x_wconf 92' lang='lat' dir='ltr'><strong>et</strong></span> <span class='ocrx_word' id='word_1_386' title='bbox 501 3392 711 3446; x_wconf 70' lang='lat' dir='ltr'><strong>ardebit</strong></span> <span class='ocrx_word' id='word_1_387' title='bbox 743 3407 915 3462; x_wconf 85' lang='lat' dir='ltr'><strong>usque</strong></span> <span class='ocrx_word' id='word_1_388' title='bbox 938 3391 1006 3447; x_wconf 89' lang='lat' dir='ltr'><strong>ad</strong></span> <span class='ocrx_word' id='word_1_389' title='bbox 1031 3390 1233 3448; x_wconf 86' lang='lat' dir='ltr'><strong>inferos</strong></span> <span class='ocrx_word' id='word_1_390' title='bbox 1276 3392 1548 3448; x_wconf 89' lang='lat' dir='ltr'><strong>deorsum.</strong></span> <span class='ocrx_word' id='word_1_391' title='bbox 1581 3412 1599 3445; x_wconf 76' lang='grc' dir='ltr'><strong><em>ι</em></strong></span> <span class='ocrx_word' id='word_1_392' title='bbox 1647 3392 1826 3460; x_wconf 85' lang='lat' dir='ltr'><strong>Quan-</strong></span> 
     </span>
    </p>
   </div>
   <div class='ocr_carea' id='block_1_53' title="bbox 249 3480 1822 3555">
    <p class='ocr_par' dir='ltr' id='par_1_53' title="bbox 249 3480 1822 3555">
     <span class='ocr_line' id='line_1_53' title="bbox 249 3480 1822 3555; baseline 0.002 -21"><span class='ocrx_word' id='word_1_393' title='bbox 249 3490 362 3535; x_wconf 86' lang='lat' dir='ltr'><strong>tum</strong></span> <span class='ocrx_word' id='word_1_394' title='bbox 394 3480 462 3535; x_wconf 90' lang='lat' dir='ltr'><strong>ad</strong></span> <span class='ocrx_word' id='word_1_395' title='bbox 495 3488 810 3552; x_wconf 68' lang='lat' dir='ltr'><strong>praesentem</strong></span> <span class='ocrx_word' id='word_1_396' title='bbox 840 3481 1041 3537; x_wconf 89' lang='lat' dir='ltr'><strong>etenim</strong></span> <span class='ocrx_word' id='word_1_397' title='bbox 1070 3482 1476 3553; x_wconf 84' lang='lat' dir='ltr'><strong>percussionem</strong></span> <span class='ocrx_word' id='word_1_398' title='bbox 1525 3492 1822 3555; x_wconf 78' lang='lat' dir='ltr'><strong>exspectat,</strong></span> 
     </span>
    </p>
   </div>
   <div class='ocr_carea' id='block_1_54' title="bbox 245 3570 1825 3645">
    <p class='ocr_par' dir='ltr' id='par_1_54' title="bbox 245 3570 1825 3645">
     <span class='ocr_line' id='line_1_54' title="bbox 245 3570 1825 3645; baseline 0.004 -21"><span class='ocrx_word' id='word_1_399' title='bbox 245 3580 395 3626; x_wconf 81' lang='lat' dir='ltr'><strong>recte</strong></span> <span class='ocrx_word' id='word_1_400' title='bbox 420 3570 646 3626; x_wconf 89' lang='lat' dir='ltr'><strong>dicitur:</strong></span> <span class='ocrx_word' id='word_1_401' title='bbox 684 3589 703 3622; x_wconf 74' lang='grc' dir='ltr'>ι</span> <span class='ocrx_word' id='word_1_402' title='bbox 730 3571 874 3642; x_wconf 85' lang='lat' dir='ltr'><strong>ignis</strong></span> <span class='ocrx_word' id='word_1_403' title='bbox 897 3573 1103 3628; x_wconf 83' lang='lat' dir='ltr'><strong>exarsit</strong></span> <span class='ocrx_word' id='word_1_404' title='bbox 1128 3573 1198 3630; x_wconf 83' lang='lat' dir='ltr'><strong>ab</strong></span> <span class='ocrx_word' id='word_1_405' title='bbox 1228 3572 1310 3628; x_wconf 91' lang='lat' dir='ltr'><strong>ira</strong></span> <span class='ocrx_word' id='word_1_406' title='bbox 1335 3588 1486 3639; x_wconf 87' lang='lat' dir='ltr'><strong>mea;</strong></span> <span class='ocrx_word' id='word_1_407' title='bbox 1510 3593 1529 3627; x_wconf 77' lang='grc' dir='ltr'><strong><em>ι</em></strong></span> <span class='ocrx_word' id='word_1_408' title='bbox 1564 3585 1825 3645; x_wconf 87' lang='lat' dir='ltr'><strong>quantum</strong></span> 
     </span>
    </p>
   </div>
   <div class='ocr_carea' id='block_1_55' title="bbox 244 3660 1822 3735">
    <p class='ocr_par' dir='ltr' id='par_1_55' title="bbox 244 3660 1822 3735">
     <span class='ocr_line' id='line_1_55' title="bbox 244 3660 1822 3735; baseline 0.005 -22"><span class='ocrx_word' id='word_1_409' title='bbox 244 3674 377 3717; x_wconf 89' lang='lat' dir='ltr'><strong>vero</strong></span> <span class='ocrx_word' id='word_1_410' title='bbox 417 3660 483 3716; x_wconf 86' lang='lat' dir='ltr'><strong>ad</strong></span> <span class='ocrx_word' id='word_1_411' title='bbox 515 3668 768 3717; x_wconf 67' lang='lat' dir='ltr'><strong>aatcrnam</strong></span> <span class='ocrx_word' id='word_1_412' title='bbox 797 3662 1221 3730; x_wconf 89' lang='lat' dir='ltr'><strong>damnationem,</strong></span> <span class='ocrx_word' id='word_1_413' title='bbox 1251 3671 1375 3735; x_wconf 87' lang='lat' dir='ltr'><strong>apte</strong></span> <span class='ocrx_word' id='word_1_414' title='bbox 1403 3679 1528 3719; x_wconf 80' lang='lat' dir='ltr'><strong>mox</strong></span> <span class='ocrx_word' id='word_1_415' title='bbox 1556 3666 1822 3732; x_wconf 90' lang='lat' dir='ltr'><strong>subditur,</strong></span> 
     </span>
    </p>
   </div>
   <div class='ocr_carea' id='block_1_56' title="bbox 252 3750 1824 3821">
    <p class='ocr_par' dir='ltr' id='par_1_56' title="bbox 252 3750 1824 3821">
     <span class='ocr_line' id='line_1_56' title="bbox 252 3750 1824 3821; baseline 0.005 -17"><span class='ocrx_word' id='word_1_416' title='bbox 252 3772 270 3804; x_wconf 75' lang='grc' dir='ltr'>ι</span> <span class='ocrx_word' id='word_1_417' title='bbox 309 3760 366 3807; x_wconf 86' lang='lat' dir='ltr'><strong>et</strong></span> <span class='ocrx_word' id='word_1_418' title='bbox 414 3750 623 3808; x_wconf 87' lang='lat' dir='ltr'><strong>ardebit</strong></span> <span class='ocrx_word' id='word_1_419' title='bbox 667 3766 837 3821; x_wconf 88' lang='lat' dir='ltr'><strong>usque</strong></span> <span class='ocrx_word' id='word_1_420' title='bbox 880 3753 949 3808; x_wconf 89' lang='lat' dir='ltr'><strong>ad</strong></span> <span class='ocrx_word' id='word_1_421' title='bbox 1002 3752 1204 3810; x_wconf 87' lang='lat' dir='ltr'><strong>inferos</strong></span> <span class='ocrx_word' id='word_1_422' title='bbox 1246 3754 1517 3810; x_wconf 88' lang='lat' dir='ltr'><strong>deorsum.</strong></span> <span class='ocrx_word' id='word_1_423' title='bbox 1551 3775 1571 3809; x_wconf 76' lang='grc' dir='ltr'><strong><em>ι</em></strong></span> <span class='ocrx_word' id='word_1_424' title='bbox 1600 3755 1752 3812; x_wconf 89' lang='lat' dir='ltr'><strong>Licet</strong></span> <span class='ocrx_word' id='word_1_425' title='bbox 1793 3772 1824 3812; x_wconf 87' lang='lat' dir='ltr'><strong>a</strong></span> 
     </span>
    </p>
   </div>
   <div class='ocr_carea' id='block_1_57' title="bbox 245 3842 1824 3915">
    <p class='ocr_par' dir='ltr' id='par_1_57' title="bbox 245 3842 1824 3915">
     <span class='ocr_line' id='line_1_57' title="bbox 245 3842 1824 3915; baseline 0.003 -19"><span class='ocrx_word' id='word_1_426' title='bbox 245 3842 567 3913; x_wconf 80' lang='lat' dir='ltr'><strong>quibusdam</strong></span> <span class='ocrx_word' id='word_1_427' title='bbox 617 3844 724 3899; x_wconf 86' lang='lat' dir='ltr'><strong>dici</strong></span> <span class='ocrx_word' id='word_1_428' title='bbox 768 3844 938 3900; x_wconf 89' lang='lat' dir='ltr'><strong>soleat</strong></span> <span class='ocrx_word' id='word_1_429' title='bbox 977 3845 1120 3914; x_wconf 92' lang='lat' dir='ltr'><strong>quod</strong></span> <span class='ocrx_word' id='word_1_430' title='bbox 1168 3845 1432 3915; x_wconf 87' lang='lat' dir='ltr'><strong>scriptum</strong></span> <span class='ocrx_word' id='word_1_431' title='bbox 1476 3854 1596 3901; x_wconf 89' lang='lat' dir='ltr'><strong>est:</strong></span> <span class='ocrx_word' id='word_1_432' title='bbox 1654 3864 1673 3898; x_wconf 77' lang='grc' dir='ltr'>ι</span> <span class='ocrx_word' id='word_1_433' title='bbox 1705 3845 1824 3903; x_wconf 84' lang='lat' dir='ltr'><strong>Non</strong></span> 
     </span>
    </p>
   </div>
   <div class='ocr_carea' id='block_1_58' title="bbox 238 3932 1822 4007">
    <p class='ocr_par' dir='ltr' id='par_1_58' title="bbox 238 3932 1822 4007">
     <span class='ocr_line' id='line_1_58' title="bbox 238 3932 1822 4007; baseline 0.004 -21"><span class='ocrx_word' id='word_1_434' title='bbox 238 3932 512 4003; x_wconf 86' lang='lat' dir='ltr'><strong>judicabit</strong></span> <span class='ocrx_word' id='word_1_435' title='bbox 550 3933 693 3989; x_wconf 90' lang='lat' dir='ltr'><strong>Deus</strong></span> <span class='ocrx_word' id='word_1_436' title='bbox 730 3934 817 3989; x_wconf 90' lang='lat' dir='ltr'><strong>bis</strong></span> <span class='ocrx_word' id='word_1_437' title='bbox 856 3934 911 3989; x_wconf 93' lang='lat' dir='ltr'><strong>in</strong></span> <span class='ocrx_word' id='word_1_438' title='bbox 946 3935 1200 4006; x_wconf 88' lang='lat' dir='ltr'><strong>idipsum.</strong></span> <span class='ocrx_word' id='word_1_439' title='bbox 1237 3953 1257 3988; x_wconf 76' lang='grc' dir='ltr'><strong><em>ι</em></strong></span> <span class='ocrx_word' id='word_1_440' title='bbox 1309 3935 1411 4004; x_wconf 86' lang='lat' dir='ltr'><strong>Qui</strong></span> <span class='ocrx_word' id='word_1_441' title='bbox 1455 3946 1636 3991; x_wconf 84' lang='lat' dir='ltr'><strong>tamen</strong></span> <span class='ocrx_word' id='word_1_442' title='bbox 1680 3937 1822 4007; x_wconf 90' lang='lat' dir='ltr'><strong>quod</strong></span> 
     </span>
    </p>
   </div>
   <div class='ocr_carea' id='block_1_59' title="bbox 241 4026 1820 4098">
    <p class='ocr_par' dir='ltr' id='par_1_59' title="bbox 241 4026 1820 4098">
     <span class='ocr_line' id='line_1_59' title="bbox 241 4026 1820 4098; baseline 0.004 -20"><span class='ocrx_word' id='word_1_443' title='bbox 241 4038 344 4094; x_wconf 87' lang='lat' dir='ltr'><strong>per</strong></span> <span class='ocrx_word' id='word_1_444' title='bbox 395 4026 709 4096; x_wconf 86' lang='lat' dir='ltr'><strong>prophetam</strong></span> <span class='ocrx_word' id='word_1_445' title='bbox 755 4026 954 4083; x_wconf 90' lang='lat' dir='ltr'><strong>dicitur</strong></span> <span class='ocrx_word' id='word_1_446' title='bbox 994 4028 1060 4084; x_wconf 91' lang='lat' dir='ltr'><strong>de</strong></span> <span class='ocrx_word' id='word_1_447' title='bbox 1109 4028 1309 4098; x_wconf 85' lang='lat' dir='ltr'><strong>iniquis</strong></span> <span class='ocrx_word' id='word_1_448' title='bbox 1349 4044 1458 4084; x_wconf 87' lang='lat' dir='ltr'><strong>non</strong></span> <span class='ocrx_word' id='word_1_449' title='bbox 1505 4031 1820 4085; x_wconf 84' lang='lat' dir='ltr'><strong>attendunt:</strong></span> 
     </span>
    </p>
   </div>
   <div class='ocr_carea' id='block_1_60' title="bbox 247 4117 1825 4196">
    <p class='ocr_par' dir='ltr' id='par_1_60' title="bbox 247 4117 1825 4196">
     <span class='ocr_line' id='line_1_60' title="bbox 247 4117 1825 4196; baseline 0.008 -28"><span class='ocrx_word' id='word_1_450' title='bbox 247 4134 267 4168; x_wconf 71' lang='grc' dir='ltr'><strong><em>ι</em></strong></span> <span class='ocrx_word' id='word_1_451' title='bbox 303 4117 374 4172; x_wconf 84' lang='lat' dir='ltr'><strong>Et</strong></span> <span class='ocrx_word' id='word_1_452' title='bbox 419 4119 613 4190; x_wconf 83' lang='lat' dir='ltr'><strong>duplici</strong></span> <span class='ocrx_word' id='word_1_453' title='bbox 659 4121 976 4180; x_wconf 81' lang='lat' dir='ltr'><strong>confusione</strong></span> <span class='ocrx_word' id='word_1_454' title='bbox 1019 4134 1240 4181; x_wconf 88' lang='lat' dir='ltr'><strong>contere</strong></span> <span class='ocrx_word' id='word_1_455' title='bbox 1279 4140 1406 4193; x_wconf 83' lang='lat' dir='ltr'><strong>eos,</strong></span> <span class='ocrx_word' id='word_1_456' title='bbox 1442 4144 1464 4180; x_wconf 71' lang='grc' dir='ltr'>ι</span> <span class='ocrx_word' id='word_1_457' title='bbox 1503 4135 1558 4180; x_wconf 90' lang='lat' dir='ltr'><strong>et</strong></span> <span class='ocrx_word' id='word_1_458' title='bbox 1590 4124 1645 4180; x_wconf 91' lang='lat' dir='ltr'><strong>id</strong></span> <span class='ocrx_word' id='word_1_459' title='bbox 1680 4127 1825 4196; x_wconf 89' lang='lat' dir='ltr'><strong>quod</strong></span> 
     </span>
    </p>
   </div>
   <div class='ocr_carea' id='block_1_61' title="bbox 245 4207 1824 4288">
    <p class='ocr_par' dir='ltr' id='par_1_61' title="bbox 245 4207 1824 4288">
     <span class='ocr_line' id='line_1_61' title="bbox 245 4207 1824 4288; baseline 0.006 -27"><span class='ocrx_word' id='word_1_460' title='bbox 245 4207 384 4263; x_wconf 89' lang='lat' dir='ltr'><strong>alias</strong></span> <span class='ocrx_word' id='word_1_461' title='bbox 418 4210 676 4281; x_wconf 85' lang='lat' dir='ltr'><strong>scriptum</strong></span> <span class='ocrx_word' id='word_1_462' title='bbox 703 4221 789 4268; x_wconf 87' lang='lat' dir='ltr'><strong>est</strong></span> <span class='ocrx_word' id='word_1_463' title='bbox 821 4233 834 4268; x_wconf 92' lang='lat'><strong>:</strong></span> <span class='ocrx_word' id='word_1_464' title='bbox 861 4212 1021 4271; x_wconf 82' lang='lat' dir='ltr'><strong>Jesus</strong></span> <span class='ocrx_word' id='word_1_465' title='bbox 1060 4215 1315 4286; x_wconf 90' lang='lat' dir='ltr'><strong>populum</strong></span> <span class='ocrx_word' id='word_1_466' title='bbox 1342 4216 1409 4272; x_wconf 88' lang='lat' dir='ltr'><strong>de</strong></span> <span class='ocrx_word' id='word_1_467' title='bbox 1430 4224 1575 4270; x_wconf 90' lang='lat' dir='ltr'><strong>terra</strong></span> <span class='ocrx_word' id='word_1_468' title='bbox 1601 4215 1824 4288; x_wconf 66' lang='lat' dir='ltr'><strong>Egypti</strong></span> 
     </span>
    </p>
   </div>
   <div class='ocr_carea' id='block_1_62' title="bbox 243 4296 1818 4376">
    <p class='ocr_par' dir='ltr' id='par_1_62' title="bbox 243 4296 1818 4376">
     <span class='ocr_line' id='line_1_62' title="bbox 243 4296 1818 4376; baseline 0.005 -24"><span class='ocrx_word' id='word_1_469' title='bbox 243 4296 486 4364; x_wconf 86' lang='lat' dir='ltr'><strong>salvans,</strong></span> <span class='ocrx_word' id='word_1_470' title='bbox 515 4302 753 4371; x_wconf 88' lang='lat' dir='ltr'><strong>secundo</strong></span> <span class='ocrx_word' id='word_1_471' title='bbox 782 4318 877 4361; x_wconf 88' lang='lat' dir='ltr'><strong>eos</strong></span> <span class='ocrx_word' id='word_1_472' title='bbox 918 4305 1014 4376; x_wconf 89' lang='lat' dir='ltr'><strong>qui</strong></span> <span class='ocrx_word' id='word_1_473' title='bbox 1043 4320 1151 4361; x_wconf 89' lang='lat' dir='ltr'><strong>non</strong></span> <span class='ocrx_word' id='word_1_474' title='bbox 1181 4306 1542 4373; x_wconf 88' lang='lat' dir='ltr'><strong>crediderunt,</strong></span> <span class='ocrx_word' id='word_1_475' title='bbox 1567 4306 1818 4376; x_wconf 87' lang='lat' dir='ltr'><strong>perdidit.</strong></span> 
     </span>
    </p>
   </div>
   <div class='ocr_carea' id='block_1_63' title="bbox 1920 1836 2907 1897">
    <p class='ocr_par' dir='ltr' id='par_1_63' title="bbox 1920 1836 2907 1897">
     <span class='ocr_line' id='line_1_63' title="bbox 1920 1836 2907 1897; baseline 0.007 -7"><span class='ocrx_word' id='word_1_476' title='bbox 1920 1836 2155 1892; x_wconf 88' lang='lat' dir='ltr'><strong>hominis</strong></span> <span class='ocrx_word' id='word_1_477' title='bbox 2179 1846 2575 1895; x_wconf 88' lang='lat' dir='ltr'><strong>monstraretur</strong></span> <span class='ocrx_word' id='word_1_478' title='bbox 2602 1840 2907 1897; x_wconf 88' lang='lat' dir='ltr'><strong>arbitrium.</strong></span> 
     </span>
    </p>
   </div>
   <div class='ocr_carea' id='block_1_64' title="bbox 1996 1920 3501 2003">
    <p class='ocr_par' dir='ltr' id='par_1_64' title="bbox 1996 1920 3501 2003">
     <span class='ocr_line' id='line_1_64' title="bbox 1996 1920 3501 2003; baseline 0.005 -24"><span class='ocrx_word' id='word_1_479' title='bbox 1996 1944 2015 1976; x_wconf 69' lang='grc' dir='ltr'>ε</span> <span class='ocrx_word' id='word_1_480' title='bbox 2061 1925 2128 1980; x_wconf 88' lang='lat' dir='ltr'><strong>Et</strong></span> <span class='ocrx_word' id='word_1_481' title='bbox 2166 1940 2293 1981; x_wconf 89' lang='lat' dir='ltr'><strong>ecce</strong></span> <span class='ocrx_word' id='word_1_482' title='bbox 2339 1928 2511 1998; x_wconf 87' lang='lat' dir='ltr'><strong>magis</strong></span> <span class='ocrx_word' id='word_1_483' title='bbox 2549 1928 2604 1982; x_wconf 91' lang='lat' dir='ltr'><strong>hi</strong></span> <span class='ocrx_word' id='word_1_484' title='bbox 2654 1929 2815 1985; x_wconf 85' lang='lat' dir='ltr'><strong>simul</strong></span> <span class='ocrx_word' id='word_1_485' title='bbox 2861 1920 3251 2003; x_wconf 78' lang='lat' dir='ltr'><strong>confregcrunt</strong></span> <span class='ocrx_word' id='word_1_486' title='bbox 3290 1932 3501 2003; x_wconf 86' lang='lat' dir='ltr'><strong>jugum,</strong></span> 
     </span>
    </p>
   </div>
   <div class='ocr_carea' id='block_1_65' title="bbox 1927 2017 3506 2093">
    <p class='ocr_par' dir='ltr' id='par_1_65' title="bbox 1927 2017 3506 2093">
     <span class='ocr_line' id='line_1_65' title="bbox 1927 2017 3506 2093; baseline 0.007 -27"><span class='ocrx_word' id='word_1_487' title='bbox 1927 2033 1946 2066; x_wconf 71' lang='grc' dir='ltr'>ι</span> <span class='ocrx_word' id='word_1_488' title='bbox 1994 2025 2256 2087; x_wconf 88' lang='lat' dir='ltr'><strong>ruperunt</strong></span> <span class='ocrx_word' id='word_1_489' title='bbox 2306 2017 2521 2073; x_wconf 89' lang='lat' dir='ltr'><strong>vincula</strong></span> <span class='ocrx_word' id='word_1_490' title='bbox 2545 2057 2559 2083; x_wconf 89' lang='lat'><strong>,</strong></span> <span class='ocrx_word' id='word_1_491' title='bbox 2611 2018 2814 2075; x_wconf 89' lang='lat' dir='ltr'><strong>idcirco</strong></span> <span class='ocrx_word' id='word_1_492' title='bbox 2856 2023 3122 2093; x_wconf 82' lang='lat' dir='ltr'><strong>percussit</strong></span> <span class='ocrx_word' id='word_1_493' title='bbox 3165 2038 3259 2078; x_wconf 87' lang='lat' dir='ltr'><strong>eos</strong></span> <span class='ocrx_word' id='word_1_494' title='bbox 3310 2023 3394 2077; x_wconf 89' lang='lat' dir='ltr'><strong>leo</strong></span> <span class='ocrx_word' id='word_1_495' title='bbox 3437 2022 3506 2077; x_wconf 89' lang='lat' dir='ltr'><strong>de</strong></span> 
     </span>
    </p>
   </div>
   <div class='ocr_carea' id='block_1_66' title="bbox 1928 2106 3505 2184">
    <p class='ocr_par' dir='ltr' id='par_1_66' title="bbox 1928 2106 3505 2184">
     <span class='ocr_line' id='line_1_66' title="bbox 1928 2106 3505 2184; baseline 0.005 -25"><span class='ocrx_word' id='word_1_496' title='bbox 1928 2125 1947 2158; x_wconf 76' lang='grc' dir='ltr'>ι</span> <span class='ocrx_word' id='word_1_497' title='bbox 1995 2106 2152 2173; x_wconf 88' lang='lat' dir='ltr'><strong>silva,</strong></span> <span class='ocrx_word' id='word_1_498' title='bbox 2178 2106 2340 2179; x_wconf 87' lang='lat' dir='ltr'><strong>lupus</strong></span> <span class='ocrx_word' id='word_1_499' title='bbox 2366 2108 2433 2163; x_wconf 91' lang='lat' dir='ltr'><strong>ad</strong></span> <span class='ocrx_word' id='word_1_500' title='bbox 2462 2123 2744 2179; x_wconf 86' lang='lat' dir='ltr'><strong>vesperam</strong></span> <span class='ocrx_word' id='word_1_501' title='bbox 2776 2112 3010 2167; x_wconf 88' lang='lat' dir='ltr'><strong>vastavit</strong></span> <span class='ocrx_word' id='word_1_502' title='bbox 3052 2128 3167 2180; x_wconf 89' lang='lat' dir='ltr'><strong>eos,</strong></span> <span class='ocrx_word' id='word_1_503' title='bbox 3196 2114 3398 2184; x_wconf 90' lang='lat' dir='ltr'><strong>pardus</strong></span> <span class='ocrx_word' id='word_1_504' title='bbox 3425 2115 3505 2167; x_wconf 79' lang='lat' dir='ltr'><strong>vi-</strong></span> 
     </span>
    </p>
   </div>
   <div class='ocr_carea' id='block_1_67' title="bbox 1927 2197 3505 2275">
    <p class='ocr_par' dir='ltr' id='par_1_67' title="bbox 1927 2197 3505 2275">
     <span class='ocr_line' id='line_1_67' title="bbox 1927 2197 3505 2275; baseline 0.008 -27"><span class='ocrx_word' id='word_1_505' title='bbox 1927 2215 1946 2248; x_wconf 73' lang='grc' dir='ltr'>ι</span> <span class='ocrx_word' id='word_1_506' title='bbox 1992 2197 2165 2269; x_wconf 82' lang='lat' dir='ltr'><strong>gilaus</strong></span> <span class='ocrx_word' id='word_1_507' title='bbox 2196 2214 2360 2270; x_wconf 90' lang='lat' dir='ltr'><strong>super</strong></span> <span class='ocrx_word' id='word_1_508' title='bbox 2386 2200 2634 2256; x_wconf 86' lang='lat' dir='ltr'><strong>civitates</strong></span> <span class='ocrx_word' id='word_1_509' title='bbox 2676 2216 2883 2257; x_wconf 90' lang='lat' dir='ltr'><strong>eorum.</strong></span> <span class='ocrx_word' id='word_1_510' title='bbox 2920 2202 3110 2260; x_wconf 86' lang='lat' dir='ltr'><strong>Omnis</strong></span> <span class='ocrx_word' id='word_1_511' title='bbox 3134 2206 3225 2273; x_wconf 89' lang='lat' dir='ltr'><strong>qui</strong></span> <span class='ocrx_word' id='word_1_512' title='bbox 3255 2219 3505 2275; x_wconf 84' lang='lat' dir='ltr'><strong>egressus</strong></span> 
     </span>
    </p>
   </div>
   <div class='ocr_carea' id='block_1_68' title="bbox 1927 2285 3505 2364">
    <p class='ocr_par' dir='ltr' id='par_1_68' title="bbox 1927 2285 3505 2364">
     <span class='ocr_line' id='line_1_68' title="bbox 1927 2285 3505 2364; baseline 0.008 -27"><span class='ocrx_word' id='word_1_513' title='bbox 1927 2303 1946 2337; x_wconf 76' lang='grc' dir='ltr'>ι</span> <span class='ocrx_word' id='word_1_514' title='bbox 1988 2285 2158 2344; x_wconf 78' lang='lat' dir='ltr'><strong>fuerit</strong></span> <span class='ocrx_word' id='word_1_515' title='bbox 2204 2304 2267 2343; x_wconf 81' lang='lat' dir='ltr'><strong>ex</strong></span> <span class='ocrx_word' id='word_1_516' title='bbox 2321 2290 2402 2345; x_wconf 89' lang='lat' dir='ltr'><strong>eis</strong></span> <span class='ocrx_word' id='word_1_517' title='bbox 2450 2290 2713 2361; x_wconf 89' lang='lat' dir='ltr'><strong>capietur,</strong></span> <span class='ocrx_word' id='word_1_518' title='bbox 2770 2292 2897 2363; x_wconf 89' lang='lat' dir='ltr'><strong>quia</strong></span> <span class='ocrx_word' id='word_1_519' title='bbox 2946 2293 3314 2364; x_wconf 85' lang='lat' dir='ltr'><strong>multiplicatae</strong></span> <span class='ocrx_word' id='word_1_520' title='bbox 3379 2303 3505 2350; x_wconf 89' lang='lat' dir='ltr'><strong>sunt</strong></span> 
     </span>
    </p>
   </div>
   <div class='ocr_carea' id='block_1_69' title="bbox 1926 2380 3499 2449">
    <p class='ocr_par' dir='ltr' id='par_1_69' title="bbox 1926 2380 3499 2449">
     <span class='ocr_line' id='line_1_69' title="bbox 1926 2380 3499 2449; baseline 0.005 -16"><span class='ocrx_word' id='word_1_521' title='bbox 1926 2398 1947 2433; x_wconf 72' lang='grc' dir='ltr'>ι</span> <span class='ocrx_word' id='word_1_522' title='bbox 1992 2380 2470 2449; x_wconf 66' lang='lat' dir='ltr'><strong>praevaricationes</strong></span> <span class='ocrx_word' id='word_1_523' title='bbox 2508 2397 2717 2449; x_wconf 86' lang='lat' dir='ltr'><strong>eorum,</strong></span> <span class='ocrx_word' id='word_1_524' title='bbox 2749 2382 3065 2439; x_wconf 74' lang='lat' dir='ltr'><strong>confortata:</strong></span> <span class='ocrx_word' id='word_1_525' title='bbox 3093 2394 3221 2441; x_wconf 87' lang='lat' dir='ltr'><strong>sunt</strong></span> <span class='ocrx_word' id='word_1_526' title='bbox 3260 2386 3499 2441; x_wconf 73' lang='lat' dir='ltr'><strong>aversio—</strong></span> 
     </span>
    </p>
   </div>
   <div class='ocr_carea' id='block_1_70' title="bbox 1927 2473 3503 2546">
    <p class='ocr_par' dir='ltr' id='par_1_70' title="bbox 1927 2473 3503 2546">
     <span class='ocr_line' id='line_1_70' title="bbox 1927 2473 3503 2546; baseline 0.006 -22"><span class='ocrx_word' id='word_1_527' title='bbox 1927 2490 1947 2524; x_wconf 70' lang='grc' dir='ltr'>ι</span> <span class='ocrx_word' id='word_1_528' title='bbox 1990 2487 2093 2528; x_wconf 90' lang='lat' dir='ltr'><strong>nes</strong></span> <span class='ocrx_word' id='word_1_529' title='bbox 2124 2487 2331 2528; x_wconf 90' lang='lat' dir='ltr'><strong>eorum.</strong></span> <span class='ocrx_word' id='word_1_530' title='bbox 2367 2492 2386 2525; x_wconf 77' lang='grc' dir='ltr'><strong><em>ι</em></strong></span> <span class='ocrx_word' id='word_1_531' title='bbox 2435 2473 2583 2540; x_wconf 84' lang='lat' dir='ltr'><strong>Quos</strong></span> <span class='ocrx_word' id='word_1_532' title='bbox 2626 2474 2917 2544; x_wconf 88' lang='lat' dir='ltr'><strong>magistros</strong></span> <span class='ocrx_word' id='word_1_533' title='bbox 2956 2477 3210 2546; x_wconf 86' lang='lat' dir='ltr'><strong>putabam</strong></span> <span class='ocrx_word' id='word_1_534' title='bbox 3235 2517 3250 2542; x_wconf 93' lang='lat'><strong>,</strong></span> <span class='ocrx_word' id='word_1_535' title='bbox 3300 2478 3503 2534; x_wconf 85' lang='lat' dir='ltr'><strong>inventi</strong></span> 
     </span>
    </p>
   </div>
   <div class='ocr_carea' id='block_1_71' title="bbox 1923 2562 3507 2636">
    <p class='ocr_par' dir='ltr' id='par_1_71' title="bbox 1923 2562 3507 2636">
     <span class='ocr_line' id='line_1_71' title="bbox 1923 2562 3507 2636; baseline 0.004 -18"><span class='ocrx_word' id='word_1_536' title='bbox 1923 2563 2047 2618; x_wconf 86' lang='lat' dir='ltr'><strong>sunt</strong></span> <span class='ocrx_word' id='word_1_537' title='bbox 2088 2562 2308 2634; x_wconf 90' lang='lat' dir='ltr'><strong>pejores</strong></span> <span class='ocrx_word' id='word_1_538' title='bbox 2338 2578 2460 2620; x_wconf 86' lang='lat' dir='ltr'><strong>esse</strong></span> <span class='ocrx_word' id='word_1_539' title='bbox 2489 2563 2795 2634; x_wconf 85' lang='lat' dir='ltr'><strong>discipulis;</strong></span> <span class='ocrx_word' id='word_1_540' title='bbox 2842 2573 2896 2620; x_wconf 89' lang='lat' dir='ltr'><strong>et</strong></span> <span class='ocrx_word' id='word_1_541' title='bbox 2916 2574 3120 2636; x_wconf 85' lang='lat' dir='ltr'><strong>quanto</strong></span> <span class='ocrx_word' id='word_1_542' title='bbox 3167 2568 3221 2622; x_wconf 90' lang='lat' dir='ltr'><strong>in</strong></span> <span class='ocrx_word' id='word_1_543' title='bbox 3251 2568 3507 2624; x_wconf 84' lang='lat' dir='ltr'><strong>divitibus</strong></span> 
     </span>
    </p>
   </div>
   <div class='ocr_carea' id='block_1_72' title="bbox 1923 2644 3504 2731">
    <p class='ocr_par' dir='ltr' id='par_1_72' title="bbox 1923 2644 3504 2731">
     <span class='ocr_line' id='line_1_72' title="bbox 1923 2644 3504 2731; baseline 0.003 -19"><span class='ocrx_word' id='word_1_544' title='bbox 1923 2656 2097 2726; x_wconf 87' lang='lat' dir='ltr'><strong>major</strong></span> <span class='ocrx_word' id='word_1_545' title='bbox 2117 2644 2432 2723; x_wconf 88' lang='lat' dir='ltr'><strong>auctoritas,</strong></span> <span class='ocrx_word' id='word_1_546' title='bbox 2460 2665 2612 2721; x_wconf 80' lang='lat' dir='ltr'><strong>tanto</strong></span> <span class='ocrx_word' id='word_1_547' title='bbox 2634 2658 2807 2730; x_wconf 90' lang='lat' dir='ltr'><strong>major</strong></span> <span class='ocrx_word' id='word_1_548' title='bbox 2830 2659 3114 2717; x_wconf 86' lang='lat' dir='ltr'><strong>insolentia</strong></span> <span class='ocrx_word' id='word_1_549' title='bbox 3137 2669 3504 2731; x_wconf 88' lang='lat' dir='ltr'><strong>peccatorum.</strong></span> 
     </span>
    </p>
   </div>
   <div class='ocr_carea' id='block_1_73' title="bbox 1923 2748 3504 2824">
    <p class='ocr_par' dir='ltr' id='par_1_73' title="bbox 1923 2748 3504 2824">
     <span class='ocr_line' id='line_1_73' title="bbox 1923 2748 3504 2824; baseline 0.002 -20"><span class='ocrx_word' id='word_1_550' title='bbox 1923 2748 2320 2820; x_wconf 83' lang='lat' dir='ltr'><strong>Confregerunt</strong></span> <span class='ocrx_word' id='word_1_551' title='bbox 2349 2749 2492 2804; x_wconf 90' lang='lat' dir='ltr'><strong>enim</strong></span> <span class='ocrx_word' id='word_1_552' title='bbox 2531 2748 2723 2821; x_wconf 87' lang='lat' dir='ltr'><strong>jugum</strong></span> <span class='ocrx_word' id='word_1_553' title='bbox 2768 2750 2924 2819; x_wconf 83' lang='lat' dir='ltr'><strong>legis,</strong></span> <span class='ocrx_word' id='word_1_554' title='bbox 2973 2752 3187 2807; x_wconf 90' lang='lat' dir='ltr'><strong>dicente</strong></span> <span class='ocrx_word' id='word_1_555' title='bbox 3213 2752 3504 2824; x_wconf 76' lang='lat' dir='ltr'><strong>Apostolo:</strong></span> 
     </span>
    </p>
   </div>
   <div class='ocr_carea' id='block_1_74' title="bbox 1931 2839 3506 2916">
    <p class='ocr_par' dir='ltr' id='par_1_74' title="bbox 1931 2839 3506 2916">
     <span class='ocr_line' id='line_1_74' title="bbox 1931 2839 3506 2916; baseline 0.003 -22"><span class='ocrx_word' id='word_1_556' title='bbox 1931 2859 1956 2886; x_wconf 75' lang='grc' dir='ltr'>ι</span> <span class='ocrx_word' id='word_1_557' title='bbox 2009 2839 2161 2896; x_wconf 87' lang='lat' dir='ltr'><strong>Nunc</strong></span> <span class='ocrx_word' id='word_1_558' title='bbox 2215 2856 2346 2912; x_wconf 86' lang='lat' dir='ltr'><strong>ergo</strong></span> <span class='ocrx_word' id='word_1_559' title='bbox 2409 2842 2540 2912; x_wconf 90' lang='lat' dir='ltr'><strong>quid</strong></span> <span class='ocrx_word' id='word_1_560' title='bbox 2588 2842 2810 2898; x_wconf 90' lang='lat' dir='ltr'><strong>tentatis</strong></span> <span class='ocrx_word' id='word_1_561' title='bbox 2854 2843 3044 2909; x_wconf 90' lang='lat' dir='ltr'><strong>Deum,</strong></span> <span class='ocrx_word' id='word_1_562' title='bbox 3099 2843 3377 2914; x_wconf 90' lang='lat' dir='ltr'><strong>imponere</strong></span> <span class='ocrx_word' id='word_1_563' title='bbox 3415 2845 3506 2916; x_wconf 92' lang='lat' dir='ltr'><strong>ju-</strong></span> 
     </span>
    </p>
   </div>
   <div class='ocr_carea' id='block_1_75' title="bbox 1927 2933 3508 3006">
    <p class='ocr_par' dir='ltr' id='par_1_75' title="bbox 1927 2933 3508 3006">
     <span class='ocr_line' id='line_1_75' title="bbox 1927 2933 3508 3006; baseline 0.002 -18"><span class='ocrx_word' id='word_1_564' title='bbox 1927 2946 2051 3002; x_wconf 86' lang='lat' dir='ltr'><strong>gum</strong></span> <span class='ocrx_word' id='word_1_565' title='bbox 2088 2946 2251 3001; x_wconf 88' lang='lat' dir='ltr'><strong>super</strong></span> <span class='ocrx_word' id='word_1_566' title='bbox 2276 2933 2543 2988; x_wconf 87' lang='lat' dir='ltr'><strong>cervicem</strong></span> <span class='ocrx_word' id='word_1_567' title='bbox 2595 2933 3002 3005; x_wconf 87' lang='lat' dir='ltr'><strong>discipulorum,</strong></span> <span class='ocrx_word' id='word_1_568' title='bbox 3034 2936 3178 3006; x_wconf 90' lang='lat' dir='ltr'><strong>quod</strong></span> <span class='ocrx_word' id='word_1_569' title='bbox 3207 2950 3387 3005; x_wconf 87' lang='lat' dir='ltr'><strong>neque</strong></span> <span class='ocrx_word' id='word_1_570' title='bbox 3415 2952 3508 3006; x_wconf 73' lang='lat' dir='ltr'><strong>pa-</strong></span> 
     </span>
    </p>
   </div>
   <div class='ocr_carea' id='block_1_76' title="bbox 1929 3024 3509 3097">
    <p class='ocr_par' dir='ltr' id='par_1_76' title="bbox 1929 3024 3509 3097">
     <span class='ocr_line' id='line_1_76' title="bbox 1929 3024 3509 3097; baseline 0.003 -20"><span class='ocrx_word' id='word_1_571' title='bbox 1929 3032 2041 3078; x_wconf 89' lang='lat' dir='ltr'><strong>tres</strong></span> <span class='ocrx_word' id='word_1_572' title='bbox 2081 3024 2248 3079; x_wconf 88' lang='lat' dir='ltr'><strong>nostri</strong></span> <span class='ocrx_word' id='word_1_573' title='bbox 2290 3039 2465 3095; x_wconf 91' lang='lat' dir='ltr'><strong>neque</strong></span> <span class='ocrx_word' id='word_1_574' title='bbox 2508 3040 2608 3080; x_wconf 92' lang='lat' dir='ltr'><strong>nos</strong></span> <span class='ocrx_word' id='word_1_575' title='bbox 2653 3033 2873 3095; x_wconf 88' lang='lat' dir='ltr'><strong>portare</strong></span> <span class='ocrx_word' id='word_1_576' title='bbox 2916 3025 3224 3095; x_wconf 89' lang='lat' dir='ltr'><strong>potuimus?</strong></span> <span class='ocrx_word' id='word_1_577' title='bbox 3268 3026 3364 3097; x_wconf 84' lang='lat' dir='ltr'><strong>sed</strong></span> <span class='ocrx_word' id='word_1_578' title='bbox 3411 3043 3509 3096; x_wconf 83' lang='lat' dir='ltr'><strong>per</strong></span> 
     </span>
    </p>
   </div>
   <div class='ocr_carea' id='block_1_77' title="bbox 1925 3118 3510 3189">
    <p class='ocr_par' dir='ltr' id='par_1_77' title="bbox 1925 3118 3510 3189">
     <span class='ocr_line' id='line_1_77' title="bbox 1925 3118 3510 3189; baseline 0.001 -17"><span class='ocrx_word' id='word_1_579' title='bbox 1925 3118 2155 3188; x_wconf 87' lang='lat' dir='ltr'><strong>gratiam</strong></span> <span class='ocrx_word' id='word_1_580' title='bbox 2180 3119 2392 3174; x_wconf 88' lang='lat' dir='ltr'><strong>Domini</strong></span> <span class='ocrx_word' id='word_1_581' title='bbox 2422 3118 2548 3174; x_wconf 79' lang='lat' dir='ltr'><strong>Jesu</strong></span> <span class='ocrx_word' id='word_1_582' title='bbox 2598 3120 2871 3175; x_wconf 89' lang='lat' dir='ltr'><strong>credimus</strong></span> <span class='ocrx_word' id='word_1_583' title='bbox 2917 3118 3110 3173; x_wconf 86' lang='lat' dir='ltr'><strong>salvari</strong></span> <span class='ocrx_word' id='word_1_584' title='bbox 3159 3119 3510 3189; x_wconf 86' lang='lat' dir='ltr'><strong>quemadmo-</strong></span> 
     </span>
    </p>
   </div>
   <div class='ocr_carea' id='block_1_78' title="bbox 1924 3207 3510 3281">
    <p class='ocr_par' dir='ltr' id='par_1_78' title="bbox 1924 3207 3510 3281">
     <span class='ocr_line' id='line_1_78' title="bbox 1924 3207 3510 3281; baseline 0.001 -17"><span class='ocrx_word' id='word_1_585' title='bbox 1924 3209 2050 3264; x_wconf 91' lang='lat' dir='ltr'><strong>dum</strong></span> <span class='ocrx_word' id='word_1_586' title='bbox 2079 3208 2236 3263; x_wconf 91' lang='lat' dir='ltr'><strong>etilli</strong></span> <span class='ocrx_word' id='word_1_587' title='bbox 2266 3208 2402 3280; x_wconf 72' lang='lat' dir='ltr'><strong>(Act.</strong></span> <span class='ocrx_word' id='word_1_588' title='bbox 2436 3207 2560 3280; x_wconf 82' lang='lat' dir='ltr'><strong>xv);</strong></span> <span class='ocrx_word' id='word_1_589' title='bbox 2592 3229 2612 3261; x_wconf 85' lang='grc'>›</span> <span class='ocrx_word' id='word_1_590' title='bbox 2664 3218 3035 3281; x_wconf 87' lang='lat' dir='ltr'><strong>ruperuntque</strong></span> <span class='ocrx_word' id='word_1_591' title='bbox 3065 3209 3278 3265; x_wconf 87' lang='lat' dir='ltr'><strong>vincula</strong></span> <span class='ocrx_word' id='word_1_592' title='bbox 3303 3225 3510 3281; x_wconf 76' lang='lat' dir='ltr'><strong>praece-</strong></span> 
     </span>
    </p>
   </div>
   <div class='ocr_carea' id='block_1_79' title="bbox 1924 3297 3504 3370">
    <p class='ocr_par' dir='ltr' id='par_1_79' title="bbox 1924 3297 3504 3370">
     <span class='ocr_line' id='line_1_79' title="bbox 1924 3297 3504 3370; baseline 0.003 -17"><span class='ocrx_word' id='word_1_593' title='bbox 1924 3306 2137 3368; x_wconf 81' lang='lat' dir='ltr'><strong>ptorum</strong></span> <span class='ocrx_word' id='word_1_594' title='bbox 2172 3297 2293 3365; x_wconf 88' lang='lat' dir='ltr'><strong>Dei,</strong></span> <span class='ocrx_word' id='word_1_595' title='bbox 2317 3306 2372 3354; x_wconf 88' lang='lat' dir='ltr'><strong>et</strong></span> <span class='ocrx_word' id='word_1_596' title='bbox 2415 3314 2524 3354; x_wconf 92' lang='lat' dir='ltr'><strong>non</strong></span> <span class='ocrx_word' id='word_1_597' title='bbox 2548 3299 2970 3365; x_wconf 68' lang='lat' dir='ltr'><strong>Pharisreorum,</strong></span> <span class='ocrx_word' id='word_1_598' title='bbox 3003 3301 3069 3355; x_wconf 89' lang='lat' dir='ltr'><strong>de</strong></span> <span class='ocrx_word' id='word_1_599' title='bbox 3095 3300 3291 3370; x_wconf 90' lang='lat' dir='ltr'><strong>quibus</strong></span> <span class='ocrx_word' id='word_1_600' title='bbox 3334 3301 3388 3356; x_wconf 92' lang='lat' dir='ltr'><strong>in</strong></span> <span class='ocrx_word' id='word_1_601' title='bbox 3415 3316 3504 3357; x_wconf 53' lang='lat' dir='ltr'><strong>se.</strong></span> 
     </span>
    </p>
   </div>
   <div class='ocr_carea' id='block_1_80' title="bbox 1926 3386 3504 3460">
    <p class='ocr_par' dir='ltr' id='par_1_80' title="bbox 1926 3386 3504 3460">
     <span class='ocr_line' id='line_1_80' title="bbox 1926 3386 3504 3460; baseline 0.004 -19"><span class='ocrx_word' id='word_1_602' title='bbox 1926 3386 2104 3443; x_wconf 90' lang='lat' dir='ltr'><strong>eundo</strong></span> <span class='ocrx_word' id='word_1_603' title='bbox 2145 3387 2351 3458; x_wconf 88' lang='lat' dir='ltr'><strong>psalmo</strong></span> <span class='ocrx_word' id='word_1_604' title='bbox 2391 3389 2609 3457; x_wconf 89' lang='lat' dir='ltr'><strong>ponitur</strong></span> <span class='ocrx_word' id='word_1_605' title='bbox 2636 3407 2648 3443; x_wconf 91' lang='lat'><strong>:</strong></span> <span class='ocrx_word' id='word_1_606' title='bbox 2681 3408 2699 3442; x_wconf 85' lang='grc'><em>‹</em></span> <span class='ocrx_word' id='word_1_607' title='bbox 2735 3389 3145 3460; x_wconf 87' lang='lat' dir='ltr'><strong>Disrumpamus</strong></span> <span class='ocrx_word' id='word_1_608' title='bbox 3169 3391 3384 3447; x_wconf 84' lang='lat' dir='ltr'><strong>vincula</strong></span> <span class='ocrx_word' id='word_1_609' title='bbox 3410 3407 3504 3447; x_wconf 82' lang='lat' dir='ltr'><strong>eo-</strong></span> 
     </span>
    </p>
   </div>
   <div class='ocr_carea' id='block_1_81' title="bbox 1926 3476 3498 3554">
    <p class='ocr_par' dir='ltr' id='par_1_81' title="bbox 1926 3476 3498 3554">
     <span class='ocr_line' id='line_1_81' title="bbox 1926 3476 3498 3554; baseline 0.004 -21"><span class='ocrx_word' id='word_1_610' title='bbox 1926 3494 2068 3544; x_wconf 90' lang='lat' dir='ltr'><strong>rum,</strong></span> <span class='ocrx_word' id='word_1_611' title='bbox 2104 3486 2162 3534; x_wconf 88' lang='lat' dir='ltr'><strong>et</strong></span> <span class='ocrx_word' id='word_1_612' title='bbox 2183 3476 2530 3549; x_wconf 90' lang='lat' dir='ltr'><strong>projiciamus</strong></span> <span class='ocrx_word' id='word_1_613' title='bbox 2558 3495 2589 3534; x_wconf 88' lang='lat' dir='ltr'><strong>a</strong></span> <span class='ocrx_word' id='word_1_614' title='bbox 2614 3480 2769 3535; x_wconf 88' lang='lat' dir='ltr'><strong>nobis</strong></span> <span class='ocrx_word' id='word_1_615' title='bbox 2789 3479 2978 3554; x_wconf 84' lang='lat' dir='ltr'><strong>jugum</strong></span> <span class='ocrx_word' id='word_1_616' title='bbox 3010 3481 3272 3551; x_wconf 89' lang='lat' dir='ltr'><strong>ipsorum.</strong></span> <span class='ocrx_word' id='word_1_617' title='bbox 3311 3502 3331 3537; x_wconf 79' lang='grc' dir='ltr'><strong><em>ι</em></strong></span> <span class='ocrx_word' id='word_1_618' title='bbox 3359 3481 3498 3550; x_wconf 85' lang='lat' dir='ltr'><strong>Quia</strong></span> 
     </span>
    </p>
   </div>
   <div class='ocr_carea' id='block_1_82' title="bbox 1924 3569 3500 3643">
    <p class='ocr_par' dir='ltr' id='par_1_82' title="bbox 1924 3569 3500 3643">
     <span class='ocr_line' id='line_1_82' title="bbox 1924 3569 3500 3643; baseline 0.005 -20"><span class='ocrx_word' id='word_1_619' title='bbox 1924 3569 2091 3640; x_wconf 82' lang='lat' dir='ltr'><strong>igitur</strong></span> <span class='ocrx_word' id='word_1_620' title='bbox 2145 3569 2248 3623; x_wconf 90' lang='lat' dir='ltr'><strong>ista</strong></span> <span class='ocrx_word' id='word_1_621' title='bbox 2289 3569 2471 3624; x_wconf 89' lang='lat' dir='ltr'><strong>omnia</strong></span> <span class='ocrx_word' id='word_1_622' title='bbox 2519 3569 2791 3637; x_wconf 83' lang='lat' dir='ltr'><strong>fecerunt,</strong></span> <span class='ocrx_word' id='word_1_623' title='bbox 2831 3591 2849 3623; x_wconf 84' lang='grc'><strong>‹</strong></span> <span class='ocrx_word' id='word_1_624' title='bbox 2882 3573 3148 3643; x_wconf 84' lang='lat' dir='ltr'><strong>percussit</strong></span> <span class='ocrx_word' id='word_1_625' title='bbox 3192 3588 3288 3630; x_wconf 90' lang='lat' dir='ltr'><strong>eos</strong></span> <span class='ocrx_word' id='word_1_626' title='bbox 3313 3574 3398 3630; x_wconf 87' lang='lat' dir='ltr'><strong>leo</strong></span> <span class='ocrx_word' id='word_1_627' title='bbox 3431 3575 3500 3631; x_wconf 86' lang='lat' dir='ltr'><strong>de</strong></span> 
     </span>
    </p>
   </div>
   <div class='ocr_carea' id='block_1_83' title="bbox 1927 3660 3502 3736">
    <p class='ocr_par' dir='ltr' id='par_1_83' title="bbox 1927 3660 3502 3736">
     <span class='ocr_line' id='line_1_83' title="bbox 1927 3660 3502 3736; baseline 0.003 -21"><span class='ocrx_word' id='word_1_628' title='bbox 1927 3660 2087 3727; x_wconf 82' lang='lat' dir='ltr'><strong>silva,</strong></span> <span class='ocrx_word' id='word_1_629' title='bbox 2117 3679 2138 3713; x_wconf 73' lang='grc' dir='ltr'><strong><em>ι</em></strong></span> <span class='ocrx_word' id='word_1_630' title='bbox 2194 3675 2422 3731; x_wconf 83' lang='lat' dir='ltr'><strong>regnum</strong></span> <span class='ocrx_word' id='word_1_631' title='bbox 2468 3661 2720 3718; x_wconf 80' lang='lat' dir='ltr'><strong>videlicet</strong></span> <span class='ocrx_word' id='word_1_632' title='bbox 2749 3661 3134 3735; x_wconf 84' lang='lat' dir='ltr'><strong>Babylonium;</strong></span> <span class='ocrx_word' id='word_1_633' title='bbox 3176 3683 3201 3717; x_wconf 71' lang='grc' dir='ltr'><strong><em>ι</em></strong></span> <span class='ocrx_word' id='word_1_634' title='bbox 3233 3665 3390 3736; x_wconf 89' lang='lat' dir='ltr'><strong>lupus</strong></span> <span class='ocrx_word' id='word_1_635' title='bbox 3432 3667 3502 3720; x_wconf 73' lang='lat' dir='ltr'><strong>ad</strong></span> 
     </span>
    </p>
   </div>
   <div class='ocr_carea' id='block_1_84' title="bbox 1929 3754 3502 3830">
    <p class='ocr_par' dir='ltr' id='par_1_84' title="bbox 1929 3754 3502 3830">
     <span class='ocr_line' id='line_1_84' title="bbox 1929 3754 3502 3830; baseline 0.003 -22"><span class='ocrx_word' id='word_1_636' title='bbox 1929 3769 2208 3826; x_wconf 82' lang='lat' dir='ltr'><strong>vesperam</strong></span> <span class='ocrx_word' id='word_1_637' title='bbox 2236 3755 2470 3810; x_wconf 86' lang='lat' dir='ltr'><strong>vastavit</strong></span> <span class='ocrx_word' id='word_1_638' title='bbox 2513 3769 2628 3821; x_wconf 89' lang='lat' dir='ltr'><strong>eos,</strong></span> <span class='ocrx_word' id='word_1_639' title='bbox 2661 3774 2680 3809; x_wconf 76' lang='grc' dir='ltr'><strong><em>ι</em></strong></span> <span class='ocrx_word' id='word_1_640' title='bbox 2732 3754 2916 3812; x_wconf 78' lang='lat' dir='ltr'><strong>Medos</strong></span> <span class='ocrx_word' id='word_1_641' title='bbox 2943 3756 3245 3827; x_wconf 88' lang='lat' dir='ltr'><strong>Persasque</strong></span> <span class='ocrx_word' id='word_1_642' title='bbox 3291 3758 3502 3830; x_wconf 79' lang='lat' dir='ltr'><strong>signiti-</strong></span> 
     </span>
    </p>
   </div>
   <div class='ocr_carea' id='block_1_85' title="bbox 1924 3843 3505 3920">
    <p class='ocr_par' dir='ltr' id='par_1_85' title="bbox 1924 3843 3505 3920">
     <span class='ocr_line' id='line_1_85' title="bbox 1924 3843 3505 3920; baseline 0.003 -21"><span class='ocrx_word' id='word_1_643' title='bbox 1924 3859 2103 3899; x_wconf 86' lang='lat' dir='ltr'><strong>cans:</strong></span> <span class='ocrx_word' id='word_1_644' title='bbox 2147 3860 2248 3914; x_wconf 92' lang='lat' dir='ltr'><strong>pro</strong></span> <span class='ocrx_word' id='word_1_645' title='bbox 2271 3859 2377 3914; x_wconf 90' lang='lat' dir='ltr'><strong>quo</strong></span> <span class='ocrx_word' id='word_1_646' title='bbox 2426 3843 2480 3899; x_wconf 90' lang='lat' dir='ltr'><strong>in</strong></span> <span class='ocrx_word' id='word_1_647' title='bbox 2527 3845 2731 3901; x_wconf 88' lang='lat' dir='ltr'><strong>visione</strong></span> <span class='ocrx_word' id='word_1_648' title='bbox 2756 3845 2992 3902; x_wconf 90' lang='lat' dir='ltr'><strong>Danielis</strong></span> <span class='ocrx_word' id='word_1_649' title='bbox 3037 3846 3197 3918; x_wconf 74' lang='lat' dir='ltr'><strong>(Dan.</strong></span> <span class='ocrx_word' id='word_1_650' title='bbox 3232 3848 3328 3920; x_wconf 79' lang='lat' dir='ltr'><strong>vn)</strong></span> <span class='ocrx_word' id='word_1_651' title='bbox 3374 3865 3505 3903; x_wconf 78' lang='lat' dir='ltr'><strong>ursa</strong></span> 
     </span>
    </p>
   </div>
   <div class='ocr_carea' id='block_1_86' title="bbox 1924 3931 3507 4009">
    <p class='ocr_par' dir='ltr' id='par_1_86' title="bbox 1924 3931 3507 4009">
     <span class='ocr_line' id='line_1_86' title="bbox 1924 3931 3507 4009; baseline 0.003 -22"><span class='ocrx_word' id='word_1_652' title='bbox 1924 3934 2160 4004; x_wconf 89' lang='lat' dir='ltr'><strong>ponitur,</strong></span> <span class='ocrx_word' id='word_1_653' title='bbox 2195 3931 2347 4001; x_wconf 89' lang='lat' dir='ltr'><strong>cujus</strong></span> <span class='ocrx_word' id='word_1_654' title='bbox 2388 3933 2442 3988; x_wconf 91' lang='lat' dir='ltr'><strong>in</strong></span> <span class='ocrx_word' id='word_1_655' title='bbox 2482 3948 2578 3989; x_wconf 91' lang='lat' dir='ltr'><strong>ore</strong></span> <span class='ocrx_word' id='word_1_656' title='bbox 2618 3942 2927 4009; x_wconf 27' lang='lat' dir='ltr'><strong>tres&#39;erant</strong></span> <span class='ocrx_word' id='word_1_657' title='bbox 2964 3936 3215 4002; x_wconf 74' lang='lat' dir='ltr'><strong>ordines;</strong></span> <span class='ocrx_word' id='word_1_658' title='bbox 3255 3957 3273 3989; x_wconf 75' lang='grc' dir='ltr'>ι</span> <span class='ocrx_word' id='word_1_659' title='bbox 3304 3938 3507 4006; x_wconf 88' lang='lat' dir='ltr'><strong>pardus</strong></span> 
     </span>
    </p>
   </div>
   <div class='ocr_carea' id='block_1_87' title="bbox 1922 4013 3501 4105">
    <p class='ocr_par' dir='ltr' id='par_1_87' title="bbox 1922 4013 3501 4105">
     <span class='ocr_line' id='line_1_87' title="bbox 1922 4013 3501 4105; baseline 0.003 -26"><span class='ocrx_word' id='word_1_660' title='bbox 1922 4025 2156 4096; x_wconf 86' lang='lat' dir='ltr'><strong>vigilans</strong></span> <span class='ocrx_word' id='word_1_661' title='bbox 2184 4040 2347 4095; x_wconf 88' lang='lat' dir='ltr'><strong>super</strong></span> <span class='ocrx_word' id='word_1_662' title='bbox 2368 4024 2616 4081; x_wconf 85' lang='lat' dir='ltr'><strong>civitates</strong></span> <span class='ocrx_word' id='word_1_663' title='bbox 2636 4013 2843 4092; x_wconf 86' lang='lat' dir='ltr'><strong>eorum,</strong></span> <span class='ocrx_word' id='word_1_664' title='bbox 2878 4045 2896 4079; x_wconf 76' lang='grc' dir='ltr'><strong><em>ι</em></strong></span> <span class='ocrx_word' id='word_1_665' title='bbox 2926 4026 3216 4083; x_wconf 74' lang='lat' dir='ltr'><strong>Alexandri</strong></span> <span class='ocrx_word' id='word_1_666' title='bbox 3243 4028 3501 4105; x_wconf 75' lang='lat' dir='ltr'><strong>impetum</strong></span> 
     </span>
    </p>
   </div>
   <div class='ocr_carea' id='block_1_88' title="bbox 1922 4116 3508 4190">
    <p class='ocr_par' dir='ltr' id='par_1_88' title="bbox 1922 4116 3508 4190">
     <span class='ocr_line' id='line_1_88' title="bbox 1922 4116 3508 4190; baseline 0.003 -19"><span class='ocrx_word' id='word_1_667' title='bbox 1922 4116 2295 4189; x_wconf 75' lang='lat' dir='ltr'><strong>przeﬂgurans,</strong></span> <span class='ocrx_word' id='word_1_668' title='bbox 2323 4126 2378 4173; x_wconf 92' lang='lat' dir='ltr'><strong>et</strong></span> <span class='ocrx_word' id='word_1_669' title='bbox 2414 4117 2655 4173; x_wconf 87' lang='lat' dir='ltr'><strong>velocem</strong></span> <span class='ocrx_word' id='word_1_670' title='bbox 2682 4118 2748 4174; x_wconf 91' lang='lat' dir='ltr'><strong>de</strong></span> <span class='ocrx_word' id='word_1_671' title='bbox 2774 4117 3064 4175; x_wconf 87' lang='lat' dir='ltr'><strong>Occidente</strong></span> <span class='ocrx_word' id='word_1_672' title='bbox 3110 4135 3283 4190; x_wconf 89' lang='lat' dir='ltr'><strong>usque</strong></span> <span class='ocrx_word' id='word_1_673' title='bbox 3326 4121 3395 4176; x_wconf 88' lang='lat' dir='ltr'><strong>ad</strong></span> <span class='ocrx_word' id='word_1_674' title='bbox 3420 4121 3508 4175; x_wconf 82' lang='lat' dir='ltr'><strong>lu-</strong></span> 
     </span>
    </p>
   </div>
   <div class='ocr_carea' id='block_1_89' title="bbox 1925 4206 3503 4278">
    <p class='ocr_par' dir='ltr' id='par_1_89' title="bbox 1925 4206 3503 4278">
     <span class='ocr_line' id='line_1_89' title="bbox 1925 4206 3503 4278; baseline 0.002 -15"><span class='ocrx_word' id='word_1_675' title='bbox 1925 4207 2070 4263; x_wconf 90' lang='lat' dir='ltr'><strong>diam</strong></span> <span class='ocrx_word' id='word_1_676' title='bbox 2105 4207 2530 4278; x_wconf 86' lang='lat' dir='ltr'><strong>percussionem.</strong></span> <span class='ocrx_word' id='word_1_677' title='bbox 2562 4206 2799 4263; x_wconf 89' lang='lat' dir='ltr'><strong>Pardum</strong></span> <span class='ocrx_word' id='word_1_678' title='bbox 2822 4215 3008 4264; x_wconf 85' lang='lat' dir='ltr'><strong>autem</strong></span> <span class='ocrx_word' id='word_1_679' title='bbox 3035 4218 3192 4264; x_wconf 88' lang='lat' dir='ltr'><strong>vocat</strong></span> <span class='ocrx_word' id='word_1_680' title='bbox 3228 4209 3298 4264; x_wconf 92' lang='lat' dir='ltr'><strong>ob</strong></span> <span class='ocrx_word' id='word_1_681' title='bbox 3325 4209 3503 4273; x_wconf 82' lang='lat' dir='ltr'><strong>varie-</strong></span> 
     </span>
    </p>
   </div>
   <div class='ocr_carea' id='block_1_90' title="bbox 1924 4281 3499 4373">
    <p class='ocr_par' dir='ltr' id='par_1_90' title="bbox 1924 4281 3499 4373">
     <span class='ocr_line' id='line_1_90' title="bbox 1924 4281 3499 4373; baseline 0.003 -20"><span class='ocrx_word' id='word_1_682' title='bbox 1924 4307 2116 4364; x_wconf 86' lang='lat' dir='ltr'><strong>tatem,</strong></span> <span class='ocrx_word' id='word_1_683' title='bbox 2139 4306 2193 4355; x_wconf 89' lang='lat' dir='ltr'><strong>et</strong></span> <span class='ocrx_word' id='word_1_684' title='bbox 2216 4281 2341 4369; x_wconf 84' lang='lat' dir='ltr'><strong>quia</strong></span> <span class='ocrx_word' id='word_1_685' title='bbox 2369 4300 2618 4371; x_wconf 89' lang='lat' dir='ltr'><strong>plurimis</strong></span> <span class='ocrx_word' id='word_1_686' title='bbox 2648 4300 2749 4357; x_wconf 89' lang='lat' dir='ltr'><strong>sibi</strong></span> <span class='ocrx_word' id='word_1_687' title='bbox 2776 4300 3006 4357; x_wconf 90' lang='lat' dir='ltr'><strong>subditis</strong></span> <span class='ocrx_word' id='word_1_688' title='bbox 3032 4301 3283 4373; x_wconf 88' lang='lat' dir='ltr'><strong>gentibus</strong></span> <span class='ocrx_word' id='word_1_689' title='bbox 3310 4311 3499 4357; x_wconf 89' lang='lat' dir='ltr'><strong>contra</strong></span> 
     </span>
    </p>
   </div>
   <div class='ocr_carea' id='block_1_91' title="bbox 250 4388 3506 4466">
    <p class='ocr_par' dir='ltr' id='par_1_91' title="bbox 250 4388 3506 4466">
     <span class='ocr_line' id='line_1_91' title="bbox 250 4388 3506 4466; baseline 0.003 -28"><span class='ocrx_word' id='word_1_690' title='bbox 250 4408 267 4438; x_wconf 80' lang='grc' dir='ltr'>ι</span> <span class='ocrx_word' id='word_1_691' title='bbox 303 4388 511 4457; x_wconf 83' lang='lat' dir='ltr'><strong>Quibus</strong></span> <span class='ocrx_word' id='word_1_692' title='bbox 537 4398 715 4447; x_wconf 86' lang='lat' dir='ltr'><strong>tamen</strong></span> <span class='ocrx_word' id='word_1_693' title='bbox 749 4393 795 4449; x_wconf 91' lang='lat' dir='ltr'><strong>si</strong></span> <span class='ocrx_word' id='word_1_694' title='bbox 823 4408 1146 4451; x_wconf 88' lang='lat' dir='ltr'><strong>consensum</strong></span> <span class='ocrx_word' id='word_1_695' title='bbox 1175 4394 1502 4466; x_wconf 72' lang='lat' dir='ltr'><strong>pmbemus,</strong></span> <span class='ocrx_word' id='word_1_696' title='bbox 1525 4395 1823 4466; x_wconf 86' lang='lat' dir='ltr'><strong>quamlibet</strong></span> <span class='ocrx_word' id='word_1_697' title='bbox 1849 4446 1899 4466; x_wconf 49' lang='grc' dir='ltr'>ἢ</span> <span class='ocrx_word' id='word_1_698' title='bbox 1925 4390 2110 4447; x_wconf 83' lang='lat' dir='ltr'><strong>Medos</strong></span> <span class='ocrx_word' id='word_1_699' title='bbox 2131 4392 2408 4447; x_wconf 88' lang='lat' dir='ltr'><strong>dimicavit</strong></span> <span class='ocrx_word' id='word_1_700' title='bbox 2430 4399 2484 4445; x_wconf 93' lang='lat' dir='ltr'><strong>et</strong></span> <span class='ocrx_word' id='word_1_701' title='bbox 2513 4389 2724 4446; x_wconf 87' lang='lat' dir='ltr'><strong>Persas.</strong></span> <span class='ocrx_word' id='word_1_702' title='bbox 2749 4391 2820 4447; x_wconf 85' lang='lat' dir='ltr'><strong>Et</strong></span> <span class='ocrx_word' id='word_1_703' title='bbox 2844 4398 3094 4461; x_wconf 87' lang='lat' dir='ltr'><strong>quatuor,</strong></span> <span class='ocrx_word' id='word_1_704' title='bbox 3124 4391 3321 4461; x_wconf 89' lang='lat' dir='ltr'><strong>inquit,</strong></span> <span class='ocrx_word' id='word_1_705' title='bbox 3347 4402 3506 4448; x_wconf 89' lang='lat' dir='ltr'><strong>erant</strong></span> 
     </span>
    </p>
   </div>
   <div class='ocr_carea' id='block_1_92' title="bbox 241 4482 1820 4558">
    <p class='ocr_par' dir='ltr' id='par_1_92' title="bbox 241 4482 1820 4558">
     <span class='ocr_line' id='line_1_92' title="bbox 241 4482 1820 4558; baseline 0.003 -21"><span class='ocrx_word' id='word_1_706' title='bbox 241 4483 463 4551; x_wconf 81' lang='lat' dir='ltr'><strong>culpam</strong></span> <span class='ocrx_word' id='word_1_707' title='bbox 494 4482 576 4539; x_wconf 87' lang='lat' dir='ltr'><strong>bis</strong></span> <span class='ocrx_word' id='word_1_708' title='bbox 613 4483 761 4540; x_wconf 88' lang='lat' dir='ltr'><strong>feriri</strong></span> <span class='ocrx_word' id='word_1_709' title='bbox 785 4500 892 4541; x_wconf 89' lang='lat' dir='ltr'><strong>non</strong></span> <span class='ocrx_word' id='word_1_710' title='bbox 915 4500 1092 4557; x_wconf 90' lang='lat' dir='ltr'><strong>posse,</strong></span> <span class='ocrx_word' id='word_1_711' title='bbox 1131 4488 1235 4542; x_wconf 88' lang='lat' dir='ltr'><strong>hoc</strong></span> <span class='ocrx_word' id='word_1_712' title='bbox 1266 4503 1334 4542; x_wconf 81' lang='lat' dir='ltr'><strong>ex</strong></span> <span class='ocrx_word' id='word_1_713' title='bbox 1356 4496 1576 4557; x_wconf 87' lang='lat' dir='ltr'><strong>peccato</strong></span> <span class='ocrx_word' id='word_1_714' title='bbox 1596 4502 1820 4558; x_wconf 89' lang='lat' dir='ltr'><strong>percus-</strong></span> 
     </span>
    </p>
   </div>
   <div class='ocr_carea' id='block_1_93' title="bbox 244 4574 1817 4646">
    <p class='ocr_par' dir='ltr' id='par_1_93' title="bbox 244 4574 1817 4646">
     <span class='ocr_line' id='line_1_93' title="bbox 244 4574 1817 4646; baseline -0.001 -15"><span class='ocrx_word' id='word_1_715' title='bbox 244 4575 323 4631; x_wconf 80' lang='lat' dir='ltr'><strong>sis</strong></span> <span class='ocrx_word' id='word_1_716' title='bbox 361 4582 422 4629; x_wconf 91' lang='lat' dir='ltr'><strong>et</strong></span> <span class='ocrx_word' id='word_1_717' title='bbox 449 4574 503 4629; x_wconf 91' lang='lat' dir='ltr'><strong>in</strong></span> <span class='ocrx_word' id='word_1_718' title='bbox 536 4585 761 4646; x_wconf 88' lang='lat' dir='ltr'><strong>peccato</strong></span> <span class='ocrx_word' id='word_1_719' title='bbox 802 4592 901 4633; x_wconf 89' lang='lat' dir='ltr'><strong>suo</strong></span> <span class='ocrx_word' id='word_1_720' title='bbox 940 4577 1293 4633; x_wconf 88' lang='lat' dir='ltr'><strong>morientibus</strong></span> <span class='ocrx_word' id='word_1_721' title='bbox 1338 4578 1497 4633; x_wconf 88' lang='lat' dir='ltr'><strong>debet</strong></span> <span class='ocrx_word' id='word_1_722' title='bbox 1539 4576 1817 4644; x_wconf 65' lang='lat' dir='ltr'><strong>testimari,</strong></span> 
     </span>
    </p>
   </div>
   <div class='ocr_carea' id='block_1_94' title="bbox 1847 4446 1901 4505">
    <p class='ocr_par' dir='ltr' id='par_1_94' title="bbox 1847 4446 1901 4505">
     <span class='ocr_line' id='line_1_94' title="bbox 1847 4446 1901 4505; baseline 0 0"><span class='ocrx_word' id='word_1_723' title='bbox 1847 4446 1901 4505; x_wconf 93' lang='lat' dir='ltr'><strong>D</strong></span> 
     </span>
    </p>
   </div>
   <div class='ocr_carea' id='block_1_95' title="bbox 1925 4482 3497 4555">
    <p class='ocr_par' dir='ltr' id='par_1_95' title="bbox 1925 4482 3497 4555">
     <span class='ocr_line' id='line_1_95' title="bbox 1925 4482 3497 4555; baseline 0.004 -19"><span class='ocrx_word' id='word_1_724' title='bbox 1925 4482 2098 4553; x_wconf 90' lang='lat' dir='ltr'><strong>capita</strong></span> <span class='ocrx_word' id='word_1_725' title='bbox 2129 4482 2183 4536; x_wconf 92' lang='lat' dir='ltr'><strong>in</strong></span> <span class='ocrx_word' id='word_1_726' title='bbox 2206 4483 2395 4547; x_wconf 83' lang='lat' dir='ltr'><strong>bestia,</strong></span> <span class='ocrx_word' id='word_1_727' title='bbox 2422 4491 2479 4539; x_wconf 89' lang='lat' dir='ltr'><strong>et</strong></span> <span class='ocrx_word' id='word_1_728' title='bbox 2504 4490 2745 4552; x_wconf 90' lang='lat' dir='ltr'><strong>potestas</strong></span> <span class='ocrx_word' id='word_1_729' title='bbox 2768 4484 2896 4538; x_wconf 90' lang='lat' dir='ltr'><strong>data</strong></span> <span class='ocrx_word' id='word_1_730' title='bbox 2921 4492 3004 4538; x_wconf 87' lang='lat' dir='ltr'><strong>est</strong></span> <span class='ocrx_word' id='word_1_731' title='bbox 3033 4484 3102 4541; x_wconf 89' lang='lat' dir='ltr'><strong>ei.</strong></span> <span class='ocrx_word' id='word_1_732' title='bbox 3152 4484 3216 4539; x_wconf 85' lang='lat' dir='ltr'><strong>Et</strong></span> <span class='ocrx_word' id='word_1_733' title='bbox 3239 4486 3363 4555; x_wconf 85' lang='lat' dir='ltr'><strong>quia</strong></span> <span class='ocrx_word' id='word_1_734' title='bbox 3389 4503 3497 4542; x_wconf 87' lang='lat' dir='ltr'><strong>non</strong></span> 
     </span>
    </p>
   </div>
   <div class='ocr_carea' id='block_1_96' title="bbox 1924 4571 3503 4648">
    <p class='ocr_par' dir='ltr' id='par_1_96' title="bbox 1924 4571 3503 4648">
     <span class='ocr_line' id='line_1_96' title="bbox 1924 4571 3503 4648; baseline 0.004 -22"><span class='ocrx_word' id='word_1_735' title='bbox 1924 4571 1990 4627; x_wconf 90' lang='lat' dir='ltr'><strong>de</strong></span> <span class='ocrx_word' id='word_1_736' title='bbox 2017 4572 2199 4641; x_wconf 87' lang='lat' dir='ltr'><strong>futuro</strong></span> <span class='ocrx_word' id='word_1_737' title='bbox 2236 4575 2581 4639; x_wconf 87' lang='lat' dir='ltr'><strong>vaticinatur,</strong></span> <span class='ocrx_word' id='word_1_738' title='bbox 2619 4575 2713 4629; x_wconf 91' lang='lat' dir='ltr'><strong>sed</strong></span> <span class='ocrx_word' id='word_1_739' title='bbox 2760 4576 2825 4630; x_wconf 90' lang='lat' dir='ltr'><strong>de</strong></span> <span class='ocrx_word' id='word_1_740' title='bbox 2851 4576 3146 4646; x_wconf 62' lang='lat' dir='ltr'><strong>praeterito,</strong></span> <span class='ocrx_word' id='word_1_741' title='bbox 3180 4576 3327 4633; x_wconf 89' lang='lat' dir='ltr'><strong>velut</strong></span> <span class='ocrx_word' id='word_1_742' title='bbox 3360 4577 3503 4648; x_wconf 91' lang='lat' dir='ltr'><strong>jam-</strong></span> 
     </span>
    </p>
   </div>
   <div class='ocr_carea' id='block_1_97' title="bbox 243 4664 3501 4741">
    <p class='ocr_par' dir='ltr' id='par_1_97' title="bbox 243 4664 3501 4741">
     <span class='ocr_line' id='line_1_97' title="bbox 243 4664 3501 4741; baseline 0.002 -20"><span class='ocrx_word' id='word_1_743' title='bbox 243 4668 378 4737; x_wconf 85' lang='lat' dir='ltr'><strong>quia</strong></span> <span class='ocrx_word' id='word_1_744' title='bbox 412 4682 595 4723; x_wconf 89' lang='lat' dir='ltr'><strong>eorum</strong></span> <span class='ocrx_word' id='word_1_745' title='bbox 633 4670 913 4740; x_wconf 84' lang='lat' dir='ltr'><strong>percussio</strong></span> <span class='ocrx_word' id='word_1_746' title='bbox 938 4670 1028 4725; x_wconf 88' lang='lat' dir='ltr'><strong>hic</strong></span> <span class='ocrx_word' id='word_1_747' title='bbox 1054 4680 1228 4740; x_wconf 72' lang='lat' dir='ltr'><strong>empta</strong></span> <span class='ocrx_word' id='word_1_748' title='bbox 1267 4669 1379 4725; x_wconf 90' lang='lat' dir='ltr'><strong>illic</strong></span> <span class='ocrx_word' id='word_1_749' title='bbox 1424 4669 1721 4741; x_wconf 83' lang='lat' dir='ltr'><strong>perﬁcitur,</strong></span> <span class='ocrx_word' id='word_1_750' title='bbox 1763 4677 1822 4723; x_wconf 90' lang='lat' dir='ltr'><strong>ut</strong></span> <span class='ocrx_word' id='word_1_751' title='bbox 1915 4664 2138 4736; x_wconf 86' lang='lat' dir='ltr'><strong>jamque</strong></span> <span class='ocrx_word' id='word_1_752' title='bbox 2172 4667 2413 4722; x_wconf 86' lang='lat' dir='ltr'><strong>venturis</strong></span> <span class='ocrx_word' id='word_1_753' title='bbox 2458 4668 2593 4722; x_wconf 77' lang='lat' dir='ltr'><strong>texit</strong></span> <span class='ocrx_word' id='word_1_754' title='bbox 2635 4667 2939 4735; x_wconf 87' lang='lat' dir='ltr'><strong>historiam,</strong></span> <span class='ocrx_word' id='word_1_755' title='bbox 2967 4669 3174 4726; x_wconf 88' lang='lat' dir='ltr'><strong>idcirco</strong></span> <span class='ocrx_word' id='word_1_756' title='bbox 3216 4677 3396 4726; x_wconf 88' lang='lat' dir='ltr'><strong>autem</strong></span> <span class='ocrx_word' id='word_1_757' title='bbox 3431 4672 3501 4727; x_wconf 90' lang='lat' dir='ltr'><strong>de</strong></span> 
     </span>
    </p>
   </div>
   <div class='ocr_carea' id='block_1_98' title="bbox 241 4756 1819 4829">
    <p class='ocr_par' dir='ltr' id='par_1_98' title="bbox 241 4756 1819 4829">
     <span class='ocr_line' id='line_1_98' title="bbox 241 4756 1819 4829; baseline 0.001 -19"><span class='ocrx_word' id='word_1_758' title='bbox 241 4756 569 4813; x_wconf 85' lang='lat' dir='ltr'><strong>incorrectis</strong></span> <span class='ocrx_word' id='word_1_759' title='bbox 614 4773 778 4813; x_wconf 87' lang='lat' dir='ltr'><strong>unum</strong></span> <span class='ocrx_word' id='word_1_760' title='bbox 820 4756 1089 4829; x_wconf 90' lang='lat' dir='ltr'><strong>ﬂagellum</strong></span> <span class='ocrx_word' id='word_1_761' title='bbox 1142 4759 1213 4813; x_wconf 89' lang='lat' dir='ltr'><strong>sit</strong></span> <span class='ocrx_word' id='word_1_762' title='bbox 1256 4759 1399 4827; x_wconf 90' lang='lat' dir='ltr'><strong>quod</strong></span> <span class='ocrx_word' id='word_1_763' title='bbox 1453 4757 1819 4828; x_wconf 89' lang='lat' dir='ltr'><strong>temporaliter</strong></span> 
     </span>
    </p>
   </div>
   <div class='ocr_carea' id='block_1_99' title="bbox 240 4846 1815 4919">
    <p class='ocr_par' dir='ltr' id='par_1_99' title="bbox 240 4846 1815 4919">
     <span class='ocr_line' id='line_1_99' title="bbox 240 4846 1815 4919; baseline 0.001 -19"><span class='ocrx_word' id='word_1_764' title='bbox 240 4846 478 4917; x_wconf 88' lang='lat' dir='ltr'><strong>incipit,</strong></span> <span class='ocrx_word' id='word_1_765' title='bbox 528 4848 621 4903; x_wconf 87' lang='lat' dir='ltr'><strong>sed</strong></span> <span class='ocrx_word' id='word_1_766' title='bbox 666 4849 725 4904; x_wconf 83' lang='lat' dir='ltr'><strong>in</strong></span> <span class='ocrx_word' id='word_1_767' title='bbox 760 4849 976 4905; x_wconf 73' lang='lat' dir='ltr'><strong>:eternis</strong></span> <span class='ocrx_word' id='word_1_768' title='bbox 1044 4848 1319 4919; x_wconf 89' lang='lat' dir='ltr'><strong>suppliciis</strong></span> <span class='ocrx_word' id='word_1_769' title='bbox 1390 4859 1815 4915; x_wconf 85' lang='lat' dir='ltr'><strong>consummatur,</strong></span> 
     </span>
    </p>
   </div>
   <div class='ocr_carea' id='block_1_100' title="bbox 238 4937 1817 5008">
    <p class='ocr_par' dir='ltr' id='par_1_100' title="bbox 238 4937 1817 5008">
     <span class='ocr_line' id='line_1_100' title="bbox 238 4937 1817 5008; baseline 0.002 -18"><span class='ocrx_word' id='word_1_770' title='bbox 238 4944 514 5005; x_wconf 82' lang='lat' dir='ltr'><strong>quatenus</strong></span> <span class='ocrx_word' id='word_1_771' title='bbox 541 4937 621 4992; x_wconf 93' lang='lat' dir='ltr'><strong>eis</strong></span> <span class='ocrx_word' id='word_1_772' title='bbox 645 4937 735 5006; x_wconf 86' lang='lat' dir='ltr'><strong>qui</strong></span> <span class='ocrx_word' id='word_1_773' title='bbox 763 4937 982 4993; x_wconf 89' lang='lat' dir='ltr'><strong>omnino</strong></span> <span class='ocrx_word' id='word_1_774' title='bbox 1024 4938 1223 5008; x_wconf 91' lang='lat' dir='ltr'><strong>corrigi</strong></span> <span class='ocrx_word' id='word_1_775' title='bbox 1255 4948 1506 5004; x_wconf 89' lang='lat' dir='ltr'><strong>renuunt,</strong></span> <span class='ocrx_word' id='word_1_776' title='bbox 1540 4938 1650 5008; x_wconf 91' lang='lat' dir='ltr'><strong>jam</strong></span> <span class='ocrx_word' id='word_1_777' title='bbox 1677 4954 1817 5008; x_wconf 73' lang='lat' dir='ltr'><strong>pra:-</strong></span> 
     </span>
    </p>
   </div>
   <div class='ocr_carea' id='block_1_101' title="bbox 239 5025 1821 5098">
    <p class='ocr_par' dir='ltr' id='par_1_101' title="bbox 239 5025 1821 5098">
     <span class='ocr_line' id='line_1_101' title="bbox 239 5025 1821 5098; baseline 0 -17"><span class='ocrx_word' id='word_1_778' title='bbox 239 5026 482 5081; x_wconf 88' lang='lat' dir='ltr'><strong>sentium</strong></span> <span class='ocrx_word' id='word_1_779' title='bbox 530 5025 861 5097; x_wconf 81' lang='lat' dir='ltr'><strong>ﬂagellorum</strong></span> <span class='ocrx_word' id='word_1_780' title='bbox 908 5027 1186 5098; x_wconf 84' lang='lat' dir='ltr'><strong>percussio</strong></span> <span class='ocrx_word' id='word_1_781' title='bbox 1230 5028 1568 5098; x_wconf 90' lang='lat' dir='ltr'><strong>sequentium</strong></span> <span class='ocrx_word' id='word_1_782' title='bbox 1600 5027 1673 5082; x_wconf 91' lang='lat' dir='ltr'><strong>sit</strong></span> <span class='ocrx_word' id='word_1_783' title='bbox 1718 5028 1821 5082; x_wconf 90' lang='lat' dir='ltr'><strong>ini-</strong></span> 
     </span>
    </p>
   </div>
   <div class='ocr_carea' id='block_1_102' title="bbox 241 5120 821 5174">
    <p class='ocr_par' dir='ltr' id='par_1_102' title="bbox 241 5120 821 5174">
     <span class='ocr_line' id='line_1_102' title="bbox 241 5120 821 5174; baseline 0.002 -3"><span class='ocrx_word' id='word_1_784' title='bbox 241 5120 379 5172; x_wconf 89' lang='lat' dir='ltr'><strong>tium</strong></span> <span class='ocrx_word' id='word_1_785' title='bbox 412 5125 821 5174; x_wconf 89' lang='lat' dir='ltr'><strong>tormentorum.</strong></span> 
     </span>
    </p>
   </div>
   <div class='ocr_carea' id='block_1_103' title="bbox 319 5206 1821 5281">
    <p class='ocr_par' dir='ltr' id='par_1_103' title="bbox 319 5206 1821 5281">
     <span class='ocr_line' id='line_1_103' title="bbox 319 5206 1821 5281; baseline 0.003 -22"><span class='ocrx_word' id='word_1_786' title='bbox 319 5226 340 5258; x_wconf 74' lang='grc' dir='ltr'><strong><em>ο</em></strong></span> <span class='ocrx_word' id='word_1_787' title='bbox 389 5206 501 5278; x_wconf 82' lang='lat' dir='ltr'><strong>Ego</strong></span> <span class='ocrx_word' id='word_1_788' title='bbox 547 5218 726 5265; x_wconf 89' lang='lat' dir='ltr'><strong>autem</strong></span> <span class='ocrx_word' id='word_1_789' title='bbox 775 5209 885 5265; x_wconf 80' lang='lat' dir='ltr'><strong>dixi</strong></span> <span class='ocrx_word' id='word_1_790' title='bbox 933 5227 949 5267; x_wconf 90' lang='lat'><strong>:</strong></span> <span class='ocrx_word' id='word_1_791' title='bbox 992 5209 1239 5266; x_wconf 88' lang='lat' dir='ltr'><strong>Forsitan</strong></span> <span class='ocrx_word' id='word_1_792' title='bbox 1292 5224 1552 5281; x_wconf 89' lang='lat' dir='ltr'><strong>pauperes</strong></span> <span class='ocrx_word' id='word_1_793' title='bbox 1600 5218 1725 5266; x_wconf 90' lang='lat' dir='ltr'><strong>sunt</strong></span> <span class='ocrx_word' id='word_1_794' title='bbox 1766 5219 1821 5265; x_wconf 88' lang='lat' dir='ltr'><strong>et</strong></span> 
     </span>
    </p>
   </div>
   <div class='ocr_carea' id='block_1_104' title="bbox 247 5299 1812 5373">
    <p class='ocr_par' dir='ltr' id='par_1_104' title="bbox 247 5299 1812 5373">
     <span class='ocr_line' id='line_1_104' title="bbox 247 5299 1812 5373; baseline 0.001 -22"><span class='ocrx_word' id='word_1_795' title='bbox 247 5320 265 5351; x_wconf 74' lang='grc' dir='ltr'>ι</span> <span class='ocrx_word' id='word_1_796' title='bbox 312 5299 489 5366; x_wconf 89' lang='lat' dir='ltr'><strong>stulti,</strong></span> <span class='ocrx_word' id='word_1_797' title='bbox 514 5300 821 5371; x_wconf 87' lang='lat' dir='ltr'><strong>ignorantes</strong></span> <span class='ocrx_word' id='word_1_798' title='bbox 848 5301 988 5355; x_wconf 90' lang='lat' dir='ltr'><strong>viam</strong></span> <span class='ocrx_word' id='word_1_799' title='bbox 1009 5299 1244 5365; x_wconf 89' lang='lat' dir='ltr'><strong>Domini,</strong></span> <span class='ocrx_word' id='word_1_800' title='bbox 1261 5299 1522 5373; x_wconf 87' lang='lat' dir='ltr'><strong>judicium</strong></span> <span class='ocrx_word' id='word_1_801' title='bbox 1547 5300 1637 5355; x_wconf 88' lang='lat' dir='ltr'><strong>Dei</strong></span> <span class='ocrx_word' id='word_1_802' title='bbox 1668 5302 1770 5356; x_wconf 90' lang='lat' dir='ltr'><strong>sui.</strong></span> <span class='ocrx_word' id='word_1_803' title='bbox 1794 5320 1812 5353; x_wconf 76' lang='grc' dir='ltr'><strong><em>ι</em></strong></span> 
     </span>
    </p>
   </div>
   <div class='ocr_carea' id='block_1_105' title="bbox 242 5391 1823 5464">
    <p class='ocr_par' dir='ltr' id='par_1_105' title="bbox 242 5391 1823 5464">
     <span class='ocr_line' id='line_1_105' title="bbox 242 5391 1823 5464; baseline 0.001 -19"><span class='ocrx_word' id='word_1_804' title='bbox 242 5391 409 5462; x_wconf 62' lang='lat' dir='ltr'><strong>Swpe</strong></span> <span class='ocrx_word' id='word_1_805' title='bbox 435 5392 719 5448; x_wconf 85' lang='lat' dir='ltr'><strong>stultorum</strong></span> <span class='ocrx_word' id='word_1_806' title='bbox 749 5395 968 5449; x_wconf 89' lang='lat' dir='ltr'><strong>nomine</strong></span> <span class='ocrx_word' id='word_1_807' title='bbox 1005 5395 1058 5448; x_wconf 86' lang='lat' dir='ltr'><strong>hi</strong></span> <span class='ocrx_word' id='word_1_808' title='bbox 1083 5395 1173 5464; x_wconf 89' lang='lat' dir='ltr'><strong>qui</strong></span> <span class='ocrx_word' id='word_1_809' title='bbox 1200 5401 1326 5450; x_wconf 88' lang='lat' dir='ltr'><strong>sunt</strong></span> <span class='ocrx_word' id='word_1_810' title='bbox 1364 5393 1416 5447; x_wconf 90' lang='lat' dir='ltr'><strong>in</strong></span> <span class='ocrx_word' id='word_1_811' title='bbox 1441 5393 1594 5462; x_wconf 90' lang='lat' dir='ltr'><strong>plebe</strong></span> <span class='ocrx_word' id='word_1_812' title='bbox 1624 5406 1823 5462; x_wconf 83' lang='lat' dir='ltr'><strong>paupe-</strong></span> 
     </span>
    </p>
   </div>
   <div class='ocr_carea' id='block_1_106' title="bbox 242 5481 1824 5553">
    <p class='ocr_par' dir='ltr' id='par_1_106' title="bbox 242 5481 1824 5553">
     <span class='ocr_line' id='line_1_106' title="bbox 242 5481 1824 5553; baseline -0.001 -16"><span class='ocrx_word' id='word_1_813' title='bbox 242 5499 337 5537; x_wconf 87' lang='lat' dir='ltr'><strong>res</strong></span> <span class='ocrx_word' id='word_1_814' title='bbox 362 5483 731 5553; x_wconf 83' lang='lat' dir='ltr'><strong>designantur.</strong></span> <span class='ocrx_word' id='word_1_815' title='bbox 780 5484 935 5544; x_wconf 87' lang='lat' dir='ltr'><strong>Unde</strong></span> <span class='ocrx_word' id='word_1_816' title='bbox 969 5493 1022 5540; x_wconf 90' lang='lat' dir='ltr'><strong>et</strong></span> <span class='ocrx_word' id='word_1_817' title='bbox 1046 5500 1190 5539; x_wconf 91' lang='lat' dir='ltr'><strong>nunc</strong></span> <span class='ocrx_word' id='word_1_818' title='bbox 1239 5498 1335 5553; x_wconf 88' lang='lat' dir='ltr'><strong>per</strong></span> <span class='ocrx_word' id='word_1_819' title='bbox 1360 5481 1652 5537; x_wconf 87' lang='lat' dir='ltr'><strong>Jeremiam</strong></span> <span class='ocrx_word' id='word_1_820' title='bbox 1690 5481 1824 5536; x_wconf 88' lang='lat' dir='ltr'><strong>dici-</strong></span> 
     </span>
    </p>
   </div>
   <div class='ocr_carea' id='block_1_107' title="bbox 244 5571 1823 5645">
    <p class='ocr_par' dir='ltr' id='par_1_107' title="bbox 244 5571 1823 5645">
     <span class='ocr_line' id='line_1_107' title="bbox 244 5571 1823 5645; baseline -0.001 -17"><span class='ocrx_word' id='word_1_821' title='bbox 244 5585 376 5628; x_wconf 85' lang='lat' dir='ltr'><strong>tur:</strong></span> <span class='ocrx_word' id='word_1_822' title='bbox 419 5594 436 5626; x_wconf 75' lang='grc' dir='ltr'>ι</span> <span class='ocrx_word' id='word_1_823' title='bbox 469 5575 611 5641; x_wconf 78' lang='lat' dir='ltr'><strong>Dixi,</strong></span> <span class='ocrx_word' id='word_1_824' title='bbox 641 5574 890 5630; x_wconf 86' lang='lat' dir='ltr'><strong>Forsitan</strong></span> <span class='ocrx_word' id='word_1_825' title='bbox 920 5590 1184 5645; x_wconf 86' lang='lat' dir='ltr'><strong>pauperes</strong></span> <span class='ocrx_word' id='word_1_826' title='bbox 1214 5582 1340 5629; x_wconf 90' lang='lat' dir='ltr'><strong>sunt</strong></span> <span class='ocrx_word' id='word_1_827' title='bbox 1382 5581 1436 5628; x_wconf 85' lang='lat' dir='ltr'><strong>et</strong></span> <span class='ocrx_word' id='word_1_828' title='bbox 1479 5572 1651 5639; x_wconf 90' lang='lat' dir='ltr'><strong>stulti,</strong></span> <span class='ocrx_word' id='word_1_829' title='bbox 1682 5571 1823 5642; x_wconf 79' lang='lat' dir='ltr'><strong>igno-</strong></span> 
     </span>
    </p>
   </div>
   <div class='ocr_carea' id='block_1_108' title="bbox 246 5664 1504 5733">
    <p class='ocr_par' dir='ltr' id='par_1_108' title="bbox 246 5664 1504 5733">
     <span class='ocr_line' id='line_1_108' title="bbox 246 5664 1504 5733; baseline -0.002 -14"><span class='ocrx_word' id='word_1_830' title='bbox 246 5674 435 5720; x_wconf 85' lang='lat' dir='ltr'><strong>rantes</strong></span> <span class='ocrx_word' id='word_1_831' title='bbox 464 5666 604 5721; x_wconf 83' lang='lat' dir='ltr'><strong>viam</strong></span> <span class='ocrx_word' id='word_1_832' title='bbox 631 5666 841 5720; x_wconf 91' lang='lat' dir='ltr'><strong>Domini</strong></span> <span class='ocrx_word' id='word_1_833' title='bbox 869 5675 921 5718; x_wconf 88' lang='lat' dir='ltr'><strong>et</strong></span> <span class='ocrx_word' id='word_1_834' title='bbox 935 5664 1195 5733; x_wconf 87' lang='lat' dir='ltr'><strong>judicium</strong></span> <span class='ocrx_word' id='word_1_835' title='bbox 1218 5666 1309 5720; x_wconf 86' lang='lat' dir='ltr'><strong>Dei</strong></span> <span class='ocrx_word' id='word_1_836' title='bbox 1340 5664 1441 5720; x_wconf 83' lang='lat' dir='ltr'><strong>sui.</strong></span> <span class='ocrx_word' id='word_1_837' title='bbox 1487 5683 1504 5716; x_wconf 73' lang='grc' dir='ltr'><strong><em>ι</em></strong></span> 
     </span>
    </p>
   </div>
   <div class='ocr_carea' id='block_1_109' title="bbox 652 5754 1125 5817">
    <p class='ocr_par' dir='ltr' id='par_1_109' title="bbox 652 5754 1125 5817">
     <span class='ocr_line' id='line_1_109' title="bbox 652 5754 1125 5817; baseline -0.004 -2"><span class='ocrx_word' id='word_1_838' title='bbox 652 5756 922 5817; x_wconf 71' lang='lat' dir='ltr'><strong>Parnm.</strong></span> <span class='ocrx_word' id='word_1_839' title='bbox 963 5754 1125 5813; x_wconf 70' lang='lat' dir='ltr'><strong>CXI.</strong></span> 
     </span>
    </p>
   </div>
   <div class='ocr_carea' id='block_1_110' title="bbox 1922 4754 3495 4831">
    <p class='ocr_par' dir='ltr' id='par_1_110' title="bbox 1922 4754 3495 4831">
     <span class='ocr_line' id='line_1_110' title="bbox 1922 4754 3495 4831; baseline 0.005 -21"><span class='ocrx_word' id='word_1_840' title='bbox 1922 4754 2165 4813; x_wconf 80' lang='lat' dir='ltr'><strong>Romano</strong></span> <span class='ocrx_word' id='word_1_841' title='bbox 2222 4765 2366 4815; x_wconf 89' lang='lat' dir='ltr'><strong>tacet</strong></span> <span class='ocrx_word' id='word_1_842' title='bbox 2407 4759 2654 4829; x_wconf 87' lang='lat' dir='ltr'><strong>imperio,</strong></span> <span class='ocrx_word' id='word_1_843' title='bbox 2707 4761 2774 4816; x_wconf 90' lang='lat' dir='ltr'><strong>de</strong></span> <span class='ocrx_word' id='word_1_844' title='bbox 2828 4775 2936 4831; x_wconf 91' lang='lat' dir='ltr'><strong>quo</strong></span> <span class='ocrx_word' id='word_1_845' title='bbox 2976 4759 3205 4820; x_wconf 82' lang='lat' dir='ltr'><strong>forsitan</strong></span> <span class='ocrx_word' id='word_1_846' title='bbox 3259 4762 3495 4819; x_wconf 81' lang='lat' dir='ltr'><strong>dicitur:</strong></span> 
     </span>
    </p>
   </div>
   <div class='ocr_carea' id='block_1_111' title="bbox 1928 4845 3495 4923">
    <p class='ocr_par' dir='ltr' id='par_1_111' title="bbox 1928 4845 3495 4923">
     <span class='ocr_line' id='line_1_111' title="bbox 1928 4845 3495 4923; baseline 0.006 -24"><span class='ocrx_word' id='word_1_847' title='bbox 1928 4845 2144 4902; x_wconf 68' lang='lat' dir='ltr'><strong>«Omnis</strong></span> <span class='ocrx_word' id='word_1_848' title='bbox 2167 4848 2260 4917; x_wconf 90' lang='lat' dir='ltr'><strong>qui</strong></span> <span class='ocrx_word' id='word_1_849' title='bbox 2280 4863 2533 4920; x_wconf 86' lang='lat' dir='ltr'><strong>egressus</strong></span> <span class='ocrx_word' id='word_1_850' title='bbox 2556 4849 2721 4905; x_wconf 88' lang='lat' dir='ltr'><strong>fuerit</strong></span> <span class='ocrx_word' id='word_1_851' title='bbox 2745 4866 2808 4907; x_wconf 75' lang='lat' dir='ltr'><strong>ex</strong></span> <span class='ocrx_word' id='word_1_852' title='bbox 2834 4852 2934 4918; x_wconf 91' lang='lat' dir='ltr'><strong>eis,</strong></span> <span class='ocrx_word' id='word_1_853' title='bbox 2947 4853 3209 4923; x_wconf 89' lang='lat' dir='ltr'><strong>capietur.</strong></span> <span class='ocrx_word' id='word_1_854' title='bbox 3224 4873 3242 4905; x_wconf 74' lang='grc' dir='ltr'><strong><em>ι</em></strong></span> <span class='ocrx_word' id='word_1_855' title='bbox 3260 4851 3495 4908; x_wconf 85' lang='lat' dir='ltr'><strong>Causas-</strong></span> 
     </span>
    </p>
   </div>
   <div class='ocr_carea' id='block_1_112' title="bbox 1929 4938 3498 5013">
    <p class='ocr_par' dir='ltr' id='par_1_112' title="bbox 1929 4938 3498 5013">
     <span class='ocr_line' id='line_1_112' title="bbox 1929 4938 3498 5013; baseline 0.004 -22"><span class='ocrx_word' id='word_1_856' title='bbox 1929 4952 2034 5007; x_wconf 90' lang='lat' dir='ltr'><strong>que</strong></span> <span class='ocrx_word' id='word_1_857' title='bbox 2060 4938 2240 4993; x_wconf 85' lang='lat' dir='ltr'><strong>reddit</strong></span> <span class='ocrx_word' id='word_1_858' title='bbox 2265 4955 2362 4994; x_wconf 94' lang='lat' dir='ltr'><strong>cur</strong></span> <span class='ocrx_word' id='word_1_859' title='bbox 2400 4940 2503 4996; x_wconf 90' lang='lat' dir='ltr'><strong>ista</strong></span> <span class='ocrx_word' id='word_1_860' title='bbox 2530 4942 2770 5011; x_wconf 89' lang='lat' dir='ltr'><strong>perpessi</strong></span> <span class='ocrx_word' id='word_1_861' title='bbox 2797 4951 2943 5006; x_wconf 92' lang='lat' dir='ltr'><strong>sunt,</strong></span> <span class='ocrx_word' id='word_1_862' title='bbox 2971 4943 3098 5013; x_wconf 90' lang='lat' dir='ltr'><strong>quia</strong></span> <span class='ocrx_word' id='word_1_863' title='bbox 3126 4942 3498 5012; x_wconf 61' lang='lat' dir='ltr'><strong>multiplicatae</strong></span> 
     </span>
    </p>
   </div>
   <div class='ocr_carea' id='block_1_113' title="bbox 1927 5030 3496 5100">
    <p class='ocr_par' dir='ltr' id='par_1_113' title="bbox 1927 5030 3496 5100">
     <span class='ocr_line' id='line_1_113' title="bbox 1927 5030 3496 5100; baseline 0.002 -20"><span class='ocrx_word' id='word_1_864' title='bbox 1927 5035 2051 5081; x_wconf 90' lang='lat' dir='ltr'><strong>sunt</strong></span> <span class='ocrx_word' id='word_1_865' title='bbox 2095 5030 2570 5097; x_wconf 71' lang='lat' dir='ltr'><strong>przevaricationes</strong></span> <span class='ocrx_word' id='word_1_866' title='bbox 2612 5045 2823 5096; x_wconf 89' lang='lat' dir='ltr'><strong>eorum,</strong></span> <span class='ocrx_word' id='word_1_867' title='bbox 2849 5039 2903 5085; x_wconf 89' lang='lat' dir='ltr'><strong>et</strong></span> <span class='ocrx_word' id='word_1_868' title='bbox 2932 5039 3414 5100; x_wconf 87' lang='lat' dir='ltr'><strong>perseveraveruut</strong></span> <span class='ocrx_word' id='word_1_869' title='bbox 3443 5030 3496 5084; x_wconf 90' lang='lat' dir='ltr'><strong>in</strong></span> 
     </span>
    </p>
   </div>
   <div class='ocr_carea' id='block_1_114' title="bbox 1926 5110 3496 5191">
    <p class='ocr_par' dir='ltr' id='par_1_114' title="bbox 1926 5110 3496 5191">
     <span class='ocr_line' id='line_1_114' title="bbox 1926 5110 3496 5191; baseline 0.003 -19"><span class='ocrx_word' id='word_1_870' title='bbox 1926 5110 2461 5191; x_wconf 80' lang='lat' dir='ltr'><strong>transgressiombus.</strong></span> <span class='ocrx_word' id='word_1_871' title='bbox 2517 5122 2667 5178; x_wconf 88' lang='lat' dir='ltr'><strong>Unde</strong></span> <span class='ocrx_word' id='word_1_872' title='bbox 2714 5123 2912 5178; x_wconf 90' lang='lat' dir='ltr'><strong>dicitur</strong></span> <span class='ocrx_word' id='word_1_873' title='bbox 2954 5139 2966 5173; x_wconf 93' lang='lat'>:</span> <span class='ocrx_word' id='word_1_874' title='bbox 3016 5141 3034 5173; x_wconf 84' lang='grc'>‹</span> <span class='ocrx_word' id='word_1_875' title='bbox 3072 5123 3137 5176; x_wconf 86' lang='grc' dir='ltr'><strong>Ει</strong></span> <span class='ocrx_word' id='word_1_876' title='bbox 3178 5121 3496 5177; x_wconf 67' lang='lat' dir='ltr'><strong>confortatus</strong></span> 
     </span>
    </p>
   </div>
   <div class='ocr_carea' id='block_1_115' title="bbox 1926 5208 3500 5281">
    <p class='ocr_par' dir='ltr' id='par_1_115' title="bbox 1926 5208 3500 5281">
     <span class='ocr_line' id='line_1_115' title="bbox 1926 5208 3500 5281; baseline 0.004 -20"><span class='ocrx_word' id='word_1_877' title='bbox 1926 5218 2051 5262; x_wconf 90' lang='lat' dir='ltr'><strong>sunt</strong></span> <span class='ocrx_word' id='word_1_878' title='bbox 2076 5208 2384 5264; x_wconf 76' lang='lat' dir='ltr'><strong>eversiones</strong></span> <span class='ocrx_word' id='word_1_879' title='bbox 2404 5223 2610 5265; x_wconf 89' lang='lat' dir='ltr'><strong>eorum.</strong></span> <span class='ocrx_word' id='word_1_880' title='bbox 2644 5230 2663 5262; x_wconf 74' lang='grc' dir='ltr'><strong><em>ι</em></strong></span> <span class='ocrx_word' id='word_1_881' title='bbox 2694 5210 2827 5272; x_wconf 86' lang='lat' dir='ltr'><strong>Illud</strong></span> <span class='ocrx_word' id='word_1_882' title='bbox 2854 5210 2998 5280; x_wconf 87' lang='lat' dir='ltr'><strong>quod</strong></span> <span class='ocrx_word' id='word_1_883' title='bbox 3025 5211 3077 5263; x_wconf 93' lang='lat' dir='ltr'><strong>in</strong></span> <span class='ocrx_word' id='word_1_884' title='bbox 3107 5209 3373 5281; x_wconf 88' lang='lat' dir='ltr'><strong>principio</strong></span> <span class='ocrx_word' id='word_1_885' title='bbox 3401 5226 3500 5281; x_wconf 83' lang='lat' dir='ltr'><strong>po-</strong></span> 
     </span>
    </p>
   </div>
   <div class='ocr_carea' id='block_1_116' title="bbox 1926 5301 3493 5388">
    <p class='ocr_par' dir='ltr' id='par_1_116' title="bbox 1926 5301 3493 5388">
     <span class='ocr_line' id='line_1_116' title="bbox 1926 5301 3493 5388; baseline 0.003 -33"><span class='ocrx_word' id='word_1_886' title='bbox 1926 5301 2132 5357; x_wconf 87' lang='lat' dir='ltr'><strong>suimus</strong></span> <span class='ocrx_word' id='word_1_887' title='bbox 2158 5303 2377 5357; x_wconf 89' lang='lat' dir='ltr'><strong>verbum</strong></span> <span class='ocrx_word' id='word_1_888' title='bbox 2402 5301 2725 5359; x_wconf 82' lang='lat' dir='ltr'><strong>Hebraicum</strong></span> <span class='ocrx_word' id='word_1_889' title='bbox 2756 5313 2884 5388; x_wconf 70' lang='lat' dir='ltr'><strong>1pm</strong></span> <span class='ocrx_word' id='word_1_890' title='bbox 2920 5316 3113 5357; x_wconf 88' lang='lat' dir='ltr'><strong>sonare</strong></span> <span class='ocrx_word' id='word_1_891' title='bbox 3153 5301 3409 5374; x_wconf 77' lang='lat' dir='ltr'><strong>vigiliam,</strong></span> <span class='ocrx_word' id='word_1_892' title='bbox 3440 5303 3493 5359; x_wconf 87' lang='lat' dir='ltr'><strong>in</strong></span> 
     </span>
    </p>
   </div>
   <div class='ocr_carea' id='block_1_117' title="bbox 1922 5392 3493 5463">
    <p class='ocr_par' dir='ltr' id='par_1_117' title="bbox 1922 5392 3493 5463">
     <span class='ocr_line' id='line_1_117' title="bbox 1922 5392 3493 5463; baseline 0.001 -15"><span class='ocrx_word' id='word_1_893' title='bbox 1922 5394 2172 5463; x_wconf 69' lang='lat' dir='ltr'><strong>prmsenti</strong></span> <span class='ocrx_word' id='word_1_894' title='bbox 2226 5392 2344 5447; x_wconf 91' lang='lat' dir='ltr'><strong>loco</strong></span> <span class='ocrx_word' id='word_1_895' title='bbox 2384 5395 2705 5450; x_wconf 90' lang='lat' dir='ltr'><strong>ostenditur.</strong></span> <span class='ocrx_word' id='word_1_896' title='bbox 2771 5394 2870 5450; x_wconf 89' lang='lat' dir='ltr'><strong>Ubi</strong></span> <span class='ocrx_word' id='word_1_897' title='bbox 2915 5393 3060 5449; x_wconf 91' lang='lat' dir='ltr'><strong>enim</strong></span> <span class='ocrx_word' id='word_1_898' title='bbox 3109 5409 3212 5450; x_wconf 88' lang='lat' dir='ltr'><strong>nos</strong></span> <span class='ocrx_word' id='word_1_899' title='bbox 3256 5393 3493 5451; x_wconf 78' lang='lat' dir='ltr'><strong>diximus</strong></span> 
     </span>
    </p>
   </div>
   <div class='ocr_carea' id='block_1_118' title="bbox 1928 5483 3496 5575">
    <p class='ocr_par' dir='ltr' id='par_1_118' title="bbox 1928 5483 3496 5575">
     <span class='ocr_line' id='line_1_118' title="bbox 1928 5483 3496 5575; baseline 0.002 -38"><span class='ocrx_word' id='word_1_900' title='bbox 1928 5503 1947 5575; x_wconf 48' lang='lat' dir='ltr'><strong>Ir</strong></span> <span class='ocrx_word' id='word_1_901' title='bbox 1983 5484 2183 5575; x_wconf 73' lang='lat' dir='ltr'><strong>pardus</strong></span> <span class='ocrx_word' id='word_1_902' title='bbox 2206 5483 2454 5554; x_wconf 90' lang='lat' dir='ltr'><strong>vigilans,</strong></span> <span class='ocrx_word' id='word_1_903' title='bbox 2484 5504 2506 5575; x_wconf 49' lang='grc' dir='ltr'><strong><em>ξ</em></strong></span> <span class='ocrx_word' id='word_1_904' title='bbox 2562 5484 2615 5575; x_wconf 85' lang='lat' dir='ltr'><strong>in</strong></span> <span class='ocrx_word' id='word_1_905' title='bbox 2644 5484 2908 5540; x_wconf 79' lang='lat' dir='ltr'><strong>Hebraico</strong></span> <span class='ocrx_word' id='word_1_906' title='bbox 2954 5485 3213 5575; x_wconf 88' lang='lat' dir='ltr'><strong>scriptum</strong></span> <span class='ocrx_word' id='word_1_907' title='bbox 3250 5493 3336 5540; x_wconf 91' lang='lat' dir='ltr'><strong>est</strong></span> <span class='ocrx_word' id='word_1_908' title='bbox 3369 5496 3496 5575; x_wconf 56' lang='grc' dir='ltr'><strong>’φραγ</strong></span> 
     </span>
    </p>
   </div>
   <div class='ocr_carea' id='block_1_119' title="bbox 1928 5561 3492 5645">
    <p class='ocr_par' dir='ltr' id='par_1_119' title="bbox 1928 5561 3492 5645">
     <span class='ocr_line' id='line_1_119' title="bbox 1928 5561 3492 5645; baseline 0.003 -19"><span class='ocrx_word' id='word_1_909' title='bbox 1928 5561 2057 5637; x_wconf 63' lang='lat'><strong>5.22:.</strong></span> <span class='ocrx_word' id='word_1_910' title='bbox 2111 5571 2268 5627; x_wconf 83' lang='lat' dir='ltr'><strong>Juxta</strong></span> <span class='ocrx_word' id='word_1_911' title='bbox 2328 5573 2718 5642; x_wconf 88' lang='lat' dir='ltr'><strong>tropologiam,</strong></span> <span class='ocrx_word' id='word_1_912' title='bbox 2763 5575 2856 5645; x_wconf 91' lang='lat' dir='ltr'><strong>qui</strong></span> <span class='ocrx_word' id='word_1_913' title='bbox 2902 5574 3081 5644; x_wconf 81' lang='lat' dir='ltr'><strong>magni</strong></span> <span class='ocrx_word' id='word_1_914' title='bbox 3131 5561 3492 5644; x_wconf 60' lang='lat' dir='ltr'><strong>putantur&#39;in</strong></span> 
     </span>
    </p>
   </div>
   <div class='ocr_carea' id='block_1_120' title="bbox 1926 5662 3490 5737">
    <p class='ocr_par' dir='ltr' id='par_1_120' title="bbox 1926 5662 3490 5737">
     <span class='ocr_line' id='line_1_120' title="bbox 1926 5662 3490 5737; baseline 0.001 -18"><span class='ocrx_word' id='word_1_915' title='bbox 1926 5664 2187 5729; x_wconf 77' lang='lat' dir='ltr'><strong>Ecclesia,</strong></span> <span class='ocrx_word' id='word_1_916' title='bbox 2222 5665 2346 5734; x_wconf 87' lang='lat' dir='ltr'><strong>quia</strong></span> <span class='ocrx_word' id='word_1_917' title='bbox 2379 5662 2722 5737; x_wconf 86' lang='lat' dir='ltr'><strong>confringunt</strong></span> <span class='ocrx_word' id='word_1_918' title='bbox 2764 5664 2948 5736; x_wconf 85' lang='lat' dir='ltr'><strong>jngum</strong></span> <span class='ocrx_word' id='word_1_919' title='bbox 2998 5673 3052 5717; x_wconf 82' lang='lat' dir='ltr'><strong>et</strong></span> <span class='ocrx_word' id='word_1_920' title='bbox 3089 5672 3347 5734; x_wconf 90' lang='lat' dir='ltr'><strong>rumpunt</strong></span> <span class='ocrx_word' id='word_1_921' title='bbox 3371 5665 3490 5720; x_wconf 86' lang='lat' dir='ltr'><strong>vin-</strong></span> 
     </span>
    </p>
   </div>
   <div class='ocr_carea' id='block_1_121' title="bbox 3018 5756 3094 5814">
    <p class='ocr_par' dir='ltr' id='par_1_121' title="bbox 3018 5756 3094 5814">
     <span class='ocr_line' id='line_1_121' title="bbox 3018 5756 3094 5814; baseline -0.026 0"><span class='ocrx_word' id='word_1_922' title='bbox 3018 5756 3094 5814; x_wconf 74' lang='lat'><strong>27</strong></span> 
     </span>
    </p>
   </div>
  </div>
