3962 6198
327 257 433 315 845

965 252 1027 308 Β.
1067 251 1320 309 RABANI
1362 250 1580 308 MAURI
1617 247 1938 306 ARClllEP.
1979 246 2289 306 HOGUNT.
2329 249 2616 306 OPERUM
2652 249 2834 306 PARS
2873 251 2958 306 Ill.

3501 254 3606 310 ειι

327 369 472 430 cula,
505 367 708 424 idcirco
737 365 1030 423 traduntur
1067 367 1122 422 iu
1170 367 1522 437 ignominiam
1566 366 1902 438 passionum,
1937 367 1982 425 A
2011 362 2084 418 tio
2101 375 2322 436 propter
2341 365 2682 422 clementiam
2700 367 2924 438 judicis,
2947 375 3129 422 etnon
3155 379 3381 439 propter
3411 373 3609 429 merita

326 471 387 516 ut
417 461 624 516 faciant
645 475 764 529 qua:
791 474 897 514 non
925 460 1270 514 conveniunt.

405 571 426 604 ι
469 551 644 623 Super
689 566 796 621 quo
819 551 1087 622 propitius
1130 549 1226 604 tibi
1267 564 1390 605 esse
1418 550 1648 620 potero?
1675 549 1794 604 Filii
1836 549 1914 604 tui

333 661 354 698 ι
398 643 808 712 dereliquerunt
852 658 974 708 me,
1006 651 1062 697 et
1088 643 1278 713 jurant
1315 641 1370 696 in
1403 641 1488 696 his
1522 641 1614 712 qui
1643 658 1749 698 non
1786 650 1914 697 sunt

333 755 357 790 ε
400 737 494 793 dii.
526 735 777 792 Saturavi
804 750 898 792 eos
928 744 983 790 et
1004 735 1258 790 moechati
1285 743 1430 797 sunt,
1461 743 1516 790 et
1541 735 1595 790 in
1617 735 1774 790 domo
1801 749 1914 790 me-

335 847 353 880 ι
398 829 616 884 retricis
646 827 1080 882 luxuriabantur.
1114 826 1248 896 Equi
1273 835 1545 882 amatores
1572 827 1625 881 in
1660 825 1911 892 feminas,

335 941 354 973 ο
397 930 451 976 et
481 919 748 976 emissarii
777 917 906 972 facti
943 928 1070 973 sunt
1097 919 1250 973 mihi.
1281 917 1658 989 Unusquisque
1687 918 1756 972 ad
1781 931 1911 972 uxo-

332 1030 354 1064 ο
401 1026 514 1066 rem
537 1009 770 1082 proximi
798 1010 882 1065 sui
911 1008 1206 1065 liinniebat.
1229 1007 1481 1080 Nunquid
1513 1024 1674 1080 super
1697 1009 1782 1064 his
1805 1024 1912 1064 non

334 1123 354 1156 ι
398 1104 654 1167 visitabo,
683 1101 817 1158 dicit
842 1102 1104 1157 Dominus
1123 1143 1137 1166 ,
1167 1101 1299 1158 etin
1325 1110 1486 1173 gente
1517 1102 1605 1157 tali
1635 1117 1740 1156 non
1778 1101 1913 1158 ulci-

333 1213 352 1246 ι
396 1202 580 1250 scetur
598 1193 778 1248 anima
803 1192 957 1248 mea?
988 1213 1006 1244 ι
1044 1193 1318 1268 Κατὰλσγος
1345 1201 1689 1262 peccatorum
1715 1191 1912 1247 Ilieru-

327 1285 538 1342 salem:
574 1284 700 1340 dum
731 1283 942 1339 dicitse
967 1283 1218 1355 ignorare
1242 1283 1385 1338 Deus
1431 1299 1535 1354 qua
1580 1283 1752 1354 possit
1793 1284 1914 1354 ejus

327 1379 614 1436 occasione
666 1377 954 1433 misereri:
993 1395 1011 1428 ι
1051 1376 1205 1443 Filii,
1248 1376 1456 1448 inquit,
1495 1377 1569 1430 tui
1611 1376 1915 1447 derelique-

329 1475 458 1523 runt
480 1484 585 1524 me.
631 1488 650 1521 ι
686 1467 1037 1538 Nequaquam
1063 1466 1198 1532 mei,
1233 1466 1326 1521 sed
1355 1466 1428 1520 tui
1447 1507 1462 1532 ,
1491 1465 1617 1537 quia
1641 1467 1830 1537 jurant
1858 1467 1912 1520 in

327 1561 412 1616 his
429 1561 520 1631 qui
539 1576 644 1616 non
667 1567 796 1614 sunt
817 1559 910 1614 dii.
942 1577 961 1610 ι
991 1557 1242 1614 Saturavi
1262 1572 1356 1612 eos
1369 1565 1425 1612 et
1447 1556 1702 1612 moechati
1718 1564 1860 1611 sunt.
1887 1575 1908 1609 ›

329 1653 570 1708 Audiant
595 1653 718 1717 hoc,
751 1651 842 1722 qui
871 1651 1108 1720 acceptis
1129 1665 1158 1703 ει
1185 1648 1413 1703 Domino
1434 1648 1638 1704 divitiis
1655 1648 1914 1702 incuban-

2010 453 2462 524 delinquentium.

2090 565 2111 600 ι
2158 546 2501 620 Negaverunt
2521 548 2830 615 Dominum,
2853 557 2910 604 et
2928 549 3216 605 dixerunt:
3241 550 3359 606 Non
3381 560 3463 606 est
3485 550 3608 624 ipse

2021 657 2040 690 ι
2087 636 2212 710 (sive
2241 655 2348 695 non
2379 649 2506 695 sunt
2532 639 2701 712 haec),
2730 655 2904 710 neque
2942 641 3124 696 veniet
3156 657 3321 712 super
3353 658 3455 698 nos
3484 659 3606 698 ma-

2019 748 2038 782 ι
2057 747 2064 751 '
2085 729 2194 784 lum
2223 749 2236 783 :
2263 730 2500 802 gladium
2530 741 2587 786 et
2611 731 2811 788 famem
2841 747 2946 787 non
2971 732 3296 788 videbimus.
3322 732 3613 804 Propheta:

2020 839 2040 872 ι
2087 820 2307 878 fuerunt
2342 824 2397 881 in
2431 834 2650 880 ventum
2679 825 2867 890 locuti,
2892 835 2946 880 et
2973 841 3295 897 responsum
3328 827 3456 898 (sive
3486 842 3610 882 ser-

2019 934 2039 968 ι
2083 917 2194 990 ιιιο)
2239 931 2346 973 non
2393 917 2496 974 fuit
2532 919 2588 973 in
2629 918 2750 975 eis:
2784 919 2904 974 hinc
2944 933 3077 988 ergo
3119 917 3376 973 evenient
3419 917 3548 972 illis.
3584 937 3606 970 ι

2013 1006 2148 1076 Quia
2179 1018 2514 1079 negaverunt
2533 1009 2704 1064 Deum
2724 1049 2740 1074 ,
2771 1009 2887 1066 sive
2921 1009 3136 1064 mentiti
3177 1017 3306 1064 sunt
3356 1009 3610 1072 Domino,

2013 1107 2068 1154 et
2095 1099 2372 1166 dixerunt,
2399 1098 2517 1156 Non
2546 1108 2632 1156 est
2661 1100 2777 1172 ipse
2807 1098 2963 1169 cujus
2981 1097 3188 1172 judicio
3219 1098 3355 1155 fient
3382 1099 3608 1162 omnia,

2013 1195 2107 1250 sed
2131 1193 2355 1250 fortuito
2387 1195 2502 1250 haec
2533 1195 2717 1250 omnia
2763 1194 3113 1250 acciderunt:
3138 1207 3316 1263 neque
3354 1193 3612 1248 evenient

2013 1301 2134 1356 qum
2158 1285 2316 1341 nobis
2345 1286 2736 1356 prophetarum
2768 1301 2935 1342 voces
2965 1286 3274 1353 minantur;
3313 1299 3416 1341 uec
3454 1285 3612 1341 vide-

2013 1374 2193 1431 bimus
2218 1376 2476 1448 gladium,
2502 1391 2604 1432 nec
2628 1375 2828 1432 famem
2856 1376 3246 1434 sustinebimus
3265 1375 3610 1433 obsidionis:

2015 1474 2072 1522 et
2095 1466 2357 1538 quidquid
2387 1467 2555 1524 locuti
2597 1477 2730 1524 sunt
2768 1469 3078 1539 prophetae,
3108 1468 3162 1523 in
3194 1477 3415 1524 ventum
3445 1467 3612 1523 locuti

2015 1567 2172 1626 sunt,
2201 1569 2256 1615 et
2299 1559 2459 1615 irrita
2505 1560 2688 1616 omnia
2739 1561 3104 1627 transierunt,
3156 1575 3258 1616 nec
3302 1560 3616 1616 habuerunt

2015 1665 2362 1722 responsum,
2385 1652 2490 1708 hoc
2515 1660 2620 1717 est,
2659 1652 2974 1719 oraculum,
3003 1653 3118 1710 sive
3152 1667 3335 1709 sermo
3371 1651 3472 1706 Dei
3499 1668 3610 1706 non

332 1755 416 1799 tes
446 1742 676 1798 luxuriae
725 1742 992 1798 serviunt.
1033 1759 1052 1792 ι
1087 1739 1224 1810 Equi
1272 1749 1544 1795 amatores
1591 1739 1643 1793 in
1685 1737 1918 1794 feminas
1946 1723 1993 1784 Β
2023 1737 2124 1795 fuit
2151 1741 2206 1795 in
2229 1741 2311 1796 eis
2337 1755 2353 1796 :
2385 1741 2517 1796 ideo’
2533 1743 2884 1798 sustinebunt
2900 1758 3023 1814 quae
3051 1755 3286 1813 sequens
3314 1757 3502 1797 sermo
3523 1742 3616 1796 de-

330 1835 458 1891 facti
492 1844 640 1890 sunt.
675 1855 694 1887 ι
723 1834 829 1890 Pro
857 1836 1146 1890 emissariis
1177 1836 1230 1890 in
1254 1835 1522 1891 llebraico
1550 1835 1810 1906 scriptum
1835 1842 1919 1890 est

330 1933 562 1992 cum,
597 1926 741 1996 quod
771 1941 962 1982 omnes
996 1941 1127 1982 voce
1159 1942 1395 1982 consona
1429 1926 1646 1988 ἶὶκοντις
1675 1933 1916 1982 transtu-

333 2014 542 2080 lerunt,
577 2015 630 2070 id
665 2024 780 2080 est,
811 2015 1076 2070 trahentes
1101 2055 1118 2081 ,
1143 2024 1202 2070 ut
1244 2016 1565 2071 ostendatur
1603 2015 1920 2086 magnitudo

331 2104 673 2176 genitalium,
693 2104 848 2176 juxta
880 2105 1011 2160 illud
1047 2105 1370 2172 Ezechielis,
1401 2107 1426 2156 ἰ
1459 2106 1612 2176 quasi
1641 2107 1917 2161 asinorum

333 2212 550 2263 carnes,
583 2211 776 2252 carnes
802 2211 992 2252 eorum
1017 2197 1236 2270 (Ezecli.
1267 2206 1448 2270 XXIII).
1479 2217 1498 2250 ι
1525 2197 1638 2253 Hoc
1667 2207 1751 2252 est
1775 2196 1922 2267 quod

337 2287 391 2342 in
415 2288 522 2343 alio
548 2287 666 2343 loco
690 2287 954 2358 scriptum
983 2297 1104 2345 est:
1139 2307 1158 2338 ‹
1191 2289 1489 2345 Assimilati
1511 2299 1638 2344 sunt
1661 2286 1922 2358 iumentis

334 2379 736 2449 insipientibus,
756 2388 810 2434 et
831 2379 1038 2436 similes
1066 2379 1195 2435 facti
1223 2389 1349 2436 sunt
1375 2379 1643 2454 cis(Psal.
1662 2379 1873 2451 xum).
1897 2398 1916 2431 ι

337 2467 620 2540 Simulque
647 2477 854 2526 tantam
879 2471 1117 2528 ostendit
1145 2472 1411 2528 insaniam
1443 2471 1699 2539 libidinis,
1726 2481 1785 2526 ut
1813 2486 1920 2527 non

336 2560 511 2616 solum
540 2561 844 2632 appetitum
875 2561 1192 2634 voluptatis,
1231 2563 1326 2620 sed
1356 2565 1731 2640 χρεμετισμὸν,
1757 2562 1812 2619 id
1841 2570 1925 2618 est

338 2650 635 2716 hinnitum,
672 2659 850 2718 vocet,
871 2660 928 2708 et
954 2661 1137 2708 servet
1156 2668 1417 2724 equorum
1446 2653 1738 2710 furentium
1769 2654 1836 2710 ad
1866 2653 1928 2708 li-

339 2745 579 2802 bidinem
631 2746 1026 2816 metaphoram.
1065 2745 1202 2802 Cum
1245 2746 1391 2813 haec,
1442 2747 1651 2817 inquit,
1695 2745 1921 2809 feceris,

340 2835 589 2907 nunquid
633 2851 742 2892 non
784 2837 1095 2892 visitatione
1127 2837 1391 2910 condigna
1413 2837 1508 2893 es?
1529 2837 1596 2892 Et
1624 2846 1752 2892 nota
1781 2837 1926 2908 quod

338 2925 430 2980 hic
475 2927 718 2982 visitatio
772 2943 874 2998 pro
919 2943 1078 2999 pmna
1135 2937 1369 2999 ponatur
1409 2938 1576 2998 atque
1613 2927 1924 2999 suppliciis,

333 3017 487 3088 juxta
538 3019 668 3074 illud
697 3019 840 3092 quod
879 3021 1140 3092 scriptum
1185 3028 1270 3076 est
1297 3061 1309 3076 .
1349 3039 1368 3072 ι
1405 3020 1650 3076 Visitabo
1679 3021 1735 3075 in
1775 3021 1926 3092 virga

337 3109 652 3178 iniquitates
675 3125 865 3166 eorum
891 3110 1064 3183 (Paul.
1087 3111 1406 3184 ιιιιιιινιιι).›
1439 3113 1538 3168 «Et
1565 3113 1619 3168 in
1643 3121 1803 3184 gente
1832 3111 1924 3166 tali
1957 3092 2004 3156 (ἶ

339 3215 448 3257 ιιοιι
474 3201 766 3260 ulciscetur
783 3204 965 3259 anima
985 3206 1142 3260 mea?
1169 3225 1188 3258 ι
1216 3206 1510 3276 Postquam
1537 3206 1775 3276 peccatis
1795 3205 1927 3260 obli-

337 3301 463 3364 gata
495 3301 601 3361 est,
633 3309 978 3365 nequaquam
1008 3305 1232 3352 vocatur
1252 3295 1479 3367 populus
1513 3295 1645 3360 Dei,
1674 3295 1768 3350 scd
1791 3309 1926 3365 gens

339 3401 372 3437 a
397 3397 506 3454 qua
537 3386 766 3440 recessit
793 3386 971 3440 anima
997 3385 1115 3453 Dei,
1145 3387 1441 3443 secundum
1469 3386 1598 3441 illud
1621 3387 1762 3455 quod
1791 3385 1948 3442 seri»

337 3480 494 3544 ptum
521 3483 602 3530 est
629 3494 643 3529 :
679 3495 698 3526 ι
733 3475 1059 3532 Neomcnias
1084 3487 1329 3544 vestras,
1363 3485 1416 3532 et
1453 3477 1702 3543 sabbata,
1729 3485 1784 3532 et
1811 3475 1928 3533 dies

337 3563 508 3621 festos
542 3566 656 3621 odit
682 3567 864 3622 anima
897 3582 1014 3622 mea
1047 3567 1183 3642 (ha.
1211 3567 1272 3642 ι).
1307 3567 1510 3636 i‘Quod
1531 3578 1711 3624 autem
1744 3568 1798 3623 in
1825 3569 1929 3624 Ve-

342 3655 446 3710 teri
485 3653 835 3710 Testamcnto
866 3654 1066 3712 dicitur
1109 3672 1209 3728 pro
1251 3656 1447 3712 affectu
1473 3699 1490 3725 ,
1519 3659 1574 3712 in
1605 3656 1765 3713 Novo
1791 3659 1926 3714 scri-

342 3755 494 3815 ptum
520 3754 605 3801 cst
633 3761 731 3816 pro
755 3747 1008 3815 veritate,
1035 3747 1316 3806 Salvatore
1341 3750 1554 3806 dicente
1579 3767 1594 3806 :
1631 3768 1651 3802 ι
1680 3749 1928 3807 Potesta-

345 3846 450 3891 tem
500 3836 674 3893 habeo
719 3839 954 3908 ponendi
1001 3840 1239 3895 animam
1274 3855 1484 3907 meam,
1518 3849 1573 3898 et
1607 3849 1930 3912 potestatem

341 3928 516 3984 habeo
543 3929 789 3985 sumendi
825 3929 974 3985 illam
1003 3929 1184 4003 (Joan.
1212 3932 1287 4004 ς).
1323 3952 1342 3986 ι

419 4042 438 4074 ι
485 4023 780 4078 Ascendite
821 4039 1008 4080 muros
1054 4023 1172 4094 ejus
1223 4024 1352 4098 (sive
1403 4024 1829 4098 propugnacula)
1877 4033 1934 4082 et

347 4135 365 4164 ι
415 4114 672 4186 dissipate
700 4132 713 4168 :
739 4117 1266 4171 consummationem
1297 4125 1481 4172 autem
1516 4117 1685 4174 nolite
1723 4117 1926 4174 facere.

349 4223 369 4254 ι
415 4204 638 4262 Auferte
682 4207 1012 4278 propagines
1059 4207 1178 4278 ejus
1215 4207 1344 4281 (sive
1382 4209 1774 4282 sustentacula)
1800 4210 1928 4281 quia

349 4315 369 4348 ι
415 4313 522 4353 ιιοιι
553 4306 680 4354 sunt
707 4299 802 4354 dii.
827 4297 1281 4357 Praevaricatione
1300 4301 1442 4356 enim
1467 4303 1826 4373 praevaricata
1851 4309 1939 4358 est

2017 1831 2227 1886 scribit.
2255 1832 2456 1888 Audiat
2484 1833 2586 1890 hoc
2621 1833 2869 1890 Ecclesia
2896 1835 3208 1907 negligens,
3241 1842 3300 1889 et
3328 1835 3620 1904 providen-

2021 1923 2154 1978 tiam
2185 1923 2278 1979 Dei
2313 1923 2580 1990 refutans,
2604 1925 2750 1996 quod
2776 1933 2831 1980 et
2859 1925 3098 1997 gladium
3131 1934 3187 1980 et
3218 1924 3419 1980 famem
3457 1925 3618 1980 susti-

2018 2023 2166 2079 neat,
2190 2015 2292 2070 nisi
2315 2023 2540 2070 ventura
2564 2015 2857 2072 crediderit
2875 2031 2996 2086 qua:
3017 2015 3289 2072 dicuntur.

2093 2125 2112 2158 ι
2160 2107 2286 2162 Haec
2342 2107 2476 2164 dicit
2522 2108 2786 2164 Dominus
2832 2108 3174 2164 exercituum
3211 2127 3226 2162 :
3265 2108 3402 2177 Quia
3451 2108 3617 2164 locuti

2027 2215 2046 2250 ι
2091 2198 2230 2256 estis
2252 2199 2476 2254 verbum
2500 2199 2609 2256 istu
2631 2201 2668 2266 l,
2697 2215 2826 2255 ecce
2851 2213 2953 2271 ego
2981 2200 3050 2256 do
3081 2199 3244 2255 verba
3273 2215 3396 2256 mea
3425 2201 3482 2255 in
3519 2215 3618 2254 ore

2027 2309 2046 2341 ‹
2091 2297 2186 2344 tuo
2211 2289 2265 2343 in
2297 2288 2498 2360 ignem,
2525 2299 2582 2344 et
2614 2289 2869 2360 populum
2893 2289 3056 2344 istum
3089 2290 3144 2344 in
3171 2288 3337 2360 ligna,
3365 2298 3423 2344 et
3445 2291 3608 2345 devo-

2027 2399 2046 2432 ι
2093 2379 2235 2434 rabit
2255 2395 2370 2436 eos.
2402 2399 2423 2432 ι
2457 2379 2722 2436 Dixistis:
2753 2379 3042 2452 Prophetas
3069 2380 3288 2436 fuerunt
3311 2382 3368 2436 in
3387 2390 3612 2436 ventum

2024 2467 2216 2534 locuti,
2243 2484 2346 2524 nec
2369 2478 2594 2525 ventura
2627 2478 2758 2525 sunt
2777 2486 2899 2540 qua:
2927 2471 3224 2536 minantur,
3249 2479 3566 2542 propterea,
3583 2484 3618 2524 ο

2023 2558 2286 2628 propheta
2308 2599 2324 2624 ,
2353 2557 2422 2614 do
2451 2557 2616 2614 verba
2658 2575 2778 2614 mea
2807 2560 2859 2614 in
2895 2575 2992 2616 ore
3027 2567 3146 2623 tuo,
3191 2575 3314 2630 qua
3353 2561 3494 2632 ignis
3523 2561 3620 2616 ha-

2028 2647 2190 2704 beant
2207 2657 2558 2720 potestatem,
2579 2658 2635 2706 et
2661 2651 2917 2722 populum
2944 2652 3110 2707 istum
3141 2653 3193 2706 in
3219 2652 3365 2724 ligna
3391 2667 3620 2707 conver-

2029 2747 2166 2804 tam,
2190 2749 2250 2794 ut
2279 2755 2532 2797 sermone
2565 2727 2744 2798 tuo'et
2768 2743 3062 2814 prophetia
3094 2744 3359 2800 increduli
3392 2759 3620 2802 concre-

2030 2841 2268 2888 mentur.
2334 2833 2428 2890 Sic
2477 2835 2620 2891 Deus
2674 2837 2816 2909 ignis
2879 2837 3502 2905 consumens‘dicitur,
3560 2845 3620 2892 ut

2027 2931 2317 2980 consumat
2347 2924 2404 2978 in
2450 2925 2638 2991 nobis,
2675 2925 2718 2980 si
2761 2941 2926 2996 super
2965 2925 3374 2982 fundamentum
3416 2927 3621 2984 Christi

2031 3015 2516 3082 :ediﬁcaverimus,
2560 3017 2776 3086 fenum,
2814 3018 2991 3091 ligna,
3023 3019 3274 3090 stipulam
3306 3019 3486 3092 (Deut.
3519 3021 3618 3091 iv).

2111 3126 2130 3160 ι
2177 3108 2314 3164 Ecce
2343 3123 2446 3180 ego
2483 3107 2746 3166 adducam
2775 3124 2940 3178 super
2959 3125 3056 3164 vos
3083 3116 3298 3180 gentem
3321 3111 3388 3166 de
3412 3109 3618 3182 longin-

2037 3219 2056 3252 ι
2100 3215 2226 3271 quo,
2251 3201 2444 3256 domus
2459 3199 2648 3266 Israel,
2665 3201 2743 3255 ait
2763 3199 3026 3256 Dominus
3045 3217 3059 3254 :
3078 3201 3620 3272 gentem'robustam,

2035 3310 2053 3342 ι
2103 3301 2321 3363 gentem
2341 3292 2640 3362 antiquam,
2655 3300 2868 3362 gentem
2883 3290 3038 3361 cujus
3061 3291 3338 3363 ignorabis
3357 3291 3624 3364 linguam,

2035 3403 2054 3435 ι
2101 3399 2202 3440 nec
2224 3383 2490 3455 intelliges
2514 3384 2644 3454 quid
2682 3383 2952 3454 loquatur.
3001 3382 3266 3438 Pharetra
3311 3383 3434 3454 ejus
3464 3384 3624 3454 quasi

2039 3494 2058 3528 ι
2103 3477 2406 3550 sepulcrum
2434 3485 2648 3546 patens,
2679 3475 2918 3532 universi
2955 3474 3147 3530 fortes.
3174 3475 3242 3530 Et
3263 3474 3516 3530 comedet
3541 3489 3628 3530 se-

2036 3585 2057 3620 ι
2103 3578 2254 3640 getes
2294 3577 2418 3624 tuas
2459 3577 2516 3623 et
2540 3582 2736 3640 panem
2788 3575 2963 3632 tuum,
2997 3565 3281 3624 devorabit
3331 3565 3475 3622 ﬁlios
3505 3575 3630 3622 tuos

2041 3677 2060 3711 ι
2107 3669 2164 3715 et
2188 3659 2348 3725 filias,
2397 3660 2645 3715 comedet
2681 3671 2898 3731 gregem
2942 3666 3094 3714 tuum
3137 3667 3195 3714 et
3231 3667 3480 3712 armenta
3511 3665 3626 3723 tua,

2037 3769 2057 3803 ι
2102 3751 2352 3806 comedet
2375 3752 2586 3807 vineam
2617 3758 2766 3806 tuam
2793 3758 2849 3806 et
2873 3749 3034 3806 ficum
3075 3758 3220 3806 tuam
3240 3789 3256 3814 ,
3282 3759 3342 3804 et
3376 3757 3630 3805 conteret

2039 3859 2058 3894 ι
2103 3841 2266 3898 urbes
2289 3850 2410 3898 tuas
2436 3843 2692 3910 munitas,
2733 3843 2786 3897 in
2817 3842 3017 3913 quibus
3067 3850 3121 3896 tu
3154 3841 3330 3898 babes
3367 3842 3626 3898 ﬁduciam

2040 3952 2058 3985 ι
2105 3932 2301 4005 gladio.
2333 3934 2722 3990 Verumtamen
2761 3934 2814 3988 in
2845 3933 3035 3989 diebus
3059 3933 3195 3997 illis,
3223 3934 3300 3987 ait
3339 3933 3626 3997 Dominus,

2040 4044 2060 4078 σ
2103 4042 2212 4083 non
2239 4025 2434 4082 faciam
2452 4041 2551 4083 vos
2575 4025 2631 4081 in
2653 4026 3197 4082 consummationem.
3224 4043 3244 4078 ι
3269 4023 3628 4096 Nequaquam

2035 4118 2205 4178 multo
2234 4125 2356 4188 post
2390 4125 2654 4189 tempore,
2685 4131 2790 4173 nec
2812 4125 2873 4174 ut
2903 4116 3042 4173 falso
3071 4115 3317 4182 creditis,
3346 4117 3636 4187 prophetae

2035 4211 2191 4268 vobis
2217 4211 2507 4282 loquentur
2537 4211 2594 4265 in
2623 4217 2870 4268 ventum.
2903 4207 3010 4265 Sed
3032 4209 3146 4280 jam
3178 4224 3323 4264 nunc
3352 4209 3631 4264 adducam

2039 4319 2203 4376 super
2223 4319 2319 4360 vos
2347 4312 2561 4375 gentem
2583 4303 3002 4374 Babyloniorum
3028 4343 3042 4368 ,
3066 4317 3186 4373 qua:
3205 4301 3386 4358 veniet
3415 4301 3483 4356 de
3509 4301 3636 4356 lon-

351 4405 368 4436 ι
414 4387 469 4442 in
491 4403 579 4444 me
606 4389 801 4445 domus
821 4387 1010 4460 Israel,
1031 4398 1088 4446 et
1109 4390 1302 4448 domus
1320 4389 1478 4460 Juda,
1505 4393 1582 4448 ait
1600 4393 1879 4452 Dominus.
1906 4416 1926 4451 ι
1957 4437 2010 4500 D
2039 4397 2264 4468 ginquo,
2289 4405 2504 4465 gentem
2548 4395 2850 4460 robustam,
2893 4393 2960 4449 de
2997 4407 3106 4464 quo
3135 4393 3188 4447 in
3227 4391 3458 4448 Hebrzeo
3492 4394 3632 4448 scri-

346 4481 580 4553 hnperat
606 4483 894 4554 gentibus,
922 4483 988 4540 de
1013 4483 1211 4554 quibus
1248 4499 1411 4556 supra
1445 4485 1660 4542 dixerat
1691 4507 1703 4542 :
1743 4506 1761 4539 ι
1797 4487 1928 4544 Per-

341 4570 522 4626 cussit
547 4586 646 4627 eos
666 4572 752 4628 leo
775 4573 844 4629 de
873 4573 1032 4642 silva,
1059 4574 1216 4647 lupus
1240 4576 1474 4632 vastavit
1495 4592 1608 4644 eos,
1640 4588 1696 4634 et
1725 4579 1928 4649 pardus
1961 4639 1965 4642 ,

347 4660 399 4714 iu
424 4659 739 4717 civitatibus
762 4676 972 4729 eorum,
1008 4683 1028 4717 ι
1058 4673 1120 4720 ut
1141 4665 1438 4721 ascendant
1459 4682 1645 4724 muros
1671 4667 1929 4725 Hierusa-

341 4752 451 4809 lem
474 4793 490 4818 ,
514 4753 632 4809 sive
657 4757 1050 4826 propugnacula
1071 4797 1086 4823 ,
1113 4766 1168 4813 et
1195 4757 1458 4828 dissipent
1483 4775 1604 4816 eam
1635 4781 1648 4816 :
1677 4775 1930 4818 consum-

343 4846 638 4900 mationem
666 4855 846 4902 autem
875 4863 982 4904 non
1009 4847 1230 4916 faciant,
1261 4859 1320 4906 ut
1343 4851 1620 4910 salventur
1652 4855 1920 4926 reliquiae,

341 4947 398 4994 et
428 4940 498 4995 sit
535 4940 628 5010 qui
653 4940 938 4996 annuntiet
966 4943 1020 4996 in
1047 4942 1299 5012 gentibus
1323 4943 1548 5015 gloriam
1575 4945 1692 5012 Dei,
1724 4949 1929 5004 sevcri-

345 5033 551 5104 tatique
593 5033 786 5090 miscet
826 5035 1190 5090 clementiam.
1218 5036 1482 5107 Quodque
1521 5039 1727 5108 intulit,
1766 5059 1786 5093 ι
1827 5059 1928 5098 au-

342 5124 481 5182 ferte
523 5127 855 5199 propagines
903 5126 1040 5197 ejus,
1092 5128 1210 5184 sive
1257 5130 1649 5200 sustentacula,
1681 5151 1701 5185 ι
1746 5134 1926 5190 omnia

342 5219 458 5273 tolli
497 5220 698 5276 auxilia
725 5221 914 5292 jubet,
945 5238 1068 5294 quae
1099 5239 1199 5280 suo
1236 5225 1368 5280 vitio
1395 5225 1668 5295 perdidit,
1694 5243 1760 5283 eo
1787 5228 1928 5298 quod

341 5313 694 5382 pravaricata
721 5315 794 5370 sit
823 5315 877 5370 in
906 5313 1197 5372 Dominum
1227 5317 1420 5374 domus
1451 5316 1616 5374 Israel
1645 5328 1700 5374 et
1736 5320 1930 5376 domus

341 5401 498 5468 Juda,
526 5405 917 5464 decem-tribus
944 5419 1000 5463 et
1033 5409 1167 5464 duas
1203 5409 1534 5482 significans.
1578 5411 1779 5469 Audiat
1828 5412 1930 5468 hoc

345 5489 612 5560 Ecclesia,
641 5495 786 5566 quod
823 5498 934 5553 cito
969 5500 1109 5554 muri
1136 5508 1190 5554 et
1221 5500 1623 5572 propugnacula
1661 5503 1929 5573 dissipen-

347 5594 432 5636 tur
459 5599 646 5640 eorum
673 5589 763 5657 qui
791 5604 894 5644 non
926 5590 1128 5646 habent
1152 5606 1304 5662 spem
1335 5592 1390 5646 in
1418 5593 1646 5649 Domino
1664 5635 1679 5658 ,
1708 5601 1765 5648 et
1787 5607 1924 5662 prte—

349 5675 655 5731 varicantur
684 5677 736 5731 in
767 5693 888 5733 eum
921 5697 933 5732 :
963 5681 1055 5735 sed
1086 5691 1263 5737 tamen
1297 5697 1401 5736 non
1448 5683 1542 5738 fiat
1581 5698 1925 5739 consumma-

2037 4494 2186 4556 ptum
2231 4493 2314 4542 est
2346 4493 2504 4575 τηικ,
2539 4493 2754 4557 gentem
2799 4483 3098 4554 antiquam,
3146 4485 3302 4552 cujus
3347 4483 3630 4553 quondam

2037 4573 2361 4634 dominatus
2380 4587 2464 4634 est
2491 4577 2728 4634 Nemrod
2756 4577 2908 4648 gigas
2932 4575 3088 4649 (Gen.
3117 4573 3198 4649 x),
3224 4574 3380 4645 cujus
3411 4575 3632 4646 ignora.

2037 4670 2121 4728 bis
2149 4670 2411 4740 linguam,
2450 4672 2564 4726 sive
2596 4679 2657 4726 ut
2683 4671 2740 4725 in
2760 4669 2988 4726 Hebraeo
3016 4669 3275 4741 scriptum
3299 4677 3426 4724 est:
3461 4688 3480 4720 ι
3511 4667 3633 4725 Nec

2037 4766 2306 4838 intelliges
2335 4767 2463 4836 quid
2492 4766 2782 4837 loquatur:
2820 4785 2840 4819 ι
2874 4776 2958 4820 est
2987 4765 3131 4820 enim
3169 4763 3436 4818 malorum
3483 4765 3638 4819 sola-

2038 4860 2171 4914 tium
2190 4901 2206 4927 ,
2250 4861 2295 4914 si
2341 4860 2461 4914 illos
2491 4860 2678 4916 hostes
2715 4859 2919 4916 habeas
2946 4875 3082 4930 quos
3105 4858 3282 4928 possis
3311 4872 3546 4932 rogare,
3575 4863 3636 4912 et

2035 4951 2126 5021 qui
2153 4958 2273 5006 tuas
2301 4949 2604 5021 intelligant
2631 4965 2839 5020 preces.
2856 4949 3119 5020 Quodque
3145 4949 3414 5020 sequitur,
3446 4968 3466 4999 ι
3485 4949 3634 5018 .pha—
3713 4978 3718 4982 -

2036 5052 2182 5098 retra
2207 5040 2326 5112 ejus
2353 5043 2510 5114 quasi
2539 5041 2845 5113 sepulcrum
2873 5051 3068 5112 patens
3093 5083 3108 5108 ,
3145 5059 3165 5092 ι
3196 5051 3253 5094 et
3292 5039 3348 5094 in
3393 5039 3629 5110 Septuac

2035 5133 2184 5205 ginta
2229 5134 2464 5190 editione
2509 5148 2616 5189 non
2668 5133 2890 5201 dicitur,
2947 5132 3300 5204 Babyloniam
3355 5130 3634 5204 significat

2036 5234 2392 5280 armaturam.
2425 5223 2535 5281 Nec
2559 5223 2782 5281 dubium
2806 5225 2938 5294 quin
2972 5238 3196 5296 regnum
3241 5221 3628 5294 Assyriorum.

2035 5316 2476 5388 Babyloniorum,
2502 5315 2782 5372 Medorum
2825 5325 2989 5387 atque
3013 5315 3305 5370 Persarum
3333 5312 3632 5386 sagittandi

2034 5408 2428 5478 peritissimum
2453 5408 2543 5464 sit.
2563 5406 2844 5478 Simulque
2865 5403 3448 5462 describitvastitatem
3467 5412 3634 5458 terra:

2029 5500 2260 5566 Judazze,
2309 5497 2851 5568 interfectionemque
2898 5496 3228 5562 multorum,
3283 5493 3633 5549 abactionem

2031 5609 2325 5663 pecorum,
2365 5591 2778 5648 subversionem
2829 5589 3043 5645 urbium
3093 5596 3256 5658 atque
3307 5601 3634 5654 murorum,

2032 5683 2176 5754 quod
2215 5682 2394 5754 gladio
2435 5680 2618 5737 hostili
2661 5687 2857 5738 cuncta
2901 5680 3206 5750 capiantur,
3247 5685 3303 5733 et
3353 5685 3544 5732 tamen
3578 5675 3636 5731 in

3959 1835 3962 1952 ι
