3962 6198
338 318 444 376 845

1267 310 1631 373 exposmo
1670 309 1897 373 suasa
1934 300 2300 375 insanitis
2340 346 2410 359 -
2441 313 2572 376 ua.
2610 310 2697 375 tu.

3505 314 3612 380 81¢

339 430 509 487 tantis
538 426 694 487 malis
715 441 824 482 non
851 441 946 483 eos
973 425 1165 496 perdat
1190 438 1363 497 usque
1389 425 1457 482 ad
1477 424 1924 491 internecionem,
1952 431 2005 491 Δ
2031 435 2247 496 ceptum
2276 425 2461 497 posuit
2500 434 2551 482 et
2594 439 2704 481 non
2748 424 3044 497 praeteribit
3091 420 3267 499 (Paul.-
3301 431 3547 504 chvn't).
3585 452 3605 486 ι

336 520 434 575 sed
466 516 723 588 reliquias
748 515 927 571 salvas
955 512 1147 579 faciat,
1185 512 1270 568 vel
1293 528 1513 579 eorum,
1540 513 1631 583 qui
1666 512 1719 569 in
1744 510 1923 584 Baby-

336 609 517 665 lonem
545 606 694 663 ducti
725 614 882 671 sunt,
912 604 1230 676 dimissique
1268 604 1334 660 ad
1374 604 1639 661 culturam
1667 619 1922 677 agrorum

336 710 497 758 terra?
520 697 738 763 Iudaeae,
766 700 850 755 vel
878 714 1064 754 eorum
1081 740 1097 765 ,
1134 699 1226 770 qui
1264 706 1388 770 post
1413 699 1805 770 persecutionis
1834 715 1924 754 ar-

335 792 524 849 dorem
541 831 557 857 ,
585 790 671 846 vel
695 789 823 862 fuga
843 831 861 858 ,
895 789 978 845 vel
1006 788 1347 846 confessione
1375 788 1536 847 iidem
1561 788 1775 846 Domini
1810 805 1926 847 scr-

334 889 621 941 vaverunt.

413 991 435 1025 ι
481 971 638 1043 Quod
675 971 722 1027 si
767 971 1056 1027 dixeritis:
1085 968 1267 1040 Quare
1310 969 1440 1029 fecit
1479 970 1745 1027 Dominus
1780 972 1930 1029 Deus

341 1085 362 1118 ι
403 1073 591 1122 noster
620 1064 778 1121 nobis
812 1063 930 1120 haec
953 1064 1158 1131 omnia,
1189 1063 1339 1120 dices
1378 1063 1446 1119 ad
1478 1079 1610 1120 eos:
1643 1062 1796 1120 Sicut
1829 1065 1924 1122 de-

340 1172 363 1209 ι
408 1155 707 1227 reliquistis
747 1170 836 1211 me
883 1162 940 1211 et
997 1155 1247 1212 servistis
1292 1155 1396 1212 deo
1434 1156 1644 1223 alieno,
1693 1156 1779 1213 vel
1822 1157 1933 1213 diis

340 1265 363 1301 ι
406 1246 599 1303 alienis
630 1247 683 1303 in
710 1255 855 1302 terra
887 1254 1089 1314 vestra,
1111 1246 1191 1302 sic
1217 1248 1469 1303 servietis
1488 1247 1679 1304 alienis
1700 1248 1754 1303 in
1781 1255 1933 1303 terra.

339 1359 361 1393 ι
405 1353 513 1395 non
551 1345 755 1394 vestra.
786 1357 805 1391 ι
836 1336 1075 1394 Grandis
1113 1337 1341 1393 stultitia
1383 1338 1598 1394 nescire
1641 1353 1740 1394 cur
1776 1338 1923 1410 passi

332 1431 468 1499 sint,
492 1445 614 1488 eum
646 1437 798 1484 tanta
821 1429 1168 1501 peccaverint
1195 1449 1208 1484 :
1238 1429 1526 1501 brevisque
1546 1431 1613 1486 ad
1647 1431 1925 1503 ambigen-

335 1533 421 1580 tes
458 1522 777 1594 responsio:
806 1540 824 1574 ι
853 1521 1009 1579 Sicut
1049 1522 1294 1579 servistis
1339 1522 1441 1579 deo
1480 1523 1680 1591 alieno,
1718 1522 1784 1579 id
1814 1532 1922 1590 est,

2022 514 2273 570 Audiunt
2307 530 2400 571 me
2440 525 2499 571 et
2543 514 2820 581 sentiunt,
2864 529 2987 587 qua:
3012 529 3379 579 sensumnon
3406 520 3613 581 habent

2024 604 2275 661 audiendi
2305 623 2319 658 :
2350 612 2411 660 et
2434 604 2665 676 populus
2685 604 2965 675 quondam
2992 620 3149 662 meus
3183 620 3284 667 suo
3308 608 3447 665 vitio
3478 611 3615 668 stut-

2026 704 2114 755 tus
2138 695 2395 761 ellectus,
2438 711 2546 751 non
2590 695 2763 752 solum
2807 696 3140 761 contemnit,
3176 699 3270 757 sed
3303 699 3610 759 etdulcem

2023 796 2310 858 exasperat
2335 786 2643 847 Dominum.
2672 785 3058 853 Recesserunt,
3081 787 3179 854 ait,
3209 803 3241 843 a
3264 803 3372 855 me,
3394 797 3455 847 et
3472 790 3609 849 mihi

2024 887 2176 951 terga
2196 887 2493 965 verterunt,
2513 886 2566 933 et
2584 878 2801 935 concito
2822 880 3074 935 abierunt
3092 882 3294 953 gradu;
3324 896 3425 940 nec
3448 885 3611 940 tacita

2023 979 2123 1033 eos
2145 972 2745 1038 retraxitconscientia,
2766 980 2829 1031 ut
2848 972 3089 1035 dicerem
3110 973 3165 1030 in
3186 975 3609 1033 coniilmssuis:

2029 1080 2047 1117 ι
2081 1065 2380 1123 ueniamus
2400 1080 2523 1122 eum
2548 1066 2639 1136 qui
2660 1065 2755 1120 dat
2768 1065 2925 1123 nobis
2943 1066 3179 1137 pluviam
3206 1076 3613 1140 temporaneam

2023 1167 2081 1217 et
2103 1159 2421 1215 serotinum.
2458 1178 2476 1210 ι
2510 1150 2616 1213 Per
2644 1170 2766 1227 qum
2794 1158 2979 1215 omnia
3005 1160 3251 1216 ostendit
3268 1160 3415 1216 bona
3435 1161 3613 1231 plenis

2025 1251 2267 1308 tudinem
2287 1266 2483 1311 annuae
2509 1250 2707 1309 messis
2722 1292 2738 1316 ,
2758 1266 2856 1322 pro
2881 1265 2990 1322 quo
3010 1253 3220 1323 Aquila:
3243 1254 3421 1325 prima
3443 1254 3612 1311 editio

2023 1351 2078 1397 et
2129 1340 2493 1413 Symmachus
2552 1341 2913 1399 hebdomadas
2956 1343 3297 1416 interpretati
3343 1356 3490 1403 sunt.
3550 1346 3610 1402 in

2023 1433 2250 1490 Hebraeo
2283 1434 2433 1493 enim.
2462 1434 2725 1505 scriptum
2753 1443 2836 1491 est
2860 1437 3086 1492 verbum
3106 1438 3323 1504 ῄππ,
3345 1439 3495 1509 quod
3509 1453 3617 1510 pro.

2022 1524 2377 1596 ambiguitate
2405 1525 2557 1581 verbi
2578 1535 2634 1583 et
2655 1526 2978 1596 septimana:
3005 1526 3279 1599 signiﬁcat
3302 1535 3360 1584 et
3380 1526 3608 1599 plenitu-

333 1615 467 1673 Baal
493 1658 509 1684 ,
538 1616 654 1674 sive
682 1616 785 1673 diis
817 1615 1010 1672 alienis
1053 1625 1372 1671 cunctarum
1409 1615 1650 1686 gentium
1682 1616 1739 1671 in
1778 1623 1923 1672 terra
2021 1613 2219 1675 dinem.
2253 1634 2279 1667 ι»
2315 1614 2645 1686 lniquitates
2685 1627 2887 1675 vestrae
2914 1616 3325 1679 declinaverunt
3369 1621 3513 1686 haec,
3554 1630 3612 1677 et

332 1707 538 1774 Iudaea,
570 1708 650 1765 sic
675 1707 922 1765 servietis
948 1707 1055 1763 diis
1078 1706 1272 1762 alienis
1292 1705 1352 1761 in
1378 1714 1660 1763 terranon
1689 1712 1916 1763 vestra:
1955 1772 1984 1782 ι
2028 1728 2047 1762 ι
2088 1716 2313 1781 peccata
2353 1719 2537 1766 vestra
2591 1704 2986 1782 prohibuerunt
3031 1712 3232 1768 bonum
3286 1728 3319 1768 a
3373 1713 3546 1770 vobis.
3584 1728 3604 1766 ι

332 1804 479 1862 baud
501 1804 725 1861 dubium
747 1803 877 1874 quin
898 1800 1191 1873 Babylonis
1211 1808 1374 1871 atque
1392 1799 1678 1858 Chaldauo.
1696 1799 1765 1857 Si
1776 1801 1921 1859 enim
1953 1780 2000 1841 Β
2028 1780 2169 1874 Ergo
2193 1803 2241 1861 si
2261 1802 2481 1873 quando
2503 1809 2560 1857 et
2585 1780 2742 1858 mare
2762 1792 3102 1859 transcendit
3142 1803 3406 1860 terminos
3448 1810 3575 1860 suos
3590 1836 3606 1869 ς

330 1912 431 1952 vos
456 1894 743 1969 peregrina
765 1891 956 1963 religio
985 1892 1238 1955 delectat,
1278 1891 1410 1962 quid
1445 1905 1669 1949 necesse
1697 1900 1782 1949 est
1805 1892 1924 1948 lon—
2026 1903 2083 1949 et
2116 1893 2297 1965 pluvia
2336 1893 2656 1959 retrahitur,
2677 1908 3022 1965 nequaquam
3047 1893 3365 1951 abbreviata
3393 1902 3476 1951 est
3496 1907 3609 1951 ma-

330 1985 595 2059 ginquum
623 1998 870 2055 errorem
891 1981 1202 2054 suscipere?
1227 1978 1487 2037 Habitate
1522 1996 1649 2037 cum
1690 1980 1921 2049 talibus,
2024 1999 2127 2043 nus
2150 1982 2360 2043 Domini
2390 2023 2409 2047 ,
2436 1982 2499 2039 ut
2520 1982 2635 2040 ista.
2659 2001 2767 2040 mn
2799 1984 2998 2041 faciat:
3033 1987 3135 2042 sed
3163 1995 3389 2057 peccata
3424 1993 3607 2042 nostra

331 2074 445 2132 imo
468 2073 671 2132 servits
706 2073 797 2128 bis
831 2087 1063 2144 quorum
1101 2070 1238 2127 deos
1280 2070 1477 2127 colitis.
1510 2069 1700 2128 Potest
1729 2071 1834 2128 hoc
1866 2080 1924 2128 et
2024 2075 2141 2131 haec
2162 2072 2230 2132 ad
2256 2089 2357 2129 nos
2379 2073 2652 2129 venientia
2685 2075 3046 2143 declinarunt,
3076 2084 3138 2132 ut
3160 2077 3227 2132 ad
3254 2076 3395 2132 alios
3413 2092 3607 2148 pergea

331 2183 496 2240 super
522 2166 798 2224 haereticis
824 2163 1019 2236 accipi,
1048 2164 1116 2219 de
1142 2165 1346 2235 quibus
1366 2159 1629 2235 scriptum
1657 2172 1774 2220 est:
1799 2180 1819 2216 ι
1842 2163 1922 2222 Ex
2024 2169 2166 2233 re'ut,
2191 2169 2285 2239 qui
2311 2183 2417 2224 non
2444 2176 2825 2238 peccaverunt.
2858 2163 2927 2221 Et
2950 2166 3366 2238 prohibuean
3398 2166 3606 2236 inquit,

330 2260 488 2317 nobis
516 2259 798 2325 exierunt,
826 2260 922 2316 sed
951 2272 1064 2317 non
1091 2258 1318 2317 fuerunt
1342 2270 1413 2317 ex
1453 2256 1635 2315 nobis.
1676 2253 1736 2311 Si
1775 2254 1924 2312 enim
2017 2258 2136 2331 jam
2156 2257 2379 2315 veniens
2398 2258 2470 2313 ad
2502 2273 2603 2314 nos
2631 2258 2853 2323 bonum,
2873 2254 3028 2327 juxta
3068 2256 3203 2313 illud
3236 2256 3379 2327 cured
3413 2262 3612 2312 ωωη.

328 2351 562 2409 fuissent
615 2365 687 2406 ex
733 2350 894 2408 nobis
918 2390 935 2416 ,
989 2350 1328 2409 mansissent
1387 2349 1578 2421 utique
1637 2346 1922 2405 nobiscum
2022 2347 2151 2405 dum
2180 2348 2421 2405 litteram
2459 2347 2725 2418 scriptum
2763 2356 2891 2402 est:
2922 2366 2941 2397 ‹
2974 2344 3238 2401 Handabo
3272 2344 3513 2402 nubibus
3537 2356 3607 2402 ne

331 2434 387 2514 (1
414 2441 580 2497 Joan.
607 2441 701 2515 ιι);
741 2461 761 2495 ι
793 2443 941 2512 quod
968 2442 1221 2514 projiciat
1255 2442 1322 2499 de
1360 2440 1609 2498 Ecclesia
1636 2438 1923 2497 luereticos
2020 2435 2212 2507 pluant
2238 2452 2401 2508 super
2427 2445 2550 2493 eam
2573 2435 2806 2492 imbrem
2835 2434 2972 2509 (Im.
2997 2434 3075 2509 γ).
3103 2428 3398 2492 Possumus
3421 2436 3607 2492 autem

329 2529 612 2595 Dominus,
644 2530 739 2601 qui
769 2530 939 2589 multo
969 2539 1213 2602 tempore
1240 2530 1342 2589 sub
1364 2529 1586 2587 nomine
1616 2526 1736 2599 ejus
1768 2543 1923 2586 men-
2022 2529 2250 2587 imbretn
2277 2538 2683 2601 temperaneum
2710 2530 2768 2584 et
2793 2528 3115 2593 serotinum,
3141 2524 3340 2600 Legem
3359 2528 3610 2599 accipere

330 2620 612 2678 daciorum
652 2635 876 2677 suorum
922 2619 1211 2689 sintulacra
1239 2619 1483 2679 venerati
1511 2628 1668 2686 sunt,
1697 2626 1760 2676 ut
1786 2617 1924 2676 foris
2020 2630 2081 2678 et
2096 2622 2444 2693 Evangelium‘
2461 2662 2476 2686 ,
2516 2629 2574 2678 et
2599 2622 2849 2678 divorsas
2871 2620 3184 2677 vocationes
3207 2636 3237 2675 a
3263 2619 3439 2691 prima
3470 2620 3613 2677 hora

328 2711 512 2769 colant
539 2711 684 2785 quod
710 2711 857 2768 intus
876 2712 1027 2785 prius
1046 2712 1469 2779 venerabantur,
1490 2721 1552 2768 ut
1578 2710 1748 2783 palea:
1765 2725 1923 2784 sepa-
2020 2726 2201 2785 usque
2238 2714 2308 2770 ad
2353 2713 2730 2781 undecimam,
2774 2715 2830 2769 in
2879 2711 3076 2783 quibus
3127 2711 3393 2782 operariis
3434 2711 3611 2769 vineta

333 2813 525 2861 rentur
544 2820 576 2861 a
610 2804 813 2861 tritico.
854 2857 873 2877 ,
2018 2793 2188 2865 unum
2212 2805 2338 2862 vita
2362 2811 2581 2862 interna:
2599 2804 2883 2876 praemium
2910 2803 3197 2875 pollicetur
3226 2800 3446 2876 (Matth.
3482 2803 3603 2875 xx).

406 2915 427 2952 ι
466 2895 797 2953 Anuuntiate
822 2896 927 2955 hoc
946 2895 1139 2955 domui
1164 2895 1358 2962 Iacob,
1382 2902 1441 2953 et
1467 2894 1713 2953 auditum
1751 2894 1919 2952 facile
2024 2918 2044 2952 ι
2089 2897 2226 2968 Quia
2255 2896 2465 2954 inventi
2486 2897 2690 2953 suntin
2713 2895 2911 2969 populo
2935 2910 3056 2951 meo
3077 2893 3250 2967 impii,
3279 2893 3607 2950 insidiantes

333 3006 358 3043 ι
401 2988 463 3046 in
487 2985 658 3055 Iuda,
687 2987 929 3047 dicentes
959 3006 972 3042 :
1003 2986 1181 3054 Audi,
1221 2986 1419 3059 populo
1448 2986 1642 3052 stulte,
1675 2985 1771 3058 qui
1808 3001 1918 3043 non
2023 3008 2043 3044 ι
2082 2989 2237 3062 quasi
2286 3000 2562 3061 aucupes:
2594 2989 2819 3060 laqueos
2854 2996 3147 3060 ponentes,
3190 2997 3247 3044 ct
3286 2987 3507 3059 pedicas
3535 2987 3609 3042 att

334 3100 355 3135 ι
401 3080 573 3145 habes
598 3095 695 3138 cor
715 3097 729 3136 :
752 3080 846 3152 qui
869 3081 1133 3141 habentes
1158 3078 1351 3138 oculos
1367 3094 1477 3136 non
1502 3078 1721 3144 videtis,
1744 3086 1801 3136 et
1820 3094 1919 3134 au-
1943 3128 1988 3154 η
2024 3102 2044 3136 ι
2083 3081 2565 3154 capiendosviros.
2600 3079 2756 3137 Sicut
2799 3079 3044 3153 decipula
3066 3080 3235 3150 plena
3269 3077 3492 3151 avibus,
3523 3079 3606 3134 sic

332 3192 354 3226 ι
400 3142 511 3237 res,
533 3179 591 3226 et
632 3128 996 3231 nonjauditis.
1033 3187 1052 3221 ι
1085 3167 1268 3229 Multis
1298 3167 1475 3230 modis
1505 3128 1799 3239 peccantes
1825 3181 1918 3223 re-
1941 3128 1990 3194 Ο
2025 3193 2046 3228 ‹
2087 3128 2283 3231 doliolis
2305 3187 2494 3235 eertum
2521 3170 2695 3244 plenae
2727 3128 3031 3227 dolo.'irUt
3069 3128 3371 3226 declinaret
3415 3128 3492 3225 al:
3522 3170 3607 3225 eis

328 3261 505 3317 trahit
546 3260 619 3317 ad
661 3259 891 3318 salutem
911 3300 927 3325 ,
960 3265 1017 3315 ει
1042 3258 1268 3315 stultum
1312 3266 1472 3315 Vocat
1513 3257 1794 3330 ρορυιιιω.
1822 3257 1917 3329 qui
2019 3265 2198 3322 imber
2229 3271 2618 3336 tomporaneus
2632 3270 2690 3319 et
2716 3261 3007 3327 serotinus,
3030 3270 3088 3319 ει
3114 3262 3254 3318 bans
3274 3262 3455 3318 omnia
3493 3276 3604 3317 non

326 3350 488 3422 quasi
514 3349 796 3421 sapientiae
822 3347 1045 3420 reliquit
1067 3356 1379 3413 auctorem.
1407 3353 1797 3417 εοιιιιλειηιίιυε
1823 3359 1919 3403 θο⁵
2019 3355 2344 3422 invenirem,
2375 3369 2556 3411 causa
2583 3351 2966 3424 subjiciuntur,
2993 3352 3118 3424 quia
3149 3352 3354 3408 inventi
3387 3362 3515 3409 sunt
3542 3353 3599 3408 in

326 3440 653 3507 simulacris,
676 3441 743 3496 dc
766 3440 962 3510 quibus
981 3438 1242 3510 scriptum
1272 3448 1392 3496 est:
1423 3456 1443 3491 ι
1465 3436 1665 3497 Oculos
1692 3438 1914 3506 habent,
2016 3431 2214 3518 populo
2237 3445 2359 3516 ejus
2385 3445 2557 3517 impii.
2586 3444 2709 3502 Non
2746 3445 2907 3512 dixit,
2938 3444 3155 3516 iniquos
3193 3454 3250 3501 et
3284 3453 3608 3516 peccatores

326 3540 385 3587 et
421 3546 527 3586 non
555 3528 770 3595 vident;
802 3543 963 3584 aures
992 3527 1224 3594 habent,
1251 3534 1438 3584 etnon
1470 3527 1717 3584 audiunt.
1747 3526 1915 3583 Simi—
2019 3536 2102 3610 (ιιι
2124 3552 2271 3594 nova,
2285 3537 2401 3593 mu
2428 3536 2699 3610 har-esis),
2725 3537 2825 3595 sed
2853 3536 3068 3609 impios.
3111 3535 3366 3606 Impietas
3408 3547 3606 3608 aperte

326 3619 412 3677 les
440 3619 545 3675 illis
573 3619 705 3675 ﬁant
731 3617 825 3693 qui
852 3616 1061 3673 faciunt
1083 3631 1148 3673 ea
1165 3658 1181 3685 ,
1204 3624 1262 3673 et
1290 3629 1483 3673 omnes
1504 3616 1596 3687 qui
1636 3615 1917 3673 conﬁdunt

2022 3634 2180 3700 negat
2204 3611 2395 3694 Deum,
2424 3627 2683 3700 iniquitas
2702 3636 2865 3699 atque
2893 3637 3175 3699 peccatum
3198 3628 3244 3685 si
3277 3630 3604 3686 conﬁteatur

324 3711 385 3767 in
417 3710 499 3767 είε
526 3708 699 3781 (Puto
721 3707 897 3780 CH")-
936 3726 955 3761 ³
979 3707 1207 3779 Proprie
1230 3715 1413 3764 autem
1436 3707 1503 3762 ad
1528 3706 1722 3762 Judam
1747 3706 1918 3779 ιοιιυί·
2016 3733 2283 3786 errorem,
2305 3716 2466 3775 facile
2483 3719 2551 3774 ad
2566 3718 2998 3777 misericordiam
3018 3717 3188 3779 ﬂectit
3210 3719 3399 3776 Deum.
3416 3719 3599 3789 Quod-

325 3810 424 3858 tur
446 3808 499 3857 et
527 3800 595 3857 ad
616 3801 834 3858 domum
857 3799 1044 3857 Iacob.
1072 3799 1240 3857 Israel
1268 3799 1419 3856 enim
1439 3797 1611 3856 multo
1632 3797 1747 3869 iam
1772 3808 1913 3861 tem-
2016 3824 2123 3882 que
2147 3824 2247 3868 nos
2265 3809 2501 3867 diximus
2531 3829 2550 3863 ι
2581 3809 2902 3866 insidiantes
2928 3809 3099 3881 quasi
3123 3824 3381 3881 aucupes,
3411 3828 3430 3863 ι
3460 3819 3517 3865 et
3546 3809 3603 3866 in

322 3908 467 3966 pore
492 3893 547 3949 in
565 3891 808 3966 Assyriis
834 3893 1152 3961 exsulabat,
1192 3891 1461 3965 simulque
1489 3891 1586 3948 dat
1612 3891 1915 3964 intelligens

2022 3899 2374 3972 Septuaginta
2422 3916 2531 3956 non
2576 3900 2838 3965 habetur,
2889 3899 3083 3970 Aquila
3132 3909 3190 3957 et
3238 3899 3601 3973 Symmachus

327 3986 465 4041 tiam
490 3984 633 4056 quod
659 3984 824 4040 etiam
849 3985 1057 4056 absque
1083 3992 1357 4057 praecepto
1381 3982 1611 4040 naturali
1637 3996 1807 4042 sensu
1822 3983 1916 4040 de-
2017 3990 2411 4046 transtulerunt
2445 3997 2585 4073 ’νων
2604 4028 2620 4054 ,
2658 4008 2679 4043 ε
2719 3989 2872 4060 quasi
2924 3999 3039 4045 rem
3079 3989 3323 4059 aucupis.
3375 4007 3399 4040 ι
3444 3987 3602 4057 Quod

323 4077 556 4135 beamus
582 4074 881 4148 intelligere
907 4092 1034 4148 quae
1061 4084 1209 4132 recta
1244 4084 1390 4133 sunt.
1766 4098 1769 4102 ·
2014 4083 2180 4141 etiam
2201 4082 2293 4154 qui
2316 4083 2492 4139 bonus
2538 4081 2682 4137 inter
2715 4095 2813 4137 eos
2834 4080 3050 4136 videat:
3085 4088 3143 4136 et
3179 4089 3393 4144 rectus,
3429 4079 3604 4135 instar

407 4188 429 4223 ι
469 4168 551 4224 Me
577 4184 709 4241 ergo
739 4184 851 4225 non
874 4167 1167 4236 timebitis,
1196 4169 1275 4226 ait
1304 4168 1595 4235 Dominus,
1622 4179 1677 4228 et
1714 4186 1748 4227 a
1776 4169 1921 4227 facie
2015 4173 2239 4245 aucupis
2266 4171 2454 4230 tendat
2475 4170 2720 4236 insidias,
2752 4170 2879 4226 dum
2910 4170 3145 4226 invicem
3163 4184 3224 4226 se
3246 4178 3513 4225 venantur
3529 4168 3600 4225 ad

333 4280 355 4314 ‹
402 4274 520 4316 mea
550 4275 657 4317 non
686 4259 941 4318 dolebitis
969 4261 1096 4333 (sive
1128 4260 1432 4333 timebitis).
1463 4261 1564 4331 Qui
1599 4262 1755 4334 posui
1790 4276 1915 4319 are-
2016 4272 2283 4331 mortent,
2313 4272 2371 4321 et
2399 4263 2630 4320 aliorum
2675 4261 2889 4317 damnis
2920 4270 3085 4331 atque
3132 4259 3429 4331 dispendiis
3472 4273 3602 4315 suos

332 4369 353 4402 ι
403 4364 527 4405 nam
570 4349 863 4406 terminum
902 4349 1079 4418 mari,
1107 4358 1439 4422 praiceptum
1486 4353 1911 4429 sempiternum,
2015 4356 2291 4428 complent
2317 4356 2542 4421 domos,
2584 4363 2647 4410 ut
2689 4352 2978 4424 impleatur
3011 4351 3459 4424 philosophorum
3508 4351 3602 4407 illa

331 4460 351 4494 ι
399 4441 544 4511 quod
589 4456 696 4497 non
744 4441 1058 4511 praeteribit.
1095 4441 1160 4497 Et
1200 4444 1682 4514 commovebuntur
1719 4452 1775 4500 et
1803 4460 1909 4501 non
1938 4448 1987 4515 μ
2015 4447 2305 4507 sententia.
2331 4445 2524 4503 Omnis
2551 4445 2705 4503 dives
2741 4452 2837 4500 aut
2864 4444 3118 4515 iniquus,
3160 4450 3259 4499 aut
3292 4444 3466 4498 lintres
3496 4441 3598 4497 iui-

330 4551 352 4585 ι
403 4498 656 4604 poterunt
681 4498 810 4605 (sise
836 4533 1143 4591 turbabitur
1166 4543 1222 4591 et
1260 4500 1366 4595 non
1392 4498 1644 4608 poterit),
1680 4498 1745 4592 eti
1938 4498 1990 4560 Β
2814 4498 3200 4601 tantuinliant,
3223 4533 3315 4607 qui
3341 4533 3599 4589 videntur

331 4643 354 4678 ι
404 4634 645 4682 mescent
675 4625 802 4700 (sive
827 4627 1118 4700 sonabunt)
1142 4626 1336 4685 ﬂuctus
1352 4628 1496 4701 ejus,
1516 4637 1573 4684 et
1599 4644 1706 4686 non
1737 4638 1907 4686 trans-

329 4736 352 4771 ι
403 4715 556 4774 ibam
584 4717 735 4774 illud.
765 4716 972 4788 Populo
989 4727 1171 4777 autem
1195 4719 1325 4777 huic
1356 4718 1557 4777 factum
1584 4729 1669 4778 est
1699 4736 1797 4778 cor
1825 4723 1909 4778 in-

330 4827 352 4860 ι
399 4807 676 4865 credulum
690 4818 746 4864 et
759 4823 1087 4882 exasperatis
1102 4828 1114 4863 z
1130 4819 1185 4866 et
1197 4820 1559 4879 recesserunt,
1571 4820 1626 4867 et
1641 4814 1908 4880 abierunt,

329 4921 349 4950 ι
395 4908 454 4955 et
473 4915 578 4956 non
602 4900 852 4959 dixerunt
884 4902 940 4958 in
967 4903 1134 4960 corde
1151 4919 1279 4961 suo:
1303 4903 1603 4961 Metuamus
1622 4906 1909 4962 Dominum

330 5012 349 5042 ι
405 4989 572 5047 Deum
608 5000 887 5061 nostrum,
911 4993 1002 5063 qui
1039 4993 1134 5050 dat
1173 4994 1330 5051 nobis
1368 4995 1604 5065 pluviam
1641 5004 1911 5067 tempora~

331 5102 351 5134 ι
400 5098 563 5141 neam
591 5091 647 5143 et
676 5085 975 5145 serotinam
1006 5087 1061 5142 in
1090 5095 1336 5158 tempore
1356 5103 1487 5155 suo,
1518 5088 1909 5160 plenitudinem

332 5196 352 5227 ι
399 5190 593 5232 annum
614 5179 810 5235 messis
839 5180 1232 5239 custodientem
1260 5182 1435 5240 uoltis.
1476 5202 1495 5235 ι
1524 5183 1723 5239 Narrat
1750 5185 1916 5240 bene-

329 5263 479 5330 ﬁcia,
504 5274 563 5321 ut
588 5267 828 5339 ingratos
839 5278 1049 5342 arguat.
1079 5290 1098 5323 ι
1120 5271 1220 5338 Me,
1251 5273 1442 5343 inquit,
1464 5288 1579 5329 non
1594 5273 1909 5337 limitis,»

327 5354 428 5425 qui
463 5364 609 5413 tanta
638 5358 793 5414 vobis
839 5362 1103 5430 pratstiti?
1129 5360 1245 5419 Non
1280 5362 1621 5420 dilectionem
1664 5364 1917 5420 desidero

324 5442 722 5517 perfecturum,
754 5450 848 5507 sed
877 5454 1126 5511 timorem
1160 5454 1552 5527 ineipientium,
1590 5473 1609 5506 ι
1638 5455 1730 5526 qui
1756 5456 1910 5526 posui

327 5551 555 5592 arenam
585 5540 872 5597 terminum
910 5543 1065 5609 mari,
1098 5544 1187 5613 qui
1221 5552 1327 5600 tam
1363 5552 1555 5614 potens
1585 5544 1909 5600 elementum

327 5633 387 5681 et
418 5623 708 5684 immensas
751 5632 1024 5702 gurgitum
1057 5634 1225 5689 moles
1261 5650 1381 5690 meo
1417 5643 1687 5706 praecepto
1719 5634 1912 5690 littori-

328 5717 434 5773 bus
462 5717 752 5786 rel’renavi,
774 5719 925 5790 juxta
958 5722 1085 5777 illud
1112 5726 1252 5794 quod
1285 5727 1542 5794 scripmm
1559 5734 1639 5780 est
1669 5743 1683 5779 :
1715 5745 1733 5777 ι
1770 5724 1912 5781 Prae-

2017 4628 2151 4686 tor-is
2170 4644 2314 4696 esse,
2341 4637 2398 4686 et
2414 4642 2559 4700 quos.
2572 4626 2835 4684 Dominus
2850 4626 3081 4699 judicat.
3099 4634 3157 4684 et
3183 4640 3297 4682 non
3317 4625 3377 4682 in
3395 4626 3599 4683 metris

2017 4722 2408 4780 conventiculis
2434 4719 2784 4795 impleantur,
2815 4732 2953 4793 quos
2977 4721 3239 4794 possidet.
3267 4721 3441 4778 Radix
3473 4738 3597 4778 om-

2016 4815 2165 4871 nium
2187 4814 2450 4870 malorum
2478 4812 2725 4879 avaritia,
2754 4813 2828 4868 ita
2849 4822 2910 4871 ut
2925 4814 3254 4870 vomentium
3277 4813 3345 4869 ad
3368 4829 3467 4870 nos
3489 4828 3611 4868 non

2012 4921 2111 4963 ora
2135 4906 2585 4978 contemplemur,
2617 4905 2713 4961 sed
2743 4919 2955 4961 manus.

2092 5013 2115 5047 ι
2154 4994 2278 5049 ideo
2306 4994 2635 5064 magniﬁcati
2665 5002 2793 5049 sunt
2830 5004 2885 5049 et
2913 4994 3068 5050 ditati
3088 5034 3103 5061 ,
3146 4994 3597 5049 incraSsatisunt

2018 5104 2039 5140 ι
2081 5095 2139 5141 et
2190 5085 2544 5158 impinguati,
2588 5094 2644 5141 et
2680 5085 3062 5156 praeterierunt
3111 5089 3390 5139 sermones
3444 5097 3594 5138 meos

2021 5194 2040 5227 ι
2085 5175 2338 5246 pessime.
2360 5174 2595 5237 Causam
2622 5190 2732 5229 non
2756 5172 3169 5243 iudicaverunt,
3200 5187 3424 5228 causam
3464 5172 3594 5244 (eius

1988 5336 1993 5341 ἡ
2020 5285 2038 5316 ι
2072 5264 2365 5337 judicium)
2385 5264 2571 5336 multa
2592 5279 2701 5320 non
2725 5265 3060 5322 direxerant.
3084 5264 3152 5319 Et
3170 5264 3429 5335 judicium
3454 5278 3595 5336 pan»

2019 5379 2037 5411 ι
2081 5372 2271 5429 parum
2322 5355 2457 5428 (sine
2493 5356 2688 5428 vidum)
2735 5370 2843 5413 non
2890 5355 3289 5425 iudicaverunt.
3342 5355 3597 5428 Nunquid

2019 5472 2038 5503 ι
2082 5465 2247 5521 super
2277 5450 2494 5505 hisnon
2522 5449 2791 5504 visitabo?
2815 5448 2950 5504 dicit
2984 5447 3276 5514 Dominus,
3300 5458 3393 5504 aut
3430 5464 3597 5522 super

2020 5560 2040 5592 ι
2086 5548 2307 5612 gentem
2329 5538 2703 5608 hujuscanodi
2737 5554 2849 5595 non
2870 5539 3167 5597 ulciscentr
3185 5541 3361 5597 anima
3388 5542 3545 5597 mea?
3568 5558 3590 5595 ο

2017 5632 2075 5688 Si
2099 5632 2318 5689 voluero
2343 5632 2601 5687 adnotare
2626 5646 2724 5703 per
2743 5631 2953 5703 singula
2980 5647 3102 5702 qua:
3144 5633 3199 5689 in
3240 5631 3561 5708 Septuagiut

2018 5727 2254 5781 editione
2285 5725 2649 5796 praetermissa
2672 5733 2821 5791 sunt,
2838 5725 3056 5798 longum
3081 5726 3189 5782 ﬁet.
3211 5719 3312 5794 om
3340 5727 3590 5794 tendunt,
