3962 6198
386 326 484 368 rm

461 316 489 365 7
1033 318 1095 373 B.
1134 310 1385 373 RABANl
1425 312 1643 372 MAURI
1683 307 2000 370 ARCHIEP.
2034 311 2340 370 MOGUNT.
2374 307 2657 370 OPERUM
2698 306 2876 369 PARS
2913 311 2998 370 III.

3535 316 3631 372 8i8

386 434 482 495 ait.
512 427 754 491 insidias.
782 434 838 482 et
868 434 1096 490 aliorum
1128 434 1372 490 nuditate
1394 434 1666 489 laetantur.
1697 433 1822 487 Ideo
1849 446 1961 484 ma-
1992 431 2038 489 Α
2141 450 2159 481 ι
2205 429 2473 500 Speciosae
2502 440 2556 486 et
2582 431 2822 486 delicate
2850 431 3142 487 assimilavi
3174 430 3335 487 tiliam
3370 428 3500 489 Sion
3527 453 3539 486 :
3571 435 3635 491 ad

383 527 623 599 gnifleati
671 533 797 583 sunt
850 535 904 580 et
952 526 1140 589 dilati,
1190 525 1314 594 quia
1365 526 1643 596 superiora
1697 523 1957 577 fecerunt.

389 640 406 672 ι
443 617 733 674 lncrassati
769 625 895 672 sunt
932 624 986 669 et
1024 615 1359 685 impinguati,
1396 634 1415 666 ι
1443 613 1594 683 juxta
1642 610 1771 667 illud
1818 610 1962 681 quod

384 709 647 779 scriptum
674 715 792 762 est:
830 725 847 757 ι
882 705 1219 760 lucrassatus
1264 713 1320 759 et
1364 704 1727 775 impinguatus
1754 710 1868 767 est,
1907 709 1962 756 et

386 798 747 855 recalcitravit
773 794 1001 851 dilectus
1021 794 1200 865 (Deut.
1226 793 1419 865 χχιιι).
1452 813 1470 845 ι
1495 793 1562 848 Et
1582 793 1962 864 praeterierunt

384 903 665 944 sermones
719 901 891 952 meos,
936 887 1062 955 quia
1102 885 1411 940 divitiarum
1461 886 1793 941 conscientia
1833 882 1961 939 illud

385 982 639 1037 dixerunt
682 979 748 1034 de
788 976 1081 1048 Evangelio
1124 974 1274 1048 (Luc.
1306 977 1444 1047 xu):
1481 995 1500 1028 ι
1534 976 1758 1041 Anima,
1794 976 1961 1031 habes

384 1071 553 1128 multa
594 1070 734 1125 bona
779 1070 953 1139 posita
1000 1066 1055 1121 in
1091 1082 1263 1122 annos
1310 1067 1605 1137 plurimos,
1648 1068 1956 1137 requiesce,

383 1159 630 1225 comede,
658 1157 799 1221 bibe,
825 1156 1065 1227 epulare.
1104 1175 1122 1207 ι
1153 1156 1536 1212 Przeterierunt
1558 1165 1735 1212 autem
1764 1158 1819 1210 in
1848 1172 1960 1211 ma-

385 1248 496 1306 lum
533 1248 640 1314 sui,
672 1256 1004 1315 cunctosque
1033 1246 1279 1300 homines
1307 1246 1666 1314 despicientcs
1685 1287 1699 1311 ,
1727 1262 1833 1301 non
1866 1256 1961 1316 po-

381 1347 608 1395 suerunt
629 1337 891 1407 judicium
922 1337 1016 1391 Dei
1048 1346 1173 1390 ante
1196 1336 1384 1391 oculos
1409 1351 1536 1390 suos
1555 1378 1570 1403 ,
1613 1338 1875 1407 pupillum
1904 1351 1961 1393 et

380 1444 646 1500 pauperes
668 1434 1137 1497 contempserunt;
1170 1442 1269 1498 pro
1299 1442 1407 1496 quo
1431 1426 1785 1499 Septuaginta
1811 1429 1961 1483 dixe-

379 1532 505 1578 runt
538 1521 748 1586 viduas,
774 1520 917 1589 quod
950 1519 1002 1573 in
1033 1517 1298 1573 Hebraico
1324 1534 1428 1573 non
1460 1519 1710 1585 habetur,
1737 1527 1958 1578 auras

379 1615 574 1685 quippe
615 1612 831 1684 proprie
866 1627 1159 1681 pauperes,
1204 1626 1310 1665 non
1355 1611 1542 1665 viduas
1585 1621 1762 1666 sonat.
1804 1611 1957 1678 Quod

379 1712 557 1759 autem
585 1702 847 1771 sequitur,
886 1720 904 1752 ι
937 1698 1187 1767 Nunquid
1229 1713 1391 1769 super
1431 1699 1517 1754 his
1555 1714 1663 1755 non
1692 1699 1951 1766 visitabo,

2070 538 2089 571 ι
2130 536 2248 575 eam
2279 521 2498 576 venient
2527 532 2778 592 pastores
2820 533 2875 577 et
2900 539 3091 595 greges
3135 539 3344 578 eorum.
3379 525 3639 582 Fixcrunt

2067 630 2085 663 ι
2132 612 2256 685 (sive
2302 613 2485 684 figent)
2535 615 2589 669 in
2644 630 2707 669 ea
2755 616 2982 670 tentoria
3026 616 3080 670 in
3124 617 3351 673 circuitu
3396 637 3410 672 :
3453 629 3637 689 pascet

2067 722 2085 755 ‹
2131 705 2498 775 unusquisque
2528 720 2621 760 eos
2650 706 2738 775 qui
2768 706 2867 761 sub
2893 722 3052 760 manu
3089 723 3186 762 sua
3215 717 3359 762 sunt.
3390 706 3637 763 Sanctifi-

2067 811 2086 845 ι
2132 803 2251 850 cate
2291 795 2417 866 (sive
2450 796 2662 869 parate)
2702 813 2863 867 super
2905 813 3026 853 eam
3054 797 3297 853 bellum:
3328 802 3636 864 consurgite

2067 903 2085 936 ‹
2127 894 2182 939 et
2211 888 2565 942 ascendamus
2604 888 2658 942 in
2695 888 2937 943 meridie.
2975 909 2994 940 ι
3034 889 3369 945 Describitur
3403 890 3631 960 pulchri~

2062 975 2189 1031 tudo
2220 974 2579 1041 Hierusalem,
2606 994 2724 1047 qua:
2755 986 2839 1032 est
2867 979 2979 1049 ipsa
3016 976 3145 1034 Sion
3166 1019 3182 1044 ,
3211 987 3271 1033 ut
3295 980 3438 1034 aliud
3468 965 3634 1036 totam

2061 1068 2253 1122 urbem
2277 1110 2291 1133 ,
2323 1069 2467 1123 aliud
2507 1083 2686 1124 arcem
2715 1069 2863 1123 urbis
2891 1077 3063 1123 sonet.
3096 1067 3223 1123 Sion
3251 1070 3395 1124 enim
3422 1087 3549 1134 arx,
3582 1071 3634 1125 id

2061 1167 2142 1212 est
2171 1158 2398 1229 specula,
2433 1158 2841 1227 interpretatur,
2867 1166 2919 1210 et
2949 1153 3207 1226 speciosa:
3246 1157 3455 1212 mulieri
3484 1173 3632 1212 com—

2060 1256 2301 1318 paratur.
2335 1247 2403 1302 Et
2425 1248 2695 1317 quomodo
2715 1248 2780 1301 ad
2803 1246 2943 1301 illam
2975 1258 3267 1311 amatores,
3291 1249 3369 1302 sic
3388 1248 3456 1302 ad
3478 1248 3633 1303 istam

2060 1346 2306 1408 pastores
2345 1336 2635 1392 convenire
2665 1338 2937 1391 dicuntur.
2982 1336 3235 1407 Satisque
3264 1337 3538 1409 eleganter
3580 1338 3634 1394 in

2059 1428 2285 1483 Hebraeo
2298 1429 2538 1493 verbum,
2553 1429 2694 1498 quod
2712 1438 2943 1499 quatuor
2956 1428 3152 1483 litteris
3162 1429 3471 1487 scribituru
3487 1438 3507 1473 ν
3522 1439 3631 1494 π’·ι,

2060 1519 2105 1574 si
2143 1519 2352 1590 legatur
2378 1527 2524 1584 nam
2558 1528 2853 1585 amatores,
2893 1513 2943 1574 'si
2987 1529 3118 1580 Dt‘r't
3145 1529 3392 1588 pastores
3426 1520 3631 1591 signiﬁ-

2059 1618 2147 1665 cat
2171 1617 2229 1663 ut
2254 1610 2339 1665 vel
2359 1608 2513 1679 juxta
2538 1611 2910 1679 metaphoram
2938 1610 3180 1681 pulchra:
3216 1610 3461 1665 mulieris
3486 1626 3631 1664 ama-

2060 1707 2226 1763 tores,
2260 1696 2522 1766 veljuxta
2562 1688 2897 1754 eversionem
2944 1699 3095 1754 urbis
3139 1711 3389 1770 pastores
3430 1700 3625 1755 intelli-

379 1794 509 1847 dicit
547 1791 805 1848 Dominus
830 1831 845 1856 ,
875 1797 970 1844 aut
994 1804 1157 1859 super
1195 1798 1411 1859 gentem
1448 1788 1817 1859 hujuscemodi
1844 1807 1950 1845 non
1982 1775 2029 1834 Β
2057 1798 2271 1857 gantur.
2298 1788 2535 1855 Quorum
2564 1788 2654 1843 alii
2683 1798 2922 1844 scortum
2963 1790 3202 1859 polluere
3228 1790 3515 1857 festinant,
3539 1791 3627 1845 alii

380 1884 672 1939 ulriscetur
714 1881 892 1936 anima
930 1879 1085 1934 mea?
1124 1898 1143 1931 ι
1175 1878 1294 1933 Jam
1337 1895 1497 1950 supra
1528 1880 1819 1936 dissertum
1847 1890 1948 1936 est.

454 1996 473 2028 ε
516 1976 717 2045 Stupor
736 1982 791 2029 et
814 1971 1078 2028 mirabilia
1103 1971 1241 2027 facta
1262 1972 1458 2027 suntin
1482 1980 1647 2027 terra.
1672 1971 1954 2043 Propheta

383 2086 398 2115 ι
442 2063 833 2136 prophetabant
873 2062 1212 2117 mendacium
1244 2062 1372 2132 (sive
1400 2062 1637 2133 iniqua),
1673 2072 1729 2118 et
1769 2077 1952 2118 sacer-

383 2179 400 2204 σ
447 2158 600 2214 dotes
622 2154 1019 2225 applaudebant
1053 2153 1302 2208 manibus
1321 2154 1434 2209 suis
1462 2162 1518 2209 et
1540 2153 1769 2224 populus
1800 2158 1953 2209 meus

380 2272 397 2299 ι
442 2247 631 2304 dilexit
658 2244 784 2301 talia
810 2263 823 2297 :
849 2243 987 2311 Quid
1019 2244 1184 2315 igitur
1206 2242 1419 2303 facietis
1438 2244 1493 2299 in
1512 2244 1804 2300 novissimo
1828 2243 1953 2316 (sive

380 2363 397 2393 ι
445 2348 564 2412 post
594 2338 765 2411 haec)?
797 2357 817 2389 ι
850 2335 1024 2407 Supra
1056 2336 1305 2391 dixerat:
1337 2355 1356 2388 ι
1386 2336 1477 2391 Ibo
1501 2336 1566 2390 ad
1592 2337 1952 2406 optimateset

380 2431 568 2499 loquar
593 2429 695 2494 eis,
723 2426 951 2482 forsitan
975 2425 1076 2495 ipsi
1108 2434 1475 2496 cognoverunt
1493 2427 1636 2481 viam
1662 2426 1893 2482 Domini.
1926 2447 1945 2479 ι

377 2521 445 2576 Et
463 2534 596 2575 ecce
618 2518 793 2589 magis
819 2517 872 2572 hi
904 2516 1108 2586 pariter
1129 2514 1518 2585 confregerunt
1541 2516 1729 2585 jugum
1751 2558 1766 2583 ,
1791 2531 1951 2587 rupe-

372 2618 503 2666 runt
534 2607 768 2664 vincula.
792 2606 945 2660 Nunc
966 2605 1224 2660 describit
1242 2607 1333 2675 qui
1365 2606 1475 2660 sint
1506 2608 1795 2677 optimates
1822 2622 1946 2679 pro-

371 2700 547 2772 pheta:
568 2696 816 2753 videlicet
832 2705 887 2752 et
908 2696 1235 2761 sacerdotes,
1260 2711 1488 2766 quorum
1510 2696 1599 2751 alii
1620 2696 1796 2751 futura
1817 2712 1954 2768 prte-

372 2792 591 2857 dlcunt,
627 2789 719 2844 alii
763 2787 1008 2845 facienda
1051 2802 1119 2843 ex
1165 2786 1307 2858 Lege
1341 2786 1659 2843 decernunt.
1690 2788 1759 2843 Et
1784 2804 1949 2854 ecce,

371 2884 570 2954 inquit,
601 2880 708 2936 illis
739 2879 1078 2936 mendacium
1122 2879 1569 2949 pr0phetantibus
1591 2920 1607 2945 ,
1637 2880 1949 2936 sacerdotes

374 2973 625 3028 manibus
647 2970 1049 3040 applauserunt.
1077 2969 1145 3025 Et
1174 2980 1233 3025 ut
1256 2970 1572 3026 ostendatur
1601 2986 1700 3026 nec
1722 2973 1949 3042 populus

372 3078 491 3118 esse
536 3062 654 3117 sine
701 3061 889 3130 culpa,
918 3061 1008 3130 qui
1038 3076 1067 3115 a
1104 3060 1298 3117 talibus
1334 3061 1653 3129 abducetur,
1685 3064 1945 3133 scriptum

2055 1879 2304 1934 obsidere
2349 1888 2405 1934 et
2447 1880 2761 1934 subvertere
2803 1880 3097 1935 civitatem.
3138 1880 3193 1935 In
3239 1882 3544 1952 pastoribus
3573 1892 3626 1937 et

2054 1969 2306 2040 gregibus
2346 1983 2531 2023 eorum
2578 1969 2852 2039 principes
2885 1971 3217 2036 sentiamus,
3241 1981 3297 2025 et
3334 1971 3623 2026 exercitum

2053 2058 2447 2135 Chaldaeorum.
2476 2057 2667 2129 Figent
2696 2068 2876 2113 autem
2906 2059 3138 2114 tentoria
3165 2075 3262 2115 sua
3303 2060 3358 2114 in
3398 2047 3625 2115 circuitu

2056 2150 2109 2203 in
2146 2147 2427 2204 obsidione
2455 2149 2633 2215 urbis,
2665 2167 2684 2200 ‹
2711 2157 2764 2204 et
2788 2158 2974 2220 pascet
2998 2142 3366 2221 unusquisque
3403 2166 3499 2206 eos
3536 2150 3623 2220 qui

2054 2237 2154 2293 sub
2187 2253 2347 2292 manu
2375 2253 2472 2292 sua
2510 2246 2669 2302 sunt,
2700 2257 2718 2289 ι
2753 2253 2881 2293 suas
2909 2238 3159 2293 videlicet
3191 2247 3398 2293 turmas
3438 2248 3494 2293 et
3526 2255 3623 2293 nu-

2054 2342 2253 2383 meros.
2277 2327 2379 2395 Qui
2406 2328 2677 2397 principes
2711 2328 2826 2384 sive
2868 2338 3118 2398 pastores
3158 2320 3339 2383 dicent
3379 2330 3624 2399 gregibus

2054 2422 2208 2477 suis:
2248 2439 2267 2472 l
2304 2420 2655 2476 Sanctiﬁcate
2703 2436 2866 2490 super
2904 2421 3237 2477 Hierusalem
3268 2420 3499 2486 bellum;
3532 2421 3626 2475 Do-

2057 2514 2190 2569 mini
2242 2514 2387 2569 enim
2431 2514 2713 2584 imperium
2743 2523 2829 2569 est
2869 2512 3231 2585 :Consurgite
3268 2522 3324 2568 et
3370 2515 3627 2577 ascenda-

2054 2621 2175 2660 mus
2200 2605 2254 2660 iu
2280 2605 2535 2670 meridie;
2568 2624 2586 2657 ι
2627 2620 2732 2660 non
2778 2620 2875 2675 per
2918 2614 3130 2660 noctem
3165 2614 3218 2659 et
3249 2604 3503 2671 insidias,
3534 2605 3627 2660 sed

2051 2697 2209 2767 plena
2236 2696 2354 2752 luce
2381 2696 2772 2767 impugnemus,
2806 2696 2983 2750 nullus
3002 2696 3147 2750 enim
3168 2696 3323 2750 nobis
3351 2703 3527 2765 potest
3550 2709 3630 2751 re-

2053 2786 2262 2843 sistere.

2129 2896 2148 2929 ι
2190 2877 2278 2930 Va:
2325 2877 2504 2940 nobis,
2537 2877 2665 2947 quia
2697 2876 2989 2931 declinavit
3016 2876 3163 2940 dies,
3196 2875 3320 2945 quia
3358 2875 3627 2947 longiores

2058 2986 2077 3020 ι
2112 2966 2267 3022 facta:
2295 2979 2422 3023 sunt
2463 2968 2596 3040 (sive
2621 2967 2968 3038 defecerunt)
3000 2967 3204 3021 umbra:
3233 2967 3466 3037 vesperi.
3498 2966 3625 3021 Sur-

2060 3076 2078 3110 ι
2118 3057 2228 3128 gite
2248 3066 2302 3112 et
2330 3057 2690 3112 ascendamus
2712 3056 2766 3109 in
2795 3064 2973 3121 nocte,
3007 3064 3063 3110 et
3087 3055 3413 3127 dissipemus
3440 3057 3624 3112 domos

372 3166 493 3213 est:
530 3176 549 3208 ι
584 3156 648 3211 Et
695 3127 1115 3226 populus—meus
1165 3142 1352 3211 dilexit
1400 3155 1525 3210 talia
1561 3175 1575 3210 :
1614 3127 1647 3208 »ν
1678 3127 1947 3226 quondam

2066 3167 2078 3199 ι
2115 3127 2250 3216 ejus.
2295 3166 2313 3199 ι
2349 3147 2427 3201 llli
2488 3146 2702 3211 dicunt,
2740 3166 2757 3197 ι
2798 3145 3015 3214 Surgite
3065 3153 3121 3199 et
3172 3146 3529 3200 ascendamus
3573 3145 3627 3200 in

373 3265 560 3313 meus,
604 3258 659 3304 et
707 3256 991 3317 postquam
1034 3245 1221 3305 dilexit
1266 3246 1428 3311 talia,
1470 3262 1622 3303 meus
1663 3262 1783 3303 esse
1810 3248 1954 3303 desi-

376 3342 472 3395 vit.
495 3339 634 3406 Quid
660 3339 821 3410 igitur
847 3336 1047 3392 facient
1077 3352 1200 3391 cum
1232 3337 1585 3393 novissimum
1602 3339 1790 3409 judicii
1817 3349 1952 3395 tem-

374 3447 474 3501 pus
505 3430 811 3494 advenerit,
835 3428 948 3483 sive
967 3427 1298 3496 captivitatis
1318 3428 1647 3483 necessitas?
1668 3427 1819 3485 Unde
1842 3438 1953 3485 stu-

374 3540 476 3596 por
498 3534 553 3579 et
578 3520 844 3578 mirabilia
877 3528 1043 3586 sunt,
1076 3520 1220 3590 quod
1246 3518 1348 3575 n'ec
1377 3520 1431 3574 in
1472 3519 1810 3590 principibus
1847 3535 1950 3577 nec

375 3616 428 3670 in
452 3612 646 3686 populo
681 3611 931 3667 inventus
960 3609 1034 3664 sit
1055 3608 1147 3679 qui
1174 3618 1321 3664 recta
1343 3608 1589 3663 sentiret.

986 3745 1210 3803 CAPUT
1247 3743 1334 3801 VI.

377 3842 701 3899 Describitur
742 3839 992 3894 aduentus
1049 3838 1535 3894 Nabuchodonosor
1582 3850 1629 3895 et
1678 3814 1954 3895 translatio

443 3911 621 3983 populi
650 3919 860 3983 propter
878 3909 1205 3983 sacerdotum
1229 3910 1502 3965 avaritiam
1527 3923 1546 3961 .'
1572 3920 1619 3964 et
1648 3911 1770 3982 quia
1796 3927 1958 3982 popu-

444 3979 528 4036 lus
550 3979 658 4037 non
680 3979 829 4035 audit
856 3995 1029 4035 vocem
1059 3979 1218 4033 tubas.

445 4091 473 4124 ιι
519 4068 1032 4136 Confortamiui,lilii
1060 4069 1371 4140 Benjamin,
1401 4070 1457 4125 in
1498 4070 1680 4126 medio
1701 4069 1958 4127 Hierusa-

382 4185 400 4218 ι
445 4168 546 4220 lem
567 4181 581 4230 ;
606 4171 659 4219 et
685 4163 742 4217 in
771 4162 990 4218 'l‘hecua
1024 4160 1257 4229 clangite
1296 4161 1556 4227 buccina;
1591 4168 1647 4216 et
1673 4176 1837 4231 super
1860 4160 1960 4215 Be-

381 4274 402 4310 s
447 4256 722 4311 thacarem
746 4251 920 4307 levate
931 4251 1140 4321 signum
1159 4249 1285 4322 (sive
1297 4250 1548 4305 vexillum
1552 4266 1596 4323 ),
1618 4250 1741 4321 quia
1758 4250 1956 4305 malum

381 4364 403 4400 ι
442 4346 619 4402 visum
644 4350 728 4399 est
759 4342 886 4414 (sive
927 4338 1197 4412 apparuit)
1225 4341 1293 4396 ab
1314 4339 1582 4410 Aquilone
1618 4349 1674 4395 et
1704 4340 1959 4396 contritio

384 4456 405 4491 ‹
449 4451 664 4507 magna.
704 4453 722 4487 ι
757 4431 1030 4506 (Ηίενοη.)
1059 4431 1393 4487 Hierusalem
1416 4433 1470 4487 in
1501 4433 1644 4487 tribu
1680 4432 1959 4502 Benjamin
1983 4474 2037 4535 Β

381 4530 542 4584 sitam
584 4526 761 4581 nullus
792 4525 1023 4596 ignorat.
1053 4523 1322 4577 Thecuam
1345 4538 1558 4592 quoque
1584 4522 1819 4577 viculum
1839 4538 1961 4578 esse

381 4619 438 4673 in
463 4625 644 4673 monte
678 4615 840 4672 situm
860 4656 874 4681 ,
898 4623 953 4669 et
980 4613 1262 4668 duodecim
1299 4613 1535 4669 millibus
1555 4615 1623 4669 ab
1650 4612 1961 4685 Hierosoly-

388 4709 490 4765 mis
517 4712 846 4778 separatum,
878 4704 1117 4773 quotidie
1145 4703 1318 4759 oculis
1341 4703 1635 4758 cernimus.
1676 4702 1823 4758 Inter
1858 4719 1960 4758 nos

403 4799 525 4855 dius
541 4798 692 4853 vicus
713 4802 818 4860 est,
837 4794 927 4863 qui
950 4794 1127 4863 lingua
1146 4791 1281 4864 Syra
1303 4801 1358 4846 et
1377 4791 1638 4847 Hebraica
1658 4803 1962 4853 mra-nn

406 4888 716 4952 seminatur,
747 4893 802 4940 et
831 4884 945 4955 ipsc
962 4884 1014 4937 in
1044 4892 1225 4938 monte
1248 4883 1640 4952 positus.Quod
1660 4898 1789 4955 ergo
1810 4885 1957 4950 dicit,

405 4995 489 5037 .oc
512 4986 616 5043 est,
645 4976 773 5048 quia
808 4973 877 5029 ab
907 4972 1156 5044 aquilone
1189 4972 1523 5043 jamjamque
1570 4982 1827 5030 venturus
1877 4984 1962 5030 est

400 5070 914 5134 Nabuchodonosor,
960 5075 1016 5122 et
1055 5066 1298 5122 imminet
1340 5066 1516 5121 vicina
1563 5067 1882 5135 captivitas,
1927 5082 1961 5122 ο

412 5166 723 5221 .ahitatores
735 5160 1090 5222 Hierusalem.
1120 5174 1269 5214 arma
1288 5160 1567 5229 corripite,
1590 5168 1645 5215 et
1665 5160 1721 5214 in
1743 5160 1960 5216 Thecua

408 5255 611 5311 .uccina
642 5260 982 5321 concrepate,
1014 5258 1068 5304 et
1095 5249 1151 5304 in
1178 5246 1517 5306 Bethacaren
1567 5250 1742 5307 levate
1789 5251 1961 5307 vexil-

418 5363 521 5413 im,
552 5348 646 5402 ait.
678 5353 740 5400 ut
767 5354 954 5400 contra
982 5343 1168 5400 hostes
1195 5342 1422 5398 valeatis
1463 5343 1736 5400 resistere.
1772 5344 1965 5417 Benja-

407 5438 500 5492 .tlll
557 5439 945 5508 interpretatur
991 5435 1132 5504 ﬁlius
1184 5434 1445 5500 dexteris;
1492 5434 1746 5503 Thecua,
1796 5436 1963 5502 tuba;

408 5529 724 5585 iethacaren
748 5569 764 5594 ,
806 5527 928 5583 villa
972 5528 1155 5582 vincte.
1184 5526 1310 5582 Haec
1344 5527 1524 5582 omnia
1561 5525 1860 5584 referamus
1895 5530 1963 5583 ad

442 5618 539 5670 act.
553 5620 709 5683 siam,
742 5626 803 5672 ut
840 5618 885 5672 si
929 5616 1217 5686 deliquerit
1241 5626 1297 5672 et
1322 5618 1711 5687 persecutionis
1735 5618 1968 5690 impetus

453 5707 574 5771 erit,
606 5723 663 5760 sc
690 5714 958 5778 praeparet
986 5706 1055 5760 ad
1081 5706 1456 5763 resistendum.

2062 3241 2313 3306 meridie,
2350 3259 2369 3292 ›
2398 3249 2452 3294 et
2481 3240 2627 3294 clara
2648 3239 2765 3294 luce
2790 3254 3106 3310 pugnemus.
3138 3239 3229 3293 lsti
3260 3240 3581 3308 respondent
3607 3262 3623 3299 ε

2059 3348 2077 3380 ι
2113 3327 2206 3383 Va:
2231 3330 2415 3393 nobis,
2464 3329 2590 3398 quia
2613 3328 2882 3398 longiores
2923 3327 3082 3382 facta:
3109 3336 3233 3382 sunt
3269 3328 3479 3383 umbra:
3508 3342 3629 3383 ves-

2052 3432 2227 3488 perae,
2267 3436 2285 3469 ι
2320 3418 2616 3473 secundum
2649 3417 2779 3472 illud
2809 3416 3159 3489 Virgiliauum
3189 3434 3202 3470 :

2180 3577 2240 3650 Et
2254 3578 2352 3650 jam
2374 3589 2561 3627 summa
2587 3576 2993 3650 proculgvillprum
3019 3576 3227 3650 cu'mina
3254 3574 3459 3650 fumant,

2180 3638 2489 3702 Maioresque
2510 3638 2687 3689 cadunt
2710 3640 2819 3689 altis
2836 3639 2899 3688 de
2921 3642 3161 3688 montibus
3181 3638 3380 3688 umbrae.

2056 3789 2123 3845 Et
2151 3799 2236 3845 est
2271 3802 2461 3843 sensus
2487 3805 2500 3841 :
2530 3786 2586 3842 Si
2614 3802 2712 3858 per
2740 3787 2883 3841 diem
2916 3786 3030 3840 hmo
3062 3785 3322 3855 patimur,
3366 3783 3500 3853 quid
3530 3798 3629 3853 pa-

2057 3880 2254 3938 tiemur
2303 3880 2359 3934 in
2409 3879 2602 3934 nocte?
2655 3878 2911 3943 Rursum,
2963 3877 3054 3947 qui
3111 3890 3272 3945 supra
3327 3874 3625 3929 dixerant:

2061 3995 2080 4028 ι
2114 3972 2467 4030 Sanctiﬁcate
2492 3987 2654 4041 supra
2677 3985 2797 4025 eam
2828 3969 3029 4024 bellum
3059 3976 3222 4037 atque
3242 3965 3571 4036 consurgite,
3601 3982 3623 4014 ι

2055 4079 2201 4120 nunc
2248 4062 2350 4133 ipsi
2395 4076 2454 4117 se
2500 4054 2801 4131 provocant
2851 4059 2919 4113 ad
2970 4056 3301 4121 bellandum,
3345 4055 3629 4110 dicentes:

2063 4173 2081 4206 ‹
2118 4153 2353 4224 Surgite,
2401 4159 2456 4204 et
2493 4148 2849 4205 ascendamus
2876 4147 2929 4201 in
2966 4156 3151 4211 nocte,
3184 4164 3202 4198 ι
3233 4152 3292 4199 ut
3318 4146 3495 4200 sciant
3531 4144 3631 4198 ad-

2057 4243 2284 4300 versarii
2310 4257 2417 4297 non
2447 4239 2705 4311 temporis
2732 4237 3011 4293 victoriam
3038 4251 3158 4292 esse
3188 4235 3281 4291 sed
3311 4235 3506 4289 virium
3532 4250 3548 4299 ;
3577 4242 3631 4287 et

2059 4334 2382 4403 dissipemus
2427 4332 2614 4386 domos
2641 4330 2777 4401 ejus,
2829 4342 2948 4398 qua:
2981 4326 3180 4383 frustra
3218 4341 3496 4381 murorum
3536 4325 3630 4378 lir-

2064 4425 2249 4481 mitate
2269 4422 2555 4476 vallantur.

2142 4533 2159 4565 ι
2194 4513 2329 4580 Quia
2378 4513 2493 4567 huic
2536 4510 2669 4565 dicit
2712 4509 2971 4563 Dominus
3013 4507 3391 4563 exercituum:
3431 4504 3631 4560 Caedite

2072 4625 2090 4658 ι
2119 4605 2322 4676 lignum
2349 4605 2367 4676 (
2392 4605 2499 4658 sive
2532 4602 2705 4673 ligna)
2737 4602 2883 4672 ejus;
2914 4599 3171 4655 effundite
3210 4599 3352 4670 (sine
3388 4612 3632 4667 compor-

2071 4718 2090 4751 ε
2129 4696 2267 4769 tate)
2332 4696 2478 4752 circa
2529 4694 2829 4751 Jerusalem
2884 4708 3202 4765 aggerem.)
3257 4690 3503 4756 Idcirco,
3554 4693 3633 4746 in-

2064 4789 2278 4859 quiunt,
2323 4787 2391 4841 de
2424 4785 2647 4841 victoria
2676 4784 2853 4839 securi
2901 4798 3108 4847 sumus,
3153 4781 3277 4851 quia
3305 4789 3629 4852 praeceptum

2064 4880 2277 4935 Domini
2302 4888 2388 4935 est
2419 4879 2737 4949 imperantis
2766 4875 3031 4931 Chaldais
3055 4894 3068 4930 :
3100 4874 3268 4944 Ligna
3296 4875 3557 4929 succidite
3582 4881 3632 4927 et

2066 4972 2261 5029 futuris
2297 4971 2687 5027 munitionibus
2721 4984 2969 5040 aggerem
3005 4972 3359 5037 comportate.
3393 4964 3500 5022 Per
3517 4981 3631 5035 qua:

2067 5063 2374 5120 ostenditur
2400 5071 2691 5132 antequam
2717 5061 2899 5115 veniat
2925 5073 3146 5120 corona.
3191 5072 3297 5111 non
3327 5057 3510 5112 statim
3546 5072 3633 5109 ur-

2069 5161 2189 5215 bem
2231 5175 2364 5215 esse
2419 5156 2773 5228 capiendam,
2829 5153 2923 5210 sed
2985 5153 3142 5223 longa
3200 5150 3522 5215 obsidione,
3577 5157 3633 5203 ut

2064 5260 2252 5323 postea
2279 5251 2523 5322 legimus.

2143 5364 2161 5395 ι
2194 5342 2319 5399 Ηωε
2345 5350 2428 5397 est
2463 5341 2656 5396 civitas
2684 5337 3009 5394 visitationis
3037 5335 3173 5406 (sive
3205 5334 3487 5403 mendax),
3516 5345 3628 5387 om-

2074 5453 2091 5485 σ
2126 5433 2212 5490 nis
2234 5432 2501 5488 calumnia
2540 5428 2656 5502 (vel
2693 5425 3003 5499 oppressio)
3032 5427 3083 5478 in
3113 5423 3288 5478 medio
3317 5426 3453 5490 ejus.
3487 5421 3627 5475 Sicut

2075 5546 2093 5577 ι
2126 5524 2375 5594 frigidam
2418 5522 2546 5577 facit
2581 5522 2813 5576 cisterna
2854 5520 2965 5590 (re!
3007 5516 3187 5589 lacus)
3220 5531 3413 5585 aquam
3461 5527 3623 5574 suam,

2075 5637 2092 5669 ι
2123 5617 2201 5671 sic
2232 5614 2483 5685 frigidam
2523 5613 2650 5668 fecit
2690 5611 2951 5666 malitiam
2988 5624 3160 5663 suam.
3193 5627 3211 5659 ι
3245 5605 3506 5676 PRx-cepit
3535 5604 3629 5657 θος

2070 5710 2248 5764 minus
2279 5718 2333 5761 ut
2379 5707 2599 5762 arbores
2631 5703 2995 5770 succidantur,
3036 5710 3090 5757 et
3133 5709 3189 5754 ut
3225 5699 3514 5753 fundantur
3540 5708 3627 5750 ocr
