3962 6198
306 389 414 445 8i9

1136 355 1155 371 '
1228 382 1591 439 exposmo
1630 381 1858 438 surae
1894 380 2258 437 iuuenum.
2301 411 2373 422 .-
2408 382 2534 437 un.
2578 383 2662 438 Ill.

3471 387 3576 449 850

307 503 596 560 circuitum
624 515 868 572 aggeres,
898 499 1024 569 quia
1057 506 1272 568 tempus
1299 496 1630 552 visitationis
1657 494 1772 565 ejus
1800 496 1891 550 ad-
1919 500 1971 559 Α
2001 514 2019 546 ι
2052 493 2152 548 Per
2173 509 2388 550 omnem
2417 494 2658 550 dolorem
2699 503 2754 549 et
2782 492 3052 566 ﬂagellum
3094 497 3377 558 crudieris.
3426 497 3579 555 Jeru-

309 594 537 657 venerit,
567 600 626 645 ut
650 590 876 661 recipiat
899 604 998 659 pro
1022 588 1266 659 peccatis
1295 588 1425 650 suis,
1457 602 1688 656 quorum
1711 587 1885 642 maxi-

309 702 456 743 mum
479 692 564 739 est
602 683 909 755 συκοφαντία
932 687 992 733 ut
1024 680 1360 735 innocentem
1388 678 1658 748 opprimat
1681 694 1777 748 per
1798 693 1890 733 ca-

307 775 591 831 lumniam.
636 770 917 839 Quomodo
954 786 1084 842 ergo
1122 770 1380 833 cisterna,
1419 769 1503 822 vel
1528 767 1696 831 lacus,
1737 767 1890 838 frigi-

308 866 434 920 dam
490 863 621 917 facit
666 877 861 932 aquam
902 876 1078 925 suam,
1133 859 1212 914 sic
1258 860 1313 912 iu
1366 857 1545 913 medio
1586 856 1889 913 Jerusalem

308 955 511 1010 malitia
535 969 656 1022 qua:
685 952 738 1006 in
762 968 823 1006 ea
852 963 937 1006 est
961 966 1177 1006 omnem
1205 949 1442 1005 calorem
1477 949 1713 1018 perdidit
1740 949 1885 1004 vitae.

307 1048 378 1102 Et
402 1048 506 1101 hoc
548 1043 839 1099 notandum
869 1042 1013 1112 quod
1051 1049 1237 1096 sancto
1274 1040 1480 1109 Spiritu
1511 1040 1726 1096 accensi
1775 1041 1886 1097 fer-

305 1147 498 1194 ventes
518 1134 883 1207 appellentur;
927 1133 1066 1188 mala
1105 1142 1286 1187 autem
1332 1131 1528 1204 frigida
1574 1133 1701 1188 sint.
1735 1133 1890 1189 Unde

307 1238 364 1286 et
401 1227 533 1283 illud
567 1226 826 1296 scriptum
854 1233 938 1279 est
968 1238 983 1278 :
1020 1243 1038 1274 ι
1067 1222 1220 1290 Quod
1249 1223 1302 1277 in
1330 1223 1639 1283 novissimis
1675 1223 1885 1291 diebus,

286 1320 525 1391 'quando
580 1316 936 1386 multiplicata
994 1314 1159 1369 fuerit
1223 1314 1514 1384 iniquitas,
1576 1314 1891 1387 refrigescet

305 1409 546 1465 charitas
588 1406 886 1461 multorum
924 1403 944 1476 (
974 1403 1164 1458 Matth.
1195 1419 1321 1458 xxw
1352 1404 1391 1476 ).
1429 1424 1447 1457 ι
1485 1405 1639 1473 Quod
1676 1416 1807 1477 puto
1835 1415 1892 1462 et

309 1500 439 1556 illud
474 1512 672 1554 sonare
711 1515 724 1550 :
769 1515 787 1547 ι
814 1493 1154 1551 Assimilatus
1180 1490 1300 1550 sum
1336 1494 1787 1552 descendentibus
1833 1498 1895 1552 in

307 1594 483 1646 lzcum
510 1589 693 1664 (Psal.
741 1587 968 1660 xxvn)»
1009 1586 1124 1643 Hoc
1150 1596 1331 1643 autem
1355 1587 1581 1644 Latinus
1609 1588 1781 1644 lector
1806 1589 1889 1644 in.

310 1681 537 1749 tolligat,
570 1688 629 1734 ut
671 1678 836 1734 semel
873 1678 1075 1733 dixisse
1116 1676 1363 1743 sufficiat,
1408 1677 1583 1733 lacum
1626 1693 1735 1734 non
1774 1690 1886 1734 sta—

305 1788 466 1842 gnum
519 1785 712 1827 sonare
767 1769 918 1839 juxta
967 1767 1217 1832 Graecos,
1273 1769 1370 1824 sed
1418 1770 1715 1834 cisternam,
1766 1786 1889 1841 qua:

1991 586 2181 642 salem.
2214 606 2233 639 ι
3356 648 3360 652 _

2067 700 2085 731 ι
2113 679 2240 735 Haec
2286 677 2419 735 dicit
2445 678 2705 734 Dominus
2743 680 3124 736 exercituum:
3160 681 3341 751 Usque
3385 685 3453 737 ad
3495 700 3577 743 ra:

1996 791 2013 824 ι
2048 786 2260 826 cemum
2304 770 2557 840 colligent
2597 771 2751 841 quasi
2792 771 2847 825 in
2881 772 3039 827 vinea
3082 772 3340 841 reliquias
3384 772 3571 830 Israel.

1995 880 2014 911 ι
2048 859 2315 915 Converte
2336 874 2557 914 manum
2582 868 2728 915 tuam
2749 861 2904 931 quasi
2930 860 3284 915 vindemiator
3298 861 3365 914 ad
3382 861 3577 917 cartal-

1996 968 2015 1001 ι
2052 950 2180 1005 lum.
2214 970 2232 1001 ι
2259 949 2611 1021 Septuaginta
2645 968 2659 1005 :
2688 970 2706 1003 ι
2735 950 2870 1018 Quia
2897 951 3011 1007 haec
3032 950 3439 1007 dicitDominus
3464 952 3571 1007 vir-

1996 1061 2013 1094 ι
2045 1050 2218 1095 tutum
2238 1059 2253 1094 :
2281 1040 2592 1105 Racemate,
2612 1053 2885 1097 racematc
2902 1042 3057 1112 quasi
3077 1042 3131 1096 in
3146 1042 3302 1097 vinea
3320 1043 3576 1113 reliquias

1995 1151 2013 1184 ι
2042 1131 2227 1188 Israel.
2257 1131 2606 1187 Revertimini
2628 1133 2786 1202 quasi
2816 1133 3177 1189 vindemiator
3208 1134 3260 1188 in
3288 1134 3573 1190 cartallum

1995 1239 2015 1272 ι
2047 1236 2224 1277 suum.
2249 1240 2268 1273 ι
2292 1221 2396 1275 Alii
2441 1221 2496 1286 in
2528 1221 2725 1279 bonam
2753 1233 2981 1293 partem,
3020 1224 3110 1277 alii
3138 1224 3192 1278 in
3224 1224 3420 1278 malam
3452 1225 3569 1279 luce

1990 1311 2133 1366 dicta
2160 1311 2479 1381 suscipiunt.
2513 1311 2571 1366 In
2598 1312 2794 1367 bonam
2824 1321 3030 1383 partem
3049 1328 3173 1367 cum
3210 1321 3421 1367 vastata
3451 1313 3569 1368 fue-

1989 1402 2062 1456 rit
2082 1400 2403 1469 Jerusalem,
2429 1403 2670 1475 reliquize
2695 1405 2857 1460 salva:
2881 1406 3031 1460 fiant.
3060 1406 3117 1461 In
3150 1406 3346 1462 malam
3376 1408 3479 1474 sic,
3505 1425 3573 1465 nc

1988 1510 2129 1553 unus
2158 1494 2375 1564 quidem
2399 1511 2649 1552 racemus
2679 1505 2736 1550 et
2760 1512 2961 1567 parvus
2984 1498 3175 1552 botrus
3209 1506 3488 1554 remaneat
3520 1498 3573 1561 in

1989 1584 2168 1650 vinea,
2205 1586 2386 1641 omnia
2407 1586 2757 1658 colligentur;
2802 1596 2858 1643 et
2887 1589 3245 1658 quodcunque
3276 1588 3572 1653 inveneris,

1989 1676 2165 1732 instar
2197 1676 2607 1734 vindemiatoris
2637 1677 2691 1733 in
2723 1679 3009 1735 cartallum
3043 1678 3296 1748 conjicito
3322 1698 3335 1733 :
3361 1687 3421 1734 ut
3439 1696 3576 1750 quo-

1989 1765 2151 1821 modo
2194 1765 2285 1821 ille
2337 1781 2584 1823 racemos
2640 1767 2710 1823 ad
2762 1769 3000 1825 torcular
3022 1809 3038 1836 ,
3094 1768 3174 1825 sic
3229 1777 3288 1825 tu
3335 1771 3577 1840 captivos

306 1878 559 1918 sermone
600 1862 666 1933 Sy
678 1877 738 1917 ro
756 1869 819 1916 et
842 1860 1105 1916 Hebraico
1126 1871 1256 1922 mnu
1291 1861 1611 1931 appellatur.
1654 1861 1712 1917 In
1749 1878 1887 1933 prae-
1917 1867 1962 1925 B
1987 1857 2274 1925 pertrahas
2302 1858 2356 1911 in
2378 1857 2727 1929 Babylonem.

307 1955 447 2010 sonti
492 1962 671 2009 autem
710 1954 828 2009 loco
872 1968 973 2024 pro
1022 1953 1162 2018 lacu,
1205 1968 1365 2023 quem
1410 1968 1600 2021 omnes
1639 1953 1888 2025 similiter

307 2042 721 2106 transtulerunt,
758 2043 811 2098 in
849 2042 1111 2097 Hebraico
1146 2053 1249 2101 '11:.
1287 2041 1505 2097 dicitur.
1554 2041 1886 2115 (MAURUS.)

310 2135 386 2189 De
424 2134 527 2190 hoc
563 2133 681 2188 lacu
722 2133 777 2187 in
804 2146 969 2187 onere
1012 2131 1299 2202 Babylonis
1328 2146 1425 2201 per
1457 2131 1653 2187 Isaiam
1688 2133 1757 2188 ad
1781 2131 1890 2188 Na-

305 2226 728 2282 buchodonosor
763 2222 963 2279 dicitur
991 2237 1006 2277 :
1047 2243 1065 2275 ι
1094 2224 1479 2278 Verumtamen
1518 2225 1586 2278 ad
1615 2221 1887 2281 infernum

306 2317 636 2382 detraheris,
685 2318 741 2372 in
787 2315 1110 2387 profundum
1157 2316 1259 2371 laci
1300 2315 1445 2388 (Isa.
1477 2314 1623 2389 xw).
1649 2336 1667 2369 ι
1702 2316 1888 2375 Sancti

305 2424 515 2480 pennas
542 2408 745 2464 habent
784 2407 997 2478 aquila),
1028 2414 1083 2462 et
1105 2423 1311 2478 pennas
1334 2407 1597 2464 columbae
1621 2449 1638 2474 ,
1684 2417 1739 2464 et
1763 2424 1889 2479 pos-

306 2510 436 2558 sunt
464 2502 665 2566 dicere,
684 2500 917 2557 «Volabo
944 2510 1000 2556 et
1020 2501 1409 2570 requiescam.»
1443 2500 1599 2570 Impii
1622 2509 1802 2556 autem
1833 2509 1890 2557 et

305 2593 690 2664 Egyptiorum
734 2591 938 2648 similes
978 2590 1210 2646 demersi
1248 2599 1375 2645 sunt
1411 2590 1567 2659 quasi
1608 2589 1887 2660 plumbum

305 2687 362 2739 iu
413 2684 568 2753 aquis
605 2683 1033 2747 vehementibus,
1074 2690 1130 2737 et
1177 2680 1410 2736 demersi
1453 2682 1506 2735 in
1561 2680 1886 2750 profundum

305 2776 449 2832 sicut
478 2775 631 2846 lapis.
666 2776 742 2830 De
769 2775 887 2829 lacu
920 2774 1243 2845 quandoque
1266 2772 1535 2843 profunda
1574 2773 1887 2845 signiﬁcan-

306 2877 399 2924 tur
421 2868 637 2924 inferni.
666 2868 759 2923 Illa
793 2876 922 2924 sunt
951 2868 1257 2923 testimonia
1285 2885 1299 2922 :
1334 2886 1353 2918 ι
1381 2866 1723 2923 Assimilatus
1764 2883 1884 2922 sum

307 2976 431 3016 cum
479 2961 930 3019 descendentibus
968 2961 1022 3015 in
1056 2960 1250 3025 lacum,
1292 2968 1348 3015 et
1379 2971 1677 3030 posuerunt
1712 2975 1798 3016 me
1830 2961 1885 3014 in

311 3054 427 3108 lacu
483 3054 779 3107 novissimo
831 3051 1013 3119 (Psal.
1047 3053 1236 3119 xxvn).
1276 3071 1295 3104 ι
1351 3052 1504 3108 Sicut
1549 3051 1886 3115 enimglacus

307 3157 477 3211 aquas
507 3141 572 3195 ad
605 3157 663 3196 se
692 3140 1095 3205 descendentes,
1127 3141 1201 3195 ita
1232 3138 1474 3196 infernus
1513 3140 1726 3195 animas
1764 3156 1885 3196 sus-

2064 1969 2082 2002 ι
2110 1950 2208 2005 Cui
2236 1949 2428 2019 loquar
2451 1958 2506 2006 et
2520 1966 2689 2023 quem
2719 1951 2958 2008 testabor
2983 1960 3043 2007 ut
3061 1952 3280 2008 audiat?
3325 1952 3466 2008 Ecce
3496 1953 3575 2007 iu-

1994 2060 2014 2092 ‹
2049 2040 2382 2114 circumcisae
2417 2055 2578 2097 aures
2622 2057 2819 2103 eornm‘
2852 2041 2988 2116 (sive
3015 2042 3243 2115 vestrm)
3282 2051 3342 2102 et
3386 2043 3577 2098 audire

1993 2150 2013 2184 ι
2049 2146 2155 2186 ηοιι
2183 2139 2428 2201 possunt.
2458 2132 2596 2187 Ecce
2621 2132 2847 2187 verbum
2889 2132 3104 2188 Domini
3150 2132 3355 2188 factum
3384 2140 3468 2188 est
3494 2133 3576 2189 eis

1995 2244 2015 2278 ι
2049 2212 2103 2280 in
2132 2226 2504 2296 opprobrium,
2527 2234 2582 2281 et
2608 2240 2715 2283 non
2740 2225 3040 2303 su/scipient
3064 2225 3214 2281 illud.
3251 2245 3269 2278 ι
3302 2223 3419 2280 Non
3447 2240 3573 2295 pos-

1989 2324 2119 2373 sunt
2161 2316 2366 2381 audire,
2420 2316 2546 2385 quia
2593 2330 2756 2371 aures
2804 2314 3199 2375 circumcidere
3244 2314 3568 2380 noluerunt;

1987 2424 2091 2465 nec
2132 2417 2315 2464 tamen
2359 2417 2517 2463 vacat
2563 2406 2825 2479 supplicio
2873 2405 3303 2477 impossibilitas,
3347 2421 3468 2477 quae
3507 2407 3575 2463 do

1988 2507 2299 2570 contemptu
2323 2507 2380 2555 et
2407 2499 2725 2555 infidelitate
2753 2495 3051 2554 descendit.
3086 2494 3145 2551 Si
3170 2497 3292 2568 quis
3319 2510 3450 2568 ergo
3478 2496 3572 2552 Dei

1987 2594 2153 2650 verba
2174 2609 2284 2649 non
2322 2591 2568 2662 suscipit,
2601 2606 2701 2646 nec
2726 2590 2891 2646 habet
2911 2597 3304 2661 praeceptorum
3333 2588 3452 2658 ejus
3484 2589 3571 2644 in-

1990 2687 2372 2759 telligentiam,
2424 2685 2819 2741 incircumcisis
2871 2684 3094 2757 auribus
3141 2691 3246 2739 est.
3292 2682 3572 2754 Simulque

1988 2779 2285 2834 notandum
2318 2778 2462 2848 quod
2490 2777 2830 2832 circumcisio
2857 2776 2913 2830 in
2945 2775 3243 2848 Scripturis
3278 2775 3451 2832 tribus
3479 2791 3572 2846 ge—

1988 2871 2210 2926 neribus
2246 2869 2567 2941 appellatur,
2609 2869 2665 2922 in
2708 2868 3001 2938 prmputio,
3043 2868 3097 2922 in
3132 2868 3296 2923 corde
3329 2876 3384 2923 et
3423 2868 3571 2923 auri-

1988 2961 2109 3017 bus.
2158 2959 2307 3017 Unde
2351 2959 2614 3023 Dominus
2667 2958 2837 3013 dicit:
2868 2977 2885 3009 ι
2914 2956 3017 3024 Qui
3060 2958 3221 3012 habet
3262 2971 3423 3012 aures
3473 2973 3570 3012 au—

1990 3051 2170 3107 diendi
2206 3050 2390 3106 audiat
2437 3048 2665 3123 (Matth.
2694 3048 2847 3121 XI).)
2886 3047 3175 3104 Voluntate
3213 3062 3342 3118 ergo
3384 3057 3569 3102 nostra

1989 3141 2212 3197 verbum
2242 3141 2337 3196 Dei
2378 3156 2488 3196 non
2522 3139 2865 3211 suscipimus,
2914 3147 2970 3194 et
3001 3139 3202 3194 idcirco
3242 3137 3302 3192 fit
3331 3138 3488 3192 nobis
3513 3137 3566 3191 in

306 3231 456 3300 cipit.
484 3231 569 3287 Ad
606 3248 764 3301 quem
794 3232 970 3286 lacum
1007 3231 1286 3286 descendit
1309 3231 1541 3286 Banaias
1562 3230 1612 3304 (I
1644 3230 1772 3286 Par.
1803 3233 1881 3303 ιιι)
1911 3217 1956 3279 C
1986 3233 2353 3303 opprobrium,
2397 3240 2456 3286 ut
2488 3233 2632 3301 quod
2666 3231 2850 3285 datum
2881 3229 3057 3285 fuerat
3081 3229 3147 3284 ad
3184 3226 3437 3292 salutem,
3473 3242 3567 3281 uo-

309 3329 551 3392 tempore
581 3322 719 3377 nivis
752 3330 807 3376 et
836 3321 1072 3393 frigoris,
1100 3330 1157 3377 et
1184 3321 1440 3377 interficit
1468 3322 1524 3377 in
1559 3337 1625 3379 eo
1654 3323 1882 3379 leonem.

310 3410 462 3466 Unde
501 3419 556 3465 et
596 3411 834 3466 haeretici
868 3411 1180 3482 relinquunt
1216 3412 1418 3469 fontem
1460 3429 1615 3484 aqua:
1656 3415 1886 3473 viventis

309 3504 617 3565 Dominum,
641 3513 695 3558 et
720 3503 929 3559 fodiunt
955 3505 1055 3560 sibi
1083 3505 1232 3561 lacus
1257 3507 1541 3573 contritos,
1566 3509 1659 3577 qui
1688 3522 1884 3578 aquam

307 3610 414 3650 non
444 3595 658 3650 valeant
675 3598 968 3652 continere.
989 3597 1064 3654 De
1088 3599 1171 3653 his
1198 3599 1330 3655 lacis
1350 3608 1476 3655 sunt
1500 3601 1592 3670 qui
1616 3600 1886 3657 fervorem

307 3700 412 3740 non
442 3686 645 3740 habent
685 3685 919 3756 Spiritus
963 3691 1156 3756 sancti,
1203 3706 1302 3746 nec
1330 3693 1606 3762 propheta:
1637 3691 1886 3749 Jeremize

306 3777 512 3833 similes
560 3786 708 3843 sunt,
738 3781 829 3849 qui
849 3778 1002 3848 juxta
1042 3774 1396 3855 Septuaginta
1436 3785 1763 3856 interpretes
1804 3785 1884 3841 lo-

307 3869 573 3940 quebatur
599 3884 615 3924 :
652 3890 669 3921 ι
690 3869 871 3926 Inveni
901 3888 1095 3942 aquam
1125 3875 1352 3930 calidam
1382 3876 1437 3930 in
1465 3876 1712 3943 deserto;
1736 3896 1754 3927 ι
1788 3877 1883 3933 sed

308 3957 691 4028 refrigescente
734 3961 998 4016 charitate
1030 3962 1263 4018 colorem
1289 3966 1459 4020 sancti
1497 3964 1735 4035 Spiritus
1760 3982 1885 4037 per-

306 4048 577 4102 diderunt.
600 4048 753 4103 Unde
773 4050 904 4104 dicit
928 4068 941 4105 :
971 4071 988 4102 ι
1012 4050 1161 4106 Sicut
1182 4052 1466 4124 refrigerat
1490 4054 1642 4109 lacus
1661 4070 1882 4124 aquam,

305 4138 385 4192 sic
437 4137 722 4209 refrigerat
767 4141 970 4195 malitia
1024 4143 1285 4199 habentes
1339 4160 1418 4201 se.
1453 4165 1472 4197 ι
1508 4145 1609 4214 Qui
1672 4147 1881 4203 utinam

304 4229 457 4298 iuxta
494 4229 850 4302 Apocalypsin
879 4230 1103 4289 Joannis
1144 4232 1352 4307 (Apoc.
1395 4236 1493 4305 ιιι)
1543 4256 1562 4288 ι
1588 4245 1681 4292 aut
1721 4237 1882 4293 calidi

304 4330 492 4379 essent
518 4332 612 4378 aut
630 4322 865 4396 frigidi,»
898 4326 950 4381 id
981 4335 1082 4392 est,
1105 4335 1198 4381 aut
1223 4330 1506 4385 crederent
1538 4339 1633 4385 aut
1657 4332 1883 4387 omnino

304 4433 413 4472 non
445 4417 747 4481 crederent,
792 4433 859 4473 ne
887 4434 984 4490 per
1010 4431 1252 4488 teporem
1289 4428 1342 4476 et
1378 4422 1781 4478 simulationem
1813 4422 1880 4478 fi-

305 4507 393 4561 dei
421 4522 451 4560 a
480 4506 708 4563 Domino
742 4507 1112 4576 rejicerentur.

383 4617 402 4649 ι
432 4599 694 4669 Iniquitas
730 4608 787 4655 et
813 4602 1036 4656 vastitas
1068 4603 1321 4657 audiatur
1349 4602 1402 4657 in
1438 4617 1535 4669 ea,
1580 4619 1766 4659 coram
1792 4619 1880 4661 me

309 4709 328 4740 ι
366 4703 580 4758 semper
604 4690 892 4745 infirmitas
910 4699 965 4745 et
983 4692 1160 4763 plaga.
1190 4692 1438 4759 Erudire,
1463 4692 1787 4761 Jerusalem,
1814 4711 1883 4751 ne

309 4798 330 4830 ι
361 4777 501 4833 forte
534 4780 753 4834 recedat
799 4780 980 4835 anima
1009 4797 1128 4837 mea
1166 4797 1197 4836 a
1227 4791 1299 4848 te,
1331 4798 1401 4839 ne
1431 4783 1570 4839 forte
1596 4800 1792 4855 ponam
1829 4793 1884 4841 te

310 4889 331 4920 ι
366 4868 641 4924 desertam
691 4876 895 4924 terram
935 4870 1359 4928 inhabitabilem.
1409 4893 1428 4925 ι
1475 4872 1829 4946 Septuaginta
1864 4892 1877 4929 :

310 4976 333 5012 ι
371 4959 621 5029 Impietas
645 4970 700 5015 et
723 4960 938 5015 miseria
975 4961 1259 5016 audientur
1291 4963 1343 5017 in
1380 4979 1446 5019 ea
1471 4973 1656 5019 contra
1686 4965 1882 5021 faciem

308 5071 333 5106 ι
366 5051 512 5121 ejus;
536 5068 633 5122 per
645 5067 860 5107 omnem
879 5052 1116 5109 dolorem
1140 5064 1193 5109 et
1212 5054 1475 5127 flagellum
1498 5058 1782 5125 erudieris,
1799 5056 1887 5114 Je-

310 5160 334 5195 ε
365 5144 617 5210 rusalem,
637 5160 703 5200 ne
725 5144 864 5201 forte
885 5146 1102 5201 recedat
1121 5148 1300 5201 anima
1322 5164 1438 5203 mea
1457 5164 1487 5203 a
1512 5158 1583 5214 te,
1606 5166 1672 5204 ne
1686 5149 1883 5206 faciam

312 5254 332 5286 ι
367 5245 419 5289 te
446 5236 641 5290 inviam
677 5245 910 5301 terram,
942 5253 1061 5306 quae
1090 5254 1197 5294 non
1232 5239 1525 5295 habitetur.
1562 5261 1580 5293 ι
1613 5241 1882 5316 (Ηίετοη.)

304 5326 413 5382 Per
452 5327 568 5382 ham
611 5327 873 5382 discimus
911 5329 1052 5398 quod
1096 5329 1330 5401 flagellat
1366 5330 1627 5387 Dominus
1664 5348 1883 5389 omnem

307 5418 478 5473 filium
561 5433 721 5488 quem
764 5420 990 5487 recipit;
1038 5430 1094 5477 et
1124 5422 1330 5478 idcirco
1366 5423 1540 5495 plagis
1570 5433 1732 5495 atque
1779 5432 1886 5482 tor-

304 5508 505 5564 mentis
548 5510 796 5564 eruditur
843 5507 1171 5575 Jerusalem,
1209 5520 1270 5567 ut
1307 5514 1642 5586 corrigatur,
1690 5525 1745 5571 et
1771 5533 1878 5572 non

309 5600 527 5655 recedat
550 5599 731 5654 anima
758 5599 852 5655 Dei
879 5600 947 5655 ab
965 5616 1030 5656 ea
1058 5610 1114 5657 et
1141 5603 1416 5675 redigatur
1436 5605 1488 5659 in
1510 5606 1880 5662 solitudinem.

310 5690 366 5745 Si
402 5692 620 5761 quando
659 5692 825 5762 igitur
852 5692 1062 5747 crebris
1103 5695 1367 5765 angustiis
1410 5696 1771 5765 subjaccmus,
1806 5714 1887 5753 re-

311 5784 597 5840 cordemur
623 5783 675 5838 in
715 5783 1139 5840 consolationem
1176 5786 1344 5841 nostri
1382 5780 1828 5843 istius‘versieuli
1865 5802 1879 5841 :

1987 3336 2100 3381 stro
2126 3326 2257 3380 vitio
2282 3333 2526 3380 vertatur
2549 3325 2601 3379 in
2629 3337 2866 3394 poenam.

2063 3433 2081 3466 ι
2117 3414 2324 3471 Idcirco
2373 3414 2555 3469 furore
2607 3412 2821 3469 Domini
2879 3411 3072 3481 plenus
3118 3425 3267 3474 sum,
3327 3408 3566 3464 laboravi

1992 3528 2012 3561 ι
2048 3510 2338 3565 sustinens.
2374 3528 2392 3560 ›
2427 3507 2776 3578 Septuaginta
2806 3522 2819 3558 :
2852 3523 2870 3557 ι
2899 3505 2967 3559 Et
2994 3503 3233 3559 furorem
3259 3517 3439 3557 meum
3468 3502 3570 3555 im-

1992 3620 2011 3653 ι
2049 3600 2188 3671 plevi
2218 3609 2272 3655 et
2314 3584 2569 3665 suStinui,
2594 3606 2650 3654 et
2676 3612 2783 3652 non
2829 3594 3137 3666 consumpsi
3183 3609 3327 3650 eum.
3358 3612 3377 3646 ι
3406 3593 3570 3649 Juxta

1985 3689 2311 3746 Ilebraicum
2345 3703 2412 3743 ex
2452 3702 2682 3759 persona
2715 3687 2995 3756 prophetae
3024 3684 3252 3751 dicitur,
3295 3683 3439 3755 quod
3475 3698 3569 3739 ve-

1986 3785 2227 3840 nientem
2255 3784 2391 3838 iram
2418 3781 2515 3836 Dei
2545 3788 2672 3835 ante
2696 3778 3022 3854 prospiciat,
3069 3785 3123 3833 et
3152 3777 3345 3846 plenus
3372 3776 3443 3831 sit
3481 3775 3569 3828 fu-

1984 3879 2127 3934 roris
2173 3877 2387 3932 Domini
2439 3885 2495 3931 et
2540 3874 2830 3930 iracundiae
2875 3882 2931 3929 et
2978 3872 3117 3928 ultra
3160 3872 3428 3927 sustinere
3462 3886 3568 3926 non

1983 3971 2181 4042 possit,
2217 3984 2319 4024 nec
2355 3983 2453 4039 pro
2488 3965 2867 4038 peccatoribus
2905 3964 3101 4019 audeat
3141 3962 3432 4018 Dominum
3478 3963 3570 4017 de-

1983 4062 2219 4134 precari.
2250 4059 2410 4115 Juxta
2445 4058 2795 4129 Septuaginta
2825 4066 3006 4111 autem
3044 4070 3220 4111 novus
3253 4068 3445 4109 sensus
3470 4068 3569 4123 po-

1984 4154 2151 4217 nitur,
2189 4150 2486 4222 quod'ipse
2524 4149 2776 4218 loquatur
2806 4146 3066 4202 Dominus
3098 4153 3155 4200 et
3190 4144 3374 4199 dicat:
3400 4142 3568 4199 Furo-

1985 4262 2098 4302 rem
2128 4261 2309 4301 meum
2335 4241 2597 4314 complevi
2626 4240 2870 4296 feriendo
2908 4238 3160 4310 populum
3198 4244 3563 4307 peccatorem,

1985 4345 2040 4393 et
2071 4333 2249 4392 tamen
2292 4334 2575 4391 retinuerit
2600 4331 2747 4387 illum
2777 4340 2833 4386 et
2864 4345 2972 4385 non
3004 4335 3175 4383 totum
3206 4325 3475 4392 effuderit,
3506 4333 3568 4380 ut

1987 4425 2228 4496 reliquiae
2272 4423 2434 4479 salvae
2472 4422 2623 4477 fiant.
2673 4419 2826 4487 Quod
2872 4419 3004 4473 mihi
3045 4417 3263 4472 videtur
3305 4416 3408 4472 sibi
3445 4431 3568 4472 esse

1986 4514 2319 4572 contrarium
2347 4530 2362 4566 :
2387 4512 2433 4567 si
2463 4511 2610 4567 enim
2644 4508 2934 4579 complevit
2961 4507 3200 4564 furorem
3226 4522 3400 4571 suum,
3434 4521 3568 4576 quo.

1988 4605 2148 4660 modo
2171 4602 2426 4659 sustinuit
2448 4617 2517 4657 ne
2546 4600 2874 4671 compleret?

2065 4718 2083 4750 ι
2122 4697 2345 4752 Effunde
2397 4697 2532 4768 (sive
2553 4693 2769 4768 effudit)
2815 4708 2976 4764 super
3010 4692 3293 4764 parvulum
3328 4688 3568 4746 furorem

1994 4810 2014 4844 ι
2046 4787 2276 4863 [foris],
2318 4793 2373 4844 et
2418 4802 2581 4857 super
2621 4787 2908 4843 concilium
2943 4786 3201 4858 iuvenum
3251 4782 3430 4840 simul.
3473 4782 3570 4838 Vir

1995 4901 2015 4934 ¢
2043 4881 2185 4936 enim
2214 4894 2339 4935 cum
2374 4877 2599 4934 muliere
2625 4878 2891 4948 capietur,
2920 4890 3086 4932 senex
3115 4889 3240 4930 cum
3265 4874 3425 4943 pleno
3455 4873 3568 4928 die-

1992 4992 2011 5024 ι
2048 4988 2185 5026 rum.
2221 4971 2289 5025 Et
2314 4969 2618 5026 transibunt
2645 4971 2833 5025 domos
2873 4984 3060 5024 eorum
3089 4966 3157 5021 ad
3187 4964 3405 5029 alteros,
3451 4964 3565 5033 agri

1993 5080 2013 5114 ι
2040 5070 2096 5116 et
2125 5075 2321 5117 uxores
2357 5059 2580 5129 pariter.
2602 5077 2622 5110 ι
2649 5059 2746 5113 Vel
2782 5059 3042 5128 propheta
3076 5055 3320 5126 przecipit
3361 5055 3416 5108 in
3456 5053 3570 5125 spi-

1989 5156 2097 5208 ritu
2126 5152 2360 5208 venienti
2396 5151 2672 5216 Cbaldzeo,
2718 5160 2777 5206 ut
2803 5149 3041 5205 effundat
3073 5148 3309 5203 furorem
3352 5145 3566 5202 Domini

1991 5260 2154 5314 super
2176 5243 2444 5314 parvulos,
2479 5251 2536 5297 et
2563 5242 2794 5296 innoxiae
2814 5254 3025 5310 quoque
3057 5254 3164 5293 non
3189 5246 3377 5308 parcat
3395 5238 3563 5304 aetati,

1989 5335 2075 5390 vel
2100 5342 2247 5389 certe
2286 5340 2473 5386 narrat
2497 5331 2625 5402 quid
2655 5330 2856 5385 factum
2884 5329 2953 5384 sit
2978 5343 3141 5398 super
3168 5328 3454 5384 concilium
3479 5328 3569 5399 ju-

1988 5439 2185 5480 venum
2216 5422 2398 5487 simul,
2441 5422 2533 5492 qui
2563 5423 2631 5476 ad
2671 5419 3075 5491 repugnandum
3105 5434 3253 5474 arma
3292 5419 3568 5490 corripue-

1987 5522 2132 5570 rant.
2167 5511 2262 5566 \'ir
2302 5512 2448 5566 enim
2475 5526 2597 5567 cum
2631 5525 2802 5566 uxore
2843 5510 3106 5580 capietur,
3146 5509 3457 5564 dulcissima
3487 5511 3568 5565 in-

1987 5613 2073 5659 ter
2099 5617 2157 5657 se
2179 5601 2398 5657 nomina
2447 5601 2654 5671 pariter
2691 5601 2925 5657 sentient
2961 5600 3329 5670 captivitatem
3357 5614 3373 5655 :
3400 5615 3566 5659 senex

1987 5709 2110 5750 cum
2140 5692 2298 5762 pleno
2340 5692 2573 5747 dierum.
2614 5692 2756 5764 Ergo
2790 5699 3042 5747 senectus
3076 5707 3183 5747 non
3212 5702 3297 5748 est
3322 5700 3456 5748 aetas
3487 5693 3569 5747 ul.

1987 5786 2137 5853 tima,
2163 5786 2255 5841 sed
2296 5799 2483 5840 eorum
2509 5785 2599 5856 qui
2625 5794 2750 5846 sunt
2779 5784 2919 5855 pleni
2952 5786 3182 5852 dierum,
3211 5801 3349 5857 quos
3379 5794 3567 5844 nostra
