4022 6186
357 358 462 416 8'59

1001 363 1062 417 Β.
1103 361 1356 418 [MBAN]
1394 363 1613 421 MAURI
1652 361 1972 419 ARCHI‘EP.
2009 359 2323 421 MOGUNT.
2363 361 2651 420 OPER’UM
2691 363 2872 418 PARS
2907 365 2994 420 Ill.

3541 367 3643 424 860

363 487 383 520 ι
418 471 489 527 cii
517 471 625 542 (rel
662 472 1085 545 mendacibus),
1117 489 1240 544 qua:
1280 490 1388 530 non
1417 475 1716 544 proderunt
1743 474 1900 530 vobis
1923 491 1936 503 °
1971 475 2018 534 Α
2051 492 2070 524 ι
2102 481 2158 528 et
2191 472 2310 528 loco
2339 486 2500 543 quem
2530 473 2652 529 dedi
2683 474 2836 531 vobis
2869 483 2923 528 et
2961 473 3206 543 patribus
3235 475 3466 541 vestris,
3507 477 3647 532 sicut

363 581 384 614 ι
426 561 615 630 furari,
653 566 938 631 occidere,
972 567 1298 633 adulterari,
1336 567 1525 636 iurare
1577 566 1942 632 mendaciter,

363 671 383 705 ι
421 653 593 710 libare
635 653 862 718 Baalim,
886 665 941 711 et
978 657 1058 712 ire
1081 666 1212 727 post
1232 658 1362 713 deos
1383 658 1610 724 alienos,
1631 673 1769 728 quos
1790 657 1945 728 igno-

363 767 382 798 ι
423 749 574 804 ratis.
622 748 690 803 Et
735 749 983 814 venistis,
1016 758 1071 803 et
1101 750 1333 805 stetistis
1361 763 1546 805 coram
1587 765 1675 806 me
1701 751 1755 806 in
1786 752 1947 806 domo

365 857 382 890 t
419 839 546 902 bac,
586 841 638 894 in
679 857 783 910 qua
813 841 1119 897 invocatum
1150 851 1232 899 est
1269 858 1464 898 nomen
1489 859 1689 909 meum,
1718 853 1773 899 et
1803 843 1948 899 dixi-

368 951 386 982 α
425 933 557 988 slis:
587 932 827 988 Liberati
857 948 1044 989 sumus
1075 933 1201 1006 (sive
1231 935 1570 1010 desivimus),
1599 950 1666 991 eo
1698 935 1841 1005 quod
1872 935 1950 990 fe-

364 1041 383 1074 c
417 1023 654 1078 cerimus
679 1036 870 1079 omnes
897 1023 1332 1080 abominationes
1361 1026 1512 1082 istas.
1550 1046 1568 1078 ι
1599 1025 1824 1082 Frustra
1851 1039 1949 1081 eos

358 1115 414 1169 in
441 1115 640 1186 templo
688 1113 892 1171 habere
941 1115 1230 1182 fiduciam,
1283 1117 1565 1187 sequentia
1599 1123 1822 1188 peccata
1855 1117 1950 1172 de-

357 1215 686 1262 monstrant.
719 1207 858 1274 Quid
909 1207 1052 1262 enim
1083 1209 1304 1278 prodest
1338 1209 1596 1264 audacter
1638 1209 1847 1280 ingredi
1884 1207 1948 1263 li-

365 1315 490 1355 men
514 1301 706 1356 domus
734 1300 851 1362 Dei,
881 1311 1065 1356 erecta
1095 1301 1307 1356 cervice
1333 1308 1503 1368 stare,
1548 1307 1604 1356 et
1639 1316 1747 1356 non
1773 1300 1945 1356 solum

360 1409 475 1457 eor,
510 1394 604 1450 sed
627 1401 681 1448 et
707 1409 900 1448 manus
925 1393 1126 1449 habere
1149 1393 1416 1463 pollutas:
1445 1391 1612 1458 furto,
1629 1391 1944 1458 homicidio,

360 1483 649 1548 adulterio,
678 1484 940 1554 perjurio,
970 1485 1287 1556 sacrilegio,
1333 1493 1383 1539 et
1421 1483 1570 1540 cultu
1597 1498 1784 1539 eorum
1819 1483 1948 1538 deo-

359 1593 504 1642 rum,
535 1591 672 1648 quas
696 1578 941 1633 nescias?
972 1577 1097 1633 Haec
1143 1577 1460 1648 spiritaliter
1493 1577 1740 1634 accidere
1763 1576 1815 1631 in
1845 1575 1948 1631 Ec-

358 1667 525 1722 clesia
578 1681 738 1722 nemo
789 1667 1035 1723 dubitat:
1085 1667 1301 1736 quando
1353 1666 1636 1736 praesentis
1687 1663 1946 1736 temporis

359 1757 768 1814 considerantes
793 1756 1132 1824 felicitatem,
1167 1773 1264 1814 sua
1283 1767 1508 1828 peccata
1531 1772 1639 1812 non
1665 1762 1937 1827 reputant,

2051 584 2072 618 ι
2103 565 2208 621 feci
2235 564 2347 623 Silo
2373 583 2386 620 :
2421 574 2477 621 et
2500 566 2784 638 projiciam
2815 582 2912 621 vos
2941 584 2973 621 a
3005 565 3144 622 facie
3173 581 3316 632 mea,
3349 568 3494 622 sicut
3519 583 3646 639 pre-

2050 674 2070 708 r
2096 654 2204 726 jeci
2231 671 2420 712 omnes
2451 656 2647 712 fratres
2677 665 2888 712 vestros
2915 658 3229 712 universum
3261 672 3450 714 semen
3481 658 3648 716 Israel

2051 767 2070 800 ι
2106 748 2240 822 [Αι.,
2265 747 2570 820 Epliraim].
2597 768 2616 801 ι
2645 747 2760 803 Hoc
2791 750 2936 818 quod
2965 749 3247 820 posuimus
3273 767 3293 800 ι
3321 765 3488 806 mane
3512 766 3650 806 eon-

2046 854 2273 910 surgens
2310 848 2367 895 et
2398 839 2645 908 loquens,
2681 857 2701 891 ι
2755 839 2809 892 in
2854 839 3209 910 Septuaginta
3239 852 3346 894 non
3384 839 3642 896 habetur.

2047 930 2200 986 Mane
2241 939 2423 986 autem
2465 930 2745 1002 consurgit
2803 930 2970 996 Deus,
3015 945 3122 984 non
3165 945 3272 1001 quo
3331 930 3554 1002 aliquod
3595 932 3650 986 ei

2047 1030 2261 1092 tempus
2305 1023 2510 1093 absque
2555 1021 2793 1078 diluculo
2841 1021 2952 1100 sit,
3009 1021 3103 1076 sed
3148 1036 3258 1091 quo
3296 1029 3425 1090 post
3467 1022 3650 1077 noctis

2046 1117 2285 1187 quietem
2318 1117 2524 1172 viribus
2557 1117 2876 1187 corporibus
2911 1105 3264 1179 instauratis,
3310 1114 3496 1168 anima
3543 1115 3646 1168 ho-

2007 1209 2255 1262 -miuum
2306 1208 2549 1279 vegetior
2595 1208 2704 1274 sit,
2768 1215 2824 1262 et
2873 1221 3216 1277 nequaquam
3267 1206 3644 1276 voluptatibus

2047 1305 2328 1367 occupata,
2361 1296 2578 1368 cibique
2606 1297 2892 1359 desiderio,
2927 1296 3116 1351 audire
3143 1305 3199 1351 et
3227 1294 3408 1350 facere
3433 1295 3641 1361 valeat,

2047 1405 2170 1459 quae
2198 1388 2472 1444 dicuntur.
2534 1388 2686 1444 Unde
2729 1396 2786 1442 et
2831 1387 2960 1442 illud
3009 1387 3064 1442 in
3114 1387 3322 1457 psalmo
3367 1387 3640 1456 legimus:

2053 1496 2072 1528 ι
2105 1477 2261 1533 Mane
2290 1478 2550 1534 exaudies
2579 1493 2767 1534 vocem
2789 1491 2973 1532 meam
2994 1517 3009 1542 ,
3051 1492 3210 1532 mane
3238 1477 3432 1531 astabo
3461 1477 3557 1531 tibi
3587 1485 3649 1531 et

2045 1570 2239 1626 videbo
2276 1567 2447 1643 (Psal.
2481 1569 2558 1644 v).
2595 1591 2614 1624 ι
2673 1570 2740 1625 Et
2783 1569 2838 1624 in
2885 1569 3064 1624 lsaia:
3117 1588 3138 1621 r
3183 1569 3260 1623 De
3307 1577 3470 1625 nocte
3516 1569 3649 1641 (sive

2047 1657 2308 1731 diluculo)
2365 1666 2658 1731 consurget
2703 1658 2931 1730 spiritus
2980 1674 3136 1714 meus
3185 1659 3256 1714 ad
3309 1667 3401 1724 te,
3455 1659 3642 1725 Deus,

2046 1750 2303 1819 quoniam
2326 1749 2417 1804 lux
2439 1757 2710 1820 prmcepta
2733 1757 2824 1804 tua
2850 1763 3014 1819 super
3036 1757 3235 1804 terram
3260 1747 3393 1820 (Isa.
3419 1750 3595 1818 xxvi).
3617 1768 3642 1802 ι

359 1858 414 1904 et
442 1849 611 1905 latere
632 1849 969 1904 arbitrantur
994 1849 1329 1920 Deum,quia
1361 1864 1467 1904 non
1495 1849 1678 1904 statim
1706 1848 1943 1903 vindicta

2053 1839 2204 1896 Unde
2231 1848 2286 1896 et
2315 1840 2453 1897 filios
2478 1841 2615 1896 lucis
2642 1839 2844 1896 Paulus
2869 1840 3144 1912 apostolus
3174 1841 3644 1912 appellat(Epha.

361 1942 750 2012 consequitur:
803 1941 935 2012 quin
986 1941 1170 2012 potius
1219 1943 1271 1996 in
1321 1949 1530 1996 tantam
1586 1947 1949 2012 prorumpunt

359 2032 675 2096 amentiam,
713 2039 771 2086 ut
808 2031 1066 2088 liberatos
1102 2047 1163 2088 se
1189 2039 1410 2102 putant,
1457 2031 1582 2102 quia
1628 2039 1753 2102 post
1803 2029 1947 2086 mala

356 2138 522 2196 opera
552 2125 714 2178 etiam
742 2138 772 2178 a
801 2122 948 2179 cultu
977 2123 1189 2178 Domini
1224 2131 1586 2179 recesserunt.

433 2233 452 2266 ι
480 2213 728 2285 Nunquid
759 2229 889 2287 ergo
911 2214 1162 2284 spelunca
1191 2214 1460 2270 latronum
1485 2213 1625 2269 facta
1653 2222 1738 2269 cst
1760 2215 1950 2269 domus

362 2327 380 2360 ι
407 2302 516 2364 ista
545 2307 670 2380 (sire
698 2307 865 2378 mea),
884 2307 938 2362 in
963 2324 1066 2377 qua
1095 2309 1401 2363 invocatum
1431 2316 1514 2363 est
1542 2323 1738 2362 nomen
1768 2323 1947 2362 meum

362 2416 380 2450 ι
417 2397 470 2452 in
513 2397 686 2453 oculis
733 2397 952 2453 vestris.
1013 2397 1144 2469 Ego,
1203 2413 1302 2469 ego
1349 2413 1492 2463 sum,
1533 2411 1634 2468 ego
1656 2396 1788 2461 vidi,
1819 2396 1951 2452 dicit

365 2508 383 2542 ‹
417 2487 698 2545 Dominus.
735 2508 754 2542 i
813 2489 892 2544 De
933 2488 1038 2544 hoc
1085 2488 1205 2542 loco
1253 2488 1381 2542 illud
1429 2488 1482 2543 in
1526 2487 1817 2560 Evangelio
1856 2503 1946 2543 as-

359 2587 632 2648 sumptum
663 2585 813 2648 puto,
837 2578 927 2633 ubi
959 2579 1033 2632 ita
1063 2579 1324 2648 scriptum
1349 2588 1470 2635 est:
1503 2599 1522 2630 ‹
1551 2579 1754 2634 Domus
1781 2579 1949 2649 patris

358 2669 499 2733 mei,
540 2669 734 2724 domus
763 2668 1030 2724 orationis
1053 2669 1359 2735 vocabitur,
1395 2685 1492 2724 vos
1525 2678 1704 2724 autem
1743 2669 1948 2725 fecistis

357 2775 476 2814 eam
505 2759 818 2830 speluncam
853 2759 1124 2816 latronum
1155 2759 1370 2833 (Matth.
1400 2760 1553 2831 xxi);
1586 2781 1604 2814 ι
1642 2762 1774 2827 sive,
1806 2762 1945 2816 utin

355 2849 464 2906 alio
495 2850 786 2922 Evangelia
814 2852 1075 2922 scriptum
1104 2861 1187 2907 est
1211 2869 1224 2906 :
1256 2871 1274 2904 ι
1306 2851 1537 2908 Domum
1565 2853 1948 2926 negotiationis

359 2943 542 3013 (Joan.
567 2942 650 3016 ιι).
675 2963 693 2996 ι
730 2943 973 3000 Ecclesia
997 2943 1092 2999 Dei
1115 2944 1344 3000 vertitur
1369 2945 1423 3000 in
1449 2943 1760 3015 speluncam
1783 2943 1950 3001 latro-

2047 1936 2126 2006 v),
2151 1943 2208 1991 et
2233 1951 2340 1992 non
2366 1936 2544 1992 noctis
2567 1951 2743 2008 neque.
2769 1935 3134 1998 tenebrarum,
3163 1951 3262 1991 nec
3287 1935 3646 2001 dormientes,

2047 2027 2184 2083 sicut
2231 2036 2289 2083 et
2334 2027 2519 2083 caueri
2550 2027 2926 2094 dormierunt,
2969 2027 3060 2098 qui
3101 2027 3196 2083 Dei
3239 2027 3493 2082 mandata
3537 2043 3646 2084 non

2047 2121 2308 2176 sentiunt.
2342 2119 2480 2188 Quia
2509 2120 2675 2192 igitur
2702 2121 2847 2176 Deus
2871 2121 3084 2176 vocavit
3111 2135 3208 2176 eos
3233 2119 3301 2176 de
3326 2129 3489 2176 nocte
3516 2135 3647 2175 con-

2047 2230 2298 2286 surgens,
2327 2225 2388 2270 ut
2414 2223 2471 2271 et
2501 2215 2648 2286 ipsos
2677 2214 2743 2270 de
2768 2214 3012 2270 tenebris
3033 2213 3317 2279 liberaret,
3341 2213 3648 2268 commina-

2050 2317 2138 2364 tur
2165 2309 2246 2364 eis
2275 2307 2472 2364 similia
2503 2323 2564 2363 se
2597 2322 2715 2364 esse
2745 2307 3014 2362 facturum
3047 2305 3246 2378 templo
3287 2306 3344 2360 in
3388 2304 3646 2360 Hieroso-

2049 2401 2211 2473 lymis
2231 2417 2350 2472 qua:
2373 2400 2505 2457 fecit
2533 2400 2650 2457 loco
2672 2399 2786 2456 Silo
2808 2399 2857 2473 (Ι
2882 2397 3008 2470 Reg.
3035 2415 3088 2454 tv
3109 2409 3155 2453 et
3179 2398 3262 2470 v),
3289 2398 3381 2454 ubi
3407 2399 3644 2469 primurn

2047 2490 2151 2546 fuit
2179 2490 2618 2554 tabernaculum,
2661 2498 2720 2545 ut
2745 2497 2965 2560 peccata
2995 2488 3193 2544 similia
3225 2489 3342 2559 pari
3373 2488 3644 2544 sententia

2048 2580 2333 2637 feriantur.
2400 2581 2466 2635 Et
2512 2581 2781 2651 quomodo
2837 2578 3067 2650 projecit
3139 2578 3402 2634 Dominus
3451 2593 3640 2632 semen

2047 2671 2338 2742 Ephraim,
2386 2671 2439 2725 id
2485 2679 2604 2737 est,
2656 2671 2846 2726 decem
2894 2670 3090 2735 tribus,
3141 2685 3263 2739 qum
3305 2669 3648 2723 vocabantur

2047 2762 2230 2828 lsrael,
2247 2770 2301 2819 et
2321 2763 2590 2818 habebant
2605 2762 2876 2832 principes
2891 2770 3111 2832 propter
3127 2759 3452 2816 Uieroboam
3475 2759 3645 2814 filium

2047 2854 2258 2911 Nabath
2287 2857 2353 2911 de
2384 2855 2528 2911 tribu
2560 2855 2849 2925 Ephraim,
2888 2869 3009 2926 qua:
3038 2853 3230 2910 eadem
3266 2852 3645 2924 appellabatur

2050 2947 2222 3003 tribus
2245 2945 2446 3020 Joseph
2471 2965 2486 3002 :
2519 2947 2599 3003 sic
2625 2947 2789 3002 etiam
2819 2945 3156 3002 Hierusalem
3183 2952 3237 3000 et
3269 2944 3472 2999 tribum
3501 2941 3639 2998 Juda

357 3050 510 3101 num,
539 3035 757 3104 quando
788 3034 962 3101 furta,
995 3034 1287 3092 homicidia
1307 3076 1322 3101 ,
1355 3035 1652 3102 adulteria,
1686 3034 1944 3108 periuria,
2047 3053 2171 3093 eum
2200 3035 2484 3107 Beniamin
2517 3053 2575 3093 se
2604 3036 2940 3108 abjeeturum
2963 3051 3093 3112 esse
3123 3043 3374 3092 testatur.
3431 3032 3645 3104 Abiecit

358 3127 735 3198 sacrilegium,
780 3127 1054 3186 haereseos
1099 3129 1442 3195 adinventio,
1484 3136 1539 3184 et
1575 3129 1754 3184 omnia
1791 3128 1844 3182 in
1880 3143 1944 3184 ea
1966 3183 2016 3202 Λ
2050 3129 2214 3202 igitur
2245 3128 2390 3195 Silo,
2436 3129 2746 3199 ahjecturns
2779 3137 2838 3185 et
2872 3128 3169 3200 templum;
3213 3127 3414 3196 abjecit
3452 3128 3640 3183 decem

359 3219 562 3275 scelera
593 3227 898 3286 versantur,
925 3219 1144 3290 quando
1168 3220 1411 3274 avaritiae
1440 3218 1650 3275 facibus
1674 3217 1947 3288 principes
1973 3217 2018 3245 υ
2051 3223 2223 3278 tribus
2245 3263 2260 3288 ,
2315 3223 2624 3294 abjecturus
2673 3231 2728 3277 et
2778 3224 2932 3278 duas.
2989 3221 3260 3291 Quidquid
3313 3221 3391 3275 illi
3439 3221 3643 3292 popqu

360 3298 743 3366 inardescunt:
777 3319 833 3366 et
857 3325 1043 3382 regum
1071 3311 1346 3382 quondam
1373 3327 1526 3381 opes,
1547 3310 1654 3366 vile
1679 3319 1773 3366 aut
1799 3319 1948 3367 certe
2049 3305 2672 3388 dicitur,'intclligamus
2718 3323 2774 3372 et
2819 3315 2886 3371 tle
2931 3314 3119 3381 nobis,
3163 3313 3210 3369 si
3251 3313 3456 3369 similia
3496 3315 3640 3370 fece-

361 3415 466 3456 non
511 3401 614 3457 vile
657 3401 929 3473 palliolum
976 3403 1234 3472 possidet.
1290 3401 1442 3459 Unde
1486 3400 1650 3458 infert
1692 3420 1705 3456 :
1748 3420 1768 3454 ‹
1798 3403 1943 3475 Ego,

359 3505 461 3561 ego
490 3506 634 3554 sum,
665 3506 766 3561 ego
793 3490 936 3558 vidi,
968 3491 1100 3546 dicit
1129 3491 1422 3557 Dominus;
1451 3510 1470 3542 ι
1509 3490 1616 3547 mei
1647 3490 1788 3546 oculi
1817 3506 1946 3547 conc

362 3579 605 3650 templati
637 3588 792 3644 sunt,
829 3581 974 3652 quod
1002 3596 1100 3637 vos
1127 3582 1330 3650 putatis
1357 3580 1629 3638 occultum
1653 3598 1668 3636 :
1712 3582 1947 3638 teuebra:

360 3670 742 3728 thesaurorum
768 3685 942 3727 meam
961 3685 1078 3726 'non
1109 3670 1321 3742 fugiunt
1344 3672 1730 3728 conscientiam
1758 3687 1772 3728 :
1799 3692 1817 3724 ι
1843 3673 1944 3741 Qui

313 3767 318 3774 '
361 3778 484 3818 cum
532 3747 683 3818 dives
729 3771 914 3830 esset,
965 3779 1062 3835 pro
1094 3763 1250 3820 nobis
1277 3780 1484 3836 pauper
1525 3763 1700 3820 factus
1743 3773 1828 3820 est
1857 3765 1946 3838 (ΙΙ

359 3851 482 3908 Cor.
529 3853 668 3920 vni),
701 3873 720 3906 ι
781 3870 924 3911 nunc
970 3855 1022 3910 in
1075 3855 1277 3910 nostris
1327 3855 1532 3912 divitiis
1575 3856 1848 3912 erubescit
1889 3865 1946 3912 et

357 3945 518 4002 dicit:
545 3964 564 3998 ‹
586 3944 680 4002 Vae
699 3946 854 4003 vobis
873 3946 1150 4014 divitibus,
1171 3946 1263 4018 qui
1289 3947 1500 4004 habetis
1521 3947 1943 4004 consolationem

357 4047 591 4093 vestram
619 4035 772 4110 (Luc.
800 4037 897 4110 vr).
935 4057 953 4091 ι
1447 4045 1456 4050 ’

433 4145 453 4178 ι
471 4127 558 4183 'ite
583 4129 650 4182 ad
677 4126 855 4183 locum
885 4141 1062 4184 meum
1091 4128 1144 4184 in
1173 4127 1308 4196 Silo,
1333 4128 1423 4183 ubi
1443 4128 1718 4184 habitavit
1746 4143 1942 4185 nomen

363 4238 382 4270 ι
419 4233 596 4273 meum
617 4233 648 4273 a
669 4219 956 4290 principio,
979 4228 1036 4275 et
1056 4219 1234 4276 videte
1258 4234 1379 4291 qua:
1407 4217 1627 4275 fecerim
1649 4219 1698 4274 ei
1725 4228 1944 4291 propter

369 4329 387 4361 ι
424 4309 684 4366 malitiam
713 4310 894 4382 pepuli
925 4311 1030 4366 mei
1058 4310 1244 4383 Israel.
1278 4331 1298 4363 ι
1353 4309 1432 4366 Es
1463 4311 1754 4382 praeteritis
1781 4313 1943 4368 docet

361 4401 664 4471 przesentia,
680 4408 738 4456 et
747 4401 1051 4458 dicentibus
1067 4419 1080 4455 :
1106 4420 1124 4453 ι
1137 4399 1416 4473 Templum
1431 4401 1940 4472 Domini,'templum

364 4491 595 4557 Domini,
618 4491 875 4562 templum
893 4491 1128 4560 Domini,
1151 4513 1170 4546 ι
1188 4502 1238 4548 et
1257 4492 1507 4563 pretiosa:
1524 4493 1715 4549 domus
1735 4492 1965 4569 fulgore.‘

349 4581 885 4651 .gaudeutibus,'Sil0,
904 4583 992 4638 ubi
1014 4583 1248 4652 primum
1269 4581 1369 4638 fuit
1385 4583 1792 4638 tabernacu1um
1814 4583 1934 4650 Dei,

363 4670 673 4724 recordatur
701 4671 966 4736 liistorize,
999 4674 1064 4728 de
1092 4687 1197 4743 qua
1220 4673 1272 4728 in
1299 4673 1511 4743 psalmo
1530 4674 1791 4744 scriptum
1816 4682 1932 4729 est:

365 4782 384 4813 ι
416 4762 484 4816 Et
515 4761 712 4831 repulit
741 4764 1150 4819 tabernaculum
1179 4763 1291 4821 Silo
1315 4763 1487 4838 (Paul.
1513 4778 1724 4832 vavu;
1752 4765 1778 4819 I
1804 4762 1934 4836 Reg.

359 4858 471 4929 tv),
513 4878 532 4910 ι
570 4866 629 4912 ut
653 4857 920 4928 quomodo
965 4859 1054 4914 ille
1097 4859 1247 4916 locus
1291 4861 1345 4914 in
1388 4859 1578 4915 ruinas
1618 4860 1936 4928 cineresque

357 4951 625 5021 collapsus
657 4956 772 5015 est,
811 4949 885 5004 ita
912 4958 967 5006 et
997 4950 1251 5022 templum
1280 4959 1498 5006 corruat
1526 4965 1649 5006 cum
1681 4951 1936 5006 similium

356 5038 521 5094 fuerit
549 5039 814 5095 habitatio
841 5047 1202 5110 peccatorum.
1236 5039 1390 5095 Sicut
1419 5038 1582 5110 igitur
1609 5038 1720 5093 Silo
1751 5038 1936 5109 templi

355 5129 662 5201 exemplum
690 5136 774 5186 est
799 5170 814 5195 ,
863 5130 936 5185 ita
983 5129 1237 5202 templum
1268 5130 1442 5196 nobis,
1473 5129 1689 5200 quando
1726 5137 1938 5198 tempus

357 5221 638 5276 advenerit
685 5221 828 5278 illius
880 5221 1210 5277 testimonii:
1255 5241 1272 5272 ε
1310 5220 1478 5276 Putas
1524 5221 1746 5276 veniens
1798 5219 1938 5276 filius

358 5307 610 5379 hominis,
637 5312 874 5369 inveniet
898 5314 1055 5370 fidem
1084 5329 1245 5384 super
1268 5313 1504 5368 terram?
1528 5293 1679 5383 (Luc'.
1709 5311 1883 5382 xviii.)
1913 5331 1929 5362 ι

433 5421 453 5455 ‹
484 5403 552 5458 Et
591 5420 734 5460 nunc
775 5407 899 5476 quia
945 5405 1153 5462 fecistis
1189 5403 1372 5459 omnia
1405 5417 1570 5474 Opera
1609 5404 1756 5465 lucc,
1805 5401 1935 5456 dicit

364 5509 384 5543 ι
412 5490 693 5562 Dominus,
716 5504 770 5552 et
798 5497 1008 5553 locutus
1036 5513 1154 5553 sum
1179 5497 1247 5552 ad
1274 5510 1555 5552 v05°manc
1577 5507 1928 5560 consurgens,

365 5601 384 5636 ι
418 5591 473 5638 et
498 5583 744 5654 loquens,
774 5599 830 5642 et
859 5605 964 5644 non
1001 5590 1268 5645 audistis:
1307 5596 1362 5643 et
1391 5586 1574 5643 vocavi
1606 5602 1700 5641 vos
1737 5593 1793 5639 et
1825 5601 1928 5640 non

367 5693 388 5734 ι
420 5680 768 5746 respondistis
793 5701 806 5738 :
837 5683 1030 5739 faciam
1057 5685 1237 5740 domui
1265 5685 1391 5740 huic
1417 5685 1469 5738 in
1497 5699 1600 5754 qua
1625 5684 1930 5738 invocatum

361 5784 388 5829 ι
421 5775 505 5823 est
531 5783 722 5826 nomen
754 5788 950 5843 meum,
983 5783 1035 5830 et
1064 5775 1116 5830 in
1147 5791 1250 5848 qua
1279 5791 1372 5832 vos
1401 5776 1610 5834 habetis
1644 5775 1890 5831 fiduciam
1910 5815 1925 5842 ,

2047 3421 2240 3462 rimus.
3310 3437 3336 3465 κ

2123 3512 2142 3546 ι
2179 3491 2260 3550 Tu
2289 3509 2418 3566 ergo
2438 3495 2548 3552 noli
2575 3509 2737 3553 orare
2767 3495 3088 3569 propopulo
3107 3496 3232 3560 hoc,
3261 3509 3365 3550 nec
3389 3509 3641 3551 assumas

2051 3603 2071 3638 ι
2104 3603 2205 3658 pro
2247 3588 2329 3644 eis
2378 3588 2590 3644 laudem
2631 3597 2688 3643 et
2731 3590 3031 3645 orationem
3073 3587 3207 3662 (sive
3237 3603 3340 3643 nec
3381 3603 3540 3660 roges
3579 3597 3641 3642 ut

2050 3695 2070 3730 ι
2106 3679 2534 3735 misericordiam
2567 3679 2985 3750 consequatur):
3015 3687 3071 3734 et
3105 3693 3209 3734 non
3235 3677 3474 3733 obsistas
3501 3678 3638 3733 mihi

2049 3785 2070 3821 ε
2105 3769 2230 3840 quia
2262 3783 2371 3825 non
2403 3769 2690 3826 exaudiam
2713 3778 2792 3826 te.
2821 3787 2846 3822 ν
2886 3768 2965 3826 Ne
2997 3770 3246 3825 videatur
3281 3781 3484 3837 rogans
3510 3785 3639 3840 pro-

2041 3861 2206 3932 pheta
2253 3875 2360 3916 non
2414 3861 2706 3932 impetrare
2735 3861 2879 3931 quod
2924 3860 3179 3932 postulat,
3215 3859 3463 3930 pra-cipit
3481 3859 3638 3916 Deus

2042 3966 2112 4007 ne
2139 3967 2237 4022 pro
2260 3941 2456 4024 populi)
2492 3960 2799 4024 peccatore,
2825 3960 2878 4008 et
2907 3952 3108 4007 nullam
3139 3959 3334 4023 agente
3357 3951 3633 4022 pmniten-

2033 4044 2192 4109 ‘tiam,
2217 4045 2555 4114 deprecetur.
2591 4045 2753 4112 'Quoil
2801 4051 2982 4100 autem
3013 4043 3143 4099 dicit
3175 4061 3189 4097 :
3228 4061 3248 4094 ι
3285 4043 3354 4098 Et
3387 4059 3498 4098 non
3539 4059 3635 4098 re-

2040 4134 2202 4189 sistas
2245 4134 2400 4200 milii,
2445 4133 2576 4189 illud
2619 4134 2859 4190 ostendit
2899 4134 3040 4204 quod
3077 4141 3390 4190 sanctorum
3433 4147 3632 4204 preces

2031 4225 2140 4281 'irat
2165 4223 2262 4282 Dei
2285 4225 2500 4297 possint
2527 4225 2805 4280 resistere.
2833 4223 2992 4282 Unde
3013 4231 3068 4280 et
3102 4223 3340 4294 loquitur
3367 4223 3636 4282 Dominus

2039 4317 2108 4374 ad
2137 4317 2360 4390 Moysen
2399 4331 2414 4372 :
2455 4335 2475 4370 ι
2527 4317 2748 4373 Dimitte
2785 4331 2874 4372 me
2923 4325 2982 4372 ut
3025 4316 3328 4387 percutiam
3370 4318 3632 4388 populant

2039 4409 2225 4475 istum,
2287 4417 2344 4464 et
2403 4406 2598 4463 faciam
2656 4414 2708 4462 te
2760 4407 3072 4482 ingentem
3122 4419 3371 4477 magnam
3427 4406 3630 4479 (Exod.

2044 4497 2239 4570 xxxu).
2284 4517 2304 4550 ι
2339 4496 2408 4553 Et
2447 4496 2502 4551 in
2549 4495 2779 4552 Psalmis
2814 4495 3115 4552 scribitur:
3153 4514 3172 4547 ε
3209 4495 3277 4550 Et
3319 4495 3474 4551 stetit
3503 4495 3634 4552 Plii-

2041 4603 2170 4646 nees
2195 4589 2530 4660 etiplaeavit,
2549 4597 2618 4645 et
2645 4591 2881 4646 cessavit
2905 4589 3204 4659 quassatio,
3227 4597 3283 4646 et
3319 4599 3631 4660 reputatum

2037 4690 2119 4738 est
2165 4681 2240 4736 illi
2270 4682 2338 4737 ad
2379 4680 2649 4750 justitiam
2679 4681 2854 4753 (-Psal.
2885 4682 2997 4754 cv).
3027 4703 3055 4736 a
3087 4683 3262 4738 Aaron
3289 4698 3508 4754 quoque
3537 4699 3634 4738 ar-

2041 4780 2195 4843 repto
2225 4771 2501 4826 thurihulo
2539 4771 2681 4826 inter
2723 4771 2903 4843 ignem
2953 4787 3314 4842 arsurumque
3366 4773 3630 4843 populum

2041 4863 2254 4918 medius
2286 4861 2459 4929 stetit,
2491 4870 2547 4918 et
2568 4861 2669 4918 Dei
2701 4861 2780 4916 ira
2813 4861 3046 4918 cessavit
3075 4860 3264 4933 (Nam.
3297 4861 3433 4933 xvi).
3489 4863 3630 4918 [line

2042 4953 2097 5008 in
2125 4953 2262 5010 lsaia
2297 4953 2494 5024 legitur
2526 4971 2540 5006 :
2571 4967 2598 5004 'r
2642 4952 3016 5009 Fundamenta
3054 4955 3421 5024 generationis
3447 4965 3505 5010 et
3535 4969 3630 5026 ge-

2039 5045 2334 5101 nerationis
2387 5044 2698 5110 suscitahis,
2755 5053 2812 5100 et
2865 5044 3148 5100 vocaberis
3195 5045 3496 5101 mdificator
3541 5064 3630 5102 se-

2039 5138 2206 5208 pium,
2235 5143 2557 5192 convertens
2583 5137 2807 5192 semitas
2851 5137 2906 5191 in
2935 5137 3172 5207 quietem
3203 5136 3338 5210 (Ira.
3384 5141 3560 5212 LVIII).
3599 5160 3620 5192 ο

2041 5225 2309 5298 (Hieron)
2342 5225 2445 5282 Pro
2473 5245 2491 5278 ι
2529 5225 2858 5280 :edllicatore
2903 5225 3137 5296 septum,
3183 5247 3201 5278 ι
3233 5227 3427 5298 Aquila
3455 5229 3625 5283 inter-

2038 5323 2280 5386 pretatus
2317 5325 2402 5372 est
2453 5335 2465 5370 :
2501 5335 2518 5368 ι
2555 5317 2648 5387 qui
2677 5329 2738 5372 se
2781 5323 3017 5386 opponat
3044 5316 3137 5371 Dei
3179 5317 3474 5373 iracundia:
3518 5335 3621 5374 sa:-

2039 5410 2225 5465 vieuti.
2281 5431 2298 5462 i
2347 5411 2586 5480 Denique
2625 5409 2984 5482 Symmachus
3020 5429 3038 5462 ι
3075 5411 3375 5476 transtulit,
3406 5427 3619 5466 murum

2038 5515 2314 5572 opponens
2336 5501 2583 5566 ctetlenti,
2598 5521 2615 5552 ι
2643 5501 2829 5570 quales
2851 5500 3069 5556 fuerunt
3091 5499 3324 5573 Moyses,
3342 5510 3399 5556 et
3417 5502 3614 5565 Aaron,

2037 5600 2092 5646 et
2116 5590 2354 5656 Samuel,
2380 5591 2470 5660 qui
2495 5591 2587 5646 ira:
2615 5591 2823 5646 Domini
2857 5591 3192 5653 restiterunt,
3223 5599 3279 5645 et
3302 5592 3459 5661 quasi
3485 5591 3616 5646 aedi-

2039 5683 2197 5737 ficato
2246 5696 2400 5736 muro
2456 5680 2811 5750 indignationi
2867 5680 2984 5750 ejus
3033 5693 3261 5751 posuere
3303 5680 3610 5735 terminum.

2037 5771 2189 5842 Quod
2219 5779 2271 5826 et
2299 5769 2544 5828 Jerentiae
2574 5771 2792 5832 dicitur.
2849 5770 2926 5827 Nc
2973 5781 3224 5828 occurrat
3253 5771 3500 5838 Domino,
3547 5785 3613 5825 ne
