4022 6186
294 384 400 443 861

1221 374 1588 434 EXPOSITIO
1626 373 1855 434 SUPER
1891 371 2260 430 JEREHIAM.
2297 402 2370 417 -—
2404 372 2536 429 LIB.
2572 373 2662 431 IV.

3470 380 3576 439 869

295 502 400 559 ira:
446 497 567 568 eius
592 494 724 553 velit
750 494 1030 561 resistere,
1080 501 1140 549 et
1191 492 1614 564 indignationem
1656 492 1731 547 ita
1760 505 1883 562 pre-
1913 491 1965 551 A
1990 491 2107 546 lare
2151 490 2547 561 blasphemiam
2573 498 2629 547 et
2657 491 2881 547 verbum
2928 498 3118 547 contra
3152 491 3414 564 Spiritum
3449 510 3577 554 san-

295 590 457 648 cibus
485 587 640 660 quasi
686 586 924 657 quodam
978 599 1136 640 muro
1191 583 1581 651 intercludere;
1620 593 1677 641 et
1714 582 1887 654 Moysi

295 682 456 753 quasi
501 686 780 735 teneretur
804 678 876 732 ab
908 691 975 732 eo
1000 676 1270 731 Dominus
1303 693 1317 730 :
1354 694 1377 727 ι
1415 676 1637 731 Dimitte
1662 690 1767 739 me,
1796 675 1887 730 in-

296 776 440 842 nuit.
493 780 551 826 et
590 768 890 841 percutiam
942 767 1105 821 istum
1162 766 1417 837 populum
1463 766 1644 838 (Deut.
1700 764 1800 837 ιχ).
1860 784 1881 817 ι

297 862 612 925 Istiusmodi
649 858 949 915 mdiﬁcator
987 858 1351 912 macet-iarum
1395 871 1785 926 murorumque
1832 862 1891 910 et

299 957 515 1027 sepium
547 953 816 1011 convertit
830 950 1063 1007 semitas
1091 949 1430 1019 inquietent,
1460 955 1522 1003 ut
1547 961 1890 1019 nequaquam

298 1048 400 1105 Dei
441 1047 523 1101 ira
551 1043 828 1108 desaeviat,
864 1040 961 1096 sed
1013 1040 1260 1111 placatus
1305 1038 1376 1094 sit
1421 1038 1502 1094 eis
1530 1037 1809 1103 Dominus,
1833 1045 1891 1092 et

297 1153 495 1197 omnes
516 1133 897 1207 indignationis
918 1130 1125 1188 semitae
1146 1128 1573 1200 conquiescant?
1595 1126 1888 1182 Sciendum

301 1247 437 1290 vero
484 1240 568 1287 est
612 1228 754 1300 quod
785 1227 892 1282 duo
917 1232 1044 1281 sunt
1092 1239 1212 1294 quae
1251 1221 1524 1278 obsistunt
1551 1221 1889 1277 orationibus

296 1324 507 1383 nostris
532 1336 603 1377 ne
644 1320 1006 1377 exaudiautur
1049 1331 1080 1370 a
1108 1316 1339 1371 Domino
1368 1333 1382 1370 :
1413 1315 1518 1370 hoc
1552 1323 1660 1379 est,
1702 1313 1887 1368 incor-

297 1424 485 1473 rectus
502 1422 569 1469 ‘et
586 1425 912 1484 permanens
936 1421 1114 1472 error,
1142 1413 1196 1461 et
1214 1420 1307 1461 cor
1323 1404 1688 1474 impmnitens.
1722 1402 1890 1457 Error

299 1505 448 1563 enim
494 1503 615 1573 ipse
659 1512 936 1570 nunquam
977 1498 1191 1552 veniam
1240 1501 1625 1567 promeretur:
1658 1493 1753 1549 sed
1794 1493 1886 1564 qui

298 1611 368 1652 eo
412 1594 685 1649 veraciter
710 1590 981 1655 :caruerit,
1028 1596 1194 1659 atque
1230 1588 1298 1644 ab
1325 1585 1443 1655 ejus
1468 1585 1888 1656 participatione

298 1685 552 1749 discedit,
578 1683 791 1738 veniam
813 1679 1052 1735 habebit.
1079 1677 1330 1746 Quandiu
1351 1691 1481 1747 ergo
1503 1675 1887 1739 iu‘hominibus

1986 595 2158 652 ctum,
2191 584 2337 655 quod
2380 584 2764 641 remissionem
2813 599 2919 639 non
2966 585 3130 639 habet
3177 585 3230 639 in
3260 596 3573 644 aeternum:

1982 679 2126 743 hiec,
2174 677 2417 747 inquam,
2458 674 2849 746 imptenitentia
2879 683 3069 729 contra
3113 690 3277 744 quam
3307 676 3575 732 clamabat

1989 780 2247 840 et-prteco
2272 776 2327 824 et
2365 767 2532 840 iudex
2579 768 2822 823 dicentes
2850 784 2864 821 :
2898 786 2915 819 ι
2946 766 3335 823 Paenitentiam
3384 768 3526 838 agite
3558 788 3570 823 :

1986 859 2447 931 appropinquabit
2494 860 2640 916 enim
2685 875 2978 929 regnorum
3035 859 3296 915 cmlorum
3353 859 3570 933 (Matth.

1987 951 2072 1025 ιιι)
2093 969 2107 1018 ;
2141 971 2158 1004 ι
2184 960 2372 1007 emisre
2397 965 2560 1022 quam
2584 950 2849 1007 Dominus
2867 966 2931 1007 os
2954 950 3281 1021 evangelicae
3310 952 3574 1022 prtedica—

1989 1045 2155 1100 tionis
2176 1039 2416 1115 aperuit,
2443 1051 2498 1098 et
2520 1052 2717 1099 contra
2742 1058 2907 1115 quam
2936 1044 3111 1114 ipsum
3139 1043 3489 1116 Evangelium
3522 1047 3576 1102 in

1988 1141 2102 1189 toto
2127 1134 2260 1190 orbe
2305 1134 2706 1204 prmdlcandum
2751 1149 2874 1190 esse
2915 1135 3186 1206 praedixit,
3234 1134 3325 1190 ubi
3363 1144 3580 1206 postea-

1988 1242 2150 1296 quam
2204 1227 2503 1282 resurrexit
2555 1242 2585 1281 a
2644 1227 2895 1293 mortuis,
2942 1226 3020 1281 ait
3066 1226 3342 1296 discipulis
3389 1228 3503 1283 suis
3558 1244 3574 1282 :

1986 1337 2014 1370 ι
2044 1318 2341 1389 Oportebat
2362 1318 2652 1375 Christum
2696 1320 2809 1391 pati
2852 1327 2915 1375 et
2958 1333 3242 1391 resurgere
3272 1337 3302 1375 a
3349 1322 3582 1379 mortuis

1989 1411 2149 1466 tertia
2180 1410 2285 1477 die,
2312 1412 2680 1481 etpraadicari
2714 1412 2768 1466 in
2796 1412 3017 1468 nomine
3046 1412 3161 1482 ejus
3196 1414 3578 1484 pmnitentiam

1988 1510 2045 1557 et
2071 1501 2444 1556 remissionem
2471 1510 2818 1571 peccatorum
2849 1518 2949 1574 per
2978 1518 3170 1559 omnes
3201 1512 3410 1573 gentes,
3440 1504 3578 1559 inci-

1986 1594 2263 1664 pientibus
2310 1594 2380 1650 ab
2431 1592 2731 1650 Jerusalem
2784 1594 2934 1666 (Luc.
2968 1594 3151 1666 xxrv);
3206 1596 3325 1652 bzec
3351 1597 3576 1652 omnino

1986 1685 2384 1756 lmpmnitentia
2424 1700 2532 1740 non
2563 1687 2730 1742 habet
2758 1686 3134 1742 remissionem
3187 1701 3365 1758 neque
3391 1688 3443 1741 in
3475 1689 3579 1744 hoc

295 1786 385 1836 est
411 1778 513 1833 iste
537 1791 713 1841 error,
743 1772 1147 1829 damnationem
1172 1784 1325 1826 suam
1348 1775 1514 1833 tenet,
1536 1773 1592 1823 et
1611 1780 1884 1835 nunquam

1998 1775 2191 1832 smeulo
2218 1782 2426 1846 tueqnc'
2451 1777 2505 1831 in
2541 1776 2721 1833 futuro
2751 1796 2764 1831 ε
2797 1778 2921 1846 quia
2965 1778 3287 1849 pmnitentia
3324 1777 3582 1848 impetrat

298 1867 625 1931 resolvetur,
649 1864 778 1934 quia
801 1877 956 1919 error
982 1873 1200 1931 semper
1218 1872 1435 1929 pmnam
1462 1865 1720 1913 meretur.
1745 1854 1892 1909 Dixit

1998 1867 2373 1923 remissionem
2401 1867 2455 1922 in
2478 1868 2821 1933 hoe-saeculo,
2841 1884 2961 1940 qum
2986 1869 3131 1924 valet
3154 1868 3207 1923 in
3233 1868 3435 1935 futuro.
3473 1868 3579 1925 Sed

298 1958 585 2022 Dominus,
648 1954 794 2024 quod
838 1953 893 2008 in
949 1951 1210 2023 Spiritum
1256 1956 1504 2005 sanctum
1528 1945 1889 2018 peccantibus

1998 1957 2098 2012 Ista
2158 1957 2564 2028 impmnitentia
2622 1959 2715 2014 vel
2766 1974 2862 2015 cor
2919 1960 3283 2030 impmnitens,
3339 1962 3579 2032 quandiu

298 2069 404 2110 nec
439 2052 531 2108 hic
566 2059 734 2116 esset,
770 2064 876 2105 nec
928 2047 984 2102 in
1032 2046 1215 2101 futuro
1239 2044 1440 2101 saeculo
1477 2041 1885 2099 remittendum.

1998 2047 2218 2119 quisque
2257 2049 2311 2103 in
2340 2050 2444 2104 hac
2471 2054 2637 2105 carne
2684 2050 2819 2106 vivit
2849 2067 2955 2106 non
2993 2063 3171 2123 pateat
3208 2052 3468 2122 judicari.
3500 2054 3581 2110 De

299 2144 548 2212 Quantos
576 2148 756 2198 autem
782 2138 1161 2211 cognoscimus
1186 2136 1240 2192 in
1279 2135 1486 2207 Spiritu
1514 2141 1724 2198 sancto.
1750 2131 1891 2187 sicut
1989 2138 2138 2193 nullo
2166 2138 2313 2194 enim
2347 2139 2745 2209 desperandum
2776 2151 2883 2206 est,
2927 2141 3165 2211 qnandiu
3193 2144 3453 2213 patientia
3484 2145 3580 2200 Dei

299 2234 588 2290 hazreticos
633 2231 900 2297 diversos,
932 2229 1186 2295 Arianos,
1212 2226 1602 2291 Eunomianos,
1638 2221 1889 2278 Macedo—

1998 2231 2059 2286 ad
2095 2231 2473 2302 paenitentiam
2506 2233 2743 2287 adducit.
2778 2231 2887 2289 Nec
2914 2234 2980 2289 de
3026 2234 3128 2288 hac.
3157 2235 3267 2289 vita
3312 2237 3454 2307 rapit
3480 2236 3582 2292 im-

300 2329 514 2392 nianos,
553 2326 623 2382 ad
663 2325 825 2381 ﬁdem
869 2322 1193 2379 catholicam
1216 2325 1568 2380 revertenteS.
1594 2329 1651 2373 et
1677 2316 1766 2371 hic
1797 2329 1888 2370 rer
1984 2323 2159 2395 pium,
2183 2324 2274 2394 qui
2299 2340 2405 2380 non
2428 2323 2540 2380 vult
2560 2332 2790 2380 mortem
2814 2326 2963 2396 impii
2988 2335 3247 2397 quantum
3275 2337 3584 2384 revertatur

298 2419 614 2475 missionem
632 2432 743 2473 suae
766 2414 1070 2487 percepisse
1091 2411 1457 2482 blasphemiae,
1481 2418 1538 2467 et
1566 2410 1620 2464 in
1650 2407 1889 2463 futurum

298 2524 451 2579 spem
486 2508 788 2579 sumpsisse
812 2505 1160 2575 indulgentiae
1181 2501 1595 2572 consequendze.
1628 2498 1740 2556 Nec
1768 2500 1891 2556 ideo

300 2617 411 2657 non
440 2615 570 2656 vera
607 2608 690 2656 est
727 2598 941 2656 Domini
985 2597 1281 2664 sententia,
1313 2603 1408 2652 aut
1456 2594 1734 2667 putabitur
1769 2609 1892 2649 esse

302 2692 576 2748 ullatenus
620 2691 881 2759 resoluta,
927 2708 1051 2748 cum
1097 2692 1242 2748 circa
1299 2691 1457 2757 tales,
1514 2690 1559 2747 si
1616 2690 1720 2745 hoc
1772 2703 1892 2744 esse

298 2792 677 2859 permaneant,
731 2799 1005 2854 nunquam
1049 2784 1272 2840 omnino
1309 2783 1567 2838 solvenda
1610 2781 1889 2852 persistat.

301 2872 527 2931 Eﬂ'ectis
555 2882 736 2929 autem
765 2889 874 2928 non
905 2873 1123 2939 talibus,
1158 2873 1395 2944 irrogata
1447 2872 1588 2928 sicut
1612 2871 1774 2928 etiam
1809 2878 1896 2926 est

302 2971 721 3035 consequenter.
759 2960 825 3019 Et
854 2962 984 3019 illud
1018 2963 1161 3020 beati
1185 2961 1409 3019 Joannis
1444 2961 1709 3033 apostoli:
1744 2979 1763 3014 ι
1787 2961 1895 3017 «Est

1989 2421 2045 2470 et
2071 2414 2235 2469 vivat.
2264 2413 2625 2487 Paganusest
2645 2415 2827 2481 hodie,
2859 2431 2964 2471 non
2991 2417 3099 2472 scis
3129 2426 3308 2473 utrum
3336 2419 3407 2473 sit
3432 2417 3578 2474 l'utu-

1987 2514 2087 2560 rus
2110 2505 2350 2561 crastino
2372 2504 2745 2562 Christianus.
2779 2505 2998 2562 Iudaeus
3027 2506 3363 2565 inlidulisest
3384 2509 3575 2576 hodie,

1989 2597 2119 2667 quid
2158 2597 2206 2652 si
2252 2611 2381 2652 cras
2403 2597 2579 2653 credit
2604 2597 2659 2652 in
2688 2596 3002 2653 Christum?
3029 2598 3328 2657 Hmreticus
3372 2611 3457 2656 est
3482 2602 3583 2657 ho-

1992 2689 2101 2754 die,
2133 2689 2262 2759 quid
2302 2690 2347 2745 si
2410 2705 2536 2746 cras
2580 2697 2842 2760 sequetur
2886 2690 3211 2746 catholicam
3266 2692 3584 2749 veritatem?

1990 2777 2387 2835 Schismatieus
2436 2788 2520 2836 est
2549 2780 2732 2845 hodie,
2778 2780 2911 2851 quid
2969 2781 3015 2836 si
3044 2795 3178 2836 cras
3225 2781 3587 2852 amplectetur

1992 2868 2320 2927 catholicam
2345 2872 2578 2942 pacem?
2606 2871 2749 2940 Quid
2780 2873 2826 2929 si
2881 2873 2971 2928 iSti
3006 2887 3144 2943 quos
3174 2873 3227 2927 in
3260 2886 3585 2944 quocunque

1985 2976 2190 3034 genere
2222 2962 2439 3019 terroris
2479 2971 2675 3030 "notas,
2727 2974 2782 3019 et
2811 2970 3069 3033 tanquam
3111 2963 3586 3033 despcratissimos

298 3062 588 3127 peccatum
635 3053 703 3108 ad
732 3062 963 3131 ωοτιεηι
991 3093 1006 3118 ι
1056 3068 1165 3109 non
1221 3052 1344 3110 dico
1368 3061 1428 3109 ιιι
1453 3059 1643 3107 Ofelli?
1676 3066 1776 3122 pro
1805 3066 1888 3117 80.
1993 3057 2155 3112 modo
2183 3055 2434 3120 damnas,
2467 3038 2763 3127 antequam
2784 3055 2985 3111 'dniant
3009 3055 3167 3110 istam
3200 3056 3392 3121 vitam,
3421 3062 3586 3127 agant

299 3154 358 3202 ct
392 3154 476 3202 est
507 3153 788 3216 peccatum
820 3160 928 3200 non
965 3144 1033 3200 ad
1075 3151 1339 3209 mortem,
1377 3150 1438 3198 ut
1464 3150 1650 3199 oretur
1682 3157 1781 3212 pro
1826 3156 1893 3196 eo
1928 3210 1961 3217 _
1992 3146 2390 3217 paenitentiam,
2421 3154 2478 3202 et
2507 3146 2791 3201 inveniunt
2816 3161 3002 3202 veram
3038 3146 3244 3201 vitam?
3268 3146 3587 3203 Misericors

302 3239 359 3311 (1
383 3210 547 3294 Joan.
577 3238 632 3311 v)
673 3256 687 3292 :
736 3258 756 3291 ι
789 3246 874 3293 est
913 3245 1195 3309 peccatum
1235 3236 1305 3292 ad
1333 3243 1563 3291 mortem
1605 3235 1659 3289 in
1684 3210 1890 3289 “eodem
1917 3210 1965 3275 ο
1993 3210 2138 3292 enim
2168 3242 2252 3292 est
2294 3210 2574 3295 Dominus.
2605 3246 2661 3293 et
2687 3238 2989 3294 miser-ator
3009 3239 3244 3308 patiens,
3272 3247 3328 3295 et
3354 3240 3588 3297 multum

300 3338 528 3403 peccato
548 3329 977 3386 remanentibus.
1003 3326 1219 3384 Nullum
1244 3335 1329 3384 est
1363 3328 1563 3399 quippe
1587 3335 1889 3398 peccatum,

304 3436 405 3492 pro
429 3437 538 3492 quo
557 3428 652 3476 aut
670 3435 778 3477 non
807 3429 927 3478 oret
946 3420 1178 3477 ecclesia
1200 3419 1606 3487 remittendum,
1631 3426 1722 3474 aut
1749 3418 1895 3489 quod

304 3516 433 3571 data
464 3514 569 3570 sibi
613 3513 873 3570 divinitus
897 3522 1168 3585 potestate
1198 3510 1586 3569 desistentibus
1609 3511 1679 3567 ab
1705 3512 1892 3567 eodem

305 3619 417 3661 non
467 3604 642 3675 possit
691 3604 989 3670 absolvere,
1046 3603 1133 3659 vel
1173 3602 1566 3674 paenitentibus
1607 3600 1889 3668 relaxare;

306 3696 395 3755 cui
424 3697 624 3752 dicitur
655 3715 668 3751 :
706 3716 725 3749 ι
758 3695 1108 3768 Quaecunque
1133 3695 1450 3753 dimiseritis
1476 3708 1638 3766 super
1666 3702 1891 3760 terram,

308 3788 531 3845 dimissa
571 3797 734 3844 erunt
758 3796 816 3844 et
851 3789 904 3844 in
940 3789 1125 3857 ctelis;
1167 3796 1225 3844 et
1252 3802 1589 3859 quacunque
1623 3786 1897 3844 solveritis

308 3893 473 3951 super
493 3886 694 3935 terram
721 3879 893 3937 soluta
920 3888 1084 3935 erunt
1112 3887 1169 3935 et
1194 3879 1247 3935 in
1274 3877 1427 3935 cadis
1458 3876 1676 3949 (Matth.
1703 3881 1838 3945 xvi).
1870 3894 1890 3929 ι

308 3968 373 4028 lu
417 3971 831 4043 quibuscunque
871 3972 1055 4028 omnia
1101 3979 1248 4038 sunt,
1288 3978 1708 4041 quantacunque
1746 3975 1894 4034 sunt,

308 4072 364 4121 ct
392 4064 791 4136 qualiacunque
811 4065 943 4131 sint,
964 4063 1148 4119 veraci
1184 4062 1535 4119 nihilominus
1562 4074 1753 4117 eorum
1781 4074 1899 4115 ma-

309 4163 477 4210 nente
512 4154 805 4220 sententia,
844 4169 952 4224 qua
999 4168 1273 4224 nunquam
1324 4151 1583 4208 solvenda
1627 4165 1752 4206 esse
1800 4148 1897 4205 de-

312 4247 628 4313 nuntiatur,
652 4247 707 4302 in
732 4262 920 4303 eorum
943 4255 1133 4303 tenore
1160 4245 1483 4312 consistens,
1507 4243 1807 4300 nonetiam
1828 4242 1897 4298 ab

313 4336 422 4392 hoc
445 4337 636 4393 eodem
677 4345 802 4407 post
829 4337 1107 4393 recedens.
1131 4335 1401 4410 (August)
1425 4335 1484 4391 ln
1515 4334 1721 4406 Spiritu
1747 4334 1897 4391 enim

312 4435 503 4483 sancto
543 4427 730 4498 quoin
761 4443 926 4483 unum
952 4427 1046 4482 Dei
1080 4426 1312 4498 populus
1362 4435 1741 4498 congregatur,
1797 4424 1898 4495 eji-

312 4518 458 4573 citur
505 4518 729 4589 spiritus
754 4518 1084 4584 immundus,
1119 4518 1211 4589 qui
1233 4518 1290 4573 in
1317 4533 1376 4574 se
1413 4518 1590 4589 ipsum
1617 4515 1894 4574 dividitur.

310 4605 516 4663 Contra
542 4609 648 4665 hoc
675 4609 876 4665 donum
901 4612 1221 4681 gratuitum,
1249 4618 1440 4666 contra
1467 4610 1627 4666 istam
1655 4606 1753 4665 Dei
1775 4623 1902 4679 gra-

315 4699 447 4755 tiam
499 4699 735 4769 loquitur
761 4716 857 4756 cor
910 4700 1278 4772 impcenitens.
1332 4701 1452 4772 Ipsa
1502 4700 1901 4774 impmnitenlia

314 4799 398 4844 est
425 4790 650 4859 spiritus
679 4790 1048 4863 blasphemiae,
1086 4804 1208 4862 qua:
1228 4807 1337 4848 non
1370 4792 1694 4856 remittetur,
1725 4807 1902 4863 neque

320 4881 376 4936 in
405 4882 509 4936 boc
536 4882 736 4937 sceculo
767 4896 944 4954 neque
990 4884 1043 4938 in
1078 4883 1259 4939 futuro
1284 4901 1296 4938 :
1328 4894 1518 4940 contra
1545 4885 1689 4939 enim
1727 4883 1904 4955 Spiri-

323 4982 439 5027 tum
480 4982 724 5029 sanctum
753 4990 861 5045 quo
885 4975 1249 5045 baptizantnr,
1285 4991 1511 5047 quorum
1534 4984 1764 5047 peccata
1789 4991 1906 5031 om-

322 5063 472 5118 nium
515 5064 881 5131 dimittuntur,
901 5110 906 5115 .
928 5075 983 5121 et
1008 5082 1169 5137 quem
1203 5067 1402 5137 accipit
1432 5066 1694 5132 Ecclesia,
1728 5075 1788 5122 ut
1815 5067 1899 5122 cui

320 5153 628 5211 dimiserint
673 5168 893 5227 peccata
951 5158 1294 5213 dimittantur
1341 5159 1411 5213 ei.
1464 5158 1697 5215 Verbum
1748 5157 1905 5214 valde

322 5247 524 5303 malum
554 5257 607 5304 et
631 5251 791 5305 nimis
820 5252 1063 5322 impium,
1090 5253 1205 5309 sive
1228 5253 1572 5323 cogitatione,
1606 5254 1720 5309 sive
1742 5254 1906 5312 etiam

312 5335 502 5409 lingua
529 5356 625 5395 sua
650 5341 781 5396 dicit
810 5361 822 5396 :
846 5342 1015 5412 Quem
1044 5344 1305 5414 patientia
1346 5346 1440 5401 Dei
1464 5361 1585 5401 cum
1627 5347 1693 5402 ad
1733 5349 1908 5419 poeni-

324 5430 548 5484 tentiatn
575 5433 816 5499 adducit,
846 5435 959 5505 ipse
984 5437 1280 5492 secundum
1322 5426 1577 5493 duritiam
1624 5440 1802 5495 cordis
1826 5441 1906 5495 sui

321 5530 375 5575 et
425 5539 522 5577 cor
554 5524 910 5595 'impmniteus
942 5529 1273 5583 tlicsaurizat
1305 5530 1404 5585 sibi
1445 5532 1578 5586 iram
1621 5532 1672 5587 in
1704 5533 1789 5588 die
1815 5536 1909 5590 ira:

324 5620 377 5665 et
409 5614 753 5672 revelationis
776 5616 1116 5691 justijudicii
1150 5621 1373 5693 l)ei,qui
1402 5624 1588 5679 reddet
1618 5626 1908 5697 unicuique

324 5707 617 5762 sctnndum
668 5726 833 5779 opera
864 5712 999 5783 ejus.
1038 5711 1161 5769 Haec
1187 5730 1316 5785 ergo
1367 5715 1787 5785 impmuilcntia,
1832 5720 1911 5775 Sic

324 5800 465 5855 enim
498 5818 603 5859 nuc
631 5802 811 5883 aliqua
851 5804 1071 5862 nomine
1102 5822 1384 5887 possumus
1427 5819 1698 5889 utcunque
1731 5811 1910 5891 appri-

1993 3328 2329 3395 misericors,
2378 3328 2446 3383 de
2473 3327 2627 3398 cujus
2658 3328 3031 3387 misericordia
3078 3344 3352 3401 nunquam
3390 3332 3586 3404 despe-

1993 3419 2246 3476 randum.
2281 3420 2436 3477 Unde
2460 3420 2727 3477 Llcremias
2755 3423 3045 3494 propheta,
3079 3439 3148 3479 ne
3178 3431 3429 3493 putemus
3455 3440 3585 3481 cru-

1995 3511 2269 3567 delitatem
2301 3511 2421 3578 Dei,
2452 3512 2544 3583 qui
2595 3528 2663 3568 ne
2710 3514 2893 3584 rogari
2920 3513 3139 3585 quidem
3180 3529 3240 3570 se
3279 3516 3585 3586 permittat,

1994 3600 2171 3656 reddit
2196 3616 2392 3657 causas
2410 3616 2509 3657 cur
2534 3617 2640 3657 non
2663 3603 2939 3671 exaudiat,
2966 3602 3153 3660 dicens
3184 3621 3197 3659 :

2057 3733 2090 3781 ,ι
2124 3710 2318 3770 Nonne
2343 3712 2495 3771 vides
2526 3715 2655 3787 quid
2689 3715 2779 3771 isti
2804 3714 3010 3771 faciunt
3039 3717 3093 3771 in
3116 3718 3430 3784 civitatibus
3451 3718 3590 3775 Iuda

2000 3822 2021 3857 ι
2053 3811 2107 3859 et
2134 3804 2188 3859 in
2217 3804 2412 3876 plateis
2430 3802 2768 3862 Jerusalem?
2793 3805 2914 3861 Filii
2944 3806 3204 3879 colligunt
3222 3809 3390 3880 ligna,
3414 3820 3467 3866 et
3488 3825 3589 3881 pa-

2001 3912 2021 3945 r
2051 3901 2161 3948 tres
2180 3893 2513 3949 succendunt
2533 3895 2731 3965 ignem,
2748 3904 2803 3950 et
2820 3896 3074 3951 mulieres
3095 3908 3461 3970 conspergunt
3483 3900 3593 3953 adi-

2001 4003 2021 4036 ι
2050 3999 2192 4054 pem,
2209 3993 2268 4038 ut
2283 3983 2483 4039 faciant
2496 3984 2773 4056 placentas
2796 3987 2924 4058 (sive
2943 3986 3236 4057 charonas)
3255 3989 3449 4060 regina:
3466 3989 3592 4061 (sire

2002 4092 2022 4124 ι
2052 4073 2277 4145 militiae)
2297 4073 2443 4139 caali,
2466 4082 2520 4129 et
2540 4075 2709 4130 libent
2733 4075 2836 4131 diis
2862 4075 3073 4143 alienis,
3097 4084 3261 4132 etme
3284 4079 3350 4132 ad
3376 4078 3593 4134 iracun-

2003 4182 2023 4217 ι
2056 4164 2200 4220 diam
2228 4175 2543 4236 provocent.
2564 4163 2815 4237 Nunquid
2834 4182 2920 4222 me
2945 4167 3012 4221 ad
3036 4164 3370 4222 iracundiam
3396 4182 3590 4237 provo-

2003 4274 2022 4309 ι
2051 4263 2197 4322 cant,
2223 4256 2353 4313 dicit
2372 4254 2670 4312 Dominus?
2692 4256 2881 4313 Nonne
2899 4258 3218 4327 semetipsos
3245 4258 3299 4313 in
3320 4256 3596 4314 confusio-

2003 4365 2023 4399 ι
2046 4362 2181 4403 nem
2205 4346 2388 4403 vultus
2416 4347 2537 4404 sui?
2562 4367 2580 4400 ι
2606 4342 2885 4421 (Hieron)
2904 4332 3033 4413 'Vis:
3041 4348 3235 4419 inquit,
3255 4350 3443 4405 audire
3468 4364 3596 4419 pro-

1997 4441 2180 4511 pheta,
2197 4456 2297 4497 cur
2318 4440 2413 4496 tibi
2436 4441 2666 4497 dixerim
2691 4460 2705 4496 :
2728 4462 2747 4494 ‹
2769 4441 2888 4498 Noli
2901 4456 3060 4498 orare
3079 4454 3178 4512 pro
3199 4442 3396 4514 populo
3413 4442 3549 4497 hoc?
3570 4465 3589 4496 ι

1927 4535 2123 4631 Dittec
2154 4533 2359 4592 faciunt
2383 4550 2503 4606 qua:
2533 4542 2833 4606 sequuntur
2863 4553 2878 4590 :
2909 4544 2965 4591 et
2992 4535 3156 4599 intus,
3188 4544 3243 4591 et
3277 4533 3435 4603 foris,
3466 4535 3597 4590 etin

2002 4625 2228 4697 plateis,
2261 4632 2317 4681 et
2346 4625 2399 4681 in
2432 4624 2668 4680 exitibus
2691 4623 2991 4681 Jerusalem
3012 4666 3025 4691 ,
3047 4623 3140 4679 ﬁlii
3169 4625 3313 4697 ligna
3341 4639 3595 4695 compor-

1996 4723 2142 4783 'tant,
2157 4724 2213 4772 et
2231 4723 2417 4787 patres
2430 4716 2765 4773 succendunt
2780 4716 2982 4789 ignem,
2995 4723 3050 4771 et
3074 4715 3327 4772 mulieres
3343 4730 3601 4785 consper-

2006 4800 2140 4880 gunt
2165 4809 2377 4880 adipem
2417 4824 2539 4864 cum
2574 4807 2782 4875 farina,
2826 4815 2885 4863 ut
2914 4807 3122 4863 faciant
3152 4810 3422 4881 χαυὼνας,
3462 4821 3600 4876 quas

2008 4916 2107 4956 nos
2127 4900 2395 4972 placentas
2418 4900 2757 4972 interpretati
2784 4914 2990 4965 sumus,
3019 4899 3134 4954 sive
3155 4896 3593 4970 prteparationes,

2007 5000 2069 5047 ut
2093 5008 2257 5049 omne
2279 5009 2451 5065 genus
2477 4994 2729 5049 ostendat
2751 4991 3003 5048 sacrificii
3036 4990 3235 5060 reginae
3259 4987 3405 5053 caeli,
3429 5001 3595 5057 quam

2000 5082 2195 5141 lunam
2237 5086 2498 5143 debemus
2524 5086 2792 5157 accipere,
2833 5085 2919 5140 vel
2947 5092 3094 5140 certe
3124 5082 3329 5136 militim
3355 5079 3503 5146 coeli,
3539 5087 3600 5133 ut

2012 5191 2201 5233 omnes
2235 5178 2421 5233 stellas
2460 5178 2844 5248 intelligamus.
2883 5176 2951 5232 Et
2998 5183 3120 5247 post
3149 5174 3266 5229 haec
3298 5171 3468 5228 libent
3496 5172 3602 5228 diis

2016 5265 2206 5322 alienis
2236 5308 2249 5334 ,
2303 5283 2409 5322 non
2470 5283 2578 5337 quo
2622 5268 2768 5333 sint,
2819 5266 2912 5322 sed
2955 5281 3063 5335 quo
3130 5264 3231 5321 sub
3289 5265 3603 5321 nominibus

2017 5372 2205 5413 eorum
2236 5357 2570 5413 daemonibus
2600 5360 2756 5417 thura
2808 5356 3170 5421 sncccndaut,
3203 5364 3256 5412 et
3286 5371 3371 5412 me
3396 5356 3466 5411 ad
3493 5356 3605 5411 ira-

2018 5448 2268 5504 cundiam
2308 5458 2618 5518 provocant
2648 5449 2753 5503 ista
2799 5446 3082 5503 facientes.
3136 5445 3247 5504 Nec
3295 5445 3613 5519 intelligunt

2016 5538 2225 5603 miseri,
2256 5540 2398 5609 quod
2436 5540 2539 5595 ista
2581 5539 2855 5595 contentio
2912 5554 3019 5594 non
3074 5554 3163 5595 me
3215 5538 3395 5605 laedat,
3439 5553 3600 5608 quem

2014 5645 2291 5700 nunquam
2328 5629 2409 5684 ira
2444 5636 2769 5690 conunutat;
2804 5628 2898 5685 sed
2942 5628 3263 5701 semetipsos
3303 5629 3358 5683 in
3415 5627 3605 5685 confuv

2014 5720 2167 5776 sione
2210 5719 2390 5775 vultus
2442 5720 2549 5783 sui,
2602 5726 2659 5774 et
2702 5719 2756 5775 in
2791 5719 3138 5791 ignominiam
3187 5719 3600 5790 sempiternam.

2018 5810 2307 5893 (illarum)
2342 5809 2421 5868 De
2450 5811 2535 5868 his
2576 5827 2639 5870 cx
2674 5827 2903 5888 persona
2929 5811 3137 5869 Domini
3161 5809 3463 5892 prophetali
3494 5809 3603 5879 spt-
