4022 6186
457 357 563 415 863

1094 357 1154 411 Β.
1198 357 1450 413 RABANl
1487 357 1706 414 MAURl
1745 358 2043 415 ARCHIEP

2145 361 2420 417 IO'GL’N‘T.
2461 363 2742 420 OPERUM
2781 365 2959 420 PARS
2998 366 3079 420 ΙΙΙ.

3615 370 3714 424 8M

459 467 565 522 ritu
605 465 932 538 praeeinebat
983 464 1195 538 Moyses
1249 467 1301 522 in
1331 468 1550 524 cantico
1599 468 1998 526 lieuteronomii
2025 486 2038 500 ο
2073 473 2120 530 Α
2151 489 2170 522 ε
2215 481 2510 528 retrorsum
2555 483 2612 529 et
2645 490 2750 530 non
2781 476 2833 530 in
2863 485 3010 541 ante,
3052 492 3081 530 a
3107 477 3192 532 die
3222 492 3328 547 qua
3351 481 3558 546 egressi
3593 491 3718 536 sunt

463 578 484 610 ι
519 558 874 614 lrritaverunt
903 571 988 611 me
1033 557 1085 610 in
1121 557 1225 612 diis
1261 557 1474 623 alienis,
1499 567 1555 614 et
1589 559 1646 614 in
1677 559 2036 616 abominatio-

459 649 620 704 nibus
647 649 760 703 suis
783 648 849 701 ad
878 648 1212 703 iracundiam
1243 659 1694 718 provocaverunt.
1727 649 2040 706 lmmolave-

460 749 587 812 runt
613 730 942 794 {imiuouibus
970 748 1023 792 et
1067 754 1171 792 nou
1202 739 1313 793 Deo
1336 739 1514 810 (Deut.
1540 754 1668 794 xxxi
1696 749 1742 792 et
1775 740 1968 811 xxxii),
2011 759 2032 792 ι

461 842 516 885 et
567 834 667 886 hoc
705 830 947 884 fecerunt
992 831 1211 900 pr0pria
1242 830 1536 894 voluntate,
1575 831 1700 902 quia
1755 831 1808 886 in
1853 842 2040 888 nostro

461 918 948 974 consistitarbitrio
967 919 1164 972 bonum
1192 918 1276 972 vel
1300 919 1496 972 malum
1522 919 1738 990 eligere.
1766 918 2036 992 (Ηὶενοη.)

461 1011 728 1083 Quidquid
746 1011 906 1082 igitur
933 1010 1182 1074 facimus,
1208 1025 1312 1064 non
1337 1011 1504 1064 Deum
1521 1009 1780 1076 laedimus,
1813 1011 1902 1080 qui
1920 1010 2038 1066 hndi

460 1123 738 1179 nunquam
779 1115 973 1177 potest,
1019 1107 1114 1161 sed
1159 1105 1313 1160 nobis
1343 1106 1621 1161 interitum
1648 1121 2035 1177 prmparamus,

459 1201 892 1256 thesaurizantes
926 1200 1062 1255 iram
1089 1199 1142 1253 in
1187 1199 1276 1253 die
1305 1199 1417 1254 iraa.
1451 1199 1578 1253 Ideo
1607 1207 1788 1254 autem
1826 1199 2039 1254 diversa

459 1292 631 1347 oﬂieia
659 1291 892 1346 ﬁliorum
925 1301 1247 1361 patrumque
1267 1299 1323 1345 et
1342 1299 1575 1346 matrum
1597 1291 1778 1360 posuit
1798 1290 1880 1346 vel
1907 1305 2040 1345 uxo-

459 1397 598 1444 rum,
629 1389 692 1442 ut
727 1379 870 1434 nulla
901 1386 1034 1434 tetas
1060 1380 1131 1432 sit
1159 1395 1277 1447 qua:
1305 1379 1372 1432 ab
1403 1378 1677 1448 impietate
1702 1377 2036 1433 dissenserit.

535 1493 552 1524 ‹
588 1472 708 1528 Ideo
732 1473 847 1528 haec
866 1471 1001 1526 dicit
1023 1470 1282 1526 Dominus
1311 1469 1452 1527 Deus
1482 1487 1495 1524 :
1521 1471 1661 1525 Ecce
1690 1469 1844 1525 furor
1865 1484 2036 1536 meus,

465 1582 484 1615 ι
521 1571 574 1616 et
609 1563 906 1634 indignatio
941 1575 1060 1616 mea
1093 1560 1358 1616 conﬂatur
1400 1559 1541 1632 (sive
1587 1560 1842 1632 stillavit)
1877 1575 2041 1632 super

464 1677 482 1708 ι
517 1657 694 1712 locum
722 1657 906 1720 istum,
935 1670 1100 1724 super
1144 1654 1292 1709 viros
1319 1662 1374 1708 et
1395 1651 1842 1724 superjumenta,
1864 1660 1921 1706 et
1950 1668 2040 1708 su-

465 1768 482 1801 ι
522 1765 619 1820 per
643 1749 846 1819 lignum
879 1747 1132 1819 regionis,
1157 1755 1212 1800 et
1236 1761 1400 1816 super
1421 1745 1604 1816 fruges
1628 1753 1806 1810 terrai,
1839 1755 1893 1800 et
1918 1760 2042 1801 suc-

465 1861 483 1894 (
517 1841 776 1897 cendetur
817 1847 872 1895 et
898 1855 1005 1894 non
1038 1837 1434 1921 exstinguetur.
1462 1857 1481 1890 ι
1516 1837 1654 1903 Quia
1686 1851 1848 1906 supra
1886 1837 2041 1892 dixe-
2071 1833 2118 1892 Β

457 1941 588 1989 rat:
633 1953 650 1984 ι
688 1931 942 2002 Nunquid
995 1945 1081 1986 me
1128 1931 1196 1985 ad
1237 1929 1573 1985 iracundiam
1633 1929 1973 1999 provocant?
2013 1948 2032 1983 ι

461 2026 730 2096 quomodo
759 2040 903 2080 nunc
929 2023 1097 2080 dicit:
1134 2042 1153 2074 ι
1185 2023 1326 2078 Ecce
1359 2021 1511 2076 furor
1535 2036 1688 2077 meus
1709 2028 1766 2075 et
1787 2021 2038 2092 indigna-

460 2118 537 2172 tio
570 2132 688 2172 mea
714 2115 935 2171 stillavit
955 2129 1117 2184 super
1143 2113 1320 2174 locum
1348 2113 1532 2168 istum.
1560 2132 1577 2163 ι
1607 2112 1673 2166 Et
1693 2125 1775 2168 est
1799 2127 1991 2168 sensus
2021 2129 2036 2166 :

459 2207 572 2280 Ego
619 2206 836 2277 quidem
877 2205 1200 2260 naturaliter
1253 2219 1360 2258 non
1409 2203 1639 2268 irascor,
1685 2201 1780 2258 sed
1827 2201 1914 2257 illi
1967 2203 2041 2257 ita

459 2305 646 2368 agunt,
665 2304 726 2351 ut
751 2311 836 2351 me
864 2293 931 2350 ad
963 2295 1295 2350 iracundiam
1320 2302 1635 2364 provocent,
1667 2301 1723 2349 et
1753 2308 1930 2348 meam
1961 2293 2043 2348 vi-

460 2387 594 2443 dear
617 2395 831 2442 mutare
855 2395 1127 2441 naturam.
1157 2385 1410 2440 Sentiant
1455 2385 1618 2458 igitur
1644 2385 1868 2451 iratum,
1897 2384 2042 2456 quod

459 2488 720 2550 quantum
746 2479 800 2533 in
822 2493 882 2534 se
914 2485 999 2534 est
1023 2477 1204 2532 facere
1242 2485 1528 2532 conantur.
1558 2475 1903 2546 Pulchreque
1931 2490 2040 2530 non

460 2572 558 2636 ait,
593 2569 806 2626 Eﬂ‘usus
835 2577 920 2625 est
945 2557 1098 2624 furor
1125 2583 1278 2624 meus
1313 2583 1476 2638 super
1523 2567 1701 2624 locum
1731 2569 1918 2633 istum,
1945 2568 2042 2624 sed

461 2660 699 2725 stillavit,
729 2669 788 2714 ut
810 2659 1144 2714 moderatam
1173 2673 1388 2728 pmnam
1420 2656 1709 2728 significet.
1744 2657 1838 2712 Sin
1861 2665 2040 2713 autem

463 2752 518 2808 in
541 2751 678 2807 stilla
716 2751 916 2806 furoris
940 2757 1088 2804 tanta
1113 2749 1314 2804 duritia
1353 2757 1458 2813 est,
1492 2749 1622 2819 quid
1657 2749 1751 2805 fiet
1788 2749 1832 2804 si
1863 2749 2042 2805 omnis

373 2867 383 2875 -
463 2842 638 2897 imber
666 2841 830 2898 fuerit
876 2840 1116 2897 effusus?
1165 2841 1260 2896 sed
1293 2849 1348 2896 et
1375 2839 1626 2897 conﬂatio
1673 2839 1924 2913 [conﬂata
1954 2841 2039 2895 in-

463 2932 726 3006 dignatio]
758 2933 836 2989 sic
867 2932 1094 3004 intelligi
1122 2941 1325 3003 potest,
1359 2941 1418 2988 ut
1446 2932 1710 3002 quoddiu
1741 2931 1920 2988 facere
1944 2947 2042 2988 no-

463 3026 579 3091 luit,
632 3035 982 3096 peccatorum
1033 3025 1376 3080 multitudiue
1428 3024 1608 3082 facere
1663 3023 2037 3094 compellatur.

463 3114 596 3171 Cum
626 3125 807 3170 autem
830 3115 972 3170 Deus
1003 3115 1172 3170 iratus
1203 3115 1385 3178 fuerit,
1408 3123 1464 3170 et
1489 3115 1737 3170 homines
1761 3123 1814 3168 et
1834 3129 1898 3169 ea
1919 3129 2040 3184 qua:

463 3206 742 3261 hominum
773 3213 896 3260 sunt

465 3296 746 3360 cendetur,
780 3313 797 3346 ι
830 3294 1028 3364 inquit,
1055 3295 1198 3348 haud
1231 3295 1454 3349 dubium
1474 3295 1602 3364 quin
1629 3293 1783 3348 furor
1805 3292 2036 3356 Domini,

469 3407 489 3440 ι
525 3395 582 3442 et
617 3403 723 3440 non
753 3386 1146 3456 exstinguetur,
1185 3403 1204 3436 ι
1231 3385 1358 3454 quia
1396 3399 1505 3439 non
1544 3384 1656 3455 agit
1680 3382 1910 3455 populus
1947 3398 2046 3454 per

466 3492 588 3548 qua:
618 3475 788 3550 possit
809 3475 1102 3544 exstingui.

537 3585 557 3620 ‹
604 3567 730 3622 Han:
759 3564 889 3620 dicit
935 3563 1194 3619 Dominus
1236 3563 1592 3628 exercituum,
1641 3562 1785 3628 Dens
1820 3562 2038 3619 Israel:

469 3679 487 3712 ι
529 3657 1000 3714 lloiocaustomata
1046 3663 1224 3710 vestra
1253 3654 1434 3709 addite
1457 3653 1694 3709 victimis
1724 3654 1924 3710 vestris
1945 3694 1959 3718 ,
1990 3661 2048 3710 et

471 3769 489 3802 ‹
536 3748 801 3805 comedite
830 3759 1041 3802 carnes.
1095 3745 1229 3814 Quia
1262 3761 1366 3801 non
1396 3761 1516 3800 sum
1557 3744 1767 3800 ἰοί-υιυε
1795 3760 1918 3800 cum
1950 3760 2047 3815 pa-

469 3859 488 3893 (
535 3840 705 3894 tribus
734 3837 948 3901 vestris,
978 3845 1034 3892 et
1060 3852 1165 3892 non
1194 3837 1426 3908 princepi
1452 3836 1531 3891 eis
1559 3836 1612 3890 in
1643 3837 1727 3892 die
1751 3851 1858 3906 qua
1883 3835 2045 3890 eduxi

469 3956 488 3989 ς
533 3951 629 3991 eos
664 3933 732 3990 de
769 3942 912 3988 terra
943 3931 1194 4005 Egypti,
1225 3931 1294 3988 de
1331 3933 1496 3988 verbo
1527 3931 2046 3987 holocaustomatum

470 4047 489 4081 ι
535 4037 590 4084 et
620 4027 960 4083 victimarum
1017 4043 1030 4079 :
1072 4025 1164 4080 sed
1190 4025 1294 4080 hoc
1322 4025 1545 4079 verbum
1576 4023 1804 4094 praecepi
1831 4023 1928 4087 eis,
1967 4023 2050 4078 di-

469 4137 489 4171 (
536 4133 665 4174 cens
697 4137 709 4172 :
745 4116 938 4171 Audite
963 4129 1152 4172 vocem
1189 4129 1385 4180 meam,
1415 4122 1470 4170 et
1491 4127 1587 4170 ero
1613 4113 1764 4168 vobis
1794 4112 1955 4176 Deus,
1993 4120 2050 4166 et

471 4229 490 4261 ι
531 4225 630 4265 vos
673 4208 827 4264 eritis
873 4206 1003 4262 mihi
1026 4205 1272 4278 populus,
1304 4215 1358 4260 et
1398 4203 1668 4259 ambulate
1693 4203 1746 4258 in
1768 4204 1914 4260 omni
1941 4203 2047 4270 via,

470 4321 489 4354 ς
535 4317 698 4372 quam
723 4301 978 4356 mandavi
1007 4300 1184 4364 vobis,
1215 4306 1274 4353 ut
1293 4299 1430 4354 bene
1451 4297 1522 4352 sit
1549 4297 1720 4353 vobis.
1757 4316 1776 4349 ι
1809 4296 2051 4364 Quorum

466 4393 773 4464 reprobavit
788 4390 1068 4462 templum,
1089 4397 1484 4460 consequenter
1509 4387 1765 4458 reprobat
1793 4395 1850 4442 et
1878 4387 2046 4442 sacri-

469 4483 611 4549 ficia,
633 4477 688 4540 et
707 4483 922 4555 oblique
949 4482 1127 4555 arguit
1148 4475 1242 4538 eos
1263 4482 1405 4552 quod
1431 4497 1536 4536 non
1560 4479 1908 4536 veneratione
1937 4478 2042 4545 sui,

465 4573 562 4629 sed
607 4575 887 4646 epularum
932 4573 1202 4630 desiderio
1249 4571 1530 4652 immolent
1574 4570 1844 4627 victimas.
1891 4569 2045 4638 Quod

467 4678 648 4727 autem
679 4671 756 4724 ait
781 4689 794 4725 :
833 4688 852 4722 ι
887 4669 1005 4725 Non
1027 4686 1144 4726 sum
1173 4669 1385 4724 locutus
1403 4682 1526 4722 cum
1549 4665 1796 4736 patribus
1827 4665 2044 4730 vestris,

465 4773 522 4820 et
569 4779 674 4818 non
719 4762 950 4834 praecepi
992 4761 1070 4817 eis
1113 4762 1165 4816 in
1211 4761 1298 4816 die
1343 4775 1449 4829 qua
1468 4759 1629 4814 eduxi
1673 4772 1768 4814 eos
1799 4757 1866 4814 de
1897 4765 2052 4812 terra

465 4851 722 4923 Egypti,
763 4865 925 4920 super
976 4849 1141 4904 verbo
1183 4849 1480 4904 holocausti
1507 4855 1562 4902 et
1627 4847 1987 4911 victimarum,
2023 4867 2043 4900 ι

468 4943 752 5000 manifeste
783 4939 1104 5010 intelligitur
1131 4938 1275 5008 quod
1317 4939 1551 5008 primum
1587 4935 1902 5007 decalogum
1955 4935 2046 4990 de-

467 5039 607 5094 derit
632 5039 683 5092 in
714 5034 912 5090 tabulis
941 5032 1167 5106 lapideis
1192 5032 1450 5104 scriptum
1491 5031 1655 5102 digito
1679 5031 1798 5086 Dei.
1831 5031 1896 5085 Et.
1923 5040 2046 5101 post

465 5133 724 5188 offensam
779 5127 1098 5184 idololatria:
1139 5133 1408 5196 caputque
1442 5123 1594 5179 vituli
1623 5123 1818 5196 (Exod.
1869 5122 2044 5196 xxxx),

468 5233 653 5292 postea
673 5221 899 5290 Jusserit
923 5218 1025 5275 sibi
1050 5218 1222 5289 magis
1249 5216 1366 5271 fieri
1388 5231 1550 5296 quam
1572 5214 1926 5280 daemonibus,
1957 5230 2048 5268 au-

469 5313 645 5369 ferens
673 5329 863 5384 puram
899 5311 1214 5382 religionem
1256 5308 1636 5363 mandatorum
1672 5305 1792 5370 Dei,
1833 5313 1889 5360 et
1917 5321 2047 5368 cou-

467 5406 664 5460 cedens
709 5403 1024 5476 sanguinem
1061 5401 1404 5457 victimarum
1452 5395 2044 5467 carniumquedeside-

469 5493 629 5548 rium.

543 5600 564 5634 ι
615 5583 683 5637 Ει
737 5600 844 5639 non
905 5583 1194 5638 audierunt
1249 5597 1348 5637 nec
1399 5579 1804 5635 inclinaverunt
1857 5591 2046 5630 aurem

473 5688 494 5724 ι
539 5686 714 5737 suam,
761 5673 856 5728 sed
885 5671 1138 5726 abierunt
1184 5669 1238 5724 in
1280 5670 1648 5725 voluntatibus
1678 5668 1807 5740 (sive
1839 5665 2049 5721 deside-

475 5779 493 5814 ε
536 5759 674 5833 riis),
707 5769 760 5816 et
785 5762 838 5816 in
863 5760 1130 5831 pravitate
1167 5760 1346 5816 cordis
1386 5760 1467 5816 sui
1499 5758 1644 5824 mali,
1669 5756 1900 5828 factique.
1924 5764 2048 5812 sunt

2147 579 2168 614 σ
2212 572 2392 631 patres
2435 579 2624 620 eorum
2670 567 2737 622 de
2784 575 2929 621 terra
2971 566 3192 638 Egypti
3233 583 3406 638 usque
3459 571 3530 624 ad
3577 571 3715 626 diem

2145 669 2166 701 ι
2211 652 2368 708 hane.
2417 673 2436 705 ι
2492 653 2576 710 Me
2601 655 2858 710 dicente:
2902 676 2922 708 ι
2960 657 3158 712 Audite
3199 673 3388 713 vocem
3433 668 3715 714 meam.et

2139 758 2234 798 ero
2257 744 2409 799 vobis
2430 743 2590 810 Deus,
2627 765 2646 798 ι
2671 755 2802 810 ete.,
2839 761 2946 802 non
2969 747 3258 804 audierunt
3289 763 3390 803 nec
3418 748 3716 804 inclinave-

2141 843 2264 890 runt
2290 852 2476 892 aurem
2502 853 2686 905 suam,
2733 839 2829 894 sed
2863 839 2944 894 sui
2978 839 3158 896 cordis
3197 839 3372 895 fecere
3409 841 3679 896 desideria
3699 882 3715 907 ,

2139 936 2194 982 et
2253 937 2441 984 contra
2489 931 2731 1002 Apostoli
2785 933 3131 999 sententiam,
3181 933 3271 1002 qui
3315 934 3716 1004 praeteritorum

2139 1018 2559 1076 obliviscebatur
2585 1023 2715 1077 etin
2745 1023 2922 1093 priora
2945 1039 3004 1078 se
3022 1024 3364 1089 extendebat,
3395 1023 3580 1079 fecere
3601 1041 3720 1080 con—

2142 1110 2329 1175 traria,
2363 1121 2422 1166 ut
2465 1113 2738 1182 przeterita
2776 1125 3056 1184 cuperent,
3103 1123 3159 1168 et
3185 1113 3364 1168 futura
3407 1123 3720 1171 contemne-

2139 1209 2281 1255 rent.
2313 1201 2575 1272 Quodque
2605 1205 2734 1258 dicit
2757 1224 2769 1258 :
2800 1225 2818 1256 ι
2852 1205 2898 1259 Α
2921 1206 3008 1260 die
3029 1221 3136 1276 qua
3161 1206 3362 1276 egressi
3390 1215 3521 1261 sunt
3543 1215 3721 1277 patres

2138 1307 2324 1347 eorum
2348 1293 2413 1348 de
2436 1303 2582 1348 terra
2613 1296 2828 1368 .IEgypti
2853 1313 3022 1369 usque
3049 1300 3118 1354 ad
3149 1301 3289 1355 diem
3317 1301 3477 1366 hanc,
3517 1321 3538 1353 ι
3565 1317 3723 1359 omne

2140 1393 2354 1456 tempus
2410 1387 2466 1440 in
2515 1389 2694 1444 medio
2728 1391 2859 1445 dicit
2907 1407 3002 1446 eos
3043 1407 3142 1462 per
3194 1391 3457 1448 olfensam
3506 1393 3721 1450 Domini

2140 1477 2483 1546 transegisse.
2516 1475 2663 1534 Unde
2684 1487 2740 1532 et
2769 1481 3075 1536 necessaria
3104 1481 3202 1536 fuit
3227 1483 3504 1554 Evangelii
3525 1485 3718 1555 gratia,

2138 1581 2259 1634 qua:
2300 1565 2420 1621 illos
2457 1581 2563 1621 non
2589 1583 2690 1625 suo
2725 1570 2947 1634 merito,
2982 1571 3078 1626 sed
3104 1571 3312 1628 Domini
3349 1573 3719 1630 misericordia

2139 1658 2502 1712 conservavit.

2220 1789 2240 1822 ι
2287 1773 2352 1827 Ει
2381 1773 2506 1829 misi
2552 1777 2618 1828 ad
2658 1790 2754 1831 vos
2796 1787 2986 1832 omnes
3025 1792 3212 1833 servos
3251 1793 3402 1832 meos
3433 1779 3721 1848 prophetas

2151 1878 2169 1912 ‹
2214 1877 2312 1932 per
2339 1863 2502 1928 diem,
2527 1878 2858 1934 consurgens
2883 1866 3207 1930 diluculo,et
3229 1869 3448 1922 mittens
3480 1887 3494 1920 :
3527 1868 3595 1922 Et
3617 1883 3722 1922 non

2153 1969 2172 2002 ι
2217 1953 2631 2018 audiemntme,
2665 1970 2763 2010 nec
2784 1956 3182 2014 inclinaverunt
3207 1975 3394 2014 aurem
3426 1976 3605 2025 suam,
3632 1961 3720 2014 sed

2151 2061 2170 2093 α
2214 2041 2603 2098 induraverunt
2651 2047 2916 2102 cervicem
2965 2063 3154 2114 suam,
3207 2057 3264 2104 et
3311 2050 3466 2120 pejus
3518 2050 3720 2120 operati

2151 2152 2170 2186 ι
2216 2144 2521 2206 suntquam
2544 2146 2726 2208 patres
2747 2155 2956 2195 eorum.
2995 2161 3014 2193 ι
3045 2141 3197 2198 Justa
3240 2159 3371 2212 ergo
3397 2143 3479 2197 ira
3517 2143 3722 2198 Domini

2145 2241 2265 2297 qua:
2307 2228 2535 2284 conﬂata
2579 2239 2681 2297 est,
2730 2240 2787 2288 et
2831 2232 3052 2288 stillavit
3100 2249 3263 2304 super
3307 2236 3566 2306 populum
3599 2254 3723 2293 con-

2147 2326 2469 2389 temptorem
2506 2319 2763 2390 duraeque
2805 2323 3062 2389 cervicis,
3103 2335 3158 2380 et
3193 2325 3288 2380 Dei
3330 2327 3496 2381 verba
3545 2328 3724 2382 audire

2145 2410 2438 2466 nolentem.
2492 2409 2772 2477 Quomodo
2810 2423 2990 2468 autem
3034 2415 3174 2470 Deus
3211 2416 3295 2470 vel
3341 2416 3409 2470 de
3453 2427 3615 2472 nocte
3647 2417 3725 2472 vel

2147 2504 2402 2571 diluculo,
2433 2513 2488 2562 et
2518 2505 2572 2560 in
2605 2506 2692 2562 die
2723 2508 2902 2562 mittat
2934 2509 3223 2579 prophetas
3249 2525 3411 2580 supra
3436 2511 3692 2570 diximus.

2223 2635 2242 2669 ‹
2286 2617 2355 2672 Ει
2387 2617 2623 2688 loqueris
2647 2620 2714 2672 ad
2738 2635 2834 2675 eos
2859 2621 3038 2676 omnia
3069 2622 3233 2676 verba
3263 2621 3400 2686 haec,
3431 2631 3486 2678 et
3514 2639 3724 2678 nouau-

2153 2727 2173 2762 ‹
2215 2710 2362 2766 dient
2377 2719 2445 2773 te,
2473 2717 2529 2765 et
2547 2710 2768 2766 vocabis
2789 2726 2906 2777 eos,
2919 2721 2974 2768 et
2987 2727 3090 2766 non
3109 2713 3512 2783 respondebunt
3527 2713 3644 2768 tibi.
3664 2715 3725 2768 Et

2152 2818 2172 2853 ι
2214 2801 2359 2856 dices
2381 2801 2448 2856 ad
2474 2816 2568 2857 eos
2589 2817 2604 2856 :
2625 2793 2755 2856 Hmc
2783 2810 2865 2857 est
2885 2817 3016 2873 gens
3039 2818 3158 2873 quae
3183 2819 3288 2858 non
3311 2804 3518 2858 audivit
3545 2819 3724 2858 vocem

2153 2911 2172 2944 ε
2216 2891 2428 2946 Domini
2483 2891 2577 2946 Dei
2624 2893 2727 2957 sui,
2771 2907 2870 2948 nec
2919 2893 3125 2965 recepit
3165 2893 3526 2964 disciplinam.
3562 2894 3728 2950 Periit

2153 3001 2173 3036 ι
2219 2983 2385 3050 fides,
2435 2993 2490 3040 et
2535 2984 2716 3039 ablata
2746 2993 2830 3040 est
2866 2983 2932 3041 de
2967 3001 3062 3040 ore
3088 3001 3296 3040 eorum.
3329 3006 3352 3056 ρ
3395 2985 3476 3042 Ne
3516 2986 3726 3042 dubites

2147 3091 2262 3142 eos,
2299 3077 2498 3146 inquit,
2545 3076 2828 3131 indurasse
2869 3076 3156 3141 cervicem,
3195 3087 3249 3130 et
3268 3074 3460 3146 pejora
3483 3077 3726 3146 patribus

1927 3167 2044 3258 £00;
2068 3177 2114 3240 ο
2147 3169 2257 3222 suis
2287 3179 2560 3237 operatos.
2593 3167 2733 3222 Ecce
2760 3167 2827 3222 do
2853 3167 3028 3222 locum
3067 3169 3397 3238 pmuiteutiae
3421 3209 3438 3232 ,
3475 3183 3574 3223 nec
3611 3167 3727 3221 ideo

2146 3259 2340 3329 loquor
2375 3267 2432 3313 ut
2463 3258 2592 3313 fian‘t
2623 3299 2637 3325 ,
2684 3257 2777 3313 sed
2819 3257 2946 3328 quia
2995 3257 3174 3312 futura
3202 3267 3327 3312 sunt
3361 3257 3567 3314 idcirco
3600 3273 3728 3329 prze-

2146 3353 2288 3409 dieo.
2333 3351 2538 3408 Saltem
2567 3367 2712 3407 nunc
2736 3351 2960 3422 loquere
3001 3351 3082 3406 eis
3104 3351 3286 3406 verbis
3323 3352 3482 3415 meis,
3515 3360 3570 3406 et
3601 3360 3725 3406 tunc

2146 3461 2254 3500 non
2281 3445 2501 3500 audient
2525 3453 2596 3509 te,
2635 3452 2690 3498 et
2719 3443 2939 3499 vocabis
2965 3459 3080 3508 eos,
3109 3451 3164 3498 et
3189 3459 3296 3498 non
3322 3444 3726 3514 respondebunt

2147 3537 2266 3593 tibi.
2297 3537 2482 3592 Tantm
2509 3537 2653 3592 enim
2681 3544 2842 3591 erunt
2865 3537 3150 3606 superbiae.
3193 3545 3253 3590 ut
3293 3552 3415 3591 cum
3443 3535 3722 3591 vocaberis

2147 3645 2242 3686 eos
2285 3629 2354 3684 ad
2405 3629 2729 3683 audiendum
2763 3625 2942 3682 nullus
2970 3627 3301 3698 respondere
3333 3625 3607 3697 dignetur.
3663 3626 3723 3680 Et

2147 3722 2295 3777 dices
2319 3721 2386 3776 ad
2411 3735 2540 3775 eos:
2573 3739 2592 3771 ‹
2624 3718 2748 3774 Haec
2771 3727 2856 3774 est
2883 3733 3014 3790 gens
3038 3735 3156 3789 qua:
3182 3734 3284 3773 non
3314 3719 3522 3773 audivit
3543 3733 3720 3774 vocem

2149 3811 2362 3869 Domini
2392 3811 2485 3866 Dei
2514 3811 2596 3866 sui
2624 3851 2638 3875 ,
2675 3823 2776 3866 nec
2803 3809 3008 3880 recepit
3029 3809 3389 3879 disciplinam.
3424 3828 3445 3862 ι
3475 3808 3718 3871 Pulchre,

2149 3912 2210 3959 ut
2227 3905 2340 3976 jam
2383 3909 2509 3957 ante
2543 3901 2676 3966 dixi,
2732 3916 3068 3970 nequaquam
3105 3897 3356 3970 pupulum
3403 3913 3583 3960 suum,
3632 3897 3720 3952 sed

2150 4005 2366 4067 gentem
2399 4002 2574 4050 vocat.
2616 3992 2768 4060 Quod
2798 3992 2924 4048 licet
2961 4001 3016 4046 et
3042 3991 3110 4046 'in
3151 4000 3390 4062 tempore
3433 3991 3718 4060 propheta-

2151 4103 2270 4142 rum
2301 4100 2367 4141 ex
2397 4093 2550 4156 parte
2573 4085 2643 4139 sit
2667 4082 2887 4147 factum,
2916 4091 2972 4138 et
3005 4082 3058 4136 in
3091 4082 3276 4136 umbra
3303 4083 3639 4152 praecesserit
3669 4087 3720 4135 ct

2151 4179 2204 4234 in
2257 4177 2510 4246 imagine,
2546 4183 2725 4230 tamen
2778 4173 2990 4246 plenius
3043 4175 3342 4243 completur
3385 4173 3439 4227 in
3489 4173 3716 4236 Christo,

2149 4268 2364 4340 quando
2379 4267 2664 4323 noluerunt
2687 4265 2928 4336 recipere
2961 4253 3320 4335 disciplinam,
3345 4271 3402 4318 et
3429 4277 3614 4318 vocem
3641 4263 3718 4318 sui

2150 4360 2364 4416 Domini
2407 4364 2872 4429 contempserunt.
2915 4354 3068 4411 Unde
3115 4353 3391 4424 eleganter
3439 4353 3666 4408 infertur
3702 4371 3714 4406 :

2157 4469 2176 4502 ι
2220 4449 2389 4505 Periit
2436 4449 2590 4513 fides,
2629 4468 2648 4502 ι
2699 4461 2819 4518 qua:
2861 4445 3074 4517 proprie
3123 4443 3553 4500 Christianorum
3604 4453 3715 4510 est;

2074 4535 2125 4594 D
2157 4561 2176 4594 ι
2218 4549 2272 4596 et
2300 4540 2475 4596 ablata
2513 4551 2596 4594 est
2624 4539 2691 4593 de
2716 4553 2812 4594 ore
2841 4551 3050 4602 eorum,
3099 4555 3116 4587 ι
3149 4535 3327 4591 omnis
3359 4534 3607 4590 videlicet
3633 4533 3718 4588 lilii

2148 4633 2266 4700 Dei,
2305 4631 2538 4702 fideique
2565 4629 2852 4686 confessio.

2225 4761 2246 4795 ι
2291 4741 2475 4797 Tonde
2495 4740 2746 4811 capilfum
2774 4747 2926 4794 tuum
2952 4746 3008 4793 et
3039 4736 3262 4807 projice,
3297 4742 3352 4791 et
3389 4749 3546 4790 sume
3567 4735 3621 4789 in
3645 4733 3720 4788 di-

2155 4851 2174 4885 ‹
2217 4840 2422 4888 rectum
2453 4830 2580 4903 (sive
2609 4844 2772 4900 super
2793 4827 2954 4898 labia)
2985 4816 3256 4899 planctum
3297 4845 3310 4880 :
3350 4826 3478 4895 quia
3499 4823 3720 4896 proiecit

2157 4945 2176 4980 α
2221 4925 2504 4989 Dominus,
2549 4929 2607 4976 et
2649 4919 2867 4989 reliquit
2899 4919 3301 4992 generationem
3327 4914 3532 4972 furoris
3556 4916 3658 4971 sui.
3695 4935 3714 4968 ι

2151 5015 2218 5070 Et
2239 5013 2360 5077 Job,
2406 5012 2588 5067 audita
2639 5009 2868 5067 ﬁliorum
2895 5015 2950 5064 et
2987 5007 3220 5062 filiarum
3254 5014 3452 5070 morte,
3499 5003 3722 5075 capillos

2148 5108 2378 5178 legimus
2419 5103 2720 5160 totondisse
2769 5100 2912 5174 (Job.
2948 5099 3012 5170 ι),
3070 5107 3124 5152 et
3166 5097 3307 5166 apud
3345 5105 3566 5151 veteres
3611 5095 3723 5150 haec

2147 5209 2268 5256 erat
2311 5197 2551 5254 omnium
2587 5194 2920 5251 consuetudo
2964 5190 3258 5262 lugentium
3303 5188 3528 5244 tondere
3559 5203 3722 5243 eazsa-

2147 5293 2318 5356 riem;
2351 5297 2404 5344 at
2433 5303 2576 5343 nunc
2610 5302 2641 5342 e
2663 5284 2936 5342 contrario
2965 5297 3172 5338 comam
3203 5279 3512 5344 demittere,
3551 5277 3724 5333 luctus

2148 5380 2407 5437 indicium
2449 5385 2552 5433 est.
2589 5375 2778 5432 Omnis
2817 5383 2996 5428 autem
3041 5371 3291 5442 planctus
3319 5378 3374 5424 et
3411 5366 3722 5424 lamentatio

2145 5471 2478 5550 prophetalis
2518 5470 2719 5526 idcirco
2757 5465 3090 5523 assumitur:
3153 5480 3172 5514 ι
3220 5461 3344 5533 quia
3369 5459 3722 5550 projeeitDof

2148 5547 2345 5632 minus,
2381 5575 2439 5621 et
2467 5563 2684 5634 reliquit
2709 5559 3108 5633 generationem
3153 5553 3351 5609 furoris
3381 5552 3484 5608 sui.
3525 5571 3545 5603 ι
3573 5547 3720 5604 Ilaud

2149 5659 2370 5715 dubium
2411 5654 2541 5726 quin
2570 5652 2829 5724 populum
2865 5647 3171 5703 Iudaeorum
3201 5642 3463 5714 significet
3483 5681 3499 5708 ,
3529 5649 3580 5694 et
3604 5653 3722 5712 pro-

2150 5753 2267 5826 prie
2301 5751 2403 5807 hoc
2441 5749 2506 5804 ad
2553 5745 2754 5803 Christi
2787 5752 3026 5813 tempora
3073 5737 3414 5795 referendum
3444 5777 3459 5802 ,
3512 5731 3719 5806 quando
