4022 6186
273 264 377 320 865

1195 258 1562 316 EXPOSITIO
1601 258 1825 316 SUPER
1863 258 2231 315 JEREMIAM.
2269 291 2340 300 —
2374 261 2501 317 LlB.
2540 262 2631 317 IV.

3434 263 3540 321 866

271 380 433 451 periit
477 378 625 442 ﬁdes,
675 384 729 432 et
758 376 824 433 de
870 389 965 431 ore
997 374 1175 432 ablata
1215 382 1299 431 est
1338 373 1523 445 populi
1568 374 1854 429 Dominum
1882 376 1933 436 Α
1959 346 2015 428 et
2044 373 2110 427 de
2140 375 2353 429 caeteris
2380 375 2603 429 urbibus
2648 390 2769 445 quae
2806 376 2907 430 sub
2949 375 3091 430 illius
3127 377 3330 432 ditione
3363 392 3541 444 erant.

270 467 715 539 blasphemantis.

343 580 365 612 ι
398 560 535 626 Quia
561 556 809 612 fecerunt
840 555 934 609 ﬁlii
956 554 1092 610 Juda
1116 555 1317 610 malum
1341 556 1394 610 in
1417 563 1711 624 conspectu
1737 568 1860 609 meo

270 669 295 705 ς
330 652 463 707 dicit
506 648 803 703 Dominus:
830 647 1137 702 Posuerunt
1182 647 1506 702 oﬁ‘endieula
1549 661 1647 701 sua
1678 646 1731 699 in
1764 645 1860 699 do-

275 763 295 796 ι
328 757 439 805 mo,
464 741 518 794 in
545 756 650 810 qua
680 740 989 795 invocatum
1013 748 1101 795 est
1124 755 1318 794 nomen
1347 754 1545 804 meum,
1569 748 1631 793 ut
1656 738 1861 809 pollue-

275 853 294 884 ι
332 840 456 888 rent
488 845 608 886 eam
650 845 665 883 :
703 837 758 884 et
790 829 1195 885 aadiﬁeaverunt
1239 829 1454 884 excelsa
1498 825 1640 899 (sive
1673 826 1856 897 aram)

276 942 294 973 ι
336 921 603 991 Topbeth,
628 934 748 989 quae
769 927 853 974 est
877 919 930 974 in
959 918 1096 975 valle
1121 919 1217 973 ﬁlii
1251 919 1478 983 Ennom,
1510 926 1571 972 ut
1604 917 1853 981 incende-

275 1032 293 1064 ι
336 1019 459 1067 rent
487 1010 627 1066 ﬁlios
662 1025 790 1065 suos
827 1018 882 1065 et
911 1009 1053 1064 ﬁlias
1089 1024 1218 1064 suas
1243 1008 1351 1079 igni
1381 1027 1393 1062 :
1430 1023 1550 1077 quae
1579 1022 1688 1061 non
1716 1022 1858 1076 pra:-

274 1120 293 1151 ι
333 1102 455 1172 cepi
485 1117 585 1156 nec
614 1100 847 1170 cogitavi
881 1100 935 1155 in
963 1101 1126 1156 corde
1152 1114 1293 1156 meo.
1336 1120 1354 1152 ι
1384 1098 1538 1167 Quod
1577 1099 1631 1153 in
1659 1098 1859 1167 templo

269 1194 368 1248 Dei
404 1193 500 1248 ﬁlii
527 1191 664 1246 Juda
696 1199 928 1246 statuam
959 1191 1086 1245 Baal
1114 1199 1442 1261 posuerunt,
1474 1190 1529 1244 in
1562 1188 1860 1244 Ezechielis

269 1284 541 1355 principio
571 1284 847 1339 discimus.
872 1283 1096 1338 Excelsa
1118 1290 1297 1337 autem
1324 1298 1445 1353 quae
1472 1282 1735 1337 Hebraiee
1766 1296 1860 1350 ap-

266 1377 614 1446 pellabantur
646 1386 802 1435 mn:
839 1375 952 1430 sive
991 1390 1143 1428 aram
1183 1375 1427 1444 Topheth
1450 1414 1463 1436 ,
1518 1389 1637 1442 quae
1672 1383 1756 1428 est
1803 1373 1857 1427 in

271 1469 416 1524 valle
440 1469 673 1522 ﬁliorum
700 1468 891 1522 Ennon
921 1485 935 1520 :
970 1467 1114 1522 illum
1138 1467 1317 1522 locum
1340 1465 1629 1537 signiﬁcat,
1653 1466 1741 1535 qui
1774 1463 1859 1520 Si-

270 1560 357 1614 loe
384 1558 624 1612 fontibus
650 1558 925 1626 irrigatur,
950 1566 1008 1611 et
1036 1566 1121 1612 est
1140 1572 1387 1611 ammnus
1416 1566 1580 1626 atque
1610 1572 1859 1611 nemoro-

272 1664 400 1713 sus,
444 1649 710 1718 bodieque
749 1648 1026 1703 hortorum
1056 1649 1260 1718 prmth
1285 1648 1523 1703 delicias.
1550 1647 1649 1703 Hic
1675 1658 1854 1703 autem

274 1741 592 1812 gentilitatis
621 1756 777 1796 error
804 1755 993 1796 omnes
1020 1742 1328 1810 provincias
1359 1742 1672 1810 occupavit,
1703 1750 1765 1795 ut
1789 1741 1857 1796 ad
1890 1723 1932 1779 Β

275 1833 454 1902 capita
487 1830 713 1886 fontium
753 1831 1009 1901 lucosque
1041 1832 1440 1886 ammnissimos
1470 1831 1718 1886 victimas
1759 1831 1855 1884 im-

274 1922 572 1985 inolarent,
599 1928 653 1976 et
677 1921 856 1976 omnis
882 1935 1062 1989 pravae
1093 1921 1492 1990 superstitionis
1521 1921 1710 1991 religio
1738 1936 1889 1977 ser-1

273 2020 516 2066 varetur.
548 2011 790 2080 Topheth
822 2011 1003 2081 lingua
1044 2010 1270 2067 Hebrtea
1308 2012 1694 2081 interpretatur
1731 2012 1856 2066 lati-

274 2102 423 2157 tudo.
462 2102 841 2172 Scriptumque
874 2102 1048 2158 fertur
1084 2103 1137 2157 in
1171 2103 1311 2158 libro
1338 2101 1502 2176 Josue
1528 2104 1623 2158 ﬁlii
1648 2105 1766 2159 Nun
1793 2104 1860 2158 de

274 2196 379 2251 hoc
404 2194 546 2259 loco,
575 2195 668 2264 qui
690 2205 773 2249 cst
799 2195 851 2248 in
881 2195 1017 2250 valle
1041 2195 1271 2250 ﬁliorum
1297 2196 1486 2251 Ennon
1516 2205 1570 2250 et
1595 2195 1860 2252 Hebraice

275 2287 475 2343 dicitur
515 2296 644 2349 tun,
679 2294 770 2349 ut:
812 2287 1010 2357 quippe
1057 2290 1293 2363 φάραγγα
1318 2329 1332 2354 ,
1382 2289 1487 2344 hoc
1522 2297 1605 2345 est
1644 2289 1855 2357 val!em,

275 2389 387 2439 mn
415 2378 500 2433 vel
523 2370 757 2433 hominis
785 2394 979 2434 nomen
1013 2380 1098 2435 vel
1127 2381 1353 2451 gratiam
1389 2390 1563 2436 sonat.
1599 2382 1862 2437 Tradunt-

275 2484 381 2539 que
406 2468 616 2523 Hebraei
644 2483 710 2523 ex
742 2469 844 2524 hoc
870 2468 989 2523 loco
1015 2470 1337 2540 appellatam
1368 2471 1689 2542 gehennam,
1717 2472 1858 2541 quod

275 2560 487 2617 scilicet
514 2561 692 2616 omnis
725 2562 954 2630 populus
981 2559 1290 2616 Judaeorum
1334 2562 1405 2617 ibi
1434 2563 1659 2632 perierit
1687 2562 1857 2619 oﬁ‘en-

277 2653 410 2708 dens
434 2652 602 2707 Deum
629 2671 644 2707 :
674 2652 727 2706 in
754 2667 859 2721 quo
883 2652 1001 2707 loco
1020 2653 1187 2708 etiam
1209 2653 1349 2709 ﬁlios
1370 2664 1497 2709 suos
1520 2655 1576 2709 in
1598 2656 1720 2725 igne
1746 2655 1860 2711 ido-

274 2742 342 2797 lis
388 2743 788 2808 consecrat-int,
837 2744 950 2798 sive
996 2743 1369 2799 holocaustum
1411 2745 1704 2800 obtulerint
1742 2761 1861 2814 qua:

276 2848 382 2888 non
413 2836 732 2904 praeceperit
767 2835 868 2901 eis,
899 2850 998 2891 nec
1032 2835 1139 2891 ulla
1167 2836 1302 2903 legis
1324 2835 1553 2904 jusserit
1581 2838 1860 2893 sanctione

278 2922 385 2995 (IV
416 2924 545 2994 Reg.
588 2924 743 2997 xvn).
777 2925 930 2991 Quod
967 2926 1012 2981 si
1057 2924 1250 2996 Jepbte
1289 2927 1481 2982 obtulit
1510 2928 1677 2982 tiliam
1706 2944 1858 2983 suam

275 3014 541 3084 virginem
576 3014 687 3070 Deo
713 3015 863 3088 (Jud.
893 3016 991 3089 ιι),
1023 3033 1129 3072 non
1165 3018 1491 3072 sacriﬁcium
1528 3019 1730 3089 placet,
1764 3022 1858 3075 sed

278 3106 489 3160 animus
533 3105 828 3162 offerentis.
872 3107 1058 3177 Neque
1096 3109 1240 3163 enim
1274 3109 1319 3164 si
1363 3110 1512 3165 canis
1541 3118 1635 3164 aut
1674 3112 1859 3166 asinus

279 3205 366 3249 au:
390 3196 730 3252 immundum
752 3199 1026 3267 quodlibet
1052 3200 1249 3254 animal
1272 3201 1505 3270 primum
1534 3204 1860 3258 occurrisset

278 3288 415 3358 patri
460 3304 493 3344 a
528 3291 674 3346 caede
710 3290 945 3347 hostium
988 3294 1320 3359 revertenti,
1357 3294 1467 3349 Deo
1494 3294 1621 3350 illud
1664 3294 1860 3352 offerre

280 3379 561 3447 debuerat.
1486 3434 1495 3445 .

356 3490 376 3523 ι
412 3472 539 3529 Ideo
567 3488 694 3530 ecce
731 3475 847 3530 dies
879 3475 1129 3541 venient,
1161 3476 1295 3532 dicit
1328 3478 1619 3543 Dominus,
1658 3486 1714 3534 et
1750 3494 1859 3534 non

287 3580 305 3613 ι
342 3562 552 3619 dicetur
580 3565 829 3635 amplius,
854 3566 1121 3636 Topheth,
1150 3577 1203 3622 et
1225 3567 1379 3622 vallis
1410 3567 1502 3622 ﬁlii
1527 3568 1739 3634 Ennon,
1764 3570 1859 3625 sed

287 3674 305 3707 ι
345 3656 498 3711 vallis
525 3657 955 3714 interfectionis:
987 3669 1041 3713 et
1088 3659 1349 3730 sepelient
1392 3661 1445 3715 in
1497 3659 1761 3732 Topheth,
1793 3676 1858 3719 eo

287 3764 306 3796 ι
341 3747 484 3817 quod
512 3763 618 3803 non
643 3748 714 3803 sit
746 3748 913 3804 locus.
942 3750 1009 3805 Et
1038 3750 1141 3805 erit
1169 3752 1513 3808 morticinum
1554 3754 1733 3824 populi
1762 3756 1860 3809 hu-

288 3854 307 3887 σ
337 3838 427 3907 jus
466 3840 522 3894 in
561 3840 709 3896 cibos
758 3841 1063 3899 volucribus
1101 3845 1236 3900 εαξη»
1268 3854 1326 3899 et
1361 3846 1550 3901 bestiis
1599 3855 1774 3912 terrae,
1806 3856 1861 3902 et

289 3947 308 3980 ι
344 3946 452 3984 non
472 3929 579 3984 erit
598 3931 688 3999 qui
710 3931 910 4001 abigat.
936 3953 956 3985 ι
983 3933 1219 4005 Tempus
1236 3933 1530 3990 obsidionis
1558 3935 1856 4007 signiﬁcat,

284 4035 404 4091 qua;
429 4022 496 4077 ab
535 4036 677 4076 anno
705 4038 848 4079 nono
887 4026 1032 4095 regis
1063 4025 1339 4080 Sedechiae
1367 4041 1537 4095 usque
1563 4025 1630 4080 ad
1658 4042 1858 4081 annum

284 4113 625 4169 undecimum
666 4115 909 4184 perpessi
950 4124 1074 4170 sunt
1114 4115 1220 4187 (IV
1262 4116 1392 4187 Reg.
1427 4115 1576 4190 xxv).
1618 4118 1682 4172 Et
1716 4119 1887 4188 quod.

282 4218 623 4274 nequaquam
659 4213 882 4261 vocetur
918 4207 1072 4261 vallis
1113 4207 1228 4276 ipsa
1268 4209 1570 4277 gehennae,
1608 4209 1711 4264 hoc
1742 4217 1857 4274 est,

285 4292 435 4348 ratiis
462 4294 684 4358 Ennon,
725 4296 837 4351 sive
863 4295 1096 4364 ﬁliorum
1129 4297 1368 4363 Ennom,
1412 4298 1505 4353 sed
1542 4298 1612 4353 ob
1641 4298 1862 4354 interfe-

284 4386 516 4441 ctionem
555 4386 908 4456 plurimorum
947 4387 1097 4442 vallis
1136 4389 1425 4443 occisionis.
1466 4389 1636 4444 'l‘anta
1676 4399 1856 4446 autem

282 4477 459 4531 aedes
494 4478 627 4542 erit,
664 4484 723 4531 ut
760 4477 812 4531 in
844 4476 960 4532 loco
988 4478 1137 4548 prius
1166 4479 1440 4549 religionis
1471 4480 1714 4550 sepulcra
1750 4482 1858 4536 sint

284 4566 727 4634 innumerabilia;
760 4576 814 4622 et
839 4582 974 4638 quos
1011 4568 1237 4638 sepelire
1273 4584 1380 4623 non
1411 4570 1685 4639 potuerint
1711 4570 1844 4627 lace-

284 4649 477 4712 rentur
504 4656 573 4711 ab
601 4658 789 4713 avibus
825 4668 881 4714 et
918 4675 948 4713 a
987 4660 1173 4716 bestiis
1197 4660 1543 4725 devorentur,
1572 4660 1856 4731 nullusque

282 4745 353 4799 sit
391 4745 484 4815 qui
521 4746 699 4815 abigat
736 4747 929 4802 similia
967 4756 1242 4815 metuens,
1286 4757 1340 4803 et
1379 4747 1636 4803 humandi
1684 4750 1856 4805 victus

282 4831 493 4890 ofﬁciis.
524 4834 803 4890 Manifesta
835 4838 1273 4905 transcurrimus,
1300 4847 1359 4892 ut
1378 4839 1549 4894 sicubi
1577 4839 1726 4894 locus
1746 4837 1859 4895 fue-

286 4926 357 4980 rit
387 4926 440 4979 in
470 4926 715 4982 obscuris
735 4942 1022 4983 moremur.
1038 4929 1209 5000 Ipsius
1227 4930 1371 4984 enim
1397 4930 1518 4986 libri
1546 4931 1859 5002 magnitudo

284 5015 569 5091 fastidium.
583 5029 758 5088 potest
784 5018 960 5075 facere
990 5021 1309 5092 legentibus,
1333 5031 1536 5091 quanto
1563 5023 1734 5093 magis
1756 5025 1801 5079 si
1827 5039 1858 5079 a

284 5107 441 5163 nobis
476 5107 636 5164 latius
665 5108 994 5164 disseratur?

361 5213 380 5247 ι
426 5196 493 5250 Et
522 5198 802 5268 quiescere
833 5197 1023 5255 faciam
1050 5199 1116 5255 de
1146 5200 1369 5257 urbibus
1395 5200 1553 5268 Juda,
1575 5204 1720 5261 etde
1745 5205 1860 5276 pla-

290 5304 308 5337 c
350 5287 454 5342 teis
476 5287 771 5345 Jerusalem
794 5306 977 5346 vocem
1004 5292 1203 5363 gaudii,
1235 5300 1289 5347 et
1318 5307 1502 5348 vocem
1522 5294 1740 5370 laetitiae,
1770 5312 1861 5352 vo-

289 5402 309 5434 c
348 5399 464 5439 cem
489 5388 696 5456 Sponsi,
713 5395 768 5441 et
789 5403 973 5443 vocem
990 5404 1218 5459 sponsm,
1237 5390 1290 5443 in
1307 5389 1691 5445 desolationem
1712 5391 1855 5444 enim

289 5492 307 5524 α
345 5475 448 5530 crit
481 5486 641 5531 terra.
673 5498 693 5531 ι
724 5477 856 5533 Cum
884 5478 1031 5536 locus
1061 5480 1373 5537 idololatria:
1397 5496 1586 5536 versus
1610 5480 1772 5536 fuerit
1800 5482 1855 5536 in

282 5567 551 5635 sepulcra,
584 5578 644 5623 ut
671 5568 760 5623 ubi
792 5571 958 5625 Deum
986 5570 1353 5637 offenderant,
1387 5573 1458 5628 ibi
1487 5587 1673 5628 eorum
1698 5574 1857 5628 inhu-

282 5667 423 5710 mata
445 5658 663 5728 jar-eant
691 5660 974 5716 cadavera.
1003 5661 1072 5716 De
1098 5663 1230 5718 urbe
1250 5664 1518 5733 quondam
1533 5661 1852 5731 Jerusalem,

1961 462 2238 519 auferetur
2278 464 2456 519 omnis
2503 464 2720 529 laetitia,
2771 473 2826 519 et
2869 480 3101 520 maerore
3140 468 3451 540 gemituque
3483 480 3542 527 et

1960 552 2292 608 desolatione
2319 553 2501 607 omnia
2531 552 2965 623 complebantur.

2549 664 2779 720 CAPUT
2820 664 2949 720 Vill.

1960 754 2308 811 Comminatio
2344 756 2550 827 bisqui
2589 756 2785 809 residui
2823 765 2969 809 erant
3008 756 3072 810 de
3103 757 3430 826 captivitate;
3459 761 3542 814 in-

2029 828 2257 896 crepatio
2292 826 2477 896 populi
2503 842 2603 880 non
2633 827 2933 948 renitentia
2971 843 2989 880 :
3024 842 3123 880 vox
3160 829 3544 897 pwnitentium,

2031 897 2282 948 adventus
2311 897 2564 948 hostium.
2596 912 2630 948 u
2652 896 2831 948 ‘ulatus
2865 896 3113 948 civitatis.
3419 912 3423 917 '

2031 897 2282 962 adventus
2311 897 2564 961 hostium,
2596 896 2831 950 ululatus
2865 896 3113 950 civitatis.
3419 912 3423 917 '

2036 1024 2055 1056 ε
2090 994 2268 1060 ΙηῖΙίο
2300 1004 3179 1075 tempore,aitDOminus,ejicient
3202 1024 3325 1063 ossa
3355 1024 3544 1081 regum

1965 1115 1984 1148 «
2017 1094 2182 1158 Juda,
2212 1104 2267 1149 et
2290 1110 2411 1149 ossa
2442 1095 2745 1166 principum
2771 1094 2887 1163 ejus
2905 1136 2920 1160 ,
2946 1105 3001 1149 et
3029 1110 3151 1151 ossa
3179 1100 3544 1166 sacerdotum,

1964 1204 1982 1236 ς
2019 1194 2075 1240 et
2110 1200 2231 1240 ossa
2273 1185 2694 1253 prophetarum,
2738 1195 2794 1240 et
2828 1200 2951 1240 ossa
2988 1201 3179 1241 eorum
3214 1189 3305 1258 qui
3338 1191 3547 1245 habita-

1965 1294 1983 1327 ι
2026 1286 2220 1330 verunt
2246 1274 2566 1340 Jerusalem,
2593 1276 2658 1330 de
2685 1276 2947 1345 sepulcris
2972 1276 3102 1332 suis.
3143 1278 3211 1331 Et
3237 1282 3546 1350 expandent

1965 1384 1983 1415 ι
2020 1379 2083 1418 ea
2105 1367 2171 1419 ad
2199 1365 2365 1420 solem
2393 1374 2447 1420 et
2475 1365 2678 1431 lunam,
2707 1367 2846 1420 etad
2879 1382 3093 1421 omnem
3121 1369 3366 1425 militiam
3400 1373 3544 1439 creli,

1966 1474 1985 1507 ι
2021 1471 2140 1525 qua:
2165 1456 2502 1520 dilexerunt,
2531 1464 2587 1510 et
2615 1456 2810 1525 quibus
2836 1458 3161 1524 servierunt,
3191 1467 3248 1514 et
3280 1470 3402 1531 post
3428 1479 3548 1532 quae

1965 1567 1983 1599 ι
2018 1548 2466 1613 ambulaverunt,
2502 1556 2557 1603 et
2588 1564 2708 1619 quae
2736 1550 3062 1618 qumsierunt
3081 1559 3135 1605 et
3160 1553 3543 1609 adoravcrunt.

1967 1661 1983 1693 ι
2020 1641 2136 1697 Non
2179 1642 2500 1714 colligentur
2536 1652 2593 1699 et
2634 1659 2739 1699 non
2784 1645 3139 1715 sepelientur;
3183 1648 3238 1702 in
3275 1651 3550 1721 sterquili-

1966 1753 1984 1785 ε
2023 1736 2187 1798 nium,
2220 1751 2381 1805 super
2406 1735 2598 1791 faciem
2648 1735 2804 1791 terrae
2837 1747 3017 1792 erunt.
3043 1739 3109 1793 Et
3144 1740 3344 1813 eligent
3372 1743 3547 1816 magis

1967 1844 1985 1878 ι
2027 1836 2254 1880 mortem
2298 1842 2459 1895 quam
2501 1828 2701 1893 vitam,
2746 1844 2935 1884 omnes
2961 1831 3050 1898 qui
3092 1832 3295 1887 residui
3344 1832 3546 1890 fuerint

1966 1934 1984 1967 ι
2022 1917 2087 1970 de
2117 1918 2436 1987 cognatione
2478 1919 2577 1971 hac
2601 1919 2838 1987 pessima
2870 1921 2922 1973 in
2948 1922 3213 1978 universis
3238 1924 3393 1991 locis,
3425 1942 3544 1996 qua:

1966 2026 1984 2058 ι
2020 2006 2273 2062 derelicta
2294 2016 2439 2072 sunt,
2465 2008 2529 2061 ad
2544 2023 2665 2077 qua:
2684 2008 2816 2078 ejeci
2838 2025 2951 2076 eos,
2968 2011 3097 2066 dicit
3114 2014 3369 2070 Dominus
3388 2032 3544 2071 exer-

1967 2115 1985 2147 ι
2023 2099 2247 2151 rituum.
2284 2117 2303 2148 ι
2362 2097 2630 2169 (Hieroml
2669 2098 2859 2154 Omnia
2908 2117 3026 2170 quae
3058 2105 3386 2174 prophetalis
3429 2124 3543 2163 scr-

1962 2202 2051 2241 mo
2094 2188 2386 2254 describit,
2431 2198 2620 2244 nostro
2664 2200 2903 2261 tempore
2938 2195 3210 2251 cernimus
3247 2197 3539 2263 accidisse,

1959 2292 2067 2331 non
2096 2278 2188 2331 uni
2226 2277 2525 2333 Jerusalem
2548 2320 2563 2343 ,
2604 2295 2724 2350 qua:
2765 2281 2868 2335 ista
2910 2296 3165 2351 perpessa
3202 2293 3287 2340 est
3323 2302 3353 2341 a
3384 2286 3531 2342 Chal-

1962 2367 2093 2422 dacis
2117 2378 2281 2437 atque
2308 2369 2584 2430 Romanis,
2619 2371 2712 2424 sed
2745 2370 2997 2426 universo
3030 2373 3166 2438 orbi,
3197 2375 3268 2429 ita
3297 2386 3355 2431 ut
3378 2378 3544 2449 laery-

1961 2475 2062 2513 ma:
2086 2462 2364 2526 aruerint,
2408 2472 2463 2517 et
2495 2462 2707 2517 ossibus
2746 2450 3083 2519 mortuorum
3108 2466 3361 2523 universa
3395 2485 3542 2525 com-

1959 2551 2101 2620 pleta
2126 2553 2254 2606 sint.
2275 2554 2340 2607 Et
2355 2555 2478 2624 quia
2502 2556 2911 2626 solebantjuxta
2927 2559 3208 2627 antiquum
3227 2575 3429 2615 morem
3456 2578 3544 2617 au-

1961 2659 2078 2697 rum
2102 2653 2155 2698 et
2177 2646 2421 2714 quaedam
2444 2657 2762 2702 ornamenta
2788 2648 2869 2703 vel
2892 2650 3176 2706 mulierum
3201 2653 3284 2707 vel
3305 2655 3540 2709 virorum

1962 2738 2014 2790 in
2047 2738 2307 2807 sepulcris
2337 2740 2588 2805 condere,
2627 2740 2743 2795 haec
2770 2756 2986 2811 quoque
3022 2742 3307 2815 frangebat
3337 2754 3393 2800 et
3412 2745 3542 2801 effo-

1961 2828 2140 2882 diebat
2170 2828 2394 2882 avaritia
2413 2869 2427 2894 ,
2459 2838 2518 2882 ut
2549 2829 2687 2884 coelo
2707 2838 2762 2884 et
2789 2830 2892 2885 luci
2918 2834 3294 2900 proderentur.
3324 2835 3391 2890 Et
3421 2836 3542 2891 ideo
3608 2884 3620 2897 .

1958 2918 2191 2987 primum
2219 2934 2403 2989 regum
2437 2917 2572 2974 Juda
2604 2929 2658 2975 et
2686 2921 2987 2991 principum
3016 2924 3155 2993 ejus,
3194 2926 3541 2981 sacerdotum

1959 3022 2174 3078 quoque
2198 3018 2253 3064 et
2290 3010 2674 3079 prophetarum
2695 3051 2710 3076 ,
2739 3021 2791 3067 et
2823 3013 3063 3068 universi
3090 3015 3268 3085 p0puli
3296 3017 3387 3086 qui
3423 3018 3578 3073 [αθ-⁵

1886 3092 1931 3151 C
1962 3109 2086 3154 rant
2119 3100 2173 3154 in
2214 3099 2510 3154 Jerusalem
2531 3142 2546 3166 ,
2577 3118 2699 3157 ossa
2740 3103 2809 3157 de
2848 3104 3069 3159 tumulis
3105 3105 3537 3176 proferebantur,

1959 3190 2197 3259 patentia
2229 3190 2327 3245 soli
2354 3201 2409 3245 et
2437 3191 2597 3257 inme,
2625 3201 2681 3246 et
2703 3194 2942 3249 omnium
2972 3195 3248 3252 stellarum
3275 3203 3537 3270 aspectui,

1960 3290 2020 3336 ut
2044 3283 2239 3351 quibus
2265 3283 2583 3347 servierant,
2625 3284 2883 3340 derelicto
2912 3285 3024 3341 Deo
3041 3327 3056 3351 ,
3080 3303 3267 3343 eorum
3293 3301 3545 3360 paterent

1959 3373 2288 3444 aspectibus,
2321 3381 2374 3429 et
2405 3375 2804 3444 consumptain
2833 3377 3232 3447 sterquilinium
3258 3389 3309 3434 et
3330 3381 3543 3437 cineres

1959 3463 2317 3519 solverentur.
2351 3461 2409 3517 Si
2438 3464 2561 3533 quis
2599 3473 2779 3521 autem
2815 3465 2881 3521 de
2910 3467 3251 3524 multitudine
3278 3472 3544 3541 potuisset

1958 3553 2217 3624 eﬁ'ugere,
2248 3553 2312 3610 ad
2347 3570 2681 3624 quaaeunque
2702 3557 2827 3615 loca
2861 3560 3123 3629 venisset,
3151 3574 3379 3620 mortem
3402 3582 3542 3637 prae-

1959 3644 2128 3703 ferret
2165 3647 2321 3715 vitae,
2369 3655 2424 3704 et
2474 3650 2773 3707 remedium
2813 3650 3048 3709 infelicis
3098 3656 3543 3727 animmputaret

1959 3739 2261 3795 interitum.

2035 3850 2053 3883 ‹
2086 3832 2156 3886 Et
2183 3832 2330 3887 dices
2357 3833 2425 3887 ad
2447 3848 2542 3889 eos
2574 3853 2588 3887 :
2641 3833 2768 3890 Haec
2792 3836 2924 3891 dicit
2964 3837 3261 3895 Dominus:
3287 3841 3541 3913 Nunquid

1964 3938 1983 3971 ι
2023 3922 2114 3990 qui
2142 3921 2307 3986 cadit,
2358 3938 2465 3977 non
2494 3925 2785 3992 resurget?
2830 3935 2885 3980 et
2910 3927 3003 3996 qui
3036 3942 3258 3984 aversus
3283 3941 3385 3996 est,
3431 3948 3571 3988 non-

1966 4030 1984 4063 ι
2027 4020 2327 4068 revertetur
2351 4012 2477 4085 (sive
2490 4029 2596 4068 non
2618 4016 2935 4087 avertetur).
2962 4016 3127 4077 »Ροδι
3151 4027 3298 4074 tanta
3319 4022 3459 4077 mala
3475 4024 3544 4078 ad

1957 4105 2331 4176 paenitentiam
2370 4114 2628 4177 provocat
2651 4123 2745 4163 eos
2769 4110 2858 4179 qui
2897 4112 3164 4180 potuerint
3212 4127 3492 4171 remansre
3522 4134 3537 4173 :

1959 4198 2078 4253 sive
2124 4197 2437 4268 priusquam
2481 4201 2705 4255 veniant
2748 4202 2840 4272 qui
2866 4203 3102 4259 minatus
3129 4215 3246 4269 est,
3289 4206 3538 4264 hortatur

1957 4291 2024 4345 ad
2050 4292 2479 4357 conversionem,
2535 4302 2592 4347 et
2632 4292 2728 4347 dat
2763 4294 2939 4350 locum
2987 4298 3335 4366 ptenitentize.
3390 4301 3544 4368 Quod

1959 4390 2141 4438 autem
2165 4379 2319 4451 juxta
2348 4383 2671 4440 Hebraicum
2700 4387 2959 4457 scriptum
2987 4398 3066 4444 est
3094 4408 3163 4442 τ’(
3185 4391 3251 4445 Et
3271 4393 3363 4462 qui
3389 4409 3545 4449 aver-

1963 4490 2055 4530 sus
2082 4482 2187 4541 est,
2213 4491 2320 4531 non
2358 4486 2650 4543 avertetur,
2688 4495 2710 4529 ι
2743 4478 2869 4533 illud
2910 4480 3177 4552 signiﬁcat
3220 4485 3362 4552 quod
3388 4488 3479 4556 qui
3512 4505 3540 4542 a

1963 4565 2076 4621 Deo
2102 4578 2382 4623 aversatus
2422 4577 2524 4631 est,
2573 4569 2621 4624 si
2653 4569 2979 4625 voluerit‘ad
3028 4572 3248 4628 meliora
3277 4581 3541 4637 converti.

1961 4658 2131 4728 possit
2158 4667 2213 4713 et
2239 4660 2334 4714 Dei
2378 4659 2616 4715 furorem
2656 4661 2723 4716 ad
2755 4662 2973 4717 meliora
3004 4675 3340 4729 convertere,
3372 4679 3425 4723 et
3450 4686 3540 4721 v.5-

1962 4750 2132 4805 nienti
2161 4751 2444 4817 obsistere,
2475 4761 2529 4807 et
2552 4752 2735 4823 plagas
2760 4757 3009 4825 precibus
3033 4759 3256 4812 evitare.

2039 4860 2058 4893 α
2091 4842 2269 4909 Quare
2288 4858 2416 4915 ergo
2439 4859 2660 4901 aversus
2684 4854 2770 4901 est
2792 4847 3019 4918 populus
3042 4848 3143 4904 iste
3171 4851 3222 4903 in
3245 4851 3539 4908 Jerusalem

1967 4951 1985 4983 ι
2014 4948 2042 4986 a
2051 4935 2296 4991 versione
2307 4938 2642 4993 contentiosa
2654 4938 3168 5008 ?Apprebenderunt
3185 4944 3536 5007 mendacium,

1968 5043 1985 5074 ι
2014 5033 2067 5077 et
2105 5025 2391 5080 noluerunt
2423 5030 2637 5082 reverti.
2671 5048 2689 5081 ι
2724 5028 2937 5095 Quanto
2972 5046 3119 5101 ergo,
3155 5032 3347 5100 inquit,
3372 5036 3543 5102 magis

1961 5131 2061 5186 ego
2090 5117 2158 5171 ad
2183 5119 2553 5187 ptenitentiam
2580 5122 2888 5189 provocari,
2924 5132 3074 5177 tanto
3103 5122 3177 5177 illi
3218 5123 3338 5192 plus
3363 5138 3542 5178 reces-

1963 5218 2152 5263 serunt
2174 5223 2336 5274 ame,
2363 5225 2469 5264 non
2495 5219 2599 5265 tam
2635 5213 2891 5281 peccandi
2920 5213 3119 5275 studio,
3150 5229 3311 5283 quam
3342 5230 3427 5269 me
3454 5231 3541 5270 su-

1963 5298 2207 5367 perandi.
2247 5297 2733 5366 Apprehenderunt
2765 5302 2910 5356 enim
2938 5300 3154 5356 fortiter
3177 5304 3538 5371 mendacium,

1966 5389 2048 5443 vel
2095 5388 2233 5443 idola
2294 5388 2374 5442 vel
2421 5404 2588 5458 prava
2634 5405 2861 5460 qumque
2925 5392 3168 5454 veritati,
3210 5389 3541 5465 iustitiaeque

1963 5478 2257 5543 contraria,
2288 5487 2344 5533 et
2370 5478 2656 5534 noluerunt
2686 5481 2902 5534 reverti.
2958 5479 3074 5537 Non
3117 5482 3274 5548 dixit,
3304 5500 3409 5540 non
3440 5502 3541 5557 po»

1962 5579 2198 5634 taerunt,
2238 5571 2354 5636 sed,
2380 5570 2527 5625 omni
2561 5571 2739 5626 studio
2774 5571 2957 5642 iniqua
2985 5576 3178 5628 sectati
3227 5586 3370 5631 sunt.
3421 5579 3532 5633 No-

1960 5673 2133 5719 strum
2161 5676 2287 5717 vero
2315 5669 2475 5717 estut
2502 5661 2739 5732 quotidie
2756 5677 2860 5718 nos
2885 5665 3188 5720 attrahente
3217 5668 3389 5736 gratia
3417 5664 3541 5737 Dei;
