4022 6186
386 241 489 299 867

1028 238 1090 293 Β.
1134 235 1391 293 RABANI‘
1419 233 1637 293 MAURI
1674 232 1983 293 ABCHIEP.

2090 231 2347 294 οιιιιΝτ.
2386 234 2676 296 OPERHM
2711 237 2892 297 PARS
2928 238 3014 297 Ill.

3562 247 3679 305 868

380 355 660 413 humiliter
702 354 1132 425 subsequamur:
1166 350 1250 406 vel
1291 358 1442 406 certe
1469 350 1602 407 dura
1654 348 1870 405 cervice
1912 324 1977 404 et.T
1997 352 2051 413 Α
2079 365 2098 399 ι
2126 347 2397 419 sapientia
2437 348 2591 407 nulla
2620 358 2707 406 est
2748 350 2811 407 in
2843 351 2944 407 eis.
2974 372 2994 405 ι
3029 350 3255 410 Fmstra
3282 353 3444 426 igitur
3460 355 3683 428 iactant

381 447 802 511 incircumcisis,
836 453 899 500 ut
924 444 1186 513 scriptum
1234 449 1338 507 est,
1379 441 1603 497 auribus
1632 439 1808 497 eidem
1838 437 1973 495 resi-

382 539 652 595 stentibus
677 553 773 608 per
797 534 1097 591 Jerusalem
1130 547 1436 588 mereamur
1465 530 1655 587 audire

463 648 482 679 ι
520 627 772 697 Nunquid
805 626 895 695 qui
918 624 1065 680 cadit
1088 639 1194 679 non
1223 630 1490 693 resurget,
1517 628 1612 675 aut
1633 619 1724 690 qui
1748 634 1975 675 aversus

380 730 590 776 estnon
618 716 954 772 revertetur?
998 714 1177 783 Quare
1219 727 1350 779 ergo
1376 726 1601 766 aversus
1639 718 1725 765 est
1745 708 1977 779 populus

382 810 485 866 iste
525 809 579 864 in
614 805 913 863 Jerusalem
946 804 1230 859 aversione
1256 798 1979 857 eontentiosa?-indurave-

383 901 510 947 runt
528 891 768 947 cervices
798 904 944 953 suas,
974 887 1264 943 noluerunt
1292 884 1537 940 reverti?
1572 902 1591 935 ι
1716 921 1759 949 ,

460 1002 479 1034 ι
512 981 732 1038 Attendi
757 988 810 1034 et
836 977 1165 1043 auscultavi,
1200 991 1360 1033 nemo
1384 975 1526 1045 quod
1556 975 1758 1030 bonum
1786 982 1871 1029 est
1901 972 1979 1031 lo-

388 1096 406 1126 ι
440 1079 646 1145 quitur.
678 1072 873 1128 Nullus
887 1081 971 1129 est
997 1071 1087 1142 qui
1117 1078 1242 1142 agat
1267 1068 1644 1140 paenitentiam
1671 1082 1837 1138 super
1860 1082 1980 1138 pec-

389 1187 407 1219 ι
443 1177 564 1223 cato
589 1181 688 1221 suo
714 1166 939 1221 dicens:
972 1164 1111 1231 Quid
1159 1162 1300 1218 feci?
1345 1159 1547 1217 Omnes
1577 1158 1825 1216 conversi
1853 1166 1981 1215 sunt

387 1278 406 1309 ι
443 1258 511 1312 ad
541 1272 760 1311 cursum
802 1269 984 1319 suum,
1024 1253 1177 1324 quasi
1220 1266 1394 1323 equus
1439 1251 1640 1321 impetu
1680 1250 1887 1306 vadens
1925 1248 1979 1303 in

388 1368 406 1398 ι
444 1347 709 1417 praelium.
746 1367 765 1399 ι
828 1345 1129 1418 (Ηὶενοη.)
1182 1343 1439 1399 “evocati
1488 1343 1559 1399 ad
1604 1342 1980 1414 pmnitentiam

382 1439 571 1494 audire
599 1446 972 1501 contemnunt,
1002 1450 1102 1491 nec
1130 1434 1329 1491 suilicit
1358 1435 1441 1489 eis
1465 1443 1659 1489 contra
1688 1432 1980 1489 Dominum

383 1529 672 1597 deliquisse
711 1535 765 1581 et
796 1526 1004 1581 locutos
1030 1540 1151 1581 esse
1194 1523 1609 1593 blasphemiam,
1651 1522 1747 1578 sed
1765 1535 1979 1587 omnes,

381 1618 554 1674 insrar
566 1632 826 1687 equorum
836 1656 850 1681 ,
873 1627 923 1674 et
943 1614 1150 1669 fervido
1163 1630 1226 1670 cu
1237 1630 1325 1669 rsu
1340 1612 1406 1667 ad
1425 1613 1668 1683 praelium
1685 1612 1978 1676 ruentium,

2076 437 2210 508 legis
2252 439 2571 505 scientiam,
2617 437 3043 509 qui'doctriuam
3072 444 3327 514 operibus
3363 445 3681 507 destruunt.

2152 548 2177 581 ι
2203 529 2501 601 Pnopterea
2518 530 2663 588 dabo
2687 532 2945 588 mulieres
2970 534 3098 604 (sine
3125 536 3345 611 uxores)
3371 553 3562 597 eorum
3579 555 3687 598 cx-

2081 637 2100 671 ι
2140 621 2292 686 teris,
2319 636 2483 691 agms
2518 636 2708 678 eorum
2739 623 3076 692 htercdihus,
3110 628 3236 697 quia
3264 645 3292 682 a
3334 630 3559 688 minimo
3580 650 3689 691 us-

2081 730 2101 765 ι
2137 727 2243 784 que
2276 713 2342 769 ad
2373 714 2672 771 niaximum
2702 731 2894 773 omnes
2937 719 3229 775 avaritiam
3276 732 3610 792 sequuntur,
3646 742 3687 782 a

2083 826 2103 860 ι
2143 807 2411 879 propheta
2462 824 2635 880 usque
2682 812 2749 867 ad
2800 814 3186 870 sacerdotem:
3237 820 3419 874 cuncti
3468 820 3688 879 faciunt

2083 917 2103 951 ι
2136 899 2477 955 mendacium
2504 900 2633 972 (sive
2652 902 3038 973 iniquitatem).
3074 906 3141 962 Et
3171 911 3440 967 sanabant
3468 916 3690 973 contri-

2085 1005 2105 1039 ι
2145 988 2323 1045 tiones
2349 989 2473 1045 lilia:
2506 991 2689 1060 populi
2719 993 2828 1047 mei
2871 994 2942 1051 ad
2983 995 3357 1067 ignominiam,
3388 1003 3636 1060 dicentes
3664 1020 3684 1059 :

2087 1098 2106 1132 ι
2140 1080 2295 1149 Pax,
2351 1096 2483 1153 pax,
2512 1098 2636 1138 cum
2701 1099 2807 1139 non
2876 1095 3023 1143 esset
3090 1102 3218 1158 pax.
3257 1109 3279 1143 ι
3336 1090 3690 1166 Receperunt

2086 1173 2392 1229 mercedem
2441 1189 2665 1244 operum
2723 1190 2982 1243 suomm,
3028 1187 3089 1233 ut
3144 1183 3237 1251 qui
3291 1184 3516 1241 verbum
3568 1189 3689 1246 Do-

2080 1263 2214 1320 mini
2265 1264 2651 1335 projecerunt,
2707 1267 2808 1337 ipsi
2864 1266 3227 1336 abiicerentur
3278 1275 3348 1331 ab
3400 1293 3485 1333 eo.
3534 1278 3690 1335 Uxo-

2083 1368 2189 1421 res,
2245 1356 2440 1426 inquit,
2482 1373 2694 1424 eorum,
2739 1368 2795 1415 et
2836 1364 3207 1431 possessiones
3242 1369 3450 1424 tradam
3509 1371 3692 1428 hosti-

2080 1446 2203 1501 bus.
2242 1446 2435 1503 Et'ne
2491 1465 2613 1505 mea
2647 1452 2889 1509 crudelis
2928 1464 3152 1526 putetur
3203 1475 3327 1517 esse
3385 1467 3687 1529 sententia,

2082 1550 2278 1593 causas
2298 1538 2515 1594 auditor
2541 1551 2799 1611 agnoscat
2830 1562 2844 1598 :
2882 1562 2902 1596 ι
2932 1546 2979 1600 Α
3012 1549 3237 1606 minimo
3265 1567 3433 1623 usque
3467 1555 3535 1609 ad
3568 1572 3691 1609 ιιιιιι

2086 1626 2312 1695 ιιίιιιιιιιι,
2358 1645 2549 1687 omnes
2590 1633 2835 1690 avaritia:
2881 1637 3123 1694 student.
3159 1660 3181 1695 ι
3220 1673 3291 1683 --
3323 1662 3345 1696 ι
3376 1643 3551 1701 Radix
3596 1656 3694 1703 est

385 1725 490 1766 non
515 1717 816 1777 recogitant
835 1720 998 1776 super
1024 1714 1245 1775 peccato
1270 1719 1389 1770 suo,
1416 1718 1519 1761 nec
1550 1704 1756 1765 dicunt,
1783 1721 1803 1754 ι
1836 1701 1977 1802 Quid

2090 1719 2224 1774 enim
2245 1720 2486 1776 omnium
2508 1722 2775 1779 malorum
2789 1728 3093 1801 avaritia”
3109 1730 3242 1786 Tim.
3260 1734 3356 1803 vt).
3384 1755 3404 1787 ι
3441 1755 3459 1787 ι
3488 1737 3528 1790 Δ
3561 1701 3693 1807 prs»

383 1796 486 1852 ieci
519 1794 670 1867 (Gen.
700 1795 841 1862 vui).
880 1813 898 1845 ι
934 1794 1037 1849 Per
1066 1808 1186 1863 qua:
1219 1792 1571 1864 intelligimus
1598 1792 1683 1847 vel
1726 1792 1794 1847 de
1821 1790 1974 1847 omni

382 1903 580 1960 genere
621 1888 854 1942 humano
883 1886 985 1940 ista
1006 1886 1141 1949 .diei,
1173 1886 1318 1955 quod
1350 1899 1585 1955 pronum
1619 1884 1692 1940 sit
1728 1884 1795 1939 ad
1821 1883 1975 1951 vitia,

385 1978 467 2033 vel
491 1980 557 2034 de
587 1984 831 2045 tempore
858 1975 1180 2040 Salvatoris,
1206 1976 1429 2045 quando
1465 1994 1485 2028 ι
1519 1990 1711 2031 omnes
1738 1973 1977 2033 declina-

383 2077 611 2132 verunt,
652 2066 815 2122 simul
844 2066 1060 2122 inutiles
1088 2065 1215 2122 facti
1240 2075 1367 2122 sunt
1392 2082 1405 2119 :
1435 2080 1542 2121 non
1590 2063 1692 2122 fuit
1717 2065 1807 2136 qui
1830 2063 1977 2122 face-

385 2170 468 2215 ret
504 2163 726 2220 bonurn.
779 2174 882 2215 non
916 2157 1021 2216 fuit
1059 2174 1230 2229 usque
1257 2158 1326 2213 ad
1371 2173 1539 2215 unum
1567 2155 1741 2230 (Psal.
1773 2158 1917 2227 xm).
1954 2176 1973 2210 ι

391 2249 542 2306 [inde
579 2261 637 2304 et
662 2249 777 2319 ipse
807 2248 1036 2320 mystice
1061 2248 1364 2307 clamavit:
1429 2267 1449 2301 ι
1485 2247 1710 2305 Salvum
1738 2265 1827 2305 me
1868 2247 1977 2315 fac,

391 2342 645 2407 Domine,
677 2341 934 2410 quoniam
961 2340 1159 2397 defecit
1193 2351 1416 2397 sanctus
1468 2339 1644 2412 (Psal.
1675 2340 1778 2412 ιι).
1810 2362 1829 2395 ι
1884 2339 1980 2397 Sin

387 2445 567 2487 autem
601 2436 712 2486 inec
736 2431 806 2484 ita
832 2444 890 2486 se
911 2430 1129 2493 habent,
1158 2430 1250 2487 ubi
1283 2441 1410 2485 sunt
1435 2430 1528 2500 qui
1560 2430 1614 2485 in
1643 2440 1827 2488 nostra
1861 2445 1983 2488 esse

389 2522 578 2576 dicunt
632 2521 865 2591 positum
926 2520 1205 2575 voluntate
1259 2520 1406 2577 omni
1462 2535 1655 2577 carere
1712 2521 1983 2591 peccato?

395 2631 416 2665 ι
449 2611 638 2678 Nemo,
688 2611 880 2681 inquit,
926 2612 1069 2682 quod
1111 2613 1315 2667 bonum
1362 2622 1447 2669 est
1494 2612 1734 2683 loquitur
1763 2613 1979 2685 (Matth.

390 2710 506 2767 tu);
537 2721 556 2754 ι
589 2701 714 2771 quia
744 2703 906 2757 etiam
954 2717 1055 2773 pro
1100 2703 1278 2759 otioso
1304 2704 1474 2760 verbo
1505 2702 1764 2760 reddituri
1793 2719 1983 2763 sumus

394 2793 659 2849 rationem
696 2799 751 2853 in
784 2794 874 2851 die
893 2792 1108 2862 iudicii.

469 2929 489 2962 ι
525 2908 716 2965 Milvus
758 2909 811 2963 in
845 2920 982 2966 casto
1021 2909 1272 2982 cognovit
1300 2919 1511 2982 tempus
1537 2925 1735 2966 suum:
1779 2918 1979 2979 turtur,

385 2996 416 3055 ἰ
448 3011 504 3056 et
530 3003 786 3065 hirundo,
811 3009 867 3056 et
905 3001 1113 3057 ciconia
1139 3002 1513 3058 custodierunt
1539 3011 1753 3075 tempus
1782 3005 1983 3061 adven-

2082 1813 2242 1883 phcta
2291 1830 2464 1884 usque
2492 1816 2560 1871 ad
2612 1819 2972 1888 sacerdotem,
3010 1842 3029 1876 ι
3092 1825 3183 1894 qui
3228 1826 3364 1883 alios
3394 1842 3692 1899 peccantes

2081 1903 2372 1973 prohibere
2398 1906 2675 1975 deberent,
2726 1910 2889 1981 primi
2918 1913 3215 1971 sceleribus
3262 1918 3586 1989 subiacent:
3624 1932 3688 1977 et

2085 2006 2281 2053 cuncta
2304 1997 2390 2052 vel
2416 1999 2603 2069 iniqua
2632 2000 2859 2071 faciunt,
2886 2004 3014 2060 dum
3048 2006 3224 2062 aliena
3249 2009 3547 2080 diripiunt;
3597 2016 3693 2070 vet

2082 2094 2235 2141 certe
2267 2088 2629 2157 mendacium,
2668 2098 2726 2146 ut
2758 2107 2867 2147 non
2899 2094 2972 2149 sit
2996 2097 3205 2153 veritas
3232 2098 3288 2153 in
3329 2115 3431 2156 ore
3468 2116 3685 2159 comm.

2083 2176 2151 2231 Et
2169 2185 2294 2247 post
2321 2178 2446 2243 ista,
2473 2180 2631 2249 quasi
2649 2182 2777 2237 boni
2808 2184 3024 2250 medici,
3048 2186 3225 2243 aliena
3258 2190 3479 2247 vulnera
3502 2194 3691 2252 verbis

2084 2283 2280 2324 sanare
2306 2270 2628 2356 cupiebant,
2657 2274 2750 2343 qui
2778 2275 2880 2346 ipsi
2906 2287 3063 2335 erant
3085 2281 3327 2337 omnium
3352 2282 3689 2356 ﬂagitiorum

2084 2358 2323 2416 conmissi
2361 2352 2692 2420 vulneribus.
2745 2364 2873 2422 Haec
2897 2370 3141 2438 quotidie
3169 2372 3227 2426 in
3255 2352 3451 2432 nostro
3467 2393 3694 2449 quoque

2084 2449 2281 2522 populo
2307 2452 2604 2519 cernimus,
2636 2455 2853 2512 dicente
2880 2457 3177 2529 Apostoio:
3234 2483 3253 2516 ι
3291 2463 3392 2533 Qui
3422 2469 3693 2538 praedicas

2085 2558 2194 2596 non
2220 2541 2505 2603 furandum
2532 2544 2753 2614 iuraris,
2793 2556 2899 2604 etc.
2929 2548 3109 2621 (Rom.
3142 2553 3225 2625 ιι).
3275 2554 3379 2624 Qui
3409 2573 3532 2613 cum
3559 2575 3695 2630 pec-

2083 2644 2296 2693 ceteros
2323 2646 2380 2694 et
2409 2639 2605 2696 divites
2630 2641 2896 2711 viderint,
2942 2660 3136 2702 sanare
3163 2649 3386 2719 cupiunt
3404 2654 3694 2709 contritio-

2085 2739 2212 2783 nem
2238 2726 2360 2782 iiiite
2385 2729 2566 2801 populi
2583 2731 2699 2798 Dei,
2726 2732 2831 2789 hoc
2856 2734 3223 2805 estEcclesize,
3251 2740 3321 2796 ad
3335 2742 3689 2813 ignominiam

2086 2817 2171 2873 vel
2196 2828 2389 2875 eorum
2415 2822 2507 2893 qui
2528 2821 2888 2893 decipiuntur,
2913 2827 2997 2882 vel
3022 2842 3208 2884 eorum
3240 2832 3348 2901 qui.
3367 2833 3504 2890 alios
3532 2836 3689 2892 deci-

2084 2909 2271 2979 piunt,
2306 2921 2368 2967 ut
2402 2912 2587 2967 dicant
2615 2915 2761 2970 omni
2784 2915 3024 2974 facinore
3051 2922 3320 2991 conpertis
3345 2941 3358 2978 :
3388 2924 3521 2991 Pax,
3551 2943 3689 2998 pax,

2086 3014 2211 3056 cum
2225 3001 2373 3057 milia
2392 3002 2461 3061 sit
2473 3018 2601 3073 pax,
2631 3013 2688 3060 et
2706 3005 2907 3061 bellum
2922 3008 3003 3063 eis
3015 3008 3297 3067 immineat
3314 3025 3686 3084 peccatorum.

402 3110 422 3144 ι
458 3099 545 3146 tus
589 3095 674 3147 sui
707 3102 731 3147 ι·
759 3094 990 3161 populus
1017 3103 1197 3148 autem
1228 3108 1384 3149 meus
1410 3109 1518 3150 non
1545 3074 1797 3166 cognovit
1832 3095 1981 3167 iudi-
2009 3074 2058 3138 ο
2162 3112 2181 3147 ι
2212 3093 2433 3151 Confusi
2454 3106 2582 3152 sunt
2603 3097 2697 3169 qui
2728 3098 3188 3159 abominationem
3221 3074 3489 3162 fecerunt.
3517 3108 3689 3176 Quin.

400 3202 419 3235 ι
454 3183 597 3239 cium
626 3182 859 3238 Domini.
900 3203 920 3235 ι
969 3182 1075 3238 Pro
1110 3183 1273 3238 milvo
1300 3199 1460 3253 quem
1492 3184 1879 3255 interpretatus
1899 3194 1985 3242 est

396 3272 751 3345 Symmachus
771 3314 787 3340 ,
824 3272 963 3329 LXX
995 3284 1049 3329 et
1087 3273 1385 3329 Theodotio
1408 3274 1580 3344 ipsum
1608 3277 1833 3330 verbum
1871 3274 1982 3331 lle-

396 3371 636 3426 braicum
667 3384 897 3440 posuere
921 3376 1131 3429 rrum:
1192 3384 1519 3439 rursumque
1566 3383 1666 3439 pro
1694 3369 1983 3426 hirundine

394 3459 755 3531 Symmachus
801 3461 1040 3513 cicadam
1067 3457 1366 3524 transtulit,
1399 3473 1520 3528 qua:
1547 3458 1815 3514 liebraiec
1851 3458 1984 3514 dici-

397 3563 483 3605 tur
511 3559 632 3611 o‘o.
662 3549 769 3606 Pro
801 3564 868 3605 eo
894 3559 1076 3605 autem
1107 3551 1250 3619 quod
1279 3564 1380 3605 nos
1398 3550 1678 3619 posuimus
1699 3550 1981 3617 ciconiam,

395 3650 452 3697 et
484 3641 674 3712 Aquila
714 3650 771 3696 et
795 3639 1159 3711 Symmachus
1184 3640 1259 3694 ita
1286 3646 1345 3693 ut
1374 3639 1427 3694 in
1456 3638 1685 3696 Hebraeo
1718 3638 1983 3710 scriptum

393 3741 484 3787 est
520 3741 654 3797 nm:
680 3730 1090 3792 transtulerunt,
1120 3744 1222 3800 pro
1271 3744 1379 3800 quo
1403 3728 1547 3785 LXX
1595 3732 1713 3803 agri
1750 3748 1984 3803 passeres

395 3818 738 3892 interpretati
786 3827 931 3875 sunt.
982 3817 1137 3875 Unus
1175 3826 1359 3874 autem
1405 3829 1568 3890 atque
1604 3819 1746 3877 idem
1792 3835 1986 3878 sensus

394 3921 501 3978 est,
532 3910 627 3981 qui
660 3910 713 3966 in
759 3908 913 3965 Isaia:
943 3909 1213 3982 principio
1263 3910 1484 3981 ponitur
1513 3928 1527 3966 :
1572 3930 1593 3964 ι
1623 3910 1855 3983 Agnovit
1884 3914 1985 3971 bos

397 4017 769 4076 possessorem
815 4015 1009 4068 suum,
1059 4010 1114 4058 et
1148 4002 1341 4059 asinus
1365 4017 1607 4075 ιιι-ρδθυο
1634 4004 1837 4060 domini
1877 4004 1983 4073 sui,

398 4094 563 4165 lsracl
589 4105 772 4150 autem
811 4108 899 4148 me
921 4107 1027 4149 non
1057 4093 1329 4165 cognovit,
1366 4102 1421 4150 et
1445 4094 1679 4165 populus
1694 4111 1847 4152 meus
1877 4114 1984 4154 non

401 4162 665 4243 intellexit
708 4183 846 4255 (fta.
879 4185 918 4256 I)
943 4199 959 4251 ;
997 4203 1018 4238 ι
1047 4162 1191 4254 quod
1211 4183 1373 4239 etiam
1403 4162 1584 4255 parva:
1612 4200 1741 4243 aves
1767 4203 1864 4245 sua
1889 4204 1988 4246 no-

401 4277 513 4332 rint
544 4288 808 4345 tempora,
850 4287 909 4331 et
933 4273 1109 4331 sciant
1135 4274 1351 4344 quando
1381 4274 1448 4331 ad
1470 4276 1642 4333 calida
1669 4276 1986 4337 festinantes

404 4368 545 4432 loca,
593 4368 828 4439 rigorem
854 4367 1053 4425 hiemis
1080 4367 1312 4424 debeant
1338 4368 1611 4426 declinare
1635 4386 1649 4423 :
1682 4380 1739 4426 ct
1764 4386 1982 4429 rursum

398 4460 547 4517 veris
575 4432 839 4531 principio
890 4460 961 4515 ad
1000 4458 1189 4517 solitas
1233 4462 1421 4519 venire
1468 4463 1734 4534 regiones.
1786 4464 1985 4521 Caium
2012 4432 2064 4491 Β

400 4560 588 4607 autem
641 4550 731 4605 hic
774 4566 871 4621 pro
896 4566 1025 4608 aere
1067 4552 1158 4623 qui
1209 4566 1376 4622 supra
1402 4562 1507 4621 est,
1557 4555 1818 4613 debemus
1846 4559 1990 4614 acci-

397 4655 547 4713 pere.

486 4749 505 4782 ι
548 4730 829 4798 Quomodo
863 4730 1065 4799 dicitis,
1115 4733 1401 4805 Sapientes
1436 4751 1533 4792 nos
1572 4753 1784 4805 sumus,
1827 4749 1883 4796 et
1904 4741 1990 4798 lex

410 4843 428 4875 ι
465 4822 680 4880 Domini
710 4822 991 4881 nobiscum
1024 4825 1145 4880 est?
1172 4825 1311 4882 Vere
1358 4829 1695 4887 mendacium
1736 4843 1991 4904 operatus

409 4935 429 4970 ι
462 4924 546 4974 est
571 4916 743 4989 stylus
779 4917 1007 4974 mendax
1036 4918 1392 4975 scribarum.»
1417 4919 1499 4976 Ad
1521 4923 1732 4981 scribas
1753 4926 1991 4998 loquitur

404 5019 461 5068 et
488 5010 793 5067 Pharisaeos
817 5010 907 5081 qui
937 5010 1071 5081 legis
1097 5009 1309 5080 iactant
1334 5013 1603 5082 notitiam,
1649 5024 1707 5072 et
1747 5020 1988 5076 scriben-

402 5114 485 5160 tes
504 5102 746 5160 scribam!
773 5103 1138 5175 iniquitatem.
1171 5102 1432 5175 Quodque
1458 5106 1568 5161 ait:

480 5214 498 5247 ι
535 5193 758 5253 Confnsi
785 5206 913 5252 sunt
931 5196 1224 5267 sapientes,
1239 5197 1512 5268 perterriti
1534 5205 1586 5253 et
1614 5199 1758 5271 capti
1786 5209 1929 5256 sunt.
1959 5222 1978 5254 ι

404 5286 520 5344 Νοιι
543 5305 655 5361 quo
677 5290 953 5362 sapientes
980 5291 1091 5347 sint
1112 5289 1205 5361 qui
1236 5290 1347 5346 ista
1388 5290 1620 5357 faciunt;
1650 5292 1745 5348 sed
1775 5294 1987 5364 sapien-

403 5387 489 5436 tes
512 5390 689 5449 voeat,
718 5392 780 5441 ut
822 5400 919 5441 suo
933 5382 1142 5454 judicio
1165 5383 1614 5450 condemnentur,
1639 5393 1694 5442 et
1712 5402 1741 5442 e
1767 5396 1986 5443 contra-

404 5471 488 5527 rio
517 5475 777 5542 sapientia
828 5491 1017 5533 eorum
1047 5458 1401 5534 convincatur
1450 5478 1676 5534 stultitia
1704 5520 1720 5547 ,
1773 5481 1987 5539 dicente

407 5558 610 5617 Paulo:
677 5584 701 5615 ι
728 5564 830 5633 Qui
872 5568 1036 5624 doces
1089 5568 1293 5633 alium,
1354 5579 1407 5625 te
1452 5571 1628 5641 ipsum
1674 5586 1780 5629 non
1825 5573 1988 5630 doces

407 5642 585 5723 (Rom.
617 5654 699 5726 ιι).
731 5676 751 5710 ι
784 5674 802 5707 ι
840 5657 1074 5713 Verbum
1099 5658 1245 5713 enini
1278 5658 1490 5717 Domini
1521 5661 1866 5732 proiecerunt
1886 5706 1900 5731 ,
1933 5675 1986 5720 et

2090 3204 2109 3237 ι
2150 3185 2263 3241 imo
2310 3186 2634 3244 confusione
2677 3203 2784 3245 non
2819 3198 2947 3246 sunt
2974 3191 3205 3259 confusi,
3259 3204 3317 3251 et
3361 3199 3692 3258 erubescere

2090 3293 2110 3328 ι
2146 3276 2477 3333 nescierunt.
2516 3296 2536 3331 ι
2571 3279 2993 3354 ἐρωςηματιιῶς
3032 3283 3136 3339 hoc
3160 3293 3244 3340 est
3281 3285 3592 3359 legendum,
3625 3303 3697 3353 ut

2084 3369 2155 3425 sit
2187 3384 2418 3427 sensus:
2452 3371 2798 3428 Erubuerunt
2829 3374 2883 3429 in
2906 3375 3204 3433 sceleribus
3236 3380 3373 3447 suis,
3410 3380 3690 3440 inteliexc.

2085 3471 2217 3518 runt
2234 3463 2665 3521 abominationes
2690 3481 2826 3536 quas
2846 3471 3058 3539 operati
3109 3473 3271 3527 sunt?
3296 3473 3681 3549 Nequaquam,

2084 3555 2181 3611 sed
2205 3555 2260 3610 in
2291 3563 2493 3611 tantam
2518 3568 2881 3628 proruperunt
2902 3563 3193 3619 amentiam
3215 3604 3231 3631 ,
3265 3575 3321 3620 ut
3350 3582 3453 3624 nec
3476 3568 3676 3625 confu-

2085 3645 2238 3701 sione
2265 3656 2525 3717 cuperent
2552 3649 2845 3706 entettdare
2875 3652 3035 3721 vitia,
3092 3641 3196 3712 nec
3225 3672 3322 3729 spe
3367 3661 3541 3717 venire
3585 3677 3685 3718 sua

2086 3736 2292 3793 scelera
2317 3739 2586 3795 confiteri.

2163 3847 2183 3881 ι
2218 3829 2424 3887 idcirco
2450 3832 2645 3888 cadent
2685 3833 2825 3889 inter
2850 3846 3209 3895 corruentes:
3243 3840 3295 3896 in
3333 3850 3579 3914 tempore
3604 3846 3688 3902 vi-

2093 3939 2112 3972 ι
2140 3921 2412 3979 sitationis
2441 3938 2552 3979 suae
2580 3936 2860 3994 corruent,
2892 3928 3026 3984 dicit
3052 3931 3331 3989 Dominus.
3367 3954 3387 3987 ι
3414 3933 3542 3992 Haec
3561 3947 3691 3994 sunt

2086 4013 2308 4084 praimia
2329 4029 2523 4072 eorum
2545 4017 2636 4086 qui
2660 4020 2984 4076 erubescere
3009 4023 3340 4091 nescierunt,
3368 4036 3429 4082 ut
3450 4043 3688 4098 quorum

2087 4107 2320 4179 dignitas
2348 4116 2470 4165 erat
2489 4109 2759 4165 excelsior
2783 4112 3016 4182 populis,
3049 4116 3223 4172 ruinis
3247 4118 3433 4189 populi
3487 4119 3691 4176 misce-

2089 4210 2295 4257 rentur.
2332 4221 2351 4253 ι
2387 4200 2433 4257 Α
2464 4203 2695 4262 minimo
2715 4206 2861 4261 enim
2887 4223 3059 4279 usque
3082 4211 3152 4267 ad
3178 4213 3474 4269 maximum
3495 4230 3694 4273 omnes

2088 4292 2333 4348 avaritiae
2357 4294 2598 4361 student,
2627 4302 2685 4350 et
2711 4311 2742 4350 a
2771 4298 3034 4369 propheta
3061 4316 3231 4372 usque
3253 4303 3322 4358 ad
3342 4305 3691 4363 sacerdotem

2088 4382 2268 4437 cuncti
2288 4381 2495 4439 faciunt
2520 4386 2894 4445 mendacium:
2934 4409 2953 4442 ι
2984 4391 3313 4450 visitationis
3338 4405 3525 4452 autem
3554 4404 3695 4454 tear

2095 4488 2217 4544 pus,
2248 4476 2548 4547 propinqua
2576 4478 2866 4549 captivitas
2894 4491 2999 4538 est.

2173 4583 2192 4617 ι
2226 4563 2577 4640 Congregans
2622 4576 2957 4646 congregabo
2986 4592 3100 4643 eos,
3132 4578 3209 4634 ait
3236 4579 3518 4639 Dominus.
3565 4583 3692 4642 Non

2101 4675 2119 4708 ι
2157 4665 2240 4712 est
2270 4673 2381 4712 .uva
2415 4659 2467 4714 iu
2520 4660 2724 4719 vitibus
2768 4673 2960 4721 etnon
3002 4677 3129 4724 sunt
3160 4670 3294 4727 licus
3337 4672 3391 4729 in
3429 4673 3689 4732 ﬁculnea.

2100 4765 2119 4799 ι
2157 4746 2364 4804 Folium
2392 4750 2628 4817 deﬂuxit,
2646 4763 2701 4809 et
2718 4755 2837 4811 dedi
2859 4758 2939 4814 eis
2953 4775 3073 4831 quas
3094 4771 3475 4836 praetergressa
3501 4777 3686 4824 sunt.»

2094 4840 2246 4909 Quod
2271 4842 2342 4899 sit
2380 4852 2592 4915 tempus
2621 4846 2970 4917 visitationis,
3004 4852 3057 4906 in
3084 4867 3191 4922 quo
3216 4868 3474 4912 corruerit
3517 4859 3689 4915 deiiuo

2093 4944 2346 5002 quentes,
2400 4934 2741 4995 manifestius
2786 4940 2942 4998 docet
2988 4943 3218 5002 dicens:
3281 4965 3301 4998 ι
3337 4947 3693 5023 Congregans

2092 5026 2429 5097 congregabo
2450 5042 2561 5085 eos.
2589 5050 2607 5083 ι
2643 5030 2799 5088 Haud
2824 5032 3043 5090 dubium
3063 5038 3193 5109 quin
3218 5037 3606 5109 inJerusalem,
3631 5053 3693 5099 ut

2090 5114 2438 5172 obsideantur
2460 5134 2491 5174 a
2515 5119 2782 5179 Chaldaeis
2805 5125 2964 5198 longo
2991 5134 3232 5199 tempore
3258 5140 3313 5187 et
3339 5130 3503 5189 famis
3523 5137 3695 5193 sustio

2090 5217 2255 5263 ncant
2284 5209 2443 5265 mala.
2502 5210 2658 5280 Cum,
2692 5215 2886 5286 inquit,
2940 5229 3181 5291 tempora
3232 5232 3583 5292 praetereant,
3630 5237 3692 5286 et

2088 5300 2260 5355 :rstati
2292 5303 2544 5358 succedat
2571 5313 2881 5373 autumnus,
2904 5318 2958 5364 et
2988 5310 3168 5368 hieme
3195 5314 3449 5370 arborum
3490 5318 3692 5377 cadant

2088 5390 2241 5455 folia,
2266 5392 2519 5449 videbitis
2555 5406 2748 5451 cuncta
2770 5399 2838 5454 de
2878 5398 3048 5473 longe,
3087 5411 3142 5458 et
3164 5418 3229 5459 ex
3255 5404 3341 5460 bis
3370 5423 3476 5462 non
3504 5409 3692 5478 capie-

2090 5484 2158 5537 tis
2190 5483 2390 5539 cibum.
2443 5484 2560 5543 Non
2580 5494 2673 5544 est
2714 5490 2858 5545 enim
2889 5507 2989 5546 uva
3019 5493 3073 5548 in
3126 5494 3327 5550 vitibus
3378 5496 3556 5558 vobis.
3590 5500 3692 5567 qui

2091 5573 2299 5631 fructus
2321 5575 2510 5632 vitium
2531 5595 2638 5635 non
2666 5582 2911 5637 sumitis:
2940 5592 2994 5639 et
3019 5601 3125 5640 non
3148 5595 3271 5641 sunt
3298 5586 3433 5643 ficus
3456 5588 3506 5641 in
3536 5589 3691 5642 [irei-

2092 5682 2193 5722 nea
2214 5668 2436 5724 obsesso
2457 5668 2654 5741 populo
2673 5712 2687 5739 ,
2721 5674 2810 5743 qui
2840 5690 3059 5730 suarum
3093 5677 3343 5731 arborum
3371 5695 3529 5748 poma
3565 5695 3690 5735 ecr-
