4022 6186
286 232 403 289 869
1114 244 1121 249 '
1217 225 1581 285 EXPOSlTlO
1618 224 1845 283 SUPER
1879 224 2246 285 JEREMIAM.
2286 256 2359 269 -—
2396 226 2526 284 LIB.
2563 227 2654 285 IV.
3474 228 3579 285 870

286 344 380 399 nit
402 343 472 401 ab
499 339 742 396 hostibus
765 338 945 411 diripi.
979 338 1148 405 Folia,
1182 339 1380 411 inquit,
1429 338 1663 397 deﬂuent
1701 346 1891 395 aestate
1915 347 1964 404 Α
1993 339 2134 396 dicta
2171 347 2298 397 sunt
2325 340 2666 411 copularunt,
2693 348 2754 396 ut
2778 348 3058 412 ponerent.
3098 360 3118 395 ι
3175 341 3241 397 Et
3262 342 3589 402 mordebunt

286 442 667 502 autumnoque
695 431 1005 487 transactis.
1039 430 1169 485 Dedi
1202 430 1346 486 enim
1367 429 1449 486 eis
1469 445 1591 501 quae
1614 429 1894 502 praeterire
1996 446 2111 496 vos,
2160 430 2241 486 ait
2273 432 2549 497 Dominus,
2592 432 2998 488 insatiabiliter:
3027 447 3152 487 eum
3180 432 3367 490 dolore
3405 437 3589 493 cordis

286 531 608 589 cernerent,
659 530 715 578 et
743 520 948 592 majore
994 522 1181 578 dolore
1224 523 1534 578 amitterent
1566 537 1746 578 rerum
1772 535 1891 576 om-
1995 523 2162 579 vestri
2189 522 2473 580 deﬂeietis.
2509 544 2529 578 ι
2572 525 2628 579 lu
2677 524 2942 580 Hebraice
2991 532 3179 579 autem»
3210 541 3321 581 non
3348 537 3456 581 tam
3485 531 3588 585 tio-

290 626 451 681 nium
475 622 884 687 abundantiam,
919 636 1083 691 quam
1110 621 1190 676 eis
1216 628 1437 693 tangere
1465 636 1571 676 non
1603 620 1821 677 licebat.
1996 614 2082 671 lor
2114 624 2224 683 est,
2265 616 2357 687 qui
2408 615 2597 672 Graece
2627 616 2824 671 dicitur
2879 615 3034 676 ὀδύνη
3056 657 3071 682 ,
3120 633 3283 687 quam
3322 619 3587 690 μειδιάμα,

379 731 398 764 ι
432 712 613 781 Quare
638 710 931 767 sedemus?
965 710 1261 767 Convenite
1285 720 1341 766 et
1371 711 1742 783 ingrediamur
1760 710 1896 767 civi-
1999 707 2144 776 quod
2189 722 2291 764 nos
2319 706 2665 777 interpretari
2708 722 2995 777 possumus
3025 708 3213 761 rictum
3245 710 3361 763 oris
3408 710 3594 765 dolore

299 822 323 854 ι
368 811 528 858 tatem
554 801 819 856 munitam
853 800 977 871 (sive
1007 802 1254 858 civitates
1273 800 1532 873 munitas)
1569 810 1625 858 et
1643 800 1899 859 sileamus

300 913 324 946 ι
367 894 440 949 ibi
461 893 589 965 (sive
611 891 964 964 projiciamur
986 893 1105 967 ibi),
1122 894 1248 964 quia
1271 893 1533 951 Dominus
1554 893 1699 951 Deus
1715 902 1900 949 noster

302 1004 326 1036 ι
368 984 527 1040 silere
555 998 655 1040 nos
682 982 842 1050 fecit,
870 992 925 1038 et
948 992 1135 1055 potum
1163 984 1312 1039 dedit
1337 984 1494 1040 nobis
1521 999 1714 1054 aquam
1741 983 1899 1039 fellis.

303 1093 328 1126 α
366 1074 718 1139 Peccavimus
751 1074 894 1130 enim
933 1075 1179 1130 Domino.
1230 1059 1682 1145 Exspectavimns
1711 1090 1903 1146 pacem

306 1183 330 1215 ι
368 1174 423 1220 et
463 1180 570 1219 non
599 1173 720 1219 erat
746 1165 986 1231 bonum;
1025 1174 1235 1234 tempus
1266 1165 1510 1232 medelae,
1541 1178 1598 1221 et
1635 1180 1761 1222 ecce
1789 1165 1901 1222 for-

307 1276 331 1309 ι
372 1258 534 1312 mide.
575 1277 594 1309 ι
642 1256 759 1312 Vox
781 1255 960 1326 populi
1001 1256 1378 1325 respondentis
1405 1257 1699 1323 inducitur,
1723 1265 1781 1311 et
1807 1271 1903 1311 sua

297 1349 439 1404 vitia
470 1347 798 1412 confitentis,
853 1354 908 1401 et
949 1345 1289 1401 cohortantis
1334 1362 1394 1402 se
1424 1355 1612 1402 mutuo
1639 1355 1699 1403 ut
1727 1347 1907 1416 ingre-

300 1440 528 1495 diantur
561 1439 812 1494 civitates
857 1446 1128 1504 muratas,
1169 1439 1283 1495 sive
1308 1455 1472 1495 unam
1517 1440 1792 1503 civitatem
1816 1440 1907 1496 Je-

306 1529 546 1585 rusalem
575 1546 589 1583 :
637 1529 757 1600 jam
788 1528 931 1583 enim
968 1536 1178 1584 craterae
1204 1538 1375 1600 captae
1404 1530 1636 1586 fuerant.
1673 1549 1692 1582 ‹
1735 1531 1804 1586 Ει
1829 1533 1907 1587 si-

306 1621 537 1687 leamus,
568 1620 764 1690 inquit,
795 1620 892 1687 ibi,
940 1620 1066 1690 quia
1097 1619 1358 1676 Dominus
1394 1629 1581 1677 noster
1609 1621 1772 1678 silere
1809 1638 1909 1679 nos

2000 800 2285 865 contracti,
2323 807 2377 854 et
2404 799 2692 854 habentem
2726 799 2868 855 risus
2900 799 3330 854 similitudinem.
3364 800 3596 872 ἰπῑμφατιο

1999 899 2102 953 κῶς
2130 900 2309 960 autem
2368 891 2484 947 haec
2520 906 2588 946 ex
2623 906 2853 960 persona
2900 891 2996 945 Dei
3045 890 3266 961 legenda
3297 900 3421 945 sunt
3444 892 3600 961 plano

1994 982 2182 1056 gentis
2206 983 2544 1039 eversionem
2573 982 2933 1050 Hierusalem,
2962 992 3019 1039 et
3051 981 3166 1052 ejus
3206 984 3457 1039 miserias
3490 1000 3603 1046 non

2004 1072 2248 1128 ferentis.

2082 1181 2101 1216 ι
2137 1163 2278 1220 Ecce
2299 1179 2403 1219 vox
2433 1162 2688 1220 clamoris
2716 1165 2837 1220 filiae
2862 1166 3047 1236 populi
3075 1167 3179 1221 mei
3209 1167 3275 1222 de
3305 1175 3449 1223 terra
3484 1168 3604 1225 lena

2010 1272 2030 1306 ι
2067 1253 2286 1326 ginqua.
2327 1274 2346 1307 ι
2389 1254 2600 1309 Fletum
2631 1256 2893 1312 describit
2918 1265 2974 1311 et
3001 1256 3262 1313 ululatum
3288 1257 3440 1313 urbis
3478 1258 3603 1313 llic-

2008 1343 2243 1400 rusalem
2274 1343 2533 1415 ingressis
2561 1345 2831 1401 hostibus.

2086 1454 2105 1487 ι
2141 1434 2393 1506 Nunquid
2424 1436 2683 1491 Dominus
2721 1452 2828 1491 non
2858 1445 2943 1493 est
2998 1435 3152 1502 Sion,
3211 1448 3306 1491 aut
3352 1453 3447 1494 rex
3488 1438 3606 1507 ejus

2015 1544 2035 1578 ι
2066 1542 2172 1585 non
2195 1536 2279 1584 est
2306 1528 2361 1582 in
2383 1527 2489 1582 ea?
2527 1548 2545 1580 ι
2604 1526 2752 1593 Sive,
2782 1528 3043 1586 Dominus
3094 1529 3207 1599 ipse
3249 1540 3333 1584 est
3365 1544 3483 1595 rex,
3514 1539 3610 1583 aut

2011 1628 2160 1674 certe
2184 1620 2445 1677 Dominus
2482 1621 2551 1676 ad
2588 1620 2830 1687 Patrem,
2872 1636 2968 1676 rex
3011 1621 3246 1677 refertur
3283 1623 3352 1677 ad
3386 1621 3606 1687 Filium,

307 1713 462 1770 fecit.
492 1733 510 1767 ι
546 1711 662 1769 Non
687 1713 831 1769 enim
860 1713 1122 1768 habemus
1145 1709 1395 1768 fiduciam
1419 1713 1766 1783 deprecandi,
1797 1714 1910 1769 sive
1939 1702 1986 1760 Β
2008 1711 2164 1782 juxta
2193 1711 2326 1766 illud
2367 1712 2513 1784 quod
2561 1712 2661 1767 sub
2689 1713 2905 1768 nomine
2950 1712 3256 1768 Salomonis
3302 1712 3558 1767 scribitur
3592 1727 3608 1766 :

309 1802 632 1871 abjiciamur
682 1801 800 1867 ibi,
853 1801 967 1856 sive
1011 1799 1362 1870 projiciamur
1405 1802 1580 1857 instar
1627 1802 1906 1865 stercoris.

310 1896 437 1965 Ipse
459 1893 662 1964 potavit
690 1906 790 1948 nos
828 1908 967 1963 aqua
1005 1892 1175 1959 fellis,
1223 1894 1352 1964 quia
1378 1893 1595 1950 dulcem
1623 1894 1677 1949 in
1712 1895 1911 1953 amari-

314 1984 561 2038 tudinem
607 1983 978 2039 convertimus
1004 1984 1195 2039 Deum.
1245 1984 1313 2039 Et
1355 1994 1415 2040 ut
1443 1985 1577 2041 tales
1599 1984 1913 2042 biberemus

321 2091 496 2146 aquas
515 2090 679 2131 causa
700 2075 984 2146 perspicua
1010 2084 1095 2131 est
1126 2093 1140 2130 :
1204 2093 1224 2127 ι
1260 2074 1613 2133 Peccavimus
1637 2078 1780 2132 enim
1811 2077 1916 2134 Do—

319 2170 493 2235 mino,
524 2179 578 2224 et
596 2169 1031 2241 exspectavimus
1051 2184 1262 2240 pacem,
1294 2188 1313 2222 ι
1350 2171 1442 2239 qui
1469 2168 1604 2224 nihil
1632 2169 1760 2226 boni
1788 2184 1917 2239 ope-

316 2264 401 2319 ris
436 2261 736 2319 feceramus
767 2280 780 2316 :
812 2263 1244 2334 putabamusque
1292 2262 1449 2319 nobis
1484 2271 1696 2332 tempus
1723 2262 1918 2317 adesse

323 2352 629 2419 medicinas,
653 2367 780 2408 cum
822 2352 1108 2408 formidine
1138 2360 1301 2422 atque
1326 2359 1534 2407 terrore
1559 2350 1740 2406 omnia
1767 2366 1917 2406 eom-

320 2442 620 2511 plerentur.
656 2442 1018 2499 Personarum
1044 2444 1294 2510 mutatio,
1348 2451 1404 2499 et
1440 2443 1676 2499 maxime
1705 2443 1759 2497 in
1786 2457 1916 2512 pro-

323 2535 528 2604 phetis,
576 2534 848 2591 diﬂicilem
875 2534 1209 2590 intellectum
1235 2534 1384 2589 facit.
1415 2535 1543 2600 Quae
1575 2532 1621 2588 si
1646 2532 1760 2587 suis
1786 2532 1921 2588 locis

324 2633 384 2679 et
413 2626 591 2682 causis
632 2627 1070 2699 temporibusque
1103 2625 1414 2693 reddantur,
1454 2625 1618 2697 plana
1646 2624 1778 2681 ﬂent
1801 2640 1922 2697 qum

325 2716 656 2772 videbantur
682 2719 934 2775 obscura.

409 2823 429 2856 ι
461 2806 507 2859 Α
534 2805 649 2861 Dan
676 2808 892 2864 auditus
915 2817 1000 2865 est
1026 2808 1277 2865 fremitus
1300 2823 1562 2879 equorum
1580 2809 1721 2881 ejus,
1745 2825 1775 2864 a
1790 2824 1925 2866 voce

335 2912 358 2946 ι
400 2895 711 2952 biunituum
734 2908 1096 2971 pugnatorum
1139 2897 1258 2968 ejus
1306 2899 1432 2970 (sive
1460 2897 1756 2971 equitatus)
1775 2915 1926 2956 com-

336 3003 357 3037 ι
392 2996 539 3042 mnta
564 2997 647 3044 est
665 2990 843 3047 omnis
868 2997 1031 3046 terra.
1063 2991 1130 3046 Et
1156 2999 1421 3050 venerunt
1445 3000 1501 3046 et
1524 2991 1925 3049 devoraverunt

2023 1819 2041 1853 ι
2077 1802 2241 1867 Deus,
2257 1800 2522 1870 judicium
2549 1810 2698 1857 tuum
2722 1805 2833 1874 regi
2861 1804 2949 1868 da,
2974 1812 3025 1858 et
3037 1803 3307 1872 justitiam
3332 1812 3478 1859 tuam
3501 1804 3613 1859 lilio

2014 1893 2159 1963 regis
2186 1893 2360 1965 (Psal.
2407 1892 2578 1965 LXXI).
2616 1913 2634 1946 ι
2695 1894 2765 1950 Ut
2802 1904 2981 1949 autem
3021 1910 3124 1950 vox
3156 1895 3413 1950 clamoris
3441 1895 3512 1959 sit
3554 1895 3609 1951 in

2014 1984 2370 2051 Hierusalem,
2415 1993 2471 2040 et
2504 1985 2711 2041 clamor
2742 1985 2855 2056 ipse
2898 1985 3083 2041 veniat
3129 1987 3195 2041 dc
3228 1995 3371 2042 terra
3400 1986 3611 2054 longin-

2015 2090 2144 2145 qua,
2174 2092 2336 2132 causa
2366 2076 2650 2131 manifesta
2695 2086 2798 2138 est,
2839 2078 2981 2147 quod
3016 2077 3275 2133 Dominus
3320 2093 3428 2134 non
3456 2079 3527 2134 sit
3557 2079 3615 2133 in

2016 2181 2102 2233 ea,
2131 2175 2187 2221 et
2218 2182 2310 2222 rex
2346 2167 2488 2223 illius
2532 2168 2818 2224 recesserit
2845 2169 2914 2223 ab
2944 2168 3033 2223 illa

2095 2277 2115 2312 ι
2146 2261 2326 2329 Quare
2354 2275 2485 2333 ergo
2513 2276 2599 2317 me
2634 2263 2702 2316 ad
2738 2260 3074 2316 iracundiam
3121 2262 3527 2317 concitaverunt
3561 2262 3615 2318 in

2026 2370 2045 2404 ι
2082 2351 2425 2422 sculptiiibus
2446 2351 2580 2417 suis,
2608 2360 2663 2406 et
2688 2351 2741 2405 in
2765 2350 3092 2407 vanitatibus
3124 2351 3332 2428 alienis.
3365 2371 3384 2404 ι
3422 2352 3618 2407 Reces-

2018 2445 2093 2501 sit
2119 2453 2319 2506 autem.
2362 2444 2556 2514 inquit,
2588 2444 2657 2499 ab
2678 2444 2759 2499 eis
2786 2443 3069 2509 Dominus,
3093 2444 3220 2514 quia
3248 2459 3358 2509 me,
3388 2446 3479 2514 qui
3507 2445 3613 2501 Do-

2021 2536 2202 2591 minus
2230 2543 2286 2590 et
2306 2549 2400 2590 rex
2430 2548 2618 2590 eorum
2640 2547 2808 2599 eram,
2842 2533 3109 2591 idolorum
3133 2533 3281 2590 cultu
3303 2534 3372 2589 ad
3399 2535 3617 2590 iracun-

2022 2629 2166 2685 diam
2195 2634 2583 2699 provocarunt.

2099 2738 2119 2772 ι
2152 2719 2389 2775 Transiit
2412 2719 2623 2787 messis,
2670 2718 2820 2775 ﬁnita
2850 2728 2937 2775 est
2962 2726 3160 2786 testas;
3210 2728 3265 2776 et
3300 2734 3400 2775 nos
3424 2718 3615 2776 salvati

2030 2832 2049 2866 ι
2083 2829 2190 2885 non
2211 2828 2417 2868 sumus.
2449 2833 2468 2867 ι
2508 2812 2740 2868 Rursum
2774 2813 3003 2883 populus
3027 2812 3265 2883 loquitur
3290 2813 3383 2882 qui
3414 2813 3471 2867 in
3493 2812 3620 2869 [lie-

2025 2904 2257 2960 rusalem
2289 2903 2542 2959 diuturna
2571 2902 2852 2959 obsidione
2882 2903 3171 2959 conclusus
3192 2911 3296 2965 est,
3327 2904 3468 2974 quod
3492 2920 3614 2959 mu-

2029 3003 2139 3050 tata
2183 2994 2292 3049 sint
2335 3002 2575 3065 tempora
2614 3002 2670 3048 et
2697 2993 2822 3047 anni
2855 2993 3091 3050 circulus
3132 2994 3378 3050 evolutus
3407 2994 3512 3061 sit,
3560 3008 3620 3052 et

327 3099 357 3131 ac
394 3081 521 3152 (sive
547 3090 601 3137 et
630 3083 850 3138 venient
880 3091 937 3141 et
970 3083 1324 3159 devorabam)
1371 3092 1574 3140 terram
1604 3095 1658 3140 et
1685 3084 1923 3155 plenitu-
1951 3058 1996 3121 C
2027 3084 2209 3143 omnis
2225 3099 2410 3140 eorum
2438 3058 2561 3154 spes
2585 3083 2737 3139 irrita
2774 3083 2938 3139 fuerit
2959 3094 3122 3154 atque
3146 3085 3448 3143 transierit.

338 3188 357 3220 ι
397 3170 575 3225 dinem
606 3170 745 3241 ejus,
776 3174 965 3246 urbem
996 3182 1053 3229 et
1081 3174 1415 3232 habitatores
1434 3175 1572 3245 ejus.
1607 3194 1626 3228 ι
1678 3175 1797 3231 Non
1823 3176 1926 3247 igi-

329 3273 440 3327 tur,
499 3272 560 3318 ut
598 3281 765 3336 supra
808 3265 954 3321 LXX
995 3266 1426 3337 transtulerunt,
1480 3268 1619 3324 dixit
1667 3268 1921 3339 populus.

339 3370 359 3403 ι
401 3353 769 3426 ingrediamur
803 3359 1049 3414 civitates
1079 3359 1335 3425 munitas,
1372 3380 1391 3413 ι
1446 3360 1542 3415 sed
1592 3378 1612 3412 ι
1648 3360 1925 3434 civitatem

334 3444 620 3513 munitam,
657 3467 677 3501 ι
724 3456 783 3503 ut
837 3448 1108 3521 signiticet
1136 3448 1455 3508 Jerusalem.
1504 3450 1749 3522 Denique
1781 3466 1925 3506 nunc

334 3531 523 3602 infert,
577 3554 597 3588 ι
637 3538 824 3594 urbem
870 3548 928 3595 et
971 3540 1308 3597 habitatores
1350 3538 1486 3610 ejus.
1516 3561 1535 3594 ι
1593 3540 1927 3597 Describitur

331 3633 515 3680 autem
567 3643 600 3683 a
631 3630 742 3684 Dan
782 3644 881 3701 per
909 3630 1221 3686 Phoenicem
1257 3632 1484 3688 veniens
1533 3646 1655 3687 cum
1684 3631 1926 3687 exercitu

333 3712 868 3785 Nabuchodonosor,
916 3721 969 3777 in
1015 3737 1123 3792 quo
1154 3722 1274 3778 loco
1306 3720 1560 3778 Jordanis
1602 3720 1797 3777 ﬂuvius
1817 3723 1929 3778 ori-

336 3813 443 3871 tur,
480 3814 535 3861 et
566 3823 688 3878 qua:
706 3808 853 3865 LXX
890 3809 1077 3866 futura
1103 3810 1427 3867 Hebraieum
1452 3825 1553 3882 pro
1574 3810 1804 3866 veritate
1826 3810 1928 3878 rei,

324 3897 441 3967 jam
474 3895 619 3954 facta
644 3911 1052 3958 commemorat.

415 4008 433 4038 ε
470 3990 610 4058 Quia
654 4009 784 4049 ecce
819 4008 919 4066 ego
944 3995 1160 4050 mittam
1199 3995 1355 4051 vobis
1388 4004 1669 4064 serpentes
1712 3993 1930 4066 regulos

333 4101 352 4130 ι
407 4089 532 4158 (sire
549 4087 837 4162 pessimos,
892 4096 982 4147 aut
1010 4098 1065 4142 ut
1093 4085 1245 4142 LXX
1298 4086 1679 4143 transtulerunt
1736 4086 1930 4141 morti-

342 4198 361 4231 ι
409 4178 615 4252 feros),
664 4180 860 4250 quibus
886 4194 995 4235 non
1043 4187 1131 4235 est
1154 4178 1473 4244 incantatio,
1517 4186 1575 4235 et
1605 4178 1930 4235 mordebunt

343 4296 364 4330 ι
405 4287 521 4340 vos,
569 4273 650 4328 ait
698 4271 978 4330 Dominus.
1012 4291 1031 4325 ›
1086 4270 1187 4339 Qui
1218 4278 1346 4327 sunt
1390 4270 1468 4326 illi
1501 4270 1594 4340 qui
1629 4270 1852 4327 veniunt
1897 4283 1931 4322 a

337 4371 486 4435 Dan,
532 4372 588 4421 et
628 4378 858 4435 quorum
900 4362 1118 4418 auditus
1150 4369 1236 4418 est
1270 4360 1557 4427 fremitus,
1601 4368 1662 4416 et
1687 4359 1779 4429 qui
1821 4366 1929 4415 ter-

338 4476 455 4517 ram
509 4470 726 4512 omnem
768 4453 838 4509 ad
878 4452 1224 4509 solitudinem
1265 4452 1621 4522 redegerunt,
1673 4450 1774 4506 sub
1823 4447 1927 4505 alia

337 4550 511 4623 ﬁgura
538 4547 682 4602 idem
720 4543 1055 4616 prophetalis
1096 4558 1279 4601 sermo
1308 4543 1667 4607 demonstrat,
1709 4557 1930 4613 serpen-

338 4651 422 4699 tes
447 4654 545 4697 eos
583 4636 861 4708 appellans
906 4635 1174 4707 pessimos
1224 4634 1340 4690 sive
1382 4631 1716 4698 mortiferas,
1771 4641 1828 4688 et
1871 4640 1931 4688 ut

336 4735 531 4807 Aquila
558 4731 853 4797 transtulit,
879 4730 1112 4803 regulos,
1163 4731 1257 4802 qui
1281 4730 1620 4802 appellantur
1665 4729 1931 4788 Hebraice

334 4837 572 4894 nunc}.
613 4825 721 4880 Pro
741 4834 852 4895 quo
882 4825 1011 4894 quid
1041 4825 1145 4885 sibi
1173 4824 1400 4881 voluerit
1422 4825 1651 4880 secunda
1679 4824 1798 4896 ejus
1815 4824 1931 4881 edi-

342 4925 439 4985 tio,
468 4931 531 4975 ut
555 4918 908 4990 speculatores
951 4918 1157 4973 diceret
1199 4932 1307 4972 non
1343 4918 1600 4989 intelligo,
1643 4916 1749 4973 nisi
1789 4916 1927 4973 forte

341 5015 410 5068 oh
438 5012 591 5067 verbi
615 5008 1045 5067 similitudinem.
1100 5026 1121 5060 ι
1162 5008 1371 5076 Quibus
1414 5025 1521 5065 non
1563 5017 1667 5074 est,
1711 5010 1806 5077 ait,
1840 5009 1926 5063 in-

343 5102 603 5158 cantatio.
640 5120 661 5154 ι
716 5100 939 5156 Frustra
968 5098 1114 5156 enim
1158 5099 1228 5154 ad
1273 5099 1559 5154 Dominum
1585 5115 1779 5170 preces
1809 5098 1928 5154 fun-

343 5194 478 5248 dunt
515 5193 803 5249 adversum
832 5197 1137 5260 serpentem
1167 5189 1470 5260 antiquum,
1511 5189 1792 5246 colubrum
1817 5197 1929 5244 tor-

345 5293 582 5350 tuosum,
626 5281 719 5353 qui
748 5280 843 5336 Dei
888 5287 1157 5351 praecepta
1186 5287 1645 5350 contempserunt.
1704 5279 1931 5336 Utamur

347 5377 455 5434 hoc
492 5376 612 5432 loco
639 5376 926 5431 adversam
955 5389 1050 5430 eos
1075 5375 1193 5444 qui,
1219 5373 1520 5431 Salvatoris
1553 5372 1777 5444 eloquia
1795 5385 1930 5426 con-

350 5477 672 5532 temnentes,
703 5467 991 5521 traduntur
1011 5466 1337 5522 adversariis
1360 5463 1743 5536 potestatibus.

424 5584 443 5615 ι
465 5562 628 5619 Dolor
639 5577 793 5617 meus
810 5577 974 5633 super
997 5561 1257 5628 dolorem,
1285 5563 1341 5618 in
1366 5578 1454 5618 me
1474 5577 1569 5619 cor
1592 5576 1773 5617 meum
1794 5575 1935 5616 mm-

358 5674 376 5706 σ
402 5671 543 5711 iens.
557 5674 577 5707 ι
606 5652 709 5709 Pro
730 5668 840 5722 quo
855 5654 1205 5725 Septuaginta
1227 5655 1491 5726 superiori
1516 5654 1795 5711 sententia:
1816 5669 1936 5724 quae

2102 3194 2121 3228 ι
2156 3175 2331 3246 Super
2349 3175 2679 3231 contritione
2706 3174 2826 3229 filice
2845 3176 3025 3245 populi
3054 3176 3159 3231 tnci
3186 3176 3452 3232 contritus
3472 3192 3616 3241 sum.

2032 3287 2052 3320 ‹
2083 3276 2139 3325 et
2180 3269 2557 3332 contristatus,
2603 3277 2791 3339 stupor
2817 3268 3054 3323 obtinuit
3106 3284 3211 3324 me.
3245 3288 3265 3321 ι
3327 3270 3623 3334 Respondit

2027 3361 2170 3415 Deus
2200 3360 2344 3430 quod
2399 3360 2454 3416 in
2508 3358 2799 3416 afﬂictione
2850 3358 3182 3415 [lierusilem
3230 3360 3345 3432 ipse
3373 3362 3623 3417 videatur

2027 3432 2279 3515 amictus,
2319 3456 2374 3503 et
2399 3447 2775 3507 inhumanam
2803 3447 3208 3505 similitudinem
3237 3459 3459 3521 stupore
3483 3467 3619 3508 con-

2030 3548 2254 3595 teratur.

2104 3651 2123 3685 ι
2158 3632 2412 3704 Nunquid
2456 3633 2639 3689 resina
2667 3647 2774 3687 non
2803 3640 2887 3687 est
2912 3633 2964 3687 in
2994 3631 3231 3700 Galaad,
3262 3642 3358 3689 aut
3382 3635 3624 3691 ιιιθίιίςιιθ

2033 3744 2053 3776 ‹
2100 3740 2207 3780 non
2226 3734 2312 3781 est
2338 3725 2455 3780 ibi?
2479 3724 2659 3792 Quare
2687 3724 2850 3795 igitur
2883 3740 2989 3781 non
3015 3734 3101 3780 est
3125 3726 3356 3782 obducta
3388 3728 3614 3784 cicatrix

2034 3832 2054 3866 ί
2102 3814 2225 3869 filim
2247 3813 2426 3885 populi
2469 3813 2575 3869 mei
2605 3814 2628 3868 ?
2660 3833 2680 3866 ι
2728 3813 2844 3869 Νοη
2894 3815 3067 3870 solum
3100 3815 3152 3876 in
3197 3818 3447 3885 pnesenti
3478 3817 3620 3883 loco,

2028 3904 2122 3963 sed
2151 3912 2207 3958 et
2249 3902 2436 3959 multis
2460 3902 2580 3958 aliis
2608 3902 2934 3959 testimoniis
2974 3903 3383 3981 Scripturarutn
3412 3906 3624 3960 inveni-

2027 4007 2151 4047 mus
2178 3993 2411 4048 resinam
2441 3992 2498 4048 in
2545 3991 2750 4048 Galaad
2798 4007 2898 4063 pro
2940 3992 3263 4063 poenitentia
3303 3995 3431 4063 poni
3456 4003 3622 4066 atque

2029 4083 2406 4149 medicamine,
2463 4083 2758 4154 mirarique
2788 4099 2932 4139 nunc
2986 4084 3157 4139 Deum
3199 4099 3369 4155 quare
3397 4087 3620 4143 vulnera

2030 4174 2365 4231 Hierusalem
2394 4190 2740 4246 nequaquam
2791 4183 2979 4232 curata
3009 4174 3136 4242 sint,
3181 4184 3237 4231 et
3264 4190 3364 4231 nec
3389 4177 3518 4233 dum
3545 4178 3627 4232 ci-
3668 4181 3677 4185 ’

2029 4267 2264 4323 catriccs
2304 4266 2633 4323 obduxerint
2683 4273 2885 4332 cutem,
2927 4281 2995 4322 eo
3045 4267 3189 4334 quod
3218 4282 3325 4322 non
3355 4267 3466 4322 sint
3494 4284 3624 4339 pro-

2028 4360 2208 4430 phetae
2236 4374 2338 4415 nec
2377 4357 2711 4426 sacerdotes,
2743 4372 2973 4429 quorum
2999 4358 3230 4414 debeant
3256 4359 3434 4414 curari
3457 4360 3629 4416 medi-

2030 4453 2263 4508 camine.

2638 4520 2866 4580 CAPUT
2896 4521 2987 4579 IX.

2030 4612 2287 4671 Planctus
2313 4624 2360 4670 et
2406 4613 2654 4683 lacrymaz
2714 4615 2942 4685 replicta:
3015 4631 3072 4670 ro
3113 4613 3306 4686 popqu
3346 4631 3440 4669 suo
3465 4631 3484 4670 :
3516 4631 3623 4671 non

2100 4686 2436 4738 aloriandum
2461 4686 2562 4738 nisi
2585 4687 2641 4738 in
2667 4632 2891 4738 Bomiuo
2914 4702 2932 4738 :
2976 4633 3391 4738 famautandum.
3422 4687 3547 4738 auia
3588 4705 3621 4738 a

2100 4686 2436 4757 gloriandum
2461 4686 2562 4757 nisi
2585 4686 2932 4757 inDomiuo;
2976 4686 3391 4750 lamentantium,
3422 4687 3547 4757 quia
3588 4705 3621 4740 a

2099 4754 2395 4827 pastoribus
2447 4755 2516 4809 ad
2563 4754 2763 4826 plebem
2787 4754 3032 4821 desertio,
3077 4756 3326 4828 iniquitas
3372 4754 3625 4811 et'vindi—

2100 4837 2203 4881 cla.

2112 4935 2131 4969 ι
2166 4917 2298 4986 Quis
2318 4916 2471 4973 dabit
2495 4915 2658 4989 capiti
2681 4929 2802 4972 meo
2821 4932 3038 4988 aquam,
3063 4927 3119 4972 et
3144 4917 3318 4973 oculis
3336 4918 3472 4972 meis
3499 4916 3619 4970 fon-

2042 5025 2064 5059 ς
2098 5014 2206 5064 tem
2245 5006 2608 5079 laerymarum
2637 5024 2651 5074 ;
2699 5014 2753 5061 et
2781 5007 3004 5078 plorabo
3038 5008 3127 5063 die
3170 5015 3226 5062 et
3266 5014 3423 5062 nocte
3454 5006 3621 5060 inter-

2045 5117 2064 5151 c
2101 5097 2272 5155 fectus
2294 5098 2418 5154 filiae
2443 5098 2622 5170 populi
2647 5098 2774 5154 mei.
2803 5118 2822 5152 ι
2856 5097 3127 5170 (Ηὶενοη.)
3157 5096 3214 5152 Si
3237 5105 3398 5161 totus,
3425 5096 3622 5167 inquit,

2036 5198 2222 5246 vertar
2241 5190 2296 5244 in
2326 5188 2533 5254 ﬂetum,
2568 5197 2624 5245 et
2645 5204 2985 5261 nequaquam
3014 5190 3123 5244 sint
3167 5196 3333 5260 guttae
3357 5188 3622 5261 lacn-ma-

2035 5297 2177 5347 rum,
2205 5280 2301 5335 sed
2319 5280 2651 5337 abundantia
2670 5278 2928 5346 ﬂuminis,
2957 5288 3134 5334 tamen
3161 5277 3476 5335 interfectos
3499 5278 3622 5335 ﬂlize

2033 5373 2217 5444 populi
2244 5372 2351 5427 mei
2380 5371 2539 5441 digne
2566 5368 2696 5426 ﬂere
2731 5385 2839 5425 non
2867 5378 3079 5438 potero.
3127 5367 3299 5423 Tanta
3325 5369 3469 5424 enim
3495 5379 3623 5426 sunt

2036 5464 2199 5530 mala,
2231 5471 2292 5518 ut
2317 5476 2534 5517 omnem
2567 5460 2808 5517 dolorem
2852 5460 2936 5517 sui
2963 5460 3183 5515 vincant
3228 5460 3618 5532 magnitudine.

2037 5555 2151 5613 Hoc
2179 5563 2361 5610 autem
2407 5561 2517 5608 tam
2544 5567 2612 5607 ex
2641 5551 2917 5622 propheta:
2945 5566 3107 5621 quam
3149 5566 3215 5606 ex
3260 5550 3468 5607 Domini
3498 5567 3599 5625 per

2041 5665 2173 5708 sena
2201 5647 2423 5721 intelligi
2458 5652 2659 5717 potest.
