4022 6186
504 338 613 392 δ’ἴὸ

1150 334 1208 386 Β.
1254 332 1503 388 ΒΑΒΑΝΙ
1545 331 1762 387 MAUlll
1801 329 2120 387 ARCIIIEP.
2164 332 2470 391 MOGUNT.
2510 333 2795 392 OPERUM
2834 333 3014 389 PARS
3052 332 3137 388 ill.

3661 335 3756 393 8’76

525 473 597 512 -es
622 464 676 510 et
704 452 942 515 veniant,
972 461 1024 507 et
1055 452 1122 506 ad
1151 465 1242 507 eas
1274 466 1396 521 qua:
1422 451 1694 519 sapientes
1718 460 1841 505 sunt
1870 450 2086 512 mittite,
2122 454 2166 511 Α
2196 452 2342 507 enim
2378 454 2431 508 in
2461 454 2638 509 medio
2668 449 2989 516 non'ltabet,
3039 465 3140 521 pro
3160 451 3566 520 consequentia,
3614 460 3667 508 et
3692 452 3759 507 le.

506 557 557 602 et
580 552 892 618 preperent,
930 563 949 596 ι
993 558 1137 597 nunc
1163 543 1317 611 quasi
1354 541 1711 613 prmsentibus
1748 540 1988 611 loquitur
2034 541 2086 594 in

502 630 1010 695 condemnationem
1036 637 1378 691 sacerdotum
1433 642 1595 705 atque
1617 634 1897 689 doctorum
1929 640 1984 687 et
2009 634 2060 686 vi

508 746 692 786 rerum
713 728 975 793 omnium,
1018 738 1076 781 ut
1098 725 1203 782 illis
1225 727 1564 781 cessantibus
1609 740 1639 778 a
1673 724 1938 790 doctrina,
1970 723 2088 779 istm

504 820 728 875 audiant
756 817 979 872 verbum
1009 816 1241 881 Domini,
1279 823 1333 871 et
1358 824 1639 870 assumant
1668 829 1944 870 sermones
1977 814 2088 869 oris

503 909 639 979 ejus,
685 909 1020 978 doceantque
1057 906 1196 961 filias
1253 914 1303 961 et
1327 907 1601 976 proximas
1629 921 1754 961 suas
1788 904 2085 976 planctum,

503 1014 804 1070 causasque
862 997 1262 1068 lacrymarum:
1299 1014 1318 1046 ι
1380 996 1515 1064 Quia
1573 996 1846 1062 ascendit,
1888 995 2085 1066 inquit,

504 1103 671 1155 mors,
734 1103 833 1158 per
871 1086 1138 1142 fenestras
1183 1094 1419 1150 nostras,
1466 1080 1711 1157 ingressa
1757 1094 1843 1141 est
1897 1086 2087 1142 domos

504 1190 739 1235 nostras.
796 1201 815 1233 ι
871 1178 1024 1247 Quod
1069 1194 1381 1249 quanquam
1429 1187 1483 1232 et
1512 1177 1869 1248 spiritualiter
1906 1178 2087 1248 possit

503 1271 748 1344 intelligi,
805 1286 870 1326 eo
911 1269 1054 1340 quod
1089 1284 1187 1340 per
1219 1281 1409 1323 omnes
1441 1283 1634 1323 sensus
1672 1268 1742 1323 ad
1766 1268 1961 1323 animm
2001 1267 2087 1321 in-

503 1366 719 1420 teritum
755 1379 901 1421 mors
924 1362 1157 1418 introeat
1183 1370 1550 1432 peccatorum,
1594 1370 1773 1415 tamen
1817 1360 1963 1415 etde
1984 1358 2087 1414 Ba-

460 1457 836 1528 ‘byloniorum
882 1455 1087 1525 impetu
1134 1452 1356 1524 intelligi
1400 1458 1601 1522 potest,
1634 1446 1776 1521 quod
1821 1457 1969 1505 tanta
2016 1449 2089 1504 sit

501 1548 758 1605 fortitudo
806 1556 859 1601 et
887 1544 1144 1601 velocitas
1187 1543 1489 1614 prmliandi,
1533 1550 1729 1596 utnon
1771 1549 2086 1610 exspectent

500 1654 746 1697 reserare
786 1635 949 1700 fores,
993 1636 1085 1691 sed
1110 1649 1206 1705 per
1241 1632 1507 1689 fenestras
1543 1642 1597 1687 et
1637 1639 1779 1687 tecta
1822 1647 2084 1687 conscen-

499 1732 649 1795 dant,
688 1737 751 1783 ut
778 1729 967 1782 domos
995 1733 1205 1780 vastent
1234 1724 1594 1780 Hierusalem.
1634 1722 1874 1779 Pereunt
1899 1728 2080 1777 autem

2189 543 2366 613 gentis
2393 542 2637 609 arbitrio,
2659 542 2705 598 si
2736 543 2945 614 legatur
2964 555 3138 595 nassa
3164 554 3453 594 sermonem
3475 540 3759 610 significat;

2190 636 2233 690 si
2269 650 2460 701 nassa,
2490 646 2743 699 mortem;
2770 635 2815 690 si
2844 648 3070 698 ωωιιειι,
3105 631 3335 702 loquere.
3371 630 3523 687 Unde
3542 630 3686 687 LXX
3713 642 3763 689 et

2190 733 2727 805 Theodotiojunxere
2741 730 2868 786 illud
2879 728 3154 801 praeterito
3167 726 3423 798 capitulo,
3436 733 3496 782 ut
3509 726 3761 793 dieerent,

2196 847 2213 880 ι
2253 826 2503 897 disperde
2573 823 2827 895 parvulos
2900 820 3123 886 deforis,
3176 820 3404 890 juvenes
3458 819 3523 874 de
3579 818 3760 888 plateis

2188 926 2385 972 morte.
2434 908 2473 969 ι’
2506 913 2701 985 Aquila
2734 927 2864 968 vero
2894 921 2949 967 et
3002 908 3359 981 Symmachus
3382 908 3759 965 "transtulerunt

2187 1007 2422 1073 λάλησον,
2470 1005 2717 1075 loquere,
2774 1012 2837 1059 ut
2862 1004 3091 1073 imperet
3131 1002 3274 1055 Deus
3321 999 3595 1071 propheta:
3626 998 3758 1069 loqui

2188 1114 2308 1169 quae
2333 1105 2672 1169 sequuntur:
2702 1114 2724 1148 ι
2758 1095 2886 1151 llaec
2920 1095 3050 1150 dicit
3076 1092 3360 1157 Dominus,
3396 1110 3415 1143 ι
3445 1098 3555 1146 etc.
3598 1090 3663 1145 Et
3686 1101 3762 1145 est

2180 1208 2403 1259 sensus,
2438 1191 2574 1248 Cum
2617 1188 2921 1245 ascenderit
2946 1202 3092 1243 mors
3118 1201 3218 1256 per
3245 1183 3514 1241 fenestras
3540 1192 3759 1245 nostras,

2187 1292 2244 1341 et
2293 1285 2534 1355 ingressa
2579 1281 2742 1337 fuerit
2786 1282 2973 1336 domos
3029 1277 3384 1343 Hierusalem,
3453 1285 3513 1331 et
3568 1276 3760 1347 parvuli

2181 1374 2513 1444 juvenesque
2562 1375 2627 1430 de
2667 1373 2801 1428 foris
2855 1371 3116 1444 perierint
3157 1372 3209 1425 in
3245 1369 3458 1440 plateis,
3504 1378 3635 1424 tunc
3670 1368 3762 1423 erit

2187 1466 2532 1521 morticinum
2562 1479 2770 1528 eorum,
2801 1463 2914 1518 sive
2939 1463 3205 1517 cadavera
3234 1470 3597 1527 mortuorum,
3621 1459 3759 1528 quasi

2188 1558 2241 1613 in
2263 1556 2662 1627 Sterquilinium
2695 1570 2856 1625 super
2876 1553 3073 1609 faciem
3099 1560 3275 1617 terrm,
3302 1560 3355 1606 et
3380 1552 3536 1622 quasi
3560 1549 3762 1622 stipula,

2186 1664 2307 1721 qua:
2331 1654 2455 1719 poSt
2482 1657 2692 1717 tergum
2732 1645 3050 1701 metentium
3091 1643 3404 1709 dimittitur,
3452 1653 3511 1697 ct
3558 1650 3618 1696 ut
3656 1641 3763 1695 inu-

2188 1741 2297 1797 tilis
2325 1755 2433 1798 non
2481 1739 2774 1811 colligitur,
2811 1754 2911 1810 per
2949 1753 3071 1807 qua:
3098 1738 3383 1793 ostendere
3430 1736 3547 1792 vult
3577 1744 3762 1790 tantam

500 1819 705 1891 parvuli
740 1818 831 1890 qui
866 1817 999 1873 foris
1019 1823 1166 1883 sunt,
1208 1823 1262 1870 et
1283 1814 1634 1886 egrediuntur
1665 1810 1730 1869 de
1744 1811 2079 1867 Hierusalem

2189 1831 2243 1887 in
2278 1810 2637 1896 Hierusalem,
2689 1839 2744 1885 et
2764 1829 2910 1884 circa
2938 1829 3127 1884 urbem
3177 1828 3376 1884 caedem
3405 1825 3665 1889 futuram,
3712 1826 3763 1879 ul

499 1921 553 1981 et
571 1911 818 1980 juvenes,
868 1908 937 1964 ad
967 1923 1103 1979 quos
1133 1906 1324 1962 scribit
1361 1912 1415 1961 et
1436 1900 1675 1959 Joannes
1717 1902 1768 1976 (1
1797 1902 1957 1957 Joan.
1983 1904 2081 1974 ιι);

504 2006 589 2076 qui
609 2003 1106 2075 noningrediuntur
1116 2015 1212 2072 per
1224 2008 1427 2055 arctam
1443 2009 1495 2053 et
1511 2005 1794 2070 angustam
1809 1997 1950 2051 viam
1967 2011 2086 2068 qua:

495 2101 643 2156 ducit
671 2099 741 2154 ad
764 2098 944 2161 vitam,
973 2095 1069 2151 sed
1094 2082 1368 2150 ambulant
1400 2108 1495 2163 per
1526 2091 1748 2162 plateas,
1791 2089 1860 2145 de
1890 2087 2086 2160 quibus

496 2192 753 2262 scriptum
790 2198 898 2254 est,
952 2208 972 2240 ι
1022 2187 1193 2261 Quam
1217 2186 1323 2241 lata
1347 2193 1401 2241 et
1422 2186 1658 2257 Spatiosa
1681 2182 1771 2238 via
1797 2197 1918 2257 qua:
1939 2181 2089 2237 ducit

492 2281 560 2339 ad
580 2290 816 2339 mortem
840 2278 1058 2353 (Matth.
1094 2278 1216 2351 vn).
1249 2297 1268 2329 ›
1316 2274 1520 2350 (Greg.)
1553 2273 1688 2333 Cum
1708 2270 1781 2331 sit
1802 2272 2090 2329 invisibilis

489 2374 696 2439 anima,
724 2384 1063 2443 nequaquam
1086 2383 1476 2439 corporearum
1502 2381 1689 2422 rerum
1727 2364 2088 2423 delectatione

494 2465 755 2537 tangitur,
789 2462 893 2518 nisi
932 2461 1077 2532 quod
1121 2461 1390 2516 inhaerens
1417 2457 1630 2529 corpori
1657 2455 1811 2527 quasi
1838 2454 2086 2526 quaedam

492 2553 804 2627 egrediendi
851 2550 1117 2607 foramina
1145 2548 1385 2621 ejusdem
1407 2546 1654 2617 corporis
1679 2560 1871 2601 sensus
1898 2544 2085 2610 habet,

492 2626 642 2703 visus
699 2642 920 2714 quippe,
966 2640 1202 2704 auditus,
1244 2645 1458 2710 gustus,
1507 2626 1766 2691 odoratus
1814 2637 2087 2709 et‘tactus,

490 2734 646 2807 quasi
690 2732 935 2805 quaedam
961 2730 1063 2785 viae
1089 2729 1287 2785 mentis
1332 2733 1462 2782 sunt
1485 2724 1682 2796 quibus
1704 2720 1856 2779 foras
1884 2723 2086 2787 veniat,

488 2837 546 2883 et
564 2842 630 2883 ea
659 2820 780 2896 quae
822 2830 980 2879 extra
1005 2819 1122 2890 ejus
1164 2827 1291 2875 sunt
1323 2815 1678 2874 substantiam
1716 2814 2083 2884 concupiscat.

494 2919 597 2975 Per
631 2919 731 2974 hos
757 2914 958 2972 etenim
989 2909 1234 2983 corporis
1263 2922 1457 2965 sensus
1492 2902 1660 2978 quasi
1687 2920 1786 2976 per
1822 2903 2088 2961 fenestras

490 3011 751 3083 quasdam
772 3006 1043 3081 exteriora
1071 3016 1301 3076 qumque
1323 3002 1502 3058 anima
1529 2999 1770 3071 respicit,
1792 2994 2086 3068 respiciens

490 3082 852 3173 concupiscit.
906 3097 1059 3153 Unde
1093 3095 1259 3152 etiam
1294 3082 1559 3150 Jeremias
1594 3091 1711 3146 ait:
1743 3108 1762 3142 ι
1820 3082 2081 3145 Ἁεςρηάἰι

480 3208 641 3250 mors
660 3168 760 3264 per
784 3189 1058 3261 fenestras
1105 3193 1338 3250 nostras,
1372 3184 1617 3255 ingressa
1646 3187 1730 3237 est
1755 3180 1944 3236 domos
1972 3195 2071 3234 no—
2102 3168 2148 3230 C

491 3294 655 3343 stras.
709 3302 729 3336 ι
786 3280 932 3336 Mors
960 3279 1158 3351 quippe
1190 3291 1289 3347 per
1316 3274 1585 3331 fenestras
1610 3270 1853 3327 ascendit
1895 3274 1950 3326 et
1974 3272 2072 3325 do-

490 3394 609 3435 mos
643 3373 961 3448 ingreditur,
1014 3387 1136 3429 cum
1179 3384 1276 3441 per
1307 3382 1502 3432 sensus
1526 3363 1771 3436 corporis
1822 3361 2075 3432 concupi-

489 3469 704 3527 scentia
766 3466 992 3539 veniens
1030 3459 1400 3523 habitaculum
1443 3455 1642 3512 mentis
1695 3452 1880 3510 intrat.
1944 3452 2074 3521 'Quo

486 3567 682 3627 contra
733 3556 839 3611 hoc
862 3552 1007 3625 quod
1059 3564 1201 3622 saepe
1243 3546 1357 3618 jam
1391 3544 1628 3603 diximus
1673 3544 1741 3600 de
1782 3543 1944 3615 justis
1976 3550 2075 3613 per

486 3648 682 3707 Isaiam
715 3646 913 3702 dicitur
940 3658 956 3698 :
1003 3662 1021 3696 ι
1080 3642 1184 3709 Qui
1202 3644 1337 3696 sunt
1367 3638 1423 3693 hi
1465 3634 1638 3708 quiut
1669 3636 1839 3689 nubes
1868 3630 2070 3696 volarit,

486 3752 544 3799 et
587 3738 745 3812 quasi
789 3736 1051 3793 columba:
1100 3733 1167 3802 ad
1206 3721 1472 3788 fenestras
1518 3724 1684 3784 Suas?
1710 3746 1730 3780 ι
1774 3724 1911 3800 (lsa.
1957 3727 2071 3794 ιι.)

482 3832 898 3906 ὶυειίνηθωίιιιε
934 3824 1118 3882 volare
1172 3832 1231 3879 ut
1270 3821 1437 3877 nubes
1482 3814 1611 3875 dicti
1642 3826 1785 3882 sunt,
1839 3815 1932 3886 qui
1974 3829 2074 3886 per

488 3937 681 3981 sensus
722 3919 990 3993 corporis,
1042 3915 1310 3972 exteriora
1359 3924 1587 3983 quaeque
1628 3907 1930 3965 intentione
1964 3922 2073 3963 non

490 4014 788 4087 respiciunt
814 4008 1140 4082 rapacitatis
1163 4020 1366 4077 eosque
1395 3996 1542 4059 foras
1564 4017 1673 4058 non
1695 4000 1836 4072 rapit
1876 4015 2073 4057 concu-

487 4105 750 4178 piscentia
792 4101 1053 4158 carnalis.
1116 4095 1371 4167 Quisquis
1399 4109 1529 4150 vero
1563 4107 1661 4165 per
1689 4092 1789 4149 has
1831 4091 2076 4163 corporis

490 4198 757 4257 fenestras
797 4195 1026 4250 incaute
1072 4189 1312 4246 exterius
1365 4186 1607 4258 respicit,
1654 4184 1972 4257 plerumque
2018 4180 2072 4238 in

489 4287 849 4346 delectatione
883 4281 1091 4354 peccati
1134 4279 1299 4336 etiam
1327 4278 1515 4335 nolens
1542 4276 1708 4343 cadit,
1751 4283 1912 4348 atque
1936 4268 2073 4330 obli-

488 4389 644 4452 gatus
672 4375 953 4435 desideriis
979 4373 1169 4444 incipit
1207 4370 1344 4426 velle
1367 4369 1511 4439 quod
1550 4367 1722 4424 noluit
1755 4385 1768 4421 :
1836 4381 2075 4437 prteceps

488 4473 685 4542 quippe
734 4468 916 4538 anima
948 4468 1075 4523 dum
1118 4472 1244 4522 ante
1276 4478 1382 4518 non
1432 4461 1710 4533 praevidet,
1742 4476 1811 4515 ne
1859 4460 2073 4514 incaute

490 4562 673 4617 videat
726 4559 871 4629 quod
904 4555 1276 4628 concupiscat,
1328 4568 1469 4609 czeca
1528 4551 1718 4622 incipit
1764 4549 2071 4606 desiderare

490 4650 634 4722 quod
670 4647 820 4705 vidit.
877 4634 1040 4705 'Uude
1091 4648 1370 4719 propheta:
1425 4656 1578 4698 mens
1624 4658 1744 4712 quae
1791 4640 2069 4697 sublevata

489 4741 926 4816 satpe'mysteriis
971 4740 1199 4795 internis
1225 4738 1504 4802 intererat,
1531 4734 1658 4806 quia
1688 4732 1917 4789 alienam
1943 4747 2074 4788 con-

488 4837 665 4909 iugem
697 4833 914 4889 incaute
934 4829 1086 4895 vidit,
1111 4828 1461 4884 obtenebrata
1485 4823 1826 4894 postmodum
1856 4821 2074 4879 sibimet

489 4940 545 4987 et
566 4927 752 4987 illicite
787 4920 1082 4992 conjunxit.
1126 4918 1359 4975 Sanctus
1418 4925 1599 4971 autem
1633 4913 1739 4979 vir,
1789 4910 1881 4982 qui
1918 4927 2071 4968 acce-

487 5023 598 5095 ptis
623 5015 870 5089 corporis
909 5012 1158 5071 sensibus
1186 5008 1331 5064 velut
1358 5005 1614 5077 subjectis
1654 5001 1918 5058 ministris
1954 5000 2072 5074 qui-

488 5092 613 5170 dam
643 5108 984 5181 :equissimus
1004 5103 1169 5176 judex
1194 5106 1410 5174 prmest,
1439 5095 1625 5167 culpas
1641 5092 1905 5164 conspicit
1922 5104 2072 5148 ante-

489 5221 653 5278 quam
692 5203 930 5268 veniant,
984 5207 1044 5253 et
1085 5195 1231 5253 velut
1280 5186 1553 5249 insidianti
1604 5188 1761 5278 morti
1804 5184 2071 5244 fenestras

490 5270 735 5371 corporis
764 5294 984 5354 claudit.
1044 5311 1063 5344 ‹
1108 5289 1395 5360 Loquere:
1432 5283 1556 5339 llaec
1583 5281 1715 5337 dicit
1750 5270 2065 5338 'Dominus:

497 5413 516 5447 ι
563 5394 633 5449 Et
672 5390 826 5447 cadet
854 5382 1200 5445 morticinum
1235 5376 1471 5435 hominis
1498 5375 1637 5446 (sive
1679 5372 1941 5427 cadavera
1972 5372 2069 5427 ho-

497 5506 515 5538 ε
540 5481 785 5553 .minum)
821 5478 978 5550 quasi
1000 5482 1210 5533 stercus
1236 5484 1399 5540 super
1429 5464 1621 5527 faciem
1664 5463 1900 5534 regionis
1924 5461 2068 5536 (sive

503 5593 516 5626 ι
562 5572 785 5641 campi),
808 5578 863 5625 ct
887 5565 1041 5639 quasi
1102 5564 1285 5631 fenum
1318 5567 1441 5630 post
1466 5567 1675 5631 tergum
1700 5556 1975 5619 metentis,
2014 5562 2071 5608 et

502 5683 519 5713 ι
566 5678 671 5716 non
711 5672 795 5719 est
839 5661 929 5729 qui
982 5656 1219 5725 colligat.
1268 5673 1286 5704 ι
1344 5650 1615 5724 (Hierom)
1668 5648 1903 5704 Verbum
1965 5644 2071 5701 lle-

499 5749 736 5802 hraicum
784 5748 926 5810 quod
957 5745 1126 5797 tribus
1163 5742 1357 5795 litteris
1384 5740 1637 5794 scribitur
1672 5748 1830 5802 "121',
1856 5736 2071 5793 vocales

2188 1921 2368 1978 nullus
2397 1920 2579 1992 sitqui
2610 1919 2834 1991 scpeliat
2874 1922 3211 1974 corruentes.

2263 2032 2282 2066 ι
2325 2014 2451 2070 Haec
2478 2013 2610 2069 dicit
2642 2013 2904 2068 Dominus
2936 2028 2949 2064 :
2984 2008 3101 2066 Non
3148 2009 3410 2082 glorietur
3442 2007 3661 2078 sapiens
3696 2021 3765 2060 sa-

2194 2126 2211 2157 ‹
2257 2106 2459 2177 pientia
2507 2120 2625 2171 sua,
2664 2112 2718 2160 et
2758 2118 2864 2158 non
2892 2100 3149 2175 glorietur
3173 2099 3328 2155 fortis
3356 2099 3411 2154 in
3462 2096 3766 2153 fortitudine

2195 2217 2212 2249 ι
2260 2212 2381 2263 sua,
2415 2205 2470 2252 et
2500 2211 2603 2250 non
2618 2195 2885 2267 glorietur
2913 2193 3064 2249 dives
3102 2192 3155 2245 in
3184 2191 3384 2247 divitiis
3407 2190 3551 2254 suis,
3589 2187 3678 2243 sed
3717 2185 3763 2239 in

2195 2310 2213 2343 ‹
2260 2291 2363 2347 hoc
2404 2286 2688 2360 glorietur,
2726 2284 2818 2357 qui
2872 2282 3159 2355 gloriatur,
3202 2280 3343 2338 scire
3392 2279 3539 2350 (sive
3574 2275 3765 2333 intelli-

2195 2400 2213 2434 ι
2259 2380 2431 2454 gere),
2481 2386 2538 2434 et
2562 2388 2723 2433 nosse
2748 2390 2854 2439 me,
2902 2373 3029 2445 quia
3076 2388 3174 2443 ego
3205 2386 3321 2425 sum
3358 2367 3648 2431 Dominus,
3678 2364 3763 2435 qui

2197 2494 2214 2525 ι
2258 2472 2398 2529 facio
2440 2462 2869 2528 misericordiam
2922 2475 2978 2522 et
3003 2464 3271 2537 justitiam
3322 2470 3377 2517 et
3413 2459 3677 2531 judicium
3718 2456 3763 2509 in

2196 2583 2215 2616 ι
2261 2571 2426 2619 terra.
2469 2559 2593 2617 Haec
2616 2559 2761 2617 enim
2809 2557 3023 2628 placent
3051 2554 3184 2609 mihi
3220 2552 3361 2627 (sive
3408 2551 3545 2621 quia
3580 2550 3634 2603 in
3662 2546 3766 2603 istis

2196 2676 2215 2710 ε
2260 2663 2343 2712 est
2367 2654 2616 2710 voluntas
2636 2649 2802 2722 mea),
2835 2651 2912 2704 ait
2945 2647 3227 2705 Dominus.
3282 2665 3300 2697 ›
3356 2642 3557 2699 Omnis
3599 2639 3765 2696 hemi-

2190 2761 2318 2802 num
2351 2743 2597 2799 aufertur
2635 2738 2909 2811 superbia,
2977 2736 3102 2792 dum
3126 2743 3181 2790 ct
3216 2732 3481 2804 sapientia
3534 2738 3605 2787 et?
3628 2727 3767 2783 forti-

2190 2838 2318 2893 tudo
2357 2843 2412 2891 et
2441 2849 2569 2905 opes
2610 2846 2798 2888 eorum
2840 2825 3245 2899 reputantur‘in
3273 2821 3525 2878 nihilum.
3574 2819 3640 2875 Et
3674 2819 3762 2873 ista

2189 2937 2274 2987 est
2318 2926 2429 2985 sola
2476 2920 2755 2997 gloriatio,
2808 2928 2868 2976 ut
2898 2919 3034 2976 scia't
3078 2925 3134 2972 et
3182 2914 3445 2986 intelligat
3470 2912 3620 2984 quod
3660 2911 3763 2981 ipse

2188 3019 2261 3078 sit
2274 3008 2559 3080 Dominus,
2611 3013 2704 3084 qui
2733 3010 2864 3067 facit
2887 3007 3316 3065 misericordiam
3347 3012 3403 3060 et
3423 3002 3691 3074 judicium
3715 3010 3764 3054 ct

2178 3107 2449 3182 justitiam
2471 3119 2631 3175 super
2660 3111 2882 3164 terram,
2910 3099 3054 3170 quod
3081 3097 3263 3152 Omnia
3285 3093 3379 3149 Dei
3409 3089 3760 3162 providentia,

2180 3211 2236 3259 et
2276 3199 2486 3270 justitia
2522 3194 2917 3267 gubernentur,
2942 3200 2995 3247 et
3024 3202 3144 3261 quae
3186 3188 3342 3243 nobis
3370 3186 3631 3241 videntur
3660 3196 3762 3237 non

2172 3297 2379 3353 habere
2413 3293 2702 3353 rationem,
2727 3284 2951 3358 iustitiae
2980 3282 3137 3355 plena
3167 3281 3280 3335 sint
3308 3284 3473 3346 atque
3500 3273 3724 3330 rationis
3748 3284 3762 3323 :

2172 3388 2290 3445 haec
2320 3384 2465 3441 enim
2496 3382 2609 3439 sola
2633 3380 2849 3450 placent
2892 3376 3025 3440 Deo,
3080 3364 3212 3429 etin
3232 3370 3327 3425 his
3366 3367 3631 3423 voluntas
3656 3364 3762 3436 ejus

2171 3484 2275 3534 est.
2313 3474 2415 3532 Ubi
2441 3480 2569 3530 sunt
2589 3486 2720 3542 ergo
2742 3468 2835 3540 qui
2858 3462 3062 3530 dicunt,
3100 3461 3321 3532 preprio
3345 3459 3630 3515 hominem

2173 3566 2418 3631 arbitrio,
2445 3571 2500 3617 et
2520 3561 2599 3617 sic
2619 3540 2799 3614 datam
2823 3557 2974 3611 liberi
2998 3552 3574 3621 arbitriipotestate’m,
3598 3556 3658 3602 ut
3679 3540 3764 3599 Dei

2172 3657 2544 3718 misericordia
2574 3648 2854 3710 tolleretur
2903 3659 3066 3721 atque
3091 3646 3332 3721 justitia’
3354 3643 3519 3702 Unde
3560 3651 3615 3699 et
3637 3641 3767 3710 Apo-

2174 3753 2346 3812 stolus
2392 3765 2675 3808 assumens
2702 3750 2806 3805 hoc
2829 3745 3196 3804 testimonium
3228 3742 3377 3814 ponit
3413 3740 3721 3812 exemplum
3750 3753 3760 3788 :

2180 3866 2199 3900 ι
2242 3847 2346 3917 Qui
2370 3845 2733 3919 gloriatur,in
2764 3843 2995 3899 Domino
3021 3842 3282 3914 glorietur
3327 3830 3381 3911 (7
3427 3836 3562 3894 Cor.
3599 3838 3676 3905 ι).
3709 3855 3727 3888 ι

2251 3956 2272 3990 σ
2310 3937 2456 3995 Ecce
2497 3935 2615 3993 dies
2664 3934 2901 3999 venient,
2932 3932 3062 3988 dicit
3082 3930 3344 3987 Dominus
3372 3926 3493 3989 ἑΕι
3542 3925 3764 3984 visitabo

2181 4046 2203 4084 ι
2245 4044 2411 4100 super
2477 4042 2692 4083 omnem
2748 4023 2841 4095 qui
2901 4022 3282 4080 circumcisum
3337 4020 3508 4099 habet
3559 4016 3763 4090 praepu—

2179 4139 2200 4173 ‹
2241 4120 2399 4186 tium,
2448 4133 2609 4189 super
2636 4114 2956 4189 Egyptum,
2984 4124 3041 4170 et
3064 4125 3227 4184 super
3264 4110 3480 4174 Iudam,
3530 4121 3590 4167 et
3614 4124 3766 4181 super

2179 4232 2199 4267 ι
2244 4213 2437 4279 Edom,
2483 4217 2538 4267 et
2565 4224 2727 4282 super
2756 4195 2893 4263 filios
2919 4208 3174 4272 Ammon,
3217 4214 3272 4262 et
3292 4219 3456 4275 super
3479 4203 3664 4268 Moab,
3717 4212 3763 4256 et

2180 4324 2199 4354 ι
2245 4318 2408 4375 super
2433 4315 2642 4364 eomes,
2671 4299 2762 4369 qui
2786 4297 2986 4353 attonsi
3010 4304 3136 4353 sunt
3160 4296 3213 4349 in
3237 4308 3470 4359 comam,
3518 4292 3766 4348 habitan-

2180 4417 2199 4449 ι
2246 4404 2327 4452 tes
2361 4395 2415 4450 in
2437 4396 2671 4459 deserto,
2702 4394 2831 4465 quia
2857 4407 3049 4449 omnes
3083 4399 3271 4461 gentes
3293 4389 3506 4462 habent
3557 4402 3762 4459 przepu-

2183 4504 2201 4537 ι
2250 4486 2404 4550 tium,
2426 4484 2604 4541 omnis
2629 4492 2810 4539 autem
2842 4483 3034 4537 domus
3059 4479 3220 4535 Israel
3244 4475 3614 4535 incircumcisi
3648 4480 3768 4530 sunt

2182 4594 2213 4628 «-
2263 4575 2444 4632 corde.
2503 4595 2522 4629 ι
2569 4572 2857 4633 Multarum
2898 4587 2963 4629 ex
3009 4580 3164 4643 parte
3220 4569 3451 4640 quadam
3503 4567 3764 4640 gentium,

2175 4676 2233 4723 et
2258 4666 2494 4722 maxime
2522 4679 2642 4735 qua:
2668 4663 2867 4720 Judaxe
2904 4661 3312 4730 Palmstinreque
3350 4657 3601 4735 confines
3645 4664 3761 4711 sunt

2177 4773 2348 4828 usque
2404 4756 2564 4834 hodie
2598 4742 2793 4829 populi
2846 4751 3326 4813 circumciduntur,
3373 4757 3432 4804 et
3493 4734 3764 4819 praecipue

2176 4843 2442 4917 Egyptii,
2472 4843 2712 4910 ldumaai,
2744 4840 3085 4904 Ammonitae,
3121 4846 3173 4893 et
3202 4836 3467 4899 Moabitae,
3510 4844 3571 4892 et
3594 4834 3764 4891 omnis

2178 4939 2326 5010 regio
2366 4937 2782 5000 Saracenorum,
2833 4950 2954 5007 quae
3007 4930 3216 4988 habitat
3245 4931 3299 4985 in
3343 4926 3662 4991 Solitudine,
3713 4933 3764 4982 et

2178 5031 2246 5086 de
2276 5029 2471 5100 quibus
2496 5028 2693 5083 dicitur
2729 5044 2743 5083 :
2783 5020 2956 5096 Super
2984 5036 3172 5080 omnes
3209 5020 3301 5093 qui
3329 5020 3531 5075 attonsi
3559 5026 3687 5075 sunt
3711 5016 3759 5070 in

2176 5134 2410 5187 comam,
2443 5119 2749 5175 habitantes
2786 5118 2839 5170 in
2858 5115 3088 5172 deserto.
3123 5110 3236 5168 Non
3280 5112 3445 5183 igitur
3472 5110 3641 5165 debet
3658 5107 3763 5179 glo-

2176 5212 2306 5267 riari
2334 5208 2469 5266 Iuda
2491 5210 2584 5284 qui
2613 5209 2812 5265 mixtus
2849 5216 2934 5263 cst
2971 5221 3094 5262 cum
3125 5204 3376 5277 gentibus
3424 5217 3592 5274 supra
3622 5199 3757 5257 scri—

2174 5304 2303 5375 ptis,
2348 5302 2490 5373 quod
2527 5316 2713 5359 eorum
2754 5294 3077 5371 praeputium
3119 5308 3225 5351 non
3266 5292 3507 5349 ha'ea‘t:
3542 5290 3642 5347 sed
3691 5303 3758 5343 ex

2166 5384 2292 5467 lege
2321 5392 2415 5449 Dei
2473 5391 2827 5449 circumcisus
2862 5390 2952 5453 sit,
2999 5398 3122 5444 cum
3152 5394 3208 5441 et
3241 5385 3330 5440 alii
3364 5384 3479 5439 hanc
3530 5380 3757 5440 faciant,

2172 5485 2291 5556 quin
2337 5484 2472 5557 legis
2506 5486 2755 5539 mandata
2788 5496 2894 5537 non
2920 5486 3160 5543 servant,
3208 5486 3263 5533 et
3290 5478 3548 5548 ignorant
3589 5469 3758 5526 Deum

2171 5574 2355 5633 Israel.
2410 5566 2529 5632 'Nec
2552 5573 2768 5647 prodest
2796 5570 3132 5628 circumcisio
3161 5583 3279 5641 qua:
3311 5568 3364 5622 in
3396 5566 3611 5636 signum
3636 5562 3758 5616 data

2173 5675 2282 5729 est,
2346 5666 2447 5722 nisi
2490 5672 2757 5736 prmcepta
2805 5662 3020 5718 Domini
3065 5659 3451 5730 compleantur,
3509 5654 3660 5709 sicut
3706 5656 3761 5704 et

2176 5771 2341 5812 cunne
2378 5769 2490 5823 qum
2538 5762 2750 5824 gentem
2797 5752 3123 5813 significant.
3171 5766 3276 5805 non
3327 5745 3519 5804 robora
3563 5754 3757 5809 corpo-
