4022 6186
406 355 510 411 8’77

1330 342 1693 398 BXl‘OSlTlf)
1734 340 1961 398 SUPER
2001 338 2374 400 JEREMIAM.
2414 369 2481 378 ——
2514 338 2645 404 ιω.
2690 338 2754 393 ν.

3573 338 3678 394 8ἴὸ

403 473 524 527 rum
552 477 610 523 et
637 462 1006 520 fortitudinem
1034 466 1411 531 pugnatorum.
1447 456 1711 525 Quodque
1733 452 1991 524 sequitur,
2026 464 2069 521 Α
2101 450 2337 523 ingentia
2374 449 2710 521 pollicentur,
2751 456 2807 505 et
2831 447 3181 509 simulacrum
3226 450 3352 504 vani
3398 450 3575 509 cultus
3613 453 3683 508 de

408 580 428 613 α
466 572 656 613 mones
709 562 899 627 gentes
942 551 1146 606 habent
1201 549 1541 620 praeputium,
1585 548 1764 603 omnis
1811 552 1992 602 autem

402 651 597 705 domus
636 645 801 704 Israel
832 641 1199 699 incircumcisi
1238 649 1367 695 sunt
1400 639 1584 704 corde,
1608 674 1619 685 ι
1640 658 1659 691 ›
1720 639 1867 693 hunc
1890 636 1992 699 ba-

402 739 494 794 bet
520 750 740 792 sensum
768 751 782 788 :
814 747 939 789 cum
968 738 1165 803 praeter
1191 728 1501 801 IEgyptios,
1530 726 1817 792 Idumaeos,
1857 729 1990 780 Am—

401 827 660 890 niouitas,
702 831 759 879 et
788 821 1071 885 Moabitas,
1106 819 1405 874 lsmaelitas
1436 818 1490 881 in
1532 815 1821 871 solitudine
1845 829 1994 871 com—

402 923 699 979 morantes,
745 926 980 985 quorum
1018 910 1336 982 plerumque
1366 925 1495 980 pars
1523 908 1846 964 circumcisa
1887 914 1993 970 est,

400 1024 594 1069 omnes
616 1008 738 1063 aliae
775 1004 1023 1060 nationes
1075 1003 1129 1057 in
1158 1010 1271 1058 toto
1297 1002 1431 1056 orbe
1472 998 1869 1055 incircumciste
1886 996 1995 1052 sint

400 1115 590 1167 carne,
637 1096 817 1157 omnis
862 1094 1052 1150 domus
1088 1091 1252 1148 Israel
1288 1089 1667 1151 incircumcisa
1707 1096 1795 1144 est
1829 1085 1994 1143 conde

401 1209 510 1253 non
540 1206 728 1255 carne,
777 1202 898 1258 qua;
925 1185 1332 1242 incircumcisio
1360 1185 1511 1242 ducit
1538 1184 1609 1239 ad
1628 1191 1879 1248 mortem,
1904 1180 1991 1236 illa

399 1286 550 1346 enim
577 1281 780 1346 carnis,
810 1281 928 1334 limo
954 1277 1177 1347 spiritus
1205 1285 1309 1331 est.

1032 1389 1260 1449 CAPUT
1300 1388 1345 1449 Χ
1357 1427 1370 1442 .

400 1484 652 1541 Morietur
692 1479 916 1554 populus
948 1497 1022 1554 ne
1041 1481 1216 1533 timeat
1259 1478 1371 1554 caeli
1408 1476 1873 1554 constellationem,
1911 1477 1993 1530 in-

474 1547 704 1626 crepatio
754 1547 1094 1616 idololatria,
1146 1558 1199 1609 et
1226 1549 1466 1621 planctus
1502 1547 1802 1604 Jerusalem
1835 1563 1992 1626 super

468 1624 630 1695 νίκα
677 1638 797 1682 sua.

482 1751 500 1786 ι
532 1731 743 1787 ‘Audite
764 1730 993 1789 verbum
1017 1728 1163 1800 quod
1188 1727 1404 1790 lacunis
1419 1736 1512 1784 est
1532 1726 1797 1787 Dominus
1826 1739 1992 1797 super

2098 557 2197 600 suo
2229 541 2394 597 corde
2427 540 2763 612 conﬁngunt.
2795 538 3011 595 lactant
3034 539 3291 611 grandia,
3324 547 3381 595 et
3419 541 3487 597 ad
3533 541 3680 598 deci-

2094 633 2318 704 piendos
2352 631 2626 701 simplices
2665 644 2908 700 quosque
2946 630 3102 701 quasi
3130 631 3308 686 aureis
3340 631 3590 689 sensibus
3622 640 3677 690 et

2093 724 2325 795 eloquiis
2361 722 2573 793 argenti
2602 720 2889 801 splendore
2922 720 3271 793 fulgentibus,
3307 723 3681 793 imperitorum

2093 819 2439 890 obstringunt
2465 817 2652 881 aciem,
2686 826 2744 872 et
2766 831 2798 870 a
2820 817 2935 873 suis
2967 816 3340 876 inventoribus
3386 817 3681 875 subliman-

2097 923 2203 978 tur,
2248 912 2308 967 in
2331 912 2528 983 mribus
2556 910 2703 967 nulla
2732 921 2822 966 est
2857 910 3082 975 utilitas,
3115 918 3168 964 et
3200 924 3436 980 quorum
3469 908 3679 965 cultura

2092 1004 2312 1075 proprie
2337 1002 2580 1075 gentium
2607 1012 2715 1068 est,
2744 1009 2799 1057 et
2818 1014 3005 1059 comm
3028 1000 3121 1072 qui
3145 999 3399 1071 ignorant
3415 1000 3609 1056 Deum.

2170 1116 2189 1149 ι
2233 1096 2351 1152 Non
2378 1107 2465 1152 est
2490 1096 2684 1165 similis
2723 1097 2820 1161 tui,
2868 1096 3113 1161 Domine,
3166 1109 3396 1165 magnus
3428 1108 3492 1151 es
3535 1101 3591 1148 tu
3629 1102 3682 1147 et

2095 1207 2119 1243 ι
2161 1203 2418 1260 magnum
2464 1204 2661 1245 nomen
2714 1197 2864 1244 tuum
2914 1188 2971 1244 in
3012 1186 3352 1244 fortitudine.
3407 1185 3542 1255 Quis
3572 1199 3679 1241 non

2100 1299 2118 1339 ς
2167 1281 2375 1339 timebit
2415 1290 2485 1347 te,
2511 1296 2545 1335 ο
2571 1295 2666 1337 res
2690 1281 2968 1354 gentium?
2999 1288 3151 1335 tuum
3178 1288 3264 1346 est
3283 1279 3428 1339 enim
3471 1280 3636 1336 decus
3663 1294 3677 1331 :

2096 1390 2120 1426 ις
2156 1371 2304 1429 inter
2321 1381 2553 1428 cunctos
2587 1373 2859 1443 sapientes
2900 1372 3172 1444 gentium,
3229 1379 3289 1429 et
3323 1372 3379 1427 in
3413 1370 3682 1429 universis

2094 1480 2117 1514 ι
2163 1463 2345 1534 regnis
2370 1476 2582 1533 eorum,
2632 1463 2813 1523 nullus
2844 1472 2929 1520 est
2955 1464 3152 1520 similis
3181 1463 3281 1519 tui.
3338 1462 3554 1523 Pariter
3594 1462 3679 1517 in-

2097 1572 2117 1605 ι
2158 1553 2425 1624 sipieutes
2446 1563 2501 1610 et
2523 1554 2657 1619 fatui
2680 1556 3081 1628 probabuntur.
3134 1554 3393 1612 Doctrina
3423 1552 3680 1610 vanitatis

2099 1661 2118 1698 ι
2162 1658 2350 1707 eorum
2371 1645 2574 1717 lignum
2596 1655 2702 1713 est,
2746 1655 3030 1716 argentum
3053 1644 3378 1712 involutum,
3427 1643 3541 1705 sive
3561 1657 3677 1714 pro-

2096 1753 2116 1787 ι
2163 1734 2405 1803 ductum,
2428 1745 2476 1791 et
2502 1737 2569 1793 de
2594 1736 2816 1793 Tharsis
2836 1734 3082 1802 all‘ertur,
3106 1744 3164 1790 et
3187 1749 3381 1790 aurum
3403 1734 3470 1791 de
3488 1732 3676 1805 Ophir.

408 1843 428 1879 ι
473 1839 586 1892 vos,
645 1825 839 1879 domus
883 1819 1068 1881 lsrael.
1098 1819 1230 1874 the
1283 1819 1420 1875 dicit
1460 1819 1720 1883 Dominus
1770 1836 1783 1872 :
1824 1815 1982 1872 Juxta

2094 1844 2116 1882 ι
2160 1839 2297 1895 opus
2338 1826 2587 1893 artiﬁcis,
2644 1835 2705 1885 et
2763 1824 3146 1885 manusmrarii
3202 1842 3216 1880 :
3260 1823 3585 1897 hyacinthus
3626 1837 3678 1878 ει

406 1934 429 1968 ι
476 1917 589 1971 vias
611 1913 853 1984 gentium
880 1910 1047 1966 nolite
1069 1910 1302 1977 discere,
1344 1918 1400 1965 et
1419 1924 1450 1964 a
1476 1909 1647 1979 signis
1675 1908 1798 1970 coeli
1824 1906 1989 1973 nolite

406 2025 431 2060 ι
477 2014 736 2070 metuere,
785 2016 908 2076 quae
942 2002 1137 2056 timent
1154 2013 1373 2071 gentes,
1426 2001 1553 2072 quia
1590 2000 1740 2071 leges
1768 1998 1992 2070 populo-

406 2116 431 2149 ι
477 2112 598 2154 rum
640 2110 795 2151 vana:
829 2103 977 2149 sunt.
1030 2112 1054 2145 δ
1110 2091 1382 2167 (Hieron)
1424 2092 1656 2164 Proprie
1703 2092 1990 2148 adversum

402 2205 500 2247 eos
529 2189 765 2258 loquitur
788 2187 881 2258 qui
924 2196 1252 2247 venerantur
1277 2186 1545 2252 caelestia,
1596 2200 1717 2256 qum
1759 2186 1815 2245 in
1841 2185 1992 2254 signa

403 2290 533 2341 sunt
555 2281 730 2352 posita
763 2293 1053 2343 annorum,
1090 2290 1419 2348 temporum,
1456 2278 1749 2342 mensium,
1789 2286 1846 2331 et
1882 2276 1994 2331 die-

408 2387 530 2431 rum
555 2388 569 2423 :
594 2370 663 2425 ab
702 2369 788 2423 his
836 2368 1110 2423 instituant
1134 2367 1247 2438 regi
1286 2368 1582 2422 humanum
1608 2380 1798 2439 genus,
1840 2374 1898 2421 et
1922 2379 1991 2419 ex

402 2464 585 2522 causis
634 2461 935 2517 antestium
984 2468 1199 2515 terrena
1250 2460 1540 2515 moderari.
1588 2459 1850 2529 Quodque
1892 2458 1988 2520 ait,

406 2575 428 2609 ς
454 2557 598 2628 leges
618 2556 755 2627 (sive
782 2555 1043 2628 legitima)
1059 2555 1378 2626 populorum
1397 2570 1531 2609 vana
1549 2563 1678 2610 sunt
1699 2569 1720 2607 ι
1745 2570 1758 2605 :
1774 2566 1989 2619 omnem

403 2655 695 2706 humanam
740 2649 1064 2717 sapientiam
1109 2646 1317 2702 futilem
1353 2661 1474 2702 esse
1521 2647 1880 2711 demonstrat,
1936 2649 1991 2697 et

398 2742 602 2798 nullam
628 2754 688 2796 se
722 2741 928 2796 habere
948 2738 1255 2793 utilitatem.

478 2851 499 2886 ι
545 2833 680 2901 Quia
731 2832 933 2903 lignum
961 2831 1028 2887 de
1063 2830 1203 2885 saltu
1253 2829 1498 2902 praecidit
1540 2843 1679 2904 opus
1730 2841 1988 2884 manuum

403 2945 424 2979 ι
466 2925 691 2980 artiﬁcis
716 2925 772 2979 in
802 2922 967 2978 ascia.
1001 2922 1241 2992 Argento
1268 2929 1323 2975 et
1343 2936 1476 2976 auro
1505 2920 1784 2975 decoravit
1811 2918 1968 2981 illud,

404 3036 427 3069 ι
473 3017 642 3073 clavis
696 3025 751 3072 et
793 3013 1002 3075 malleis
1047 3013 1339 3085 compegit,
1393 3022 1451 3067 ut
1504 3025 1612 3068 non
1654 3012 1985 3069 dissolvatur

401 3131 422 3164 ι
466 3112 603 3185 (sive
628 3126 734 3173 non
756 3106 1079 3178 moveatur),
1112 3093 1182 3160 in.
1209 3104 1616 3161 similitudinem
1658 3104 1851 3185 palma:
1905 3104 1986 3158 fa-

2094 1937 2113 1971 ι
2157 1934 2396 1989 purpura
2456 1918 2836 1976 indumentum
2892 1933 3083 1975 eorum
3143 1934 3154 1970 :
3211 1932 3353 1990 Opus
3407 1915 3679 1985 artiﬁcum

2096 2029 2118 2063 ι
2156 2012 2302 2087 ⁹((δὶιηξ
2330 2012 2683 2085 sapientium)
2726 2012 2978 2068 universa
3019 2012 3157 2077 haec.
3204 2011 3466 2079 Dominus
3497 2015 3679 2077 autem

2099 2120 2120 2155 ι
2170 2106 2313 2159 Deus
2359 2119 2517 2161 verus
2556 2112 2659 2172 est,
2701 2107 2818 2174 ipse
2846 2102 3226 2171 Deus.lvivens
3273 2109 3332 2158 ct
3360 2115 3457 2156 rex
3477 2099 3677 2173 sempi—

2100 2214 2119 2246 ι
2162 2207 2367 2251 ternos.
2407 2195 2492 2251 Ab
2526 2179 2894 2268 indignatione
2915 2193 3035 2264 eius
3054 2192 3482 2259 commovebitur
3510 2199 3681 2256 ωτι-α,

2099 2304 2119 2337 ι
2158 2294 2215 2340 et
2247 2302 2356 2342 non
2393 2286 2738 2354 sustinebunt
2771 2295 2960 2366 gentes
2983 2282 3460 2353 comminationem
3484 2279 3624 2352 eius.
3655 2300 3672 2333 ι

2095 2378 2222 2453 llaec
2269 2379 2321 2433 in
2351 2377 2705 2448 Septuaginta
2722 2392 2836 2434 non
2867 2377 3154 2441 habentur,
3203 2374 3298 2435 sed
3323 2375 3391 2431 de
3420 2372 3671 2439 Theodo-

2093 2470 2256 2525 tionis
2280 2469 2517 2527 editione
2541 2468 2597 2524 in
2617 2467 2893 2539 plerisque
2916 2466 3098 2525 addita
3122 2474 3267 2525 sont.
3291 2464 3360 2535 Et
3382 2478 3508 2520 cum
3522 2461 3677 2533 juxta

2089 2560 2329 2617 litteram
2370 2558 2657 2615 videantur
2692 2557 3002 2628 perspicua,
3059 2555 3217 2627 juxta
3250 2568 3529 2633 anagogen
3567 2568 3687 2609 ma-

2091 2667 2255 2725 gnam
2289 2653 2489 2709 habent
2507 2650 2899 2709 difficultatem.
2916 2648 3110 2713 Nullus
3131 2656 3217 2706 est
3234 2647 3427 2716 similis
3456 2655 3544 2707 est
3567 2644 3678 2702 Deo

2090 2758 2223 2799 vero
2244 2782 2260 2810 ,
2330 2757 2518 2799 eorum
2563 2742 2787 2805 deorum
2852 2742 2947 2810 qui
2994 2738 3252 2810 haeretica
3299 2744 3418 2809 arte
3474 2736 3673 2809 lingun-

2092 2842 2199 2889 tur.
2229 2832 2430 2890 Omnes
2452 2832 2719 2899 timebunt
2742 2846 2865 2898 eum
2889 2830 2981 2911 qui
3006 2845 3101 2893 rex
3124 2828 3369 2901 gentium
3397 2834 3499 2897 est.
3525 2825 3682 2881 Prin-

2088 2925 2290 2995 cipitun
2310 2924 2455 2980 enim
2477 2923 2756 2995 sapientia!
2776 2923 2939 2990 timor
2957 2916 3383 2993 Dominia’rov.
3403 2916 3515 2991 πμ),
3533 2924 3591 2972 et
3611 2914 3677 2972 de

2090 3029 2155 3071 eo
2176 3014 2489 3086 Proficimus
2512 2998 2586 3079 ad
2610 3012 2936 3081 maritalem
2967 3024 3173 3079 νείκη·
3206 3029 3228 3071 υ
3264 3007 3438 3077 Tuum
3462 3015 3567 3079 βαι,
3595 3006 3675 3062 ἰη-

2091 3093 2228 3180 quit,
2257 3109 2423 3169 decus
2452 3126 2466 3176 ς
2506 3125 2525 3164 i
2564 3107 2619 3172 in
2649 3107 2877 3171 veritate
2899 3104 3088 3171 decor,
3115 3101 3170 3169 in
3195 3098 3478 3169 mendacio
3506 3098 3675 3170 turpi-

399 3220 423 3256 ι
466 3178 672 3268 bricata
709 3209 837 3255 sunt
889 3205 945 3254 et
977 3213 1083 3251 non
1114 3197 1423 3279 loquentur,
1467 3178 1680 3277 portata
1710 3196 1982 3264 tollentur,
2015 3194 2061 3256 C
2262 3198 2519 3266 Quamvis
2540 3196 2788 3262 haeretici
2804 3193 2963 3266 .juxta
2989 3191 3311 3266 sapientiam
3334 3190 3525 3251 mundi
3554 3204 3674 3260 qua-

399 3310 426 3356 ᾳ
466 3291 591 3364 quia
618 3290 869 3356 incedere
918 3303 1024 3342 non
1047 3286 1229 3341 valent
1262 3303 1275 3340 :
1310 3286 1475 3342 nolite
1500 3301 1629 3367 ergo
1667 3286 1862 3345 timere
1896 3302 1982 3355 ea,
2086 3290 3260 3363 destruitur,sibisapientesesseqjdeantur,
3284 3294 3467 3353 tamen
3487 3284 3542 3340 in
3557 3297 3671 3339 om.

398 3398 421 3435 ς
467 3380 595 3449 quia
635 3393 737 3439 nec
782 3376 923 3441 male
971 3386 1197 3455 possunt
1250 3373 1428 3440 facere
1480 3389 1579 3431 nec
1606 3377 1763 3432 bene.
1820 3396 1847 3438 φ
1890 3375 1982 3442 De-

2087 3382 2248 3449 nibus
2267 3382 2472 3455 regnis,
2494 3383 2693 3454 quibus
2702 3379 2951 3446 laceram
2972 3379 3309 3447 Ecclesium,
3338 3397 3362 3431 ι
3395 3375 3576 3435 nullus
3590 3385 3673 3445 est

391 3472 621 3544 scriptio
640 3470 902 3526 idolorum
922 3454 1043 3538 quae
1064 3477 1392 3533 venerantur
1412 3476 1600 3540 gentes
1626 3487 1639 3523 :
1681 3487 1700 3521 ε
1729 3467 1980 3539 Lignutu,

393 3550 592 3636 inquit,
623 3562 689 3617 de
727 3560 865 3626 saltu
903 3559 1147 3638 prmcidit
1182 3577 1195 3612 :
1235 3578 1254 3610 ι
1292 3559 1522 3614 materia
1550 3573 1682 3631 ergo
1720 3559 1982 3616 idolorum

387 3656 517 3712 vilis
538 3663 594 3719 et
617 3652 998 3726 corruptibilis.
1028 3670 1047 3703 ί
1068 3650 1224 3721 Opus
1244 3665 1500 3707 manuum
1520 3651 1766 3707 artiﬁcis.
1797 3669 1816 3703 ι
1845 3649 1981 3706 Cum

393 3748 591 3812 artifex
623 3745 872 3802 mortalis
899 3745 991 3809 sit,
1049 3743 1299 3799 mortalia
1319 3758 1450 3815 ergo
1469 3751 1525 3798 et
1546 3742 1640 3798 illa
1666 3758 1790 3813 quae
1812 3742 1978 3798 fabri-

390 3850 567 3897 catur.
600 3857 620 3891 r
647 3840 886 3910 Argento
907 3846 962 3892 et
994 3852 1129 3891 auro
1151 3838 1426 3892 decoravit
1444 3837 1574 3893 illud
1599 3855 1612 3891 :
1644 3857 1662 3892 ι
1693 3846 1750 3892 ut
1774 3837 1981 3905 fulgore

388 3934 673 4002 utriusque
717 3930 958 3986 materia:
990 3930 1224 4000 decipiat
1251 3930 1546 4001 simplices.
1614 3930 1717 3998 Qui
1763 3931 1980 4001 quidem

393 4028 552 4090 error
577 4023 643 4077 ad
686 4037 788 4078 nos
817 4035 988 4091 usque
1024 4021 1295 4086 transivit,
1328 4004 1386 4074 ut
1404 4006 1725 4090 religionem
1756 4022 1808 4075 in
1837 4021 1978 4076 divi-

390 4117 484 4185 tiis
500 4115 850 4171 arbitremur.
888 4133 908 4165 r
942 4113 1119 4170 Clavis
1138 4122 1194 4169 et
1219 4112 1430 4170 malleis
1457 4114 1747 4191 compegit,
1783 4123 1842 4169 ut
1869 4129 1979 4178 non

387 4209 717 4266 dissolvatur
738 4208 875 4280 (sive
896 4215 955 4261 ut
972 4222 1077 4261 non
1099 4210 1428 4278 moveatur).
1451 4225 1467 4257 ι
1490 4203 1700 4272 Quanta
1717 4207 1977 4263 idolorum

390 4299 655 4375 potentia,
682 4311 804 4368 quae
844 4308 992 4352 stare
1025 4311 1125 4366 per
1156 4310 1216 4352 se
1249 4304 1543 4367 nequeunt,
1582 4297 1687 4352 nisi
1712 4297 1879 4354 clavis
1920 4307 1976 4355 et

388 4386 600 4451 malleis
621 4387 1078 4458 compingantur?
1109 4404 1129 4436 ς
1156 4385 1215 4441 in
1247 4386 1655 4442 similitudinem
1679 4386 1873 4456 palmae
1900 4387 1977 4455 fa-

386 4478 597 4535 bricata
628 4494 642 4531 :
683 4497 703 4531 )
737 4478 945 4566 habent
968 4477 1422 4566 pulchritudinem
1453 4478 1794 4537 metallorum
1815 4488 1872 4542 et
1894 4481 1975 4551 pi-

385 4577 558 4628 cturae
587 4575 706 4622 arte
732 4565 987 4621 decorata
1011 4574 1160 4633 sunt,
1204 4566 1304 4622 sed
1350 4567 1637 4633 utilitatem
1669 4583 1775 4627 non
1795 4570 1971 4638 possis

387 4659 538 4724 dent,
552 4672 713 4728 quam
738 4658 1012 4729 praebeant
1033 4658 1241 4729 aliquos
1257 4656 1471 4717 fructus
1499 4658 1717 4726 artiﬁci,
1747 4679 1767 4712 ‹
1790 4669 1845 4727 et
1864 4675 1971 4717 non

386 4749 701 4821 loquentur,
729 4766 748 4800 ι
784 4747 920 4803 nihil
953 4748 1100 4813 enim
1114 4747 1180 4802 in
1215 4762 1275 4803 se
1300 4748 1464 4813 vitale
1493 4748 1714 4805 habent.
1745 4750 1821 4817 De
1845 4752 1969 4821 quis

385 4841 491 4897 bus
508 4839 768 4911 scriptum
795 4847 919 4894 est:
964 4856 988 4890 ι
1024 4837 1111 4899 σοδ
1159 4839 1363 4895 habent
1396 4847 1458 4895 et
1506 4855 1615 4896 non
1660 4832 1968 4912 loquentur,

385 4945 552 4995 aures
584 4914 787 4985 habent
824 4939 879 4984 et
904 4944 1012 4985 non
1042 4929 1263 4991 audient
1290 4929 1471 5000 (Prol.
1510 4930 1695 5004 ωιηι).
1739 4950 1759 4983 ι
1789 4948 1812 4982 ί
1834 4931 1971 4988 Por-

387 5030 501 5077 tata
516 5021 782 5076 tollentur
808 5037 822 5074 :
857 5038 877 5072 i
893 5019 1096 5083 fortior
1119 5029 1211 5074 est
1236 5018 1328 5074 ille
1346 5021 1441 5091 qui
1470 5029 1674 5093 portat,
1698 5036 1858 5092 quam
1880 5022 1969 5078 illa

385 5127 511 5184 qua:
540 5119 840 5183 portantur.
872 5110 987 5166 imo
1008 5110 1062 5165 in
1082 5109 1185 5176 illo
1206 5124 1418 5175 scmus,
1438 5112 1502 5165 in
1520 5112 1632 5168 'lioc
1661 5112 1834 5182 ﬁgura
1855 5113 1973 5168 sine

384 5219 571 5259 sensu.
601 5218 619 5254 ι
648 5197 830 5258 Nolite
852 5216 984 5274 ergo
1004 5202 1196 5269 timere
1214 5215 1278 5256 ea
1300 5216 1426 5272 quae
1449 5216 1551 5258 nec
1578 5204 1725 5259 bene
1745 5213 1974 5274 posstmt

387 5295 589 5358 facere,
620 5307 723 5349 nec
751 5293 908 5359 male.
945 5312 965 5345 ι
1008 5292 1190 5357 Solent
1229 5293 1373 5357 enim
1402 5294 1649 5364 plerique
1691 5295 1968 5366 gentilium

385 5388 660 5443 daemones
716 5386 895 5440 colere
928 5399 997 5440 ne
1030 5395 1288 5452 noceant,
1336 5394 1399 5441 et
1440 5385 1576 5442 alios
1628 5402 1856 5450 exorare
1910 5398 1972 5459 ut

382 5484 644 5561 praestent
673 5474 962 5532 beneﬁcia.
1006 5476 1166 5532 Unde
1194 5485 1248 5533 et
1284 5477 1416 5533 illud
1455 5477 1808 5551 Virgilianum
1838 5488 1920 5535 est
1951 5495 1967 5536 :

511 5566 897 5633 Nigrarn‘byemi
918 5569 1174 5629 pecudem,
1203 5569 1432 5645 zeplryris
1453 5569 1678 5619 felicibus
1703 5568 1878 5623 albam.

385 5668 657 5741 Quidquid
695 5670 943 5726 dcidolis
980 5671 1235 5736 diximus,
1267 5674 1335 5726 ad
1358 5674 1537 5728 omnia
1576 5673 1823 5744 dogmata
1853 5684 1973 5743 qum

387 5772 517 5818 sunt
540 5764 813 5821 contraria
841 5763 1054 5826 veritati
1113 5763 1301 5818 referri
1338 5774 1532 5835 potest.
1580 5760 1644 5819 Et
1678 5764 1778 5836 ipsi
1827 5767 1971 5835 enim

1999 4532 2053 4592 D

2078 3475 2280 3533 similis
2308 3474 2404 3539 tui,
2444 3493 2466 3528 ι
2497 3474 2714 3537 dicente
2740 3487 2997 3541 sermone
3034 3471 3237 3542 divino,
3273 3488 3294 3522 ι
3320 3468 3555 3537 Perdam
3591 3482 3672 3524 sa-

2083 3566 2344 3637 pientiam
2368 3565 2717 3642 sapientium,
2746 3574 2801 3629 et
2818 3564 3168 3638 prudentiam
3201 3560 3550 3633 prudentium
3584 3574 3661 3614 τεο

2082 3656 2325 3727 probabo
2360 3654 2414 3726 (1
2440 3653 2566 3713 Cor.
2594 3655 2656 3725 ι).
2699 3674 2720 3709 ι
2776 3654 2950 3719 Simul
2978 3654 3255 3725 sapientes
3281 3661 3338 3708 et
3360 3651 3493 3719 fatui
3525 3658 3652 3717 sunt

2082 3748 2328 3804 doctrina
2359 3760 2548 3804 eorum
2566 3761 2670 3817 pro
2697 3745 2959 3815 qualitate
2986 3744 3187 3816 ingenii
3209 3742 3295 3799 vel
3324 3743 3445 3812 vilis
3470 3750 3571 3811 est,
3618 3752 3671 3795 et

2082 3838 2230 3910 ligno
2274 3845 2642 3907 comparatur,
2693 3834 2776 3890 vel
2800 3834 2992 3897 similis
3019 3842 3263 3905 argento,
3312 3841 3536 3903 propter
3563 3830 3676 3886 elo-

2080 3929 2195 3999 quii
2222 3935 2560 3985 venustatem
2596 3944 2616 3979 ι
2649 3925 2889 3983 All'ertur
2913 3925 2982 3987 de
3007 3924 3248 3987 Tharsis.
3283 3940 3302 3974 ι
3334 3921 3559 3989 'l‘harsis
3587 3920 3670 3975 vel

2077 4021 2242 4087 ludite
2274 4021 2425 4091 regio
2465 4029 2570 4087 est,
2609 4026 2672 4075 ut
2698 4018 2815 4077 uult
2844 4015 3133 4087 Jonepbus,
3192 4014 3276 4080 vel
3317 4023 3468 4079 certe
3513 4026 3669 4075 omne

2079 4114 2304 4186 pelagus
2328 4113 2555 4185 Tharsis
2578 4111 2898 4186 appellatur,
2950 4119 3008 4176 et
3033 4107 3159 4173 coeli
3189 4108 3361 4171 habet;
3371 4102 3650 4171 similitudi

2080 4194 2229 4275 nem,
2272 4217 2329 4263 et
2382 4217 2562 4271 tamen
2609 4189 2850 4276 involuta
2877 4213 2965 4261 est
2996 4203 3288 4270 verborum
3331 4199 3581 4266 artiﬁcio.
3611 4198 3667 4252 Si

2076 4300 2220 4369 enim
2252 4298 2481 4361 voluerit
2505 4297 2756 4370 decipere
2800 4310 2909 4351 non
2946 4295 3165 4366 poterit.
3204 4311 3222 4345 ι
3266 4293 3334 4356 Et
3373 4303 3567 4355 aurum
3602 4290 3666 4345 de

2066 4391 2246 4461 AOphir
2269 4410 2283 4446 :
2315 4410 2336 4445 δ
2369 4399 2577 4461 septem
2594 4388 2907 4445 nominibus
2927 4387 3067 4458 apud
3090 4385 3347 4443 Hebraeos
3370 4381 3665 4457 appellatur

2080 4500 2293 4554 aurum,
2327 4499 2559 4555 quorum
2585 4498 2751 4539 unum
2778 4490 2908 4544 tm}:
2940 4480 3156 4544 dicitur,
3188 4479 3331 4550 quod
3350 4492 3453 4534 nos
3480 4476 3666 4539 dicere

2082 4589 2372 4646 possumus
2398 4573 2665 4641 obrizum,
2711 4582 2773 4628 ut
2797 4572 3081 4643 splendeat
3107 4570 3160 4625 in
3185 4567 3475 4641 superﬁcie
3495 4565 3667 4629 idolo—

2079 4682 2223 4734 rum,
2267 4667 2411 4738 quod
2430 4667 2758 4725 intrinsecus
2787 4665 2990 4738 lignum
3015 4673 3100 4721 est
3133 4663 3363 4736 vilisque
3396 4662 3665 4730 materiae,

2075 4758 2372 4830 hyacintho
2405 4758 2724 4828 operiuntur
2764 4768 3092 4834 .etpurpura
3159 4764 3221 4812 ut
3254 4746 3541 4827 superﬁcie
3579 4760 3659 4810 sui

2070 4847 2264 4905 oculos
2295 4835 2585 4920 decipiant,
2618 4849 2754 4909 dum
2780 4848 3044 4907 cmlorum
3073 4847 3176 4915 sibi
3204 4837 3440 4903 colorem
3493 4853 3551 4904 et
3579 4859 3661 4900 re-

2073 4928 2447 5007 maculatus
2474 4939 2812 5013 pollicentur,
2846 4948 2907 4996 et
2938 4948 3120 5004 tamen
3145 4953 3310 5009 opera
3335 4934 3658 5008 sapientium

2076 5038 2209 5085 sunt
2248 5018 2501 5097 universa
2532 5032 2667 5097 lianc,
2700 5031 2793 5100 qui
2836 5029 3034 5085 saeculo
3058 5029 3331 5101 sapientes
3376 5032 3661 5095 putantur.

2079 5130 2336 5189 calorum
2365 5122 2507 5191 apud
2533 5121 2702 5189 Deum
2739 5121 2889 5191 stulti
2918 5129 3074 5177 sunt.
3109 5138 3133 5174 ι
3178 5118 3439 5174 Dominus
3480 5124 3655 5182 auten.

2079 5210 2223 5275 Deus
2259 5221 2461 5278 noster,
2499 5214 2643 5268 Deus
2677 5227 2842 5268 verus
2880 5220 2968 5267 est
3014 5229 3028 5265 :
3062 5230 3089 5265 ι
3120 5209 3210 5265 illa
3238 5222 3369 5280 ergo
3398 5208 3655 5264 universa

2076 5302 2382 5368 mendacia,
2411 5321 2430 5355 ε
2464 5312 2521 5358 et
2542 5306 2658 5375 ipse
2680 5303 2826 5359 Deus
2851 5304 3057 5359 vivens.
3082 5323 3107 5355 ›
3137 5302 3305 5375 Igitur
3326 5301 3414 5356 illa
3445 5308 3655 5368 mortua

2077 5409 2198 5463 qum
2226 5396 2523 5465 tinguntur,
2545 5386 2599 5452 et
2625 5416 2642 5449 ς
2671 5412 2768 5452 rex
2791 5396 3153 5466 sempiternus
3181 5413 3197 5449 :
3225 5414 3244 5447 ι
3279 5395 3655 5465 haereticorum

2076 5488 2281 5557 umbrae
2304 5486 2372 5540 ad
2409 5494 2618 5571 tempus
2638 5484 2951 5570 praevalent,
2974 5483 3070 5540 sed
3093 5483 3252 5554 longo
3282 5496 3523 5566 tempore
3534 5499 3653 5541 cor-

2076 5584 2422 5647 rumpuntur.
2464 5593 2483 5626 σ
2524 5564 2617 5630 ’Δὺ
2642 5564 3029 5657 indignatione
3072 5573 3190 5644 ejus
3229 5564 3656 5645 commovebitur

2078 5683 2243 5740 terra,
2278 5692 2297 5724 ι
2330 5672 2385 5728 lii
2420 5670 2510 5744 qui
2542 5679 2756 5737 terrena
2791 5671 2993 5728 habent
3025 5686 3210 5742 opera,
3241 5679 3299 5728 et
3312 5679 3543 5761 ~terrena
3575 5672 3623 5727 si

2079 5765 2314 5822 mulacra
2341 5787 2359 5819 r
2379 5764 2710 5835 conﬁngunt,
2726 5770 2908 5820 etnon
2932 5764 3271 5820 sustinebunt
3297 5771 3482 5833 gentes
3508 5777 3649 5833 com:
