4022 6186
468 297 572 355 8‘19

1112 297 1171 352 Β.
1218 296 1468 353 ΒΑΒΑΝΙ
1509 297 1728 355 MAURI
1767 299 2089 358 ARCIIlEP.
2132 302 2272 360 MOG
2288 305 2446 369 UNT.
2488 306 2776 363 OI‘ERUM
2812 307 2994 364 PARS
3034 306 3122 363 Ill.

3646 311 3749 368 880

466 409 817 466 minationem
848 406 987 476 ejus,
1022 427 1040 459 ι
1076 400 1417 479 nequaquam
1443 408 1672 480 populus
1698 409 1932 479 Domini,
1969 414 2065 469 sed
2093 421 2139 478 Α
2172 418 2334 472 ritum
2375 428 2648 477 sanctum.
2692 420 2889 477 Verum
2922 423 3038 478 htec
3069 422 3384 489 diﬂ‘erenter
3418 433 3474 479 et
3513 425 3665 480 varie
3695 426 3750 484 in

466 505 705 577 gentium
752 501 1069 568 multitudo,
1117 518 1238 574 qua:
1283 503 1377 559 Dei
1407 505 1881 561 comminationem
1917 504 2063 564 ferre

465 613 570 652 non
600 594 914 664 pnevalent.

540 708 558 739 ι
587 687 680 742 Sic
707 702 836 758 ergo
858 686 1047 742 dicetis
1068 687 1178 742 eis:
1202 687 1304 753 Dii,
1332 688 1423 758 qui
1452 688 1622 746 ctelos
1645 701 1701 746 ct
1724 699 1924 747 terram
1952 708 2058 748 non

469 800 488 833 ι
528 781 816 847 fecerunt,
865 792 1089 852 pereant
1133 782 1199 838 de
1243 790 1416 848 terra,
1448 795 1504 839 et
1541 785 1608 842 de
1653 786 1739 842 his
1788 802 1909 859 qua:
1957 790 2060 845 sub

469 890 490 924 ι
527 873 681 928 cmlis
708 881 852 927 sunt.
886 894 904 925 ι
940 872 1110 929 Falsis
1150 874 1271 938 diis,
1309 881 1365 943 et
1402 876 1493 945 qui
1521 878 1815 936 artificiose
1841 895 2060 952 compo-

464 966 553 1020 siti
602 972 747 1031 sunt,
791 967 892 1021 ista
929 968 1152 1023 dicenda
1173 976 1299 1023 sunt
1327 981 1342 1023 ε
1372 968 1449 1024 illi
1483 970 1629 1025 enim
1652 987 1753 1028 nec
1783 973 1954 1029 cmlos
1982 974 2060 1030 fe-

464 1069 589 1110 cere
617 1070 717 1111 nec
762 1064 993 1123 terram;
1033 1059 1126 1129 qui
1162 1068 1288 1114 sunt
1324 1069 1705 1132 cooperatores
1737 1063 1939 1120 Christi
1982 1067 2057 1123 dii

465 1160 747 1216 vocantur,
797 1158 854 1205 et
896 1150 1106 1207 Domini
1153 1167 1253 1222 per
1289 1152 1592 1210 doctrinam
1631 1155 2056 1214 ecclesiasticam

464 1255 656 1311 magna
679 1257 742 1296 ex
776 1250 928 1312 parte
958 1242 1224 1298 fabricant
1243 1242 1486 1299 domum.

538 1350 559 1384 ι
593 1332 955 1404 Βοιηίηυείιιιί
978 1332 1108 1389 facit
1132 1334 1268 1406 (sive
1281 1333 1430 1402 fecit)
1457 1336 1726 1393 terramin
1740 1337 2056 1396 fortitudine

469 1441 490 1476 t
519 1438 639 1491 sua,
662 1434 929 1496 praeparat
961 1426 1150 1481 orbem
1171 1425 1227 1480 in
1247 1425 1514 1497 sapientia
1526 1442 1646 1494 sua,
1693 1439 1749 1483 et
1771 1430 2055 1500 prudentia

470 1532 492 1567 ι
519 1532 618 1572 sua
660 1517 904 1573 extendit
928 1517 1116 1574 caelos.
1143 1517 1225 1575 Ad
1250 1532 1437 1575 vocem
1463 1534 1621 1575 suam
1647 1519 1742 1575 dat
1758 1520 2056 1577 multitudi-

469 1626 489 1660 ι
520 1624 646 1665 nem
691 1624 956 1682 aquarum
992 1611 1046 1666 in
1087 1609 1229 1667 ctelo
1252 1650 1269 1677 ,
1308 1618 1365 1665 et
1389 1609 1564 1668 elevat
1606 1612 1720 1669 sive
1743 1613 1926 1670 educit
1954 1629 2052 1671 ne-

468 1719 488 1752 σ
520 1701 676 1757 bulas
729 1703 799 1760 ab
854 1703 1290 1759 extremitatibus
1325 1710 1504 1759 terrm.
1556 1703 1793 1776 Fulgura
1831 1705 1888 1761 in
1941 1706 2055 1779 plu-

2166 508 2464 583 Scripturis
2491 513 2767 579 dicuntur,
2790 513 2858 568 -in
2882 514 3064 568 anima
3086 514 3320 569 hominis
3342 514 3557 570 Patrem
3580 526 3637 571 et
3665 516 3753 572 Fi.

2163 601 2294 658 lium
2318 614 2373 659 et
2399 605 2660 675 Spiritum
2683 613 2933 661 sanctum
2960 607 3308 661 commorari.
3342 605 3476 661 Nam
3498 616 3554 663 et
3580 608 3754 664 David

2163 693 2218 748 in
2240 694 2455 751 Psalmo
2478 695 2864 762 confessionis,
2885 704 2995 752 tres
3021 697 3245 767 spiritus
3266 698 3504 768 postulat
3522 699 3751 754 dicens:

2167 802 2188 836 r
2214 785 2419 857 Spiritu
2458 787 2741 859 principali
2795 787 3056 843 confirma
3100 804 3211 854 me,
3254 790 3502 860 spiritum
3541 800 3756 848 rectum

2161 878 2360 933 innova
2383 880 2438 935 in
2463 866 2766 935 visceribus
2799 880 2959 946 meis,
2984 881 3238 950 spiritum
3280 891 3528 939 sanctum
3552 899 3624 940 ne
3648 901 3754 940 au—

2161 968 2306 1025 feras
2340 986 2370 1024 a
2413 986 2500 1025 me
2529 970 2700 1042 (Psal.
2732 970 2805 1042 ι).
2838 991 2856 1022 ι
2884 971 2988 1039 Qui
3030 980 3156 1028 sunt
3198 973 3285 1028 isti
3328 982 3438 1029 tres
3484 975 3753 1044 spiritus?

2159 1057 2486 1129 Principalis
2497 1060 2722 1130 spiritus
2735 1061 2898 1118 Pater
2909 1070 3025 1128 est;
3044 1070 3223 1119 rectus
3236 1064 3482 1133 spiritus,
3499 1065 3755 1123 Christus

2160 1161 2274 1219 est;
2300 1154 2523 1223 spiritus
2538 1163 2778 1219 sanctus,
2802 1152 3037 1226 Spiritus
3050 1165 3137 1211 est
3159 1166 3399 1215 sanctus.
3419 1158 3547 1218 Haec
3571 1160 3626 1215 in
3654 1177 3755 1232 ap-

2160 1244 2535 1314 probationem
2559 1245 2678 1315 ejus
2709 1245 2789 1300 rei
2822 1245 3079 1311 diximus,
3106 1248 3251 1316 quod
3272 1248 3536 1316 habitata,
3567 1252 3623 1307 id
3641 1262 3752 1317 est,

2158 1333 2308 1388 orbis
2341 1341 2609 1389 terrarum
2641 1335 2695 1389 in
2724 1334 2991 1405 sapientia
3027 1336 3123 1393 Dei
3152 1336 3415 1393 fabricata
3459 1339 3550 1394 sit.
3590 1359 3610 1391 ι
3642 1340 3748 1395 Sa-

2155 1423 2359 1495 pientia
2387 1424 2585 1497 quippe
2631 1425 2980 1482 auxiliabitur
3009 1424 3183 1495 justo,
3225 1442 3387 1501 super
3414 1428 3604 1486 decem
3653 1446 3752 1500 po-

2158 1518 2411 1571 testatem
2460 1516 2724 1573 habentes
2750 1516 2806 1572 in
2844 1517 3087 1574 civitate.
3117 1517 3448 1589 Sapientiam
3486 1530 3751 1578 autemet

2156 1604 2495 1677 disciplinam
2531 1608 2622 1678 qui
2649 1605 2835 1677 abjieit
2858 1607 3045 1665 infelix
3061 1617 3169 1678 est,
3198 1618 3254 1666 et
3292 1626 3433 1666 vana
3457 1626 3587 1683 spes
3606 1611 3749 1682 ejus,

2157 1705 2213 1751 et
2233 1695 2446 1754 labores
2471 1698 2591 1770 ejus
2615 1698 2899 1767 insensati,
2928 1707 2986 1756 et
3017 1700 3229 1756 inutilia
3255 1716 3421 1771 opera
3450 1703 3589 1773 ejus,
3625 1721 3645 1754 ι
3670 1702 3751 1759 ait

470 1810 489 1843 ι
526 1791 666 1847 viam
702 1790 850 1859 fecit,
877 1801 930 1847 et
954 1792 1138 1847 educit
1164 1800 1382 1847 ventum
1413 1793 1551 1866 (sive
1589 1794 1805 1868 ventos)
1842 1796 1908 1852 de
1936 1777 2055 1853 the-
2083 1777 2130 1836 Β
2157 1787 2421 1858 sapientia
2456 1804 2580 1859 quae
2605 1789 2765 1846 titulo
2805 1790 3127 1848 inscribitur
3165 1790 3494 1867 Salomonisg
3535 1792 3749 1849 Idcirco

525 1884 701 1940 samis
724 1884 855 1940 suis.
879 1884 1090 1939 Stultus
1115 1883 1295 1940 factus
1315 1892 1400 1940 est
1424 1886 1604 1942 omnis
1637 1886 1801 1945 homo
1822 1904 1854 1944 a
1880 1890 2053 1946 scien-

468 1993 488 2027 t
529 1976 603 2031 tia
641 1991 763 2041 sua,
810 1975 1067 2031 confusus
1096 1983 1179 2031 est
1222 1976 1402 2032 omnis
1465 1977 1661 2034 artifex
1706 1979 1759 2035 in
1796 1981 2050 2054 scnlptili,

467 2087 488 2123 t
517 2070 772 2141 quoniam
802 2069 998 2126 falsum
1027 2079 1110 2125 est
1134 2070 1276 2141 quod
1309 2068 1591 2139 conﬂavit,
1616 2080 1672 2128 et
1700 2088 1807 2129 non
1828 2083 1914 2131 est
1942 2077 2054 2148 spi-

464 2179 484 2212 ι
532 2160 668 2217 ritus
718 2160 772 2216 in
817 2161 915 2217 eis.
972 2161 1123 2218 Vana
1153 2168 1280 2216 sunt
1329 2169 1385 2217 et
1411 2176 1575 2233 opera
1611 2164 1725 2219 risu
1750 2165 1932 2238 digna.
1994 2167 2052 2223 In

463 2268 484 2302 ι
522 2259 765 2323 tempore
795 2252 1122 2308 visitationis
1160 2266 1272 2307 sua:
1315 2251 1589 2321 peribunt.
1635 2253 1750 2310 Non
1798 2268 1882 2312 est
1906 2258 2053 2313 simi-

463 2361 485 2392 σ
518 2344 585 2399 lis
612 2344 698 2399 his
722 2359 851 2415 pars
886 2341 1075 2400 Iacob.
1101 2342 1206 2411 Qui
1237 2343 1382 2398 enim
1412 2342 1668 2401 formavit
1705 2349 1908 2415 omnia,
1938 2350 2053 2420 ipse

459 2454 480 2488 ‹
515 2443 616 2502 est,
640 2442 696 2490 et
719 2435 884 2492 Israel
920 2436 1070 2507 virga
1095 2434 1432 2492 luereditatis
1456 2437 1592 2508 ejus,
1620 2439 1878 2497 Dominus
1897 2457 2054 2497 exer-

458 2545 481 2579 t
514 2528 715 2584 citttutn
740 2543 938 2583 nomen
963 2537 1046 2585 est
1072 2528 1169 2584 illi.
1216 2549 1235 2583 ι
1271 2530 1373 2598 Qui
1416 2529 1549 2587 facit
1585 2540 1789 2589 terram
1811 2535 1863 2590 in
1892 2535 2050 2591 forti-

448 2622 642 2677 tudine
672 2637 800 2688 sua,
840 2620 982 2677 Deus
1011 2620 1178 2678 Pater
1212 2632 1315 2691 est,
1355 2625 1487 2683 facit
1514 2635 1693 2682 autem
1754 2628 1809 2683 in
1839 2626 2053 2685 fortitu-

454 2713 581 2768 dine
633 2728 729 2769 sua
761 2753 778 2780 ,
836 2713 1066 2771 Domino
1121 2713 1422 2774 Salvatore.
1472 2717 1720 2775 Christus
1768 2720 1913 2776 enim
1947 2720 2053 2776 vir-

456 2813 542 2860 tus
569 2813 656 2862 est
702 2814 757 2862 et
800 2804 893 2861 Dei
940 2805 1203 2877 sapientia
1230 2807 1284 2881 (I
1312 2806 1437 2865 Cor.
1485 2809 1547 2882 ι).
1578 2809 1681 2878 Qui
1727 2811 1843 2882 ipse
1881 2821 1963 2867 est
1997 2822 2052 2868 et

451 2895 736 2966 prudentia
765 2938 781 2964 ,
838 2896 894 2953 in
948 2911 1056 2968 quo
1107 2899 1354 2955 extendit
1405 2899 1623 2956 cmlum.
1677 2918 1696 2953 ι
1748 2901 1866 2972 Ipse
1905 2902 2050 2957 enim

2157 1888 2420 1950 quantum
2444 1895 2734 1951 possumus
2764 1881 2951 1938 labore
2999 1882 3263 1949 nitamur,
3292 1891 3349 1937 ut
3374 1868 3625 1938 habitata
3648 1898 3749 1939 no-

2156 1980 2266 2027 stra
2290 1988 2321 2027 a
2335 1974 2595 2044 sapientia
2612 1974 2707 2030 Dei
2728 1975 2969 2047 erigatur
2984 1993 2998 2029 :
3012 1975 3416 2047 ceciditquippe
3435 1976 3572 2031 etde
3584 1975 3751 2032 subli-

2155 2061 2230 2117 mi
2244 2064 2484 2130 eorruit;
2505 2064 2851 2120 venientibus
2866 2064 3025 2120 nobis
3042 2064 3097 2119 in
3116 2064 3294 2120 locum
3310 2065 3473 2121 istum
3497 2066 3748 2122 miseria-

2156 2171 2311 2223 rum;
2340 2155 2537 2213 cecidit
2558 2156 2802 2212 habitata
2833 2164 3044 2223 nostra,
3068 2144 3353 2226 postquam
3374 2156 3744 2226 peccavimus,

2156 2246 2341 2317 inique
2381 2245 2634 2312 fecimus,
2668 2246 2867 2319 injuste
2891 2247 3125 2319 egimus,
3155 2247 3319 2317 impie
3350 2249 3647 2319 gessimus,
3689 2257 3747 2304 et

2154 2346 2275 2410 post
2319 2338 2531 2410 ruinam
2572 2339 2774 2409 indiget
2822 2338 3115 2396 erectione.
3175 2338 3233 2398 Si
3286 2347 3470 2398 autem
3511 2354 3621 2393 non
3665 2341 3745 2395 vis

2154 2429 2256 2485 ista
2292 2428 2561 2485 sententia
2611 2428 2829 2494 adduci,
2862 2442 3205 2485 communem
3230 2428 3396 2488 totius
3417 2429 3571 2484 orbis
3601 2444 3752 2499 quae-

2155 2533 2341 2573 ramus
2364 2518 2599 2584 ruinam,
2631 2526 2693 2571 ut
2710 2525 2834 2589 post
2860 2532 3046 2572 casum
3066 2517 3147 2573 eis
3179 2526 3580 2589 musequettter
3605 2518 3742 2573 Deus

2153 2608 2371 2679 erigens
2401 2608 2744 2678 praedicetur.
2776 2606 3095 2677 Quicunque
3128 2614 3215 2662 est
3246 2607 3300 2667 in
3327 2607 3461 2663 orbe
3489 2607 3597 2663 isto
3616 2618 3742 2664 ante

2153 2698 2480 2753 erectionem
2529 2698 2748 2763 cecidit,
2785 2697 2831 2752 si
2858 2707 3042 2755 autem
3086 2697 3303 2763 cecidit,
3343 2707 3742 2769 consequenter

2151 2788 2443 2861 erigendus
2483 2787 2604 2843 fuit.
2653 2787 2822 2843 Nemo
2855 2788 3053 2859 quippe
3088 2791 3208 2847 sine
3231 2804 3358 2846 casu
3383 2790 3738 2849 sublevatur:

2153 2881 2199 2936 si
2225 2889 2404 2936 autem
2435 2890 2651 2936 erectus
2674 2890 2779 2947 est,
2808 2881 3092 2939 videamus
3128 2896 3247 2951 qua:
3297 2882 3454 2942 ruina
3504 2897 3739 2957 praeces-

451 2988 619 3055 dixit,
666 2997 721 3043 et
765 2988 907 3045 facta
940 2999 1067 3046 sunt
1094 3029 1110 3058 ,
1168 2991 1284 3063 ipse
1316 2991 1593 3048 mandavit
1616 3001 1673 3048 et
1694 2971 1877 3049 creata
1924 3001 2052 3049 sunt
2153 2971 2308 3028 εθτίίο
2360 2971 2564 3027 omnes
2600 2972 2908 3028 εοιτυίηιυε
2961 2986 3060 3042 Per
3107 2980 3390 3063 Ρθθοδωιιξ
3447 2973 3506 3031 in
3554 2974 3739 3029 οτδεω

451 3076 621 3150 (ρωι.
683 3080 868 3153 1um)
910 3099 924 3135 ε
985 3098 1006 3134 ι
1056 3061 1281 3153 [magna
1340 3084 1412 3139 ad
1466 3082 1664 3139 Filium
1717 3102 1730 3140 ε
1778 3102 1799 3136 ε
1863 3084 2051 3142 ηοω,
2083 3141 2121 3153 Α
2155 3074 2443 3130 terrarum,
2471 3073 2529 3120 et
2554 3064 2812 3120 Dominus
2831 3063 2925 3134 qui
2950 3064 3114 3136 erigit
3146 3061 3510 3137 elisos(Psal.
3536 3066 3736 3136 cxuv),

454 3185 576 3229 Inus
615 3171 913 3227 “hominem
955 3172 1025 3228 ad
1093 3173 1383 3245 imaginem
1422 3182 1478 3230 et
1512 3174 1917 3231 similitudinem
1949 3191 2043 3232 no-

2152 3156 2387 3213 elevavit
2433 3172 2539 3223 nos
2577 3157 2843 3227 jacentes.
2893 3156 2953 3211 In
2998 3156 3171 3213 Adam
3217 3171 3410 3213 omnes
3451 3161 3735 3226 morimur,

449 3261 888 3336 “rammequ
926 3284 947 3318 ,
976 3262 1176 3338 (σῆς.)
1223 3266 1360 3323 Tres
1391 3266 1789 3338 quodammodo
1817 3268 2047 3326 virtutes
2149 3258 2312 3320 atque
2338 3250 2412 3305 ita
2442 3249 2648 3305 corruit
2671 3249 2821 3305 orbis
2866 3256 3156 3315 terrarum,
3196 3257 3251 3305 et
3278 3249 3491 3320 indiget
3513 3250 3740 3307 electio-

455 3352 553 3407 Dei
593 3368 880 3410 assumens
925 3354 1217 3428 Propheta,
1249 3357 1644 3428 fortitudinem,
1697 3360 2042 3430 sapieniam,

2147 3341 2257 3407 nis,
2286 3350 2347 3396 ut
2378 3342 2433 3397 in
2485 3340 2703 3397 Christo
2732 3356 2923 3397 omnes
2955 3341 3314 3419 vivificemnr.
3355 3340 3533 3412 Igitur
3569 3343 3741 3414 dupli-

449 3449 612 3510 atque
648 3442 1013 3513 prudentiam,
1052 3446 1346 3516 unicuique
1386 3462 1576 3503 eam".
1613 3449 1830 3520 propria
1876 3464 2043 3520 ορθη
2145 3447 2265 3489 cem
2314 3431 2652 3490 intellectum
2695 3432 2763 3486 de
2810 3433 2943 3487 orbe
2982 3432 3350 3486 tradidimus:
3382 3448 3554 3487 unum
3610 3448 3740 3503 que-

447 3530 748 3599 distribuit,
801 3531 1103 3591 fortitudini
1127 3543 1349 3605 terram,
1375 3536 1655 3609 sapientiae
1699 3538 1887 3595 orbem
1936 3549 2045 3596 ter-
2145 3523 2306 3581 m°d°
2347 3522 2572 3600 Singuli“
2609 3522 2808 3584 animi”
2847 3521 3217 3578 “Humum
3241 3523 3466 3577 suum“
3483 3522 3738 3589 άθδθτων

450 3634 656 3689 ηνυω,
692 3624 1001 3694 prudentia,
1049 3627 1291 3684 ρωιυηιε
1336 3630 1462 3685 audi
1514 3631 1713 3702 quippe
1759 3632 2044 3703 scriptum
2143 3613 2375 3672 alterum
2408 3614 2680 3685 quomodo
2716 3613 3001 3675 universus
3036 3612 3188 3671 orbis
3209 3613 3418 3684 pariter
3452 3614 3732 3671 ceciderit.

444 3711 737 3769 ordinem:
768 3715 1078 3774 «Dominus
1108 3718 1202 3788 qui
1228 3716 1361 3777 fecit
1402 3727 1604 3774 terram
1643 3720 1698 3774 in
1725 3719 2043 3778 fortitudine

449 3818 546 3858 sua
589 3813 646 3858 et
678 3807 1070 3863 erexit-orbem
1096 3807 1154 3862 in
1177 3809 1444 3883 sapientia
1472 3825 1590 3877 sua,
1628 3818 1687 3866 es
1706 3811 1761 3866 in
1790 3826 1888 3868 sua
1914 3828 2040 3883 pru-

449 3895 631 3951 dentia
654 3897 897 3953 extendit
916 3899 1133 3955 coelum.
1169 3919 1188 3951 ι
1213 3900 1280 3955 Et
1300 3916 1400 3956 nos
1427 3901 1589 3973 igitur
1609 3902 1662 3957 in
1686 3909 1833 3958 terra
1857 3911 2043 3959 nostra

392 3978 411 3986 ’
450 3987 677 4061 (dictum
720 3999 805 4045 est
848 3990 1045 4062 quippe
1074 3990 1156 4048 .ad
1197 3991 1393 4060 Adam,
1422 4010 1443 4044 ‹
1474 3991 1643 4048 Terra
1683 4007 1744 4050 es
1774 3992 1822 4067 ι)
1853 4008 2040 4051 neces-

449 4079 650 4134 sariam
695 4081 957 4136 habemus
994 4081 1366 4139 fortitudinem
1398 4082 1512 4148 Dei,
1551 4084 1678 4154 quia
1720 4085 1928 4155 absque
1972 4100 2039 4142 ea

449 4169 785 4240 impossibile
804 4171 959 4227 nobis
981 4181 1065 4227 est
1079 4172 1133 4227 id
1154 4174 1399 4244 exsequi,
1417 4174 1559 4244 quod
1579 4175 1731 4229 carni
1748 4185 2035 4246 repugnat.

447 4260 583 4316 Cum
607 4270 786 4316 autem
804 4261 1123 4324 mortificata
1146 4261 1347 4318 fuerint
1366 4264 1609 4324 membra
1623 4279 1786 4335 super
1810 4273 2033 4332 terram,

447 4357 577 4406 tunc
596 4360 792 4423 parent
839 4352 1061 4422 spiritus
1090 4352 1370 4408 voluntati.
1408 4352 1693 4424 Siquidem
1709 4353 1863 4423 juxta
1884 4355 2032 4427 Apo-

447 4442 643 4500 stolum
696 4461 717 4494 ε
776 4444 969 4514 spiritu
1010 4453 1162 4515 gesta
1196 4445 1377 4502 carnis
1410 4444 1815 4506 mortificamur
1851 4446 2027 4518 (Rom.

2148 3726 2168 3760 ‹
2196 3706 2265 3762 Et
2288 3708 2341 3762 in
2361 3721 2461 3762 sua
2479 3706 2761 3777 prudentia
2783 3705 3027 3767 eXtendit
3047 3705 3246 3763 ccelum
3273 3723 3288 3759 :
3322 3724 3342 3757 ι
3374 3720 3487 3760 non
3514 3706 3734 3761 fortuito

2140 3796 2405 3868 sapientia
2437 3797 2491 3851 in
2517 3794 2642 3852 cmli
2682 3796 2999 3854 extensione
3018 3802 3295 3868 assumpta
3329 3805 3417 3851 est
3443 3810 3460 3859 ;
3493 3794 3731 3850 invenies

2139 3896 2197 3944 et
2244 3888 2299 3944 in
2346 3888 2678 3953 Proverbiis,
2715 3887 2922 3944 dictum
2963 3903 2978 3947 :
3035 3904 3055 3939 ι
3107 3886 3251 3948 Deus
3296 3886 3570 3956 sapientia
3620 3887 3729 3942 fun-

2140 3979 2288 4036 davit
2333 3988 2558 4044 terram,
2612 3977 2939 4049 praeparavit
2989 3985 3173 4039 autem
3216 3975 3387 4041 caelos
3441 3978 3728 4054 prudentia

2140 4066 2325 4141 (Prov.
2367 4068 2473 4139 tn).
2518 4087 2538 4121 ι
2597 4067 2694 4125 Est
2721 4083 2854 4140 ergo
2877 4067 3057 4139 aliqua
3093 4066 3381 4146 prudentia
3412 4066 3535 4133 Dei,
3571 4083 3725 4139 quam

2138 4159 2264 4215 nolo
2289 4168 2349 4213 ut
2367 4166 2523 4213 extra
2551 4156 2826 4213 Christum
2856 4156 3121 4228 requiras.
3164 4155 3358 4217 Omnia
3388 4157 3593 4235 quippe
3614 4172 3727 4228 qua:

2135 4251 2231 4307 Dei
2261 4258 2408 4317 sunt,
2440 4248 2690 4306 Christus
2713 4257 2816 4305 est.
2854 4249 2976 4321 ipse
3001 4248 3264 4319 sapientia
3304 4247 3445 4318 ejus,
3478 4250 3599 4321 ipse
3625 4249 3727 4306 for-

2136 4342 2328 4408 titudo,
2357 4343 2471 4412 ipse
2493 4339 2729 4412 justitia,
2760 4341 2878 4413 ipse
2897 4341 3157 4397 sanctitas
3179 4348 3233 4396 et
3258 4340 3586 4415 redemptio,
3617 4342 3727 4412 ipse

2137 4442 2200 4489 ut
2245 4435 2313 4491 ad
2341 4448 2579 4505 praesens
2622 4433 2860 4500 veniam,
2908 4420 3074 4491 etiam
3103 4432 3408 4504 prudentia.
3458 4433 3569 4490 Sed
3604 4448 3723 4490 cum

447 4530 595 4601 vin).
617 4550 637 4584 ι
670 4550 689 4583 ‹
725 4496 983 4589 Dominus
1001 4496 1132 4606 Ergo
1154 4535 1247 4606 qui
1272 4534 1399 4590 fecit
1422 4543 1618 4591 terram
1634 4537 1688 4592 iu
1712 4496 2030 4595 fortitudine

2146 4540 2300 4580 unum
2328 4496 2399 4581 sit
2421 4525 2477 4581 in
2501 4524 2819 4594 subjacenti,
2841 4496 2940 4595 pro
2963 4496 3225 4585 varietate
3253 4538 3518 4582 sensuum
3547 4525 3723 4580 diver-

449 4634 567 4676 sua.
600 4639 620 4673 ι
653 4621 710 4677 Si
741 4630 921 4679 autem
959 4632 1016 4678 et
1038 4627 1106 4680 ad
1134 4627 1275 4681 hanc
1308 4636 1509 4682 terram
1541 4628 1751 4694 venias,
1773 4637 1829 4687 et
1851 4630 2030 4686 oonsi-

446 4714 606 4770 deres
632 4715 686 4769 id
725 4717 867 4785 quod
889 4717 943 4771 in
973 4718 1076 4773 Job
1098 4720 1359 4791 scriptum
1388 4726 1474 4775 est
1505 4719 1649 4791 (Job.
1676 4728 1846 4794 xxvi),
1868 4722 2028 4794 juxta

444 4807 887 4863 emendatissima
923 4817 1106 4867 tamen
1147 4810 1499 4882 exemplaria,
1531 4814 1801 4883 quomodo
1823 4822 2029 4872 statue-

442 4895 518 4952 rit
546 4911 664 4952 eam
697 4912 861 4969 super
903 4899 1426 4966 nihilum,invenies
1452 4902 1821 4961 fortitudinem
1853 4904 1950 4962 Dei
1968 4907 2027 4968 in

443 4986 732 5046 medietate
777 4990 963 5048 mundi
1016 4999 1177 5046 terra:
1227 4991 1422 5051 libram
1459 4992 1746 5048 sustinere.
1800 4994 2025 5051 Veniam

442 5093 574 5135 vero
593 5089 650 5135 et
670 5081 739 5136 ad
762 5081 951 5138 orbem
976 5092 1243 5139 terrarum
1265 5083 1359 5155 qui
1396 5098 1572 5156 graece
1596 5088 1858 5158 οἰκουμένη
1885 5102 2027 5142 nun-

443 5179 694 5240 cupatur,
721 5172 774 5226 id
792 5182 895 5240 est,
920 5173 1240 5231 inhabitata.
1268 5173 1395 5231 Scio
1415 5175 1652 5234 animam
1673 5190 1851 5233 meam
1875 5176 2028 5235 inha-

443 5260 692 5328 bilatam,
714 5266 836 5322 scio
867 5267 1104 5327 animum
1126 5267 1419 5327 desertam.
1461 5267 1521 5325 Si
1544 5268 1694 5323 .enim
1712 5285 1826 5327 non
1866 5269 2029 5327 habet

445 5354 615 5411 Deum
647 5357 889 5426 Patrem,
913 5361 959 5416 si
991 5375 1099 5416 non
1121 5361 1285 5416 habet
1311 5360 1507 5417 Filium
1526 5361 1795 5419 dicentem
1821 5375 1836 5414 :
1863 5379 1883 5415 ί
1912 5361 2026 5433 Ego

442 5452 497 5499 et
516 5444 677 5506 Pater
699 5463 852 5505 meus
874 5450 1150 5510 veniemus
1178 5453 1246 5506 ad
1269 5466 1413 5517 cum,
1446 5459 1502 5506 et
1520 5451 1858 5515 mansionem
1886 5452 2028 5521 apud

442 5549 568 5590 eum
614 5539 878 5597 faciemus
912 5541 1094 5613 (loau.
1119 5543 1195 5614 tv)
1224 5560 1238 5608 ;
1275 5562 1294 5595 ι
1326 5544 1373 5598 si
1402 5558 1509 5598 non
1556 5543 1720 5601 habet
1756 5540 2023 5612 Spiritum

442 5637 715 5696 sanetum,
756 5634 938 5687 anima
994 5633 1209 5690 deserta
1243 5642 1327 5690 est
1377 5653 1389 5688 :
1424 5633 1668 5695 habitata
1720 5644 1904 5695 autem
1941 5640 2028 5692 est

445 5718 659 5787 quando
678 5702 830 5787 pinna
844 5730 928 5777 est
950 5723 1082 5788 Deo,
1108 5725 1324 5798 quando
1343 5724 1508 5784 habet
1528 5724 1804 5785 Christum
1826 5733 1881 5783 et
1903 5722 2025 5791 Soi-

2132 4616 2210 4674 sis
2234 4617 2511 4674 vocabulis
2535 4624 2897 4687 nuncupatur.
2937 4615 3098 4676 Aliud
3126 4615 3398 4687 signiﬁcat
3435 4618 3718 4688 sapientia,

2132 4703 2279 4761 aliud
2296 4704 2509 4776 justitia
2535 4721 2548 4758 :
2581 4705 2796 4774 quando
2823 4703 2971 4759 enim
3006 4703 3271 4778 sapientia
3296 4702 3526 4770 dicitur,
3566 4706 3723 4760 disci-

2128 4796 2293 4867 plinis
2318 4806 2371 4853 te
2398 4796 2706 4851 divinarum
2736 4794 3207 4866 humanarumque
3227 4810 3413 4857 rerum
3442 4797 3719 4859 instituit:

2133 4888 2347 4958 quando
2359 4884 2587 4957 justitia,
2606 4886 2927 4948 distributor
2950 4893 3006 4943 et
3023 4886 3192 4957 judex
3215 4887 3542 4953 meritorum
3568 4888 3725 4961 signi-

2134 4979 2359 5047 ﬁcatur;
2387 4980 2603 5051 quando
2619 4979 2902 5045 sanctitas,
2924 4978 3015 5034 illa
3037 4978 3211 5035 virtus
3232 4978 3586 5047 describitur,
3608 4994 3723 5057 qua

2134 5071 2418 5129 credentes
2451 5071 2560 5126 Deo
2600 5068 2763 5129 edicit
2794 5078 3033 5134 sanctos.
3064 5108 3070 5115 .
3096 5069 3177 5135 Ita
3204 5084 3336 5141 ergo
3362 5069 3457 5126 hic
3487 5070 3722 5141 pruden-

2134 5161 2266 5216 tiam
2293 5158 2413 5230 ejus
2443 5160 2683 5232 intellige
2712 5175 2837 5221 eum
2864 5160 3111 5222 doctrina
3140 5168 3226 5217 est
3248 5167 3303 5215 et
3326 5159 3721 5224 demonstratio

2132 5253 2397 5309 bonarum
2417 5259 2515 5307 aut
2532 5251 2799 5313 malarum
2827 5264 3029 5315 rerum,
3053 5250 3168 5306 sive
3197 5258 3539 5317 neutrarum,
3564 5264 3721 5330 atque

2134 5342 2188 5400 in
2234 5343 2377 5398 hunc
2411 5343 2629 5399 modum
2655 5340 2965 5403 extendisse
2993 5354 3137 5396 nunc
3177 5340 3377 5400 dicitur
3414 5340 3618 5403 eretum
3666 5341 3718 5395 in

2127 5431 2413 5504 prudentia
2446 5444 2564 5487 sua.
2614 5428 2896 5501 Quomodo
2928 5436 3110 5493 autem
3153 5428 3483 5485 extendatur
3524 5429 3719 5493 omium

2127 5523 2450 5581 extendente
2475 5535 2598 5578 eum
2626 5520 2937 5593 prudentia,
2959 5520 3106 5576 audi.
3141 5537 3162 5571 ι
3198 5518 3470 5587 Quoniam
3498 5518 3717 5576 extendi

2125 5614 2291 5669 verba
2314 5622 2370 5668 et
2394 5628 2499 5669 non
2523 5611 2821 5676 attendisti.
2849 5611 3100 5673 iAsserit
3126 5612 3326 5684 quippe
3338 5619 3713 5667 extensionem

2127 5703 2416 5774 quamdam
2453 5717 2578 5760 esse
2613 5703 2926 5783 verborum,
2957 5700 3207 5764 similiter
3252 5709 3315 5764 ut
3342 5716 3489 5765 nunc
3517 5700 3709 5763 dicitur
