4022 6186
334 406 441 469 881

1277 398 1640 464 EXPOSITIO
1678 395 1903 460 SUPER
1941 397 2306 457 JEIiEMIAM.
2347 433 2415 442 —
2455 403 2581 457 LIB.
2631 403 2690 456 ν.

3510 399 3617 454 8εὲ

333 526 479 590 caeli,
505 530 660 594 Juxta
692 520 822 575 illud
864 528 1077 590 quoque
1107 519 1249 588 quod
1279 519 1334 574 in
1365 519 1470 573 alio
1517 519 1635 573 loco
1662 518 1922 587 scriptum
1951 519 2000 577 A
2029 514 2178 572 ribus
2243 513 2484 585 percipe,
2542 521 2708 580 terra,
2770 513 2896 584 quia
2959 512 3219 568 Dominus
3266 512 3477 567 locutus
3538 519 3622 567 est

335 625 458 672 est:
495 633 515 666 «
549 613 651 680 Qui
687 612 931 667 extendit
958 611 1157 665 caelum
1196 618 1255 664 ut
1291 610 1484 680 pellem
1515 608 1687 684 (Psal.
1720 607 1862 679 cm).
1903 627 1921 660 ι

337 705 662 760 Extenditur
690 710 871 757 autem
912 709 967 755 et
991 700 1173 754 anima
1205 709 1389 755 nostra
1421 716 1540 770 qua:
1569 700 1720 770 prius
1754 699 1930 752 fuerat

337 803 643 859 contracta,
668 801 728 846 ut
749 792 919 862 possit
938 807 1110 862 capax
1139 805 1258 846 esse
1289 791 1564 860 sapientia:
1584 790 1696 845 Dei.
1731 790 1929 845 Verum

339 899 402 943 ut
430 887 497 941 ad
536 884 872 957 pr0positum
907 892 1265 948 revertamus,
1302 883 1535 938 diximus
1579 883 1646 937 de
1687 897 1756 937 eo
1788 881 1933 952 quod

339 975 626 1049 prudentia
655 975 772 1046 ejus
805 973 1001 1029 caelum
1043 972 1244 1028 factum
1287 973 1379 1039 sit,
1411 981 1468 1027 et
1505 985 1648 1027 nunc
1692 971 1932 1026 afﬁrma-

341 1084 464 1124 mus
492 1080 587 1122 eos
615 1067 705 1136 qui
737 1064 1012 1120 caelestem
1046 1064 1318 1118 hominem
1347 1071 1568 1134 portant
1595 1077 1716 1118 esse
1743 1062 1930 1119 caelos.

342 1159 402 1216 Si
425 1159 568 1215 enim
625 1156 692 1212 ad
743 1165 1058 1227 peccatores
1103 1154 1337 1210 dicitur:
1374 1172 1392 1206 ι
1429 1154 1598 1208 Terra
1653 1169 1712 1209 es
1768 1161 1823 1208 et
1879 1153 1934 1208 in

342 1257 544 1304 terram
567 1247 668 1302 ibis
691 1244 843 1318 (Gen.
878 1243 986 1315 ιιι),
1019 1263 1036 1296 ι
1067 1258 1236 1312 quare
1263 1257 1369 1298 non
1399 1243 1686 1298 dicaturad
1705 1243 1932 1312 justum,

341 1339 498 1409 cujus
539 1344 621 1393 est
670 1350 896 1405 regnum
938 1333 1201 1390 caelorum
1240 1351 1253 1387 :
1297 1333 1503 1389 Caelum
1531 1347 1594 1387 es
1629 1340 1683 1387 et
1724 1333 1776 1386 in
1823 1344 1936 1386 cce-

342 1430 454 1484 Ium
486 1429 628 1485 ibis?
655 1428 761 1480 Aut
785 1428 830 1482 si
858 1433 1083 1497 propter
1104 1424 1352 1480 choicum
1384 1423 1587 1478 dicitur
1616 1422 1666 1478 ei
1695 1422 1786 1492 qui
1813 1436 1937 1492 por-

343 1530 426 1576 tat
446 1521 736 1592 imaginem
768 1519 967 1585 cboici,
996 1536 1014 1570 ι
1043 1517 1213 1572 Terra
1239 1532 1300 1572 es
1324 1525 1379 1572 et
1409 1515 1463 1570 in
1498 1524 1698 1569 terram
1729 1514 1832 1569 ibis
1860 1531 1872 1565 :
1912 1533 1930 1566 ι

343 1629 445 1669 cur
469 1621 690 1682 propter
713 1610 990 1665 cmlestem
1026 1608 1074 1663 ei
1115 1607 1207 1676 qui
1240 1605 1526 1677 imaginem
1549 1603 1787 1660 caelestis
1809 1619 1937 1673 por-

346 1711 448 1768 tat,
466 1719 572 1758 non
591 1702 874 1758 conveniat
899 1700 1002 1756 diei
1023 1717 1037 1752 :
1061 1697 1272 1754 Cretum
1302 1704 1460 1763 es,et
1491 1695 1544 1750 in
1569 1695 1766 1751 caelum
1791 1692 1940 1748 ibis?

349 1795 731 1865 Unusquisque
769 1803 949 1848 autem
982 1799 1226 1847 nostrum
1254 1798 1348 1844 aut
1384 1789 1627 1845 cmlestia
1663 1787 1804 1842 facta
1837 1788 1934 1841 ha-

346 1885 478 1940 beat
518 1859 610 1938 au't
643 1859 882 1940 terrena.
926 1879 984 1938 Si
1037 1891 1252 1937 terrena
1281 1881 1424 1936 facta
1453 1889 1598 1945 sunt,
1627 1880 1695 1934 ad
1745 1895 1946 1950 cog-na-
1973 1859 2021 1918 Β

351 1985 462 2030 tam
494 1977 598 2030 sibi
647 1984 847 2030 terram
886 1974 1159 2028 deducunt
1185 1987 1329 2038 eum,
1369 1973 1460 2042 qui
1491 1971 1829 2027 thesaurizat
1879 1985 1944 2024 ea

347 2070 408 2125 in
431 2077 578 2125 terra
604 2079 666 2123 et
695 2082 801 2121 non
831 2067 884 2120 in
914 2066 1072 2122 caelo.
1105 2066 1451 2135 Rursumque
1488 2067 1604 2121 haec
1647 2080 1768 2134 quae
1789 2061 1947 2132 juxta

346 2164 606 2218 virtutem
637 2175 789 2234 gesta
819 2169 967 2226 sunt,
1000 2161 1484 2216 thesaurizatorem
1529 2173 1685 2215 suum
1720 2159 1788 2214 ad
1825 2173 1949 2228 pro-

345 2254 583 2325 pinquas
609 2253 712 2307 sibi
741 2251 1002 2307 caelorum
1032 2252 1281 2322 regiones
1314 2251 1641 2307 subvehunt.
1673 2248 1948 2322 (Hier-on.)

356 2364 376 2397 ι
436 2345 520 2400 Ad
563 2359 752 2399 vocem
801 2356 959 2398 suam
1008 2342 1103 2398 dat
1145 2342 1542 2398 multitudinem
1587 2357 1850 2411 aquarum
1893 2341 1950 2394 in

352 2433 516 2491 ctelo.
555 2452 574 2486 ι
600 2431 797 2489 Omnis
831 2432 978 2488 enim
1005 2431 1255 2487 doctrina
1291 2433 1505 2487 Domini
1533 2432 1599 2486 de
1636 2431 1951 2486 coelestibus

352 2525 490 2589 ﬂuit,
522 2526 732 2580 dicente
756 2523 962 2578 David:
998 2543 1017 2574 ι
1043 2524 1290 2580 Pluviam
1319 2523 1678 2579 voluntariam
1701 2538 1954 2594 segrega-

353 2617 460 2682 bis,
483 2615 962 2681 Deus,haereditati
992 2624 1096 2670 tua:
1113 2623 1170 2670 et
1196 2616 1464 2670 infirmata
1488 2624 1592 2680 est,
1609 2623 1666 2670 tu
1681 2629 1813 2670 vero
1834 2629 1957 2685 per-

355 2703 533 2764 fecisti
568 2722 688 2762 eam
716 2725 728 2760 :
763 2726 782 2758 ι
820 2705 892 2761 Ει
918 2706 1094 2762 elevat
1119 2705 1255 2779 (sive
1275 2707 1476 2779 educit)
1507 2706 1732 2762 nebulas
1759 2707 1828 2761 ab
1855 2721 1952 2762 ex-

356 2804 551 2860 tremis
571 2809 736 2857 terrae
765 2799 939 2872 (Psal.
969 2802 1160 2869 van).
1195 2820 1213 2852 ι
1249 2799 1467 2855 Nebulae
1491 2801 1606 2855 sive
1633 2799 1804 2855 nubes
1829 2799 1954 2868 qui-

356 2895 462 2952 bus
503 2893 779 2948 mandavit
818 2892 1078 2947 Dominus
1107 2908 1176 2946 ne
1200 2890 1448 2961 pluerent
1479 2905 1642 2960 super
1671 2889 1836 2945 Israel
1858 2890 1956 2944 im-

358 2988 534 3050 brem,
574 2985 879 3040 educuntur
909 2984 978 3038 ab
1018 2983 1452 3039 extremitatibus
1486 2993 1684 3048 terrae;
1725 2997 1956 3053 quarum

361 3092 471 3130 una
498 3074 692 3130 nebula
719 3072 1040 3142 loquebatur
1070 3091 1082 3128 :
1119 3091 1138 3124 ι
1180 3073 1317 3128 Ριιιο
1347 3073 1494 3129 enim
1526 3087 1622 3128 nos
1662 3073 1807 3128 Deus
1829 3088 1958 3143 apo-

361 3166 533 3222 stolos
563 3165 797 3220 ostendit
812 3165 1135 3221 novissimos
1160 3173 1416 3236 tanquam
1449 3166 1610 3220 morti
1639 3166 1956 3230 destinates,

362 3256 491 3324 quia
520 3254 886 3326 spectaculum
927 3254 1055 3310 facti
1094 3271 1280 3312 sumus
1315 3255 1442 3311 huic
1469 3255 1690 3321 mundo,
1714 3263 1770 3311 et
1799 3269 1960 3326 ange-

364 3347 434 3402 lis
472 3355 528 3401 et
554 3346 869 3401 hominibus
899 3345 946 3418 (ι
976 3345 1099 3402 Cor.
1139 3346 1235 3419 IV).
1278 3367 1296 3398 ι
1327 3344 1552 3419 (θήρ.)
1602 3346 1815 3400 Etenim
1859 3347 1963 3401 hoc

365 3435 509 3508 quod
536 3437 796 3506 scriptum
827 3445 946 3492 est:
984 3455 1003 3489 ι
1037 3437 1237 3492 veritas
1275 3445 1369 3492 tua
1398 3452 1570 3507 usque
1606 3438 1678 3504 ad
1728 3436 1955 3492 nubes»

366 3545 475 3584 non
505 3536 682 3598 potest
719 3528 910 3583 referri
966 3530 1036 3585 ad
1071 3529 1389 3584 inanimales
1416 3530 1611 3595 nubes,
1639 3530 1734 3584 sed
1755 3529 1964 3584 veritas

361 3617 467 3676 Dei
493 3633 668 3690 usque
689 3621 756 3675 ad
779 3621 898 3676 illas
927 3623 1100 3678 nubes
1123 3629 1226 3688 est,
1240 3637 1359 3691 quae
1379 3621 1610 3676 audiunt
1647 3620 1960 3676 mandatum

369 3709 608 3773 Domini,
641 3719 695 3764 et
722 3720 989 3765 noverunt
1020 3727 1127 3782 quo
1161 3712 1369 3783 pluvias
1409 3713 1656 3769 deferant
1678 3721 1737 3768 et
1775 3729 1807 3767 a
1847 3714 1966 3784 qui-

368 3800 471 3856 bus
507 3815 603 3854 eas
643 3801 989 3868 suspendant.
1044 3802 1121 3858 De
1161 3803 1247 3859 his
1296 3804 1530 3859 nubibus
1583 3803 1786 3859 dictum
1833 3812 1958 3862 est:

376 3907 396 3941 ι
430 3889 497 3943 Et
543 3888 809 3945 mandabo
857 3892 1091 3947 nubibus
1129 3893 1263 3949 meis
1288 3908 1359 3948 ne
1403 3894 1594 3964 pluant
1641 3907 1804 3964 super
1841 3910 1960 3950 eam

370 3981 600 4040 imbrem
655 3981 836 4054 (Isai.
889 3981 990 4054 v).
1039 4003 1060 4036 ι
1117 3983 1194 4038 De
1230 3984 1317 4039 his
1369 3984 1514 4038 enim
1561 3997 1682 4053 qua:
1717 3999 1784 4039 ex
1833 3984 1964 4040 den-

370 4084 490 4130 sato
524 4092 650 4132 aere
693 4082 944 4132 constare
985 4074 1263 4140 dicuntur,
1299 4073 1344 4129 si
1391 4089 1500 4128 non
1545 4073 1710 4128 fuerit
1759 4073 1960 4144 pluvia,

370 4183 479 4223 non
526 4168 784 4238 pra-cepit
808 4166 955 4221 Deus
1001 4180 1070 4220 ne
1114 4165 1299 4235 pluant
1345 4179 1509 4235 super
1573 4165 1818 4232 vineam,
1870 4173 1966 4221 aut

370 4273 759 4329 quamcunque
781 4259 1055 4328 regionem
1080 4256 1330 4322 imbrem,
1362 4257 1456 4312 sed
1477 4258 1700 4314 omnino
1725 4272 1834 4313 non
1864 4272 1962 4328 ap-

368 4359 583 4421 parent,
607 4359 664 4404 ut
684 4350 746 4405 in
773 4350 934 4404 tertio
957 4349 1270 4421 Regnorum
1287 4350 1433 4406 libro
1463 4350 1719 4422 legimus:
1749 4350 1964 4420 quando

371 4441 426 4496 in
454 4450 698 4511 tempore
748 4440 1011 4494 siccitatis
1039 4441 1210 4495 nubes
1245 4441 1389 4496 nulla
1421 4441 1688 4511 apparuit,
1729 4449 1788 4496 et
1806 4450 1964 4511 .post-

2038 607 2172 679 (Isa.
2221 606 2284 678 ι).
2326 625 2345 659 ι
2389 605 2457 660 Ει
2491 604 2618 674 quia
2663 605 2778 674 ipse
2803 605 2974 659 nubes
3001 609 3141 668 erat,
3173 611 3228 656 et
3259 603 3463 657 sciebat
3489 602 3624 658 alias

2037 698 2209 753 nubes
2232 697 2726 768 conpropbet'antes
2763 695 2886 760 sibi,
2913 694 3033 750 ideo
3057 693 3361 748 vaticinans
3398 693 3578 748 aiebat
3605 706 3622 747 :

2044 808 2064 842 ι
2101 788 2366 844 Mandabo
2380 788 2612 842 nubibus
2632 802 2700 841 ne
2712 786 2896 857 pluant
2920 800 3082 856 super
3098 792 3299 839 terram
3316 784 3567 839 imbrem.
3599 801 3621 837 ι

2042 877 2098 934 Si
2147 886 2327 933 autem
2376 876 2490 946 jam
2525 877 2755 932 dicimus
2803 876 2895 946 qui
2937 875 3046 930 sint
3091 875 3261 930 nubes
3288 913 3303 940 ,
3349 873 3628 929 videamus

2041 971 2312 1043 quomodo
2338 971 2480 1025 Deus
2503 969 2696 1024 educat
2723 969 2896 1023 nubes
2928 968 2996 1022 ab
3028 975 3272 1022 extremo
3302 976 3478 1021 terrae.
3541 966 3631 1020 Ait

2044 1063 2327 1120 Salvator:
2364 1080 2382 1112 ι
2420 1060 2523 1128 Qui
2573 1059 2684 1114 vult
2714 1060 2767 1114 in
2798 1059 2950 1115 vobis
2982 1073 3103 1114 esse
3133 1059 3358 1128 primus,
3409 1057 3482 1112 sit
3508 1073 3629 1112 om-

2042 1155 2193 1211 nium
2219 1154 2544 1210 novissimus
2573 1151 2767 1225 (Marc.
2808 1149 2906 1223 rx).
2943 1170 2965 1203 ›
3000 1149 3252 1206 Servavit
3280 1151 3381 1204 hoc
3403 1149 3630 1203 manda-

2047 1255 2160 1300 tum
2190 1244 2406 1308 Paulus,
2425 1252 2480 1299 et
2493 1242 2594 1298 fuit
2613 1242 2936 1297 novissimus
2959 1240 3012 1294 in
3035 1240 3139 1294 hoc
3162 1239 3378 1304 mundo,
3406 1238 3628 1292 dicens:

2050 1356 2070 1388 ι
2103 1336 2240 1391 Ριιιο
2259 1337 2402 1390 enim
2434 1351 2532 1390 nos
2557 1335 2698 1389 Deus
2719 1331 2990 1402 apostolos
3017 1329 3341 1385 novissimos
3369 1329 3634 1395 ostendit,

2045 1427 2201 1497 quasi
2231 1424 2617 1481 mortificatos:
2647 1424 2774 1493 quia
2795 1419 3158 1492 spectaculum
3186 1435 3374 1497 sumus
3401 1420 3453 1472 in
3479 1435 3635 1472 mun-

2047 1495 2116 1576 do
2155 1529 2212 1575 et
2250 1518 2455 1590 angelis
2491 1526 2547 1572 et
2591 1516 2899 1571 hominibus
2927 1513 2978 1585 (I
3030 1512 3152 1568 Cor.
3204 1495 3310 1584 1v):
3328 1531 3345 1563 ι
3403 1510 3460 1565 Si
3513 1511 3635 1579 quis

2047 1625 2177 1683 ergo
2193 1618 2412 1667 sanctus
2438 1606 2750 1664 custodiens
2775 1614 3098 1676 prmeeptum
3123 1602 3444 1667 Salvatoris,
3463 1602 3638 1656 factus

2048 1703 2215 1759 fuerit
2242 1703 2296 1756 in
2333 1703 2435 1756 hac
2467 1701 2574 1754 vita
2616 1698 2965 1762 novissimus,
2998 1696 3099 1752 iste
3121 1695 3191 1750 sit
3214 1694 3405 1759 nubes,
3428 1701 3484 1748 et
3501 1693 3634 1746 edu-

2051 1794 2127 1851 cit
2152 1793 2292 1849 Deus
2321 1793 2492 1848 nubes
2516 1806 2624 1845 non
2650 1805 2681 1844 ι
2711 1788 2899 1860 primis
2920 1797 3100 1852 terrae,
3127 1801 3233 1841 non
3250 1801 3278 1839 a
3307 1785 3637 1849 consulibus,

2049 1902 2157 1942 non
2182 1901 2219 1940 ιι
2241 1885 2487 1950 ducibus,
2519 1899 2627 1937 non
2653 1898 2694 1936 a-
2716 1881 2969 1936 divitibus
2995 1896 3010 1934 :
3038 1899 3059 1932 ι
3095 1879 3244 1934 Beati
3274 1879 3417 1933 enim
3445 1894 3641 1948 paupe-

2051 1994 2159 2044 res,
2193 1977 2447 2048 quoniam
2477 1985 2715 2030 vestrum
2743 1983 2827 2029 est
2859 1986 3088 2043 regnum
3129 1970 3387 2026 caelorum
3420 1969 3636 2041 (Matth.

2051 2071 2129 2143 v).
2165 2091 2184 2123 ι
2233 2069 2398 2125 Vides
2439 2067 2710 2139 quomodo
2746 2067 2815 2122 ab
2852 2065 3112 2122 extremis
3138 2065 3334 2119 educat
3370 2063 3535 2127 Deus,
3587 2071 3643 2115 et

2050 2169 2302 2232 corporet
2331 2159 2588 2216 nebulas?
2611 2159 2900 2226 Propterea
2931 2156 2978 2212 si
2999 2154 3246 2210 volumus
3283 2153 3453 2208 nubes
3500 2151 3638 2217 ﬁeri,

2051 2255 2122 2310 ad
2151 2268 2286 2324 quas
2309 2251 2591 2324 perveniat
2614 2251 2818 2305 veritas
2841 2247 2956 2314 Dei,
2979 2246 3257 2304 novissimi
3285 2247 3524 2300 omnium
3554 2244 3644 2298 tia-

2052 2359 2194 2408 mus,
2218 2352 2275 2400 et
2297 2351 2403 2398 tam
2425 2340 2618 2397 affectu
2638 2355 2804 2410 quam
2830 2339 2993 2396 etiam
3011 2352 3112 2394 ore
3142 2339 3418 2394 dicamus:
3455 2354 3473 2386 ι
3506 2335 3640 2389 Puto

2053 2437 2196 2490 enim
2223 2449 2322 2491 nos
2344 2436 2486 2490 Deus
2511 2433 2785 2504 apostolos
2811 2431 3134 2488 novissimos
3157 2429 3411 2486 ostendit.
3445 2447 3462 2479 ι
3490 2427 3642 2494 Quod

2054 2527 2100 2581 si
2135 2541 2242 2581 non
2292 2525 2392 2580 sim
2427 2523 2721 2593 apostolus,
2767 2521 2895 2578 licet
2940 2531 3117 2576 tamen
3161 2519 3294 2574 mihi
3325 2519 3439 2574 fieri
3464 2527 3644 2572 extre—

2055 2633 2224 2683 mum,
2265 2625 2325 2672 ut
2344 2619 2582 2673 educens
2608 2617 2780 2671 nubes
2810 2614 2952 2669 Deus
2975 2614 3043 2668 ab
3064 2619 3310 2667 extremo
3335 2618 3493 2665 terra:
3515 2609 3644 2663 edu-

2057 2717 2146 2765 cat
2167 2724 2272 2764 me.
2291 2726 2315 2759 4
2339 2709 2407 2762 Ει
2441 2707 2646 2779 fulgura
2669 2707 2724 2761 in
2745 2705 2980 2777 pluviam
3004 2703 3194 2760 fecit.»
3221 2702 3354 2759 Cum
3373 2702 3515 2756 enim
3545 2701 3647 2755 im-

2055 2799 2156 2856 ber
2168 2800 2235 2856 de
2247 2799 2386 2854 cmlo
2413 2799 2624 2854 venerit
2639 2798 3027 2861 doctrinarum,
3057 2804 3114 2852 et
3137 2795 3344 2850 arentia
3366 2794 3645 2849 hominum

2057 2889 2222 2948 corda
2261 2890 2492 2954 satiarit,
2524 2899 2650 2944 tunc
2688 2889 3092 2944 coruscationes
3125 2887 3384 2946 invenies,
3421 2895 3474 2940 ct
3502 2885 3646 2939 clara

2057 2983 2268 3054 fulgura
2298 2980 2595 3052 sapientiae.
2635 2980 2806 3035 Aiunt
2831 2977 3157 3035 naturalium
3183 2992 3469 3032 causarum
3493 2992 3650 3032 scru-

2060 3083 2283 3140 tatores,
2317 3075 2448 3144 quia
2475 3073 2687 3145 fulgura
2715 3089 2783 3129 ex
2815 3074 3040 3130 nubium
3079 3072 3358 3128 collisione
3386 3086 3649 3161 generen-

1987 3204 2030 3267 Ο
2060 3176 2153 3222 tur
2171 3168 2226 3221 in
2254 3181 2466 3222 morem
2496 3166 2709 3222 silicum
2740 3165 3052 3231 duriorum,
3082 3179 3220 3235 quos
3249 3180 3378 3220 cum
3407 3164 3646 3233 complo-

2062 3257 2200 3314 seris
2221 3258 2344 3324 sibi,
2369 3257 2578 3314 medius
2605 3272 2672 3314 ex
2700 3258 2788 3313 his
2807 3257 2944 3328 ignis
2970 3255 3224 3322 elabitur,
3248 3265 3410 3326 atque
3426 3256 3499 3310 ita
3526 3271 3650 3311 cum

2059 3351 2269 3423 fulgore
2289 3351 2492 3420 pariter
2511 3359 2568 3406 et
2589 3351 2825 3406 tonitrua
2851 3351 3083 3421 mugire,
3109 3351 3311 3405 tonitru
3337 3349 3546 3405 scilicet
3565 3363 3653 3406 so-

2063 3444 2233 3498 nitum
2259 3443 2532 3498 indicante
2568 3458 2866 3498 concursus
2901 3451 2957 3497 et
2991 3441 3201 3514 fulgore
3233 3442 3446 3497 excussi
3489 3441 3650 3496 Iumi-

2063 3532 2148 3586 nis
2177 3531 2505 3586 claritatem.
2563 3530 2618 3584 Si
2661 3530 2974 3586 intellexisti
3015 3529 3342 3600 exemplum,
3368 3530 3652 3587 considera

2059 3637 2208 3678 nunc
2237 3623 2406 3678 nubes
2423 3621 2733 3677 rationales.
2766 3621 2975 3694 Moyses
2999 3623 3170 3679 nubes
3194 3633 3333 3689 erat,
3360 3623 3486 3680 Iesu
3515 3639 3652 3679 nave

2059 3713 2235 3769 nubes
2263 3721 2400 3768 erat.
2436 3712 2528 3767 Isti
2558 3712 2602 3766 si
2629 3727 2811 3767 secum
2836 3713 3246 3782 colloquantur,
3288 3730 3354 3770 ex
3385 3717 3650 3771 sermoni-

2064 3805 2165 3861 bus
2187 3820 2375 3860 eorum
2402 3803 2616 3874 fulgura
2646 3805 2865 3859 micant.
2895 3804 3166 3862 Jeremias
3209 3815 3265 3860 et
3313 3807 3526 3862 Baruch
3555 3825 3653 3862 nu-

2063 3896 2160 3951 bes
2196 3904 2376 3960 erant,
2415 3894 2851 3949 sermocinemur
2895 3894 3151 3960 invicem,
3177 3903 3242 3950 et
3265 3896 3474 3952 videbis
3518 3899 3651 3952 ruti-

2065 3986 2178 4042 lare
2204 3985 2440 4056 fulgura.
2486 3985 2646 4041 Potes
2687 3995 2743 4041 et
2781 3995 2838 4042 tu
2869 3987 2983 4056 ipse
3017 3988 3083 4044 de
3104 3987 3410 4058 Scripturis
3447 3991 3650 4044 sanctis

2059 4076 2119 4130 in
2141 4078 2285 4132 hunc
2312 4076 2529 4132 modum
2555 4076 2777 4130 nubium
2805 4077 3046 4132 invenire
3074 4091 3390 4144 concursus,
3427 4094 3492 4133 ex
3533 4079 3626 4148 qui

2064 4169 2165 4224 bus
2191 4168 2340 4238 ignes
2361 4168 2696 4223 emittantur.
2721 4167 2808 4224 LUt
2836 4177 3018 4224 autem
3048 4180 3104 4224 et
3125 4169 3200 4224 ad
3229 4168 3436 4224 Novum
3463 4169 3652 4226 Testa-

2064 4269 2307 4315 mentum
2350 4259 2630 4314 veniamus
2659 4278 2671 4314 :
2698 4260 2897 4316 Paulus
2939 4269 2997 4316 et
3037 4259 3291 4318 Silvanus
3332 4263 3452 4317 dum
3480 4264 3652 4319 nubes

2066 4351 2122 4406 in
2170 4367 2333 4406 unum
2387 4361 2774 4407 convenerunt.
2823 4353 2964 4408 Ecce
3016 4361 3186 4407 totum
3231 4355 3488 4409 mundum
3529 4357 3653 4426 Epi-

2066 4441 2217 4497 stola:
2241 4456 2430 4496 eorum
2461 4440 2636 4511 fulgor
2682 4441 2974 4498 illuminat.
3013 4442 3275 4515 «Fulgura
3316 4445 3370 4499 in
3414 4445 3652 4516 pluviam

370 4549 434 4588 ea
471 4533 628 4626 juxta
654 4534 992 4604 prophetiam
1034 4534 1164 4596 Elia:
1192 4532 1387 4590 futurae
1423 4535 1617 4605 pluvia:
1652 4535 1865 4605 signum
1908 4535 1962 4589 in
1988 4567 2040 4626 D
2068 4532 2214 4599 fecit,
2278 4540 2333 4587 et
2381 4533 2569 4587 eduxit
2621 4545 2812 4590 ventos
2861 4535 2928 4591 de
2965 4537 3242 4593 thesauris
3302 4538 3414 4594 suis
3474 4537 3648 4609 (Ps-al.

369 4625 598 4695 vestigio
621 4626 856 4682 hominis
872 4635 1153 4681 ostensum
1180 4633 1288 4692 est,
1311 4636 1475 4697 atque
1499 4627 1574 4682 ita
1606 4636 1730 4696 post
1759 4628 1959 4682 nubem

370 4717 741 4788 conglobatam
755 4717 928 4772 imber
938 4717 1281 4773 descenditin
1307 4727 1506 4773 terras:
1525 4718 1644 4774 istis
1665 4733 1793 4774 vero
1805 4717 1960 4788 quasi

369 4807 791 4864 subsistentibus
810 4807 1021 4864 nebulis
1056 4805 1280 4876 iubetur
1296 4809 1530 4879 pluviam
1547 4811 1824 4866 continere
1835 4825 1958 4864 cum

371 4898 589 4968 indigna
613 4897 774 4953 fuerit
791 4898 972 4953 anima
994 4899 1168 4955 imbre
1183 4899 1409 4965 caelesti,
1437 4909 1493 4955 et
1515 4901 1740 4958 dicitur:
1770 4921 1789 4953 ‹
1810 4917 1962 4956 man-

372 4989 515 5043 dabo
541 4987 774 5043 nubibus
805 5002 874 5043 ne
894 4988 1082 5057 pluant
1106 5004 1270 5060 super
1289 5005 1409 5045 eam
1442 4991 1692 5046 imbrem.
1727 5010 1745 5042 ι
1774 4991 1962 5061 Itaque

372 5078 746 5147 unusquisque
761 5085 1072 5133 sanctorum
1087 5079 1258 5134 nubes
1281 5089 1384 5136 est.
1417 5079 1627 5151 Moyses
1653 5081 1824 5137 nubes
1846 5088 1965 5136 erat

375 5178 428 5226 et
453 5170 609 5240 quasi
639 5171 812 5226 nubes
837 5170 1155 5240 loquebatur
1188 5188 1202 5224 :
1239 5189 1258 5221 ι
1287 5170 1538 5239 Attende,
1566 5173 1787 5238 caelum,
1813 5181 1868 5227 et
1888 5172 1966 5227 lo-

372 5276 532 5330 quar,
549 5267 604 5317 et
631 5261 816 5316 audiat
844 5270 984 5319 terra
1013 5279 1369 5321 sermonesex
1397 5280 1492 5321 ore
1521 5280 1664 5332 meo,
1690 5275 1967 5335 exspectet

375 5361 435 5406 ut
456 5351 690 5422 pluviam
716 5353 879 5408 verba
917 5369 1035 5409 mea
1069 5354 1246 5426 (Deut.
1269 5355 1464 5427 xxxii).
1496 5375 1516 5408 ι
1556 5354 1615 5411 Si
1645 5371 1752 5413 non
1777 5356 1968 5412 fuisset

376 5440 545 5496 nubes
560 5457 834 5512 nunquam
851 5442 1094 5508 dixisset,
1113 5462 1137 5496 ι
1161 5453 1436 5515 exspectet
1457 5454 1519 5500 ut
1538 5446 1772 5516 pluviam
1797 5447 1961 5502 verba

375 5547 514 5597 mea,
535 5541 591 5588 et
609 5532 939 5588 descendant
959 5545 1020 5591 ut
1041 5551 1130 5592 ros
1149 5535 1360 5606 eloquia
1385 5552 1526 5592 mea.
1560 5557 1578 5589 ι
1605 5537 1771 5604 Quasi
1792 5537 1961 5592 nubes

377 5622 591 5679 dicebat
619 5643 633 5678 :
673 5643 691 5676 ι
730 5633 788 5678 ιιι
823 5626 996 5682 imber
1022 5642 1184 5697 super
1214 5643 1458 5699 gramen,
1493 5636 1553 5682 ut
1576 5629 1764 5698 pruina
1798 5642 1961 5698 super

376 5711 582 5780 fenum,
612 5716 736 5785 quia
766 5731 962 5773 nomen
991 5717 1201 5773 Domini
1241 5719 1506 5775 invocavi.
1548 5738 1566 5771 ι
1606 5718 1868 5774 Similiter
1903 5726 1960 5773 et

375 5801 544 5862 Isaias
577 5813 638 5861 ut
667 5808 839 5863 nubes
875 5807 1195 5878 loquebatur
1222 5826 1234 5863 :
1269 5828 1286 5861 ι
1317 5809 1476 5876 Audi,
1508 5809 1725 5876 cmlum,
1772 5816 1827 5864 et
1856 5823 1954 5863 au-

2064 4623 2306 4696 cxxxiv).
2333 4645 2351 4675 ι
2378 4625 2522 4697 Ergo
2545 4640 2614 4681 ne
2638 4626 2693 4681 hi
2713 4628 2880 4693 venti,
2906 4628 3000 4698 qui
3014 4644 3184 4701 super
3206 4638 3381 4686 terras
3396 4630 3647 4702 perflant,

2065 4719 2121 4772 in
2145 4716 2414 4773 thesauris
2439 4717 2531 4773 Dei
2552 4726 2696 4785 sunt,
2721 4727 2904 4776 etnon
2928 4721 3122 4777 horum
3145 4731 3339 4778 natura
3363 4725 3648 4781 manifesta

2062 4816 2170 4874 est,
2222 4808 2493 4876 quomodo
2528 4816 2583 4863 et
2624 4825 2732 4880 qua
2769 4811 2977 4866 ratione
3017 4814 3335 4871 subsistant.
3389 4817 3492 4873 Sed
3524 4825 3650 4872 sunt

2065 4901 2284 4971 quidam
2321 4909 2603 4955 ventorum
2637 4903 3160 4970 thesauri,thesauri
3199 4907 3508 4978 spirituum,
3541 4909 3649 4978 spi-

2065 4992 2202 5045 ritus
2223 4990 2504 5060 sapientiae
2535 4999 2589 5046 et
2612 4991 2938 5058 intellectus,
2969 4995 3192 5064 spiritus
3220 4997 3426 5051 consilii
3453 5006 3506 5052 et
3535 4999 3641 5052 vir-

2067 5080 2218 5146 tutis,
2258 5081 2480 5150 spiritus
2529 5083 2806 5150 sapientiae
2829 5092 2886 5138 et
2908 5084 3145 5153 pietatis,
3177 5085 3400 5155 spiritus
3437 5087 3648 5143 timoris

2066 5169 2184 5234 Dei,
2212 5169 2544 5226 fortitudinis
2574 5181 2627 5225 et
2655 5173 2958 5228 dilectionis
2981 5181 3035 5228 et
3061 5175 3360 5230 charitatis.
3406 5175 3566 5232 Potes
3592 5187 3648 5233 et

2066 5258 2180 5328 ipse
2202 5258 2269 5313 de
2291 5261 2574 5330 scripturis
2599 5262 2695 5317 hos
2722 5272 2914 5318 ventos
2935 5277 3289 5334 congregare,
3323 5275 3379 5321 et
3421 5267 3645 5324 istorum

2066 5349 2352 5416 spirituum
2383 5351 2623 5406 invenire
2648 5353 2950 5408 thesauros.
2982 5352 3081 5406 Ubi
3109 5362 3235 5407 sunt
3257 5354 3348 5409 isti
3373 5357 3650 5416 thesauri?

2068 5439 2254 5508 utique
2288 5439 2342 5493 in
2377 5455 2443 5495 eo
2475 5457 2583 5512 quo
2612 5451 2738 5497 sunt
2764 5443 2998 5496 thesauri
3021 5443 3302 5513 sapientia:
3325 5455 3379 5500 et
3404 5447 3645 5505 scientiae.

2065 5530 2394 5597 absconditi,
2433 5531 2490 5586 in
2514 5531 2730 5588 Christo
2767 5534 2948 5588 sedem
2975 5532 3194 5588 habent.
3241 5533 3370 5590 Inde
3397 5536 3650 5593 oriuntur

2067 5621 2124 5676 hi
2156 5621 2399 5693 spiritus,
2451 5631 2512 5676 ut
2533 5622 2670 5677 alius
2720 5623 2938 5693 sapiens
2965 5625 3054 5691 sit,
3085 5624 3225 5681 alius
3269 5625 3460 5691 fidelis,
3511 5626 3650 5685 alius

2065 5715 2332 5782 eruditus,
2377 5723 2432 5771 et
2481 5715 2622 5771 alius
2653 5719 3011 5788 quodcunque
3041 5718 3308 5775 donorum
3354 5720 3450 5775 Dei
3479 5719 3649 5792 possi-

2067 5807 2211 5863 deat.
2231 5826 2255 5858 i
2284 5807 2387 5866 Alii
2405 5809 2547 5866 cnim
2571 5826 2671 5881 per
2685 5811 2935 5882 spiritum
2958 5811 3120 5867 datur
3139 5827 3320 5870 sermo
3346 5812 3640 5880 sapientim,
