4022 6186
430 346 531 417 883
1062 332 1122 411 is.
1167 356 1415 412 llABANl
1457 354 1669 413 nsum
1709 351 2028 415 ARCHIEP.
2072 349 2381 415 uocum.
2422 360 2714 422 eranum
2754 354 2937 421 rans
2975 356 3062 419 m.
3579 366 3691 423 sat

427 470 515 526 alii
545 473 726 527 sert‘uo
747 470 987 527 scientiae
1006 468 1160 538 juxta
1180 469 1428 524 eumdem
1459 467 1727 537 spiritum,
1755 468 1845 525 alii
1886 468 2019 525 ﬁdes
2045 470 2094 530 Α
2122 470 2397 528 descendit
2450 473 2520 529 ad
2570 473 2817 532 homines
2859 474 3065 532 fatuum
3111 474 3207 531 Dei
3233 475 3320 532 est
3352 493 3366 529 :
3404 490 3586 532 verum
3641 478 3697 533 id

429 563 480 617 in
507 564 697 619 eodem
725 562 914 632 spiritu
949 560 999 633 (ι
1039 560 1163 614 Cor.
1196 558 1319 630 xu).
1356 578 1380 609 ι
1418 578 1434 610 ‹
1469 557 1668 615 Eduxit
1690 574 1818 630 ergo
1847 562 2017 618 nubes
2117 562 2294 632 ipsum
2327 561 2533 619 fatuum
2582 564 2680 620 Dei
2714 564 3015 636 sapientius
3058 572 3145 621 est
3182 564 3510 622 hominibus.
3562 565 3696 635 Qui-

425 651 494 706 a‘b
518 661 764 707 extremo
806 660 985 717 terra,
1038 659 1095 705 et
1133 648 1345 720 iugum
1394 648 1451 702 in
1488 648 1725 718 pluviam
1766 650 1915 718 fecit,
1960 662 2018 708 et
2116 654 2219 711 bus
2260 655 2605 711 hominibus?
2629 655 2747 713 Non
2784 656 2971 726 utique
3003 656 3180 712 stultis
3211 657 3305 712 sed
3329 657 3699 727 sapientibus,

423 742 613 798 eduxit
629 750 820 797 ventos
839 743 905 796 de
928 741 1197 799 thesauris
1223 744 1356 805 suis,
1386 760 1405 793 ι
1428 754 1484 800 et
1505 758 1605 798 nos
1618 742 1775 812 juxta
1796 742 2011 797 miseri-

425 836 661 892 cordiam
680 837 773 892 Dei
792 835 860 890 ad
881 834 980 891 hos
996 837 1277 893 thesauros
1293 853 1390 894 nos
1402 846 1724 893 occursuros
1739 843 2009 906 putamus.

427 926 490 982 Et
513 927 638 998 quia
665 926 848 997 plures
887 934 1013 981 sunt
1039 927 1295 992 thesauri,
1327 928 1467 983 forte
1482 928 1636 998 juxta
1661 925 1906 981 ordinem
1928 939 2013 980 re-

422 1019 761 1088 surgentium
807 1017 913 1073 erit
946 1025 1002 1070 et
1032 1018 1252 1087 requies
1282 1019 1338 1073 in
1385 1020 1658 1075 thesauris
1698 1017 1813 1073 Dei.
1856 1016 2013 1086 Quod

421 1121 603 1166 autem
650 1112 792 1177 dico,
826 1111 1129 1168 istiusmodi
1158 1121 1261 1179 est,
1294 1115 1622 1170 resurrectio
1670 1120 2015 1168 mortuorum

424 1203 475 1257 in
511 1202 832 1272 quibusdam
855 1200 1136 1258 ordinibus
1160 1202 1341 1258 futura
1370 1214 1473 1260 est.
1526 1200 1619 1259 Ait
1642 1204 1839 1275 quippe
1861 1202 2007 1274 Apo-

421 1292 628 1349 stolus:
661 1313 678 1345 ι
714 1292 1095 1364 Unusquisque
1134 1303 1315 1349 autem
1355 1305 1599 1365 resurget
1642 1295 1695 1348 in
1737 1308 1836 1350 suo
1862 1294 2008 1350 ordi-

420 1400 488 1440 ne
513 1385 565 1457 (1
598 1383 721 1440 Cor.
750 1385 864 1460 sv),
900 1403 920 1436 ι
955 1390 1010 1439 et
1047 1398 1153 1439 non
1200 1393 1260 1439 ut
1292 1385 1422 1440 libet
1454 1386 1749 1440 miscentur
1789 1384 2008 1441 ordines

422 1478 833 1549 resurgentium.
856 1475 1010 1532 Alius
1027 1472 1161 1531 ordo
1174 1477 1281 1531 erit
1302 1476 1356 1532 in
1379 1477 1468 1532 illo
1490 1485 1544 1531 et
1564 1477 1620 1531 in
1638 1476 1728 1533 illo
1751 1477 2005 1531 thesauro

421 1569 536 1635 Dei,
560 1578 614 1626 et
637 1569 775 1625 alius
798 1570 932 1626 ordo
962 1570 1016 1624 in
1040 1569 1148 1626 alio
1168 1578 1225 1624 et
1249 1571 1303 1625 iu
1326 1568 1432 1623 alio
1455 1568 1709 1624 thesauro
1736 1567 1832 1623 Dei
1866 1586 1878 1621 :
1913 1566 2003 1623 isti

418 1667 596 1713 autem
623 1674 813 1714 omnes
843 1659 1080 1713 thesauri
1107 1672 1271 1713 unum
1295 1658 1495 1713 habent
1526 1659 1858 1723 thesaurum,
1891 1676 1909 1710 ι
1946 1656 2001 1713 in

2115 745 2262 800 dicas
2283 744 2409 801 licet
2440 746 2714 816 sapientes
2738 746 2931 819 stcculi
2944 746 3102 802 istius
3137 746 3251 802 sive
3268 745 3560 816 principes,
3584 747 3700 803 sive

2113 845 2280 903 vates,
2310 837 2431 894 istis
2445 839 2778 910 sapientibus
2799 838 3002 907 saeculi,
3024 840 3128 896 hoc
3151 839 3296 910 quod
3317 841 3669 911 exposuimus
3684 880 3698 896 .

2118 950 2137 983 ι
2170 932 2377 987 fatuum
2426 930 2522 989 Dei
2570 933 2869 1005 sapientius
2909 932 2995 989 est
3037 931 3367 990 hominibus.
3404 951 3425 986 ι
3455 930 3702 991 Mirabile

2111 1022 2364 1093 quiddam
2389 1022 2635 1079 volumus
2653 1023 2913 1089 inserere,
2934 1024 3186 1093 quoniam
3208 1041 3230 1075 ι
3250 1023 3514 1093 sapientia
3536 1040 3700 1080 mun-

2109 1114 2161 1169 di
2189 1114 2415 1170 stultitia
2430 1122 2514 1170 est
2531 1114 2671 1184 apud
2693 1114 2882 1181 Deum,
2907 1133 2927 1168 ι
2954 1113 3309 1170 etinfatuavit
3323 1113 3467 1170 Deus
3485 1115 3705 1186 sapien-

2110 1207 2241 1261 tiam
2270 1206 2475 1261 mundi.
2506 1204 2644 1261 Nam
2674 1205 2730 1260 in
2754 1205 3019 1276 sapientia
3046 1219 3145 1260 sua
3170 1204 3458 1260 infamavit
3484 1205 3701 1276 sapiens

2109 1298 2236 1352 tiam
2260 1298 2467 1365 mundi,
2490 1314 2592 1355 nec
2613 1305 2791 1368 potest
2819 1311 3013 1368 capere
3031 1296 3352 1368 sapientiam
3375 1296 3469 1352 Dei
3490 1296 3704 1367 sapien-

2108 1389 2181 1444 tia
2226 1388 2435 1454 mundi,
2473 1397 2534 1444 ut
2574 1404 2694 1447 esse
2722 1389 2952 1446 stultitia
3004 1395 3282 1460 arguatur.
3315 1386 3504 1458 Neque
3549 1387 3703 1442 enim

2106 1479 2359 1551 dignatus
2389 1479 2655 1549 sapientia
2688 1468 2783 1535 Dei
2808 1480 2876 1534 ad
2911 1478 3096 1533 mundi
3125 1476 3448 1546 sapientiam
3474 1475 3706 1531 convin-

2104 1569 2335 1626 cendam
2369 1576 2480 1625 tota
2503 1568 2853 1633 descendere,
2884 1567 2978 1624 sed
3013 1566 3193 1638 potius
3218 1564 3514 1630 modicum,
3554 1562 3706 1634 quod

2103 1658 2470 1715 necessarium
2530 1656 2653 1723 fuit,
2695 1656 2841 1727 quod
2896 1652 3102 1711 fatuum
3154 1654 3249 1710 Dei
3287 1662 3428 1719 erat,
3476 1661 3539 1709 ιιι
3595 1653 3704 1709 hoc

416 1763 523 1821 quo
547 1758 675 1808 sunt
701 1752 940 1809 thesauri
966 1750 1243 1821 sapientiae
1274 1760 1330 1807 et
1353 1750 1594 1807 scientiae
1622 1748 1941 1805 absconditi.
1974 1768 1994 1800 ι
2030 1818 2061 1821 _
2102 1762 2271 1820 parvo
2296 1756 2353 1805 et
2380 1748 2529 1804 fatuo
2556 1748 2654 1804 Dei
2685 1746 3043 1802 infatuaretur
3066 1743 3248 1801 saeculi
3264 1743 3551 1815 sapientia.
3580 1742 3704 1798 Non

418 1818 483 1899 Et
515 1844 784 1915 quomodo
832 1818 1081 1915 possideo
1120 1858 1282 1901 unam
1312 1842 1758 1915 pretiosissimam
1792 1855 1999 1912 ntarga-
2030 1818 2077 1877 Β
2104 1818 2248 1899 enim
2269 1841 2676 1900 valebatsatculi
2690 1839 2974 1911 sapientia,
2999 1837 3423 1909 magnitudinem
3447 1835 3501 1890 in
3527 1848 3594 1891 se
3615 1850 3704 1890 ve-

415 1936 574 1992 ritam
603 1951 703 2006 per
721 1936 904 2008 plures
927 1936 1065 1994 alias
1088 1937 1410 2009 margaritas
1442 1955 1455 1992 :
1491 1939 1569 1993 sic
1601 1938 1757 1993 venio
1791 1938 1857 1991 ad
1892 1934 1980 1994 the

412 2038 631 2081 saurum
659 2027 1062 2093 thesaurorum,
1088 2037 1146 2084 et
1193 2024 1484 2087 Dominum
1537 2031 1905 2097 dominorum,
1943 2041 1998 2087 et

414 2118 613 2191 Regem
649 2134 855 2191 regum,
900 2136 1022 2177 eum
1056 2118 1251 2193 dignus
1279 2121 1434 2177 fuero
1462 2121 1744 2192 spiritibus
1795 2123 1848 2178 in
1901 2110 1996 2179 Dei

411 2211 681 2267 thesauris
706 2214 1189 2270 eommorantibus.
1233 2212 1507 2287 (Πίου-οη.)
1534 2232 1552 2266 ‹
1586 2212 1798 2271 Stultus
1823 2214 1997 2272 factus

410 2309 493 2356 est
520 2303 699 2358 omnis
726 2304 888 2360 homo
923 2319 955 2359 a
982 2305 1247 2360 scientia:
1284 2321 1303 2355 ι
1335 2303 1460 2361 licet
1491 2305 1583 2360 ille
1622 2304 1840 2372 Paulus,
1872 2305 1998 2362 licet

411 2391 621 2460 Petrus,
662 2392 787 2449 licet
824 2393 1036 2465 Moyses
1068 2402 1124 2448 et
1147 2394 1421 2450 Abraham
1455 2394 1730 2463 sapientes
1757 2395 1892 2458 sint,
1926 2394 1993 2449 ad

408 2480 865 2554 comparationem
880 2483 974 2539 Dei
988 2490 1182 2539 cuncta
1203 2498 1390 2538 eorum
1406 2483 1670 2552 sapientia
1695 2484 1749 2537 in
1767 2483 1993 2538 nihilum

409 2572 781 2643 deputabitur;
808 2574 947 2628 unde
966 2581 1023 2629 et
1045 2573 1250 2628 fatuum
1280 2574 1374 2630 Dei
1396 2574 1693 2644 sapientius
1715 2585 1801 2631 est
1821 2575 1995 2631 humi.

410 2662 589 2716 nibus.
615 2659 913 2717 lnfatuatus
939 2670 1022 2717 est
1049 2663 1227 2719 omnis
1254 2663 1416 2718 homo
1444 2678 1476 2717 a
1514 2663 1761 2720 scientia.
1793 2662 1990 2736 (θήῃ.)

407 2750 466 2807 Si
489 2752 667 2807 omnis
684 2751 847 2808 homo
876 2751 1171 2810 infatuatus
1195 2762 1280 2810 est
1313 2769 1343 2809 a
1371 2755 1597 2811 scientia
1623 2773 1637 2809 :
1675 2774 1695 2808 ι
1731 2755 1811 2811 Ex
1836 2765 1992 2826 parte

405 2842 805 2915 cognoscimus,
819 2852 877 2899 et
898 2856 965 2902 ex
991 2854 1146 2916 parte
1171 2846 1624 2920 prophetamustl
1639 2845 1763 2903 Cor.
1787 2847 1933 2920 xm).
1963 2867 1983 2901 ι

413 2954 433 2988 ι
464 2935 765 2992 infamatus
790 2944 875 2993 est
901 2951 933 2992 a
974 2938 1201 2994 scientia
1228 2957 1241 2994 :
1286 2958 1307 2993 ι
1338 2939 1530 2997 videns
1565 2955 1663 3012 per
1687 2941 1986 3012 speculum,

406 3026 673 3114 videns.in
697 3025 1005 3096 enigmata,
1035 3026 1432 3097 portiunculam
1460 3028 1751 3099 quamdam
1776 3029 1982 3095 tridens,

405 3126 461 3173 et
471 3118 517 3173 si
530 3117 610 3174 sic
623 3118 842 3188 expedit
852 3118 1053 3184 dicere,
1076 3119 1244 3189 ipsius
1264 3133 1479 3190 quoque
1493 3118 1849 3190 portiunculte
1859 3135 1984 3191 par-

406 3210 514 3266 tem
538 3171 820 3266 minimam
842 3171 1255 3281 recognoscens.
1270 3171 1603 3268 1Ecojntrario
1621 3219 1802 3267 autem
1825 3171 1983 3268 ititel—
2013 3171 2057 3232 Ο

408 3301 563 3373 liges,
581 3301 708 3372 quid
723 3301 794 3356 sit
814 3321 831 3353 ι
853 3300 1153 3357 infatuatus
1167 3311 1252 3358 est
1271 3302 1449 3359 omnis
1465 3301 1629 3358 homo
1640 3318 1670 3357 a
1684 3302 1907 3359 scientia
1924 3320 1936 3357 :
1963 3320 1982 3356 ι

406 3397 810 3467 comparatione
843 3405 1189 3468 peccatorum
1226 3395 1588 3462 Hierusalem,
1627 3395 1987 3453 Sodomorum

406 3488 902 3561 peceatumjustitia
923 3496 1026 3546 est.
1051 3507 1072 3540 ι
1096 3482 1397 3543 iustiﬁcata
1414 3494 1497 3543 est
1511 3487 1682 3551 enim,
1698 3485 1792 3552 ait,
1812 3484 1988 3542 Sodo-

407 3593 493 3635 ma
530 3593 599 3633 ex
645 3580 699 3635 te
739 3576 966 3650 (Matth.
1003 3576 1092 3649 ι).
1132 3597 1151 3631 ι
1187 3576 1466 3645 Quomodo
1494 3590 1624 3646 ergo
1650 3589 1757 3632 non
1788 3576 1991 3632 habent

400 3668 665 3739 justitiam
689 3669 1047 3725 Sodomorum
1072 3678 1293 3740 peccata
1318 3684 1415 3740 per
1436 3685 1519 3735 se,
1543 3669 1641 3724 sed
1659 3669 1727 3725 ad
1746 3662 1991 3727 collatio-

407 3776 530 3816 nem
564 3757 824 3829 majorum
861 3760 1127 3815 scelerum
1151 3758 1547 3829 justiﬁcantur,
1574 3758 1653 3814 sic
1680 3759 1989 3815 econtrario

404 3851 629 3908 scientia
659 3850 811 3907 Pauli
840 3851 908 3907 ad
938 3851 1082 3909 illam
1107 3851 1387 3907 crdestem
1415 3850 1717 3914 scientiam,
1742 3851 1811 3904 ad
1842 3850 1988 3906 illum

405 3949 841 3998 consummatum
880 3940 1108 3996 rationis
1132 3940 1467 3997 intellectum
1512 3939 1742 3996 stultitia
1774 3950 1990 4011 reputa-

407 4042 495 4090 tur
521 4021 533 4089 Ξ
564 4033 766 4090 idcirco
792 4052 812 4085 ι
834 4032 1136 4089 infamatus
1155 4041 1238 4089 est
1256 4034 1433 4090 omnis
1453 4035 1617 4090 homo
1635 4049 1668 4087 a
1686 4034 1935 4090 scientia.
1965 4054 1983 4087 ι

405 4126 534 4184 Tale
586 4128 842 4199 quiddam
884 4128 1242 4185 Ecclesiastes
1295 4136 1355 4207 ut
1399 4129 1636 4184 arbitror
1685 4129 1989 4198 deprehen.

405 4220 538 4275 deus
557 4217 751 4275 eﬁ‘atus
770 4228 856 4276 est
879 4237 892 4273 :
924 4237 943 4271 ι
972 4219 1112 4284 Dixi,
1135 4219 1351 4290 sapiens
1375 4218 1606 4286 efﬁciat,
1626 4228 1683 4275 et
1703 4220 1815 4290 ipsa
1838 4218 1988 4275 elon-

403 4310 550 4382 gavit
572 4325 630 4366 se
648 4321 680 4366 a
702 4326 789 4367 me
813 4310 1023 4382 longius
1045 4325 1204 4380 quam
1234 4320 1371 4378 erat,
1396 4319 1454 4367 et
1478 4311 1589 4368 alta
1625 4310 1986 4383 profunditas,

402 4404 526 4473 quis
544 4404 787 4459 inveniet
803 4419 924 4461 eam
938 4402 963 4458 ἲ
992 4422 1010 4456 ι
1038 4403 1296 4461 Volumus
1315 4405 1571 4475 quiddam
1587 4405 1845 4460 audenter
1859 4404 1987 4461 licet

2100 1936 2300 1998 nientis
2331 1935 2609 2005 sapientiae
2634 1933 2923 1990 sustinere.
2954 1930 3158 1986 Verum
3178 1927 3485 1996 exemplum
3521 1925 3702 1981 inter-

2097 2050 2386 2107 ponamur,
2417 2044 2476 2090 ut
2503 2026 2787 2105 perspicue
2829 2024 3001 2097 possit
3028 2020 3282 2092 intelligi,
3305 2016 3705 2089 quomodo-fa-

2098 2137 2248 2183 tuum
2274 2127 2371 2182 Dei
2406 2126 2626 2183 stultam
2653 2122 2843 2181 fecerit
2864 2115 3189 2194 sapientiam
3216 2113 3424 2168 mundi.
3458 2111 3699 2182 Fiugam

2094 2217 2369 2288 paulisper
2386 2231 2495 2281 me,
2517 2215 2607 2285 qui
2633 2214 2836 2284 aliquid
2860 2222 3020 2284 putor
3046 2223 3229 2269 nosse,
3252 2217 3374 2258 cum
3403 2200 3703 2271 insipiente

2094 2307 2276 2378 aliquo
2301 2316 2356 2363 et
2383 2307 2653 2368 inerudito
2673 2303 2922 2362 conferre
2959 2316 3286 2368 sermonem,
3318 2301 3408 2373 qui
3448 2292 3587 2349 nihil
3622 2294 3703 2347 in-

2095 2397 2326 2468 telligat,
2340 2396 2471 2452 nihil
2493 2406 2666 2452 acutae
2680 2393 3060 2466 disputationis
3082 2394 3397 2463 interroget.
3414 2389 3702 2460 Nunquid-

2094 2503 2220 2546 nam
2261 2503 2398 2559 opus
2428 2487 2563 2543 mihi
2585 2494 2669 2542 est
2694 2486 2761 2540 ad
2802 2482 2946 2539 illius
2979 2482 3260 2539 stultitiam
3288 2482 3698 2552 coarguendam

2091 2570 2389 2638 dialecticas
2408 2580 2543 2635 artis
2570 2578 2914 2634 calliditatem
2935 2584 2990 2632 et
3015 2568 3402 2645 profundorum
3428 2584 3698 2628 rensuum

2092 2688 2319 2732 acumen
2339 2666 2626 2728 adhibere?
2647 2668 2835 2725 Nonne
2863 2669 2930 2724 ad
2955 2667 3114 2723 unius
3138 2663 3461 2721 sermunculi
3476 2660 3695 2731 jactura

2090 2762 2213 2820 vilis
2234 2771 2291 2819 et
2314 2761 2536 2827 modici,
2557 2758 2652 2830 qui
2679 2767 2855 2815 tamen
2875 2757 3020 2813 illius
3046 2754 3416 2826 intelligentiae
3432 2753 3698 2809 rideatur

2089 2853 2409 2918 acerrimus,
2438 2850 2649 2906 fatuum
2696 2864 2820 2905 eum
2845 2855 2903 2904 et
2944 2846 3286 2916 insipientem
3313 2858 3435 2900 esse
3460 2843 3695 2898 convina

2087 2945 2248 3003 eam?
2286 2943 2377 3001 Sic
2398 2943 2561 3014 igitur
2588 2941 2657 2998 ad
2680 2939 2867 2997 mundi
2897 2937 3218 3009 sapientiam
3237 2934 3691 2998 stultiﬁcandam,

2086 3051 2194 3093 non
2246 3041 2330 3091 est
2357 3047 2494 3103 opus
2532 3030 2852 3102 sapientiam
2871 3027 2967 3083 Dei
2996 3024 3324 3082 descendere
3353 3032 3411 3078 et
3461 3039 3593 3078 eum
3626 3037 3689 3077 ea

2088 3124 2392 3190 colluctari,
2431 3137 2552 3194 quas
2589 3121 2841 3176 deorsum
2879 3125 2964 3173 est
2991 3114 3256 3186 sapientia
3286 3132 3299 3168 ί
3337 3113 3432 3168 sed
3488 3110 3691 3167 suﬂicit

2091 3215 2298 3273 fatuum
2319 3212 2437 3279 Dei,
2460 3211 2717 3282 quoniam
2742 3229 2760 3261 ι
2796 3200 3005 3267 iattmm
3029 3205 3127 3260 Dei
3152 3203 3452 3275 sapientius
3474 3211 3565 3258 est
3592 3203 3690 3258 ho-

2090 3306 2323 3363 minibus
2358 3312 2412 3362 et
2438 3303 2709 3359 inﬁrmum
2745 3301 2842 3356 Dei
2868 3299 3062 3354 fortius
3088 3306 3174 3355 est
3200 3297 3539 3362 hominibus,
3578 3316 3599 3347 ι
3635 3302 3692 3350 et

2087 3398 2273 3456 omnia
2298 3395 2573 3454 contraria
2601 3393 2854 3450 Salvator
2890 3404 3045 3457 meus
3078 3394 3136 3445 et
3182 3387 3444 3442 Dominus
3470 3402 3692 3441 assum-

2088 3490 2217 3562 psit,
2244 3498 2307 3546 ιιι
2332 3487 2620 3547 cetttrariis
2645 3484 2904 3540 dissolvat
2930 3481 3223 3545 centraria,
3260 3488 3314 3534 ct
3337 3493 3438 3532 nos
3482 3478 3691 3534 conﬁr-

2091 3595 2301 3637 memur
2334 3580 2402 3635 ab
2437 3575 2753 3633 inﬁrmitate
2770 3574 2909 3645 ejus,
2932 3581 2987 3629 et
3019 3572 3293 3643 sapientes
3316 3569 3633 3625 efﬁciamur
3657 3585 3690 3624 a

2090 3673 2237 3728 fatuo
2258 3672 2394 3742 ejus,
2428 3676 2484 3725 et
2527 3669 2581 3724 iu
2610 3667 2728 3723 hinc
2764 3664 3057 3721 introducti
3092 3664 3359 3735 possimus
3385 3662 3692 3716 ascendere

2090 3765 2158 3819 ad
2201 3763 2521 3834 sapientiam
2568 3769 2625 3817 ct
2678 3759 2929 3813 virtutem
2988 3757 3079 3811 Dei
3141 3753 3415 3810 Christum
3472 3752 3687 3808 Iesum.

2090 3854 2359 3928 (Hier-sar.)
2384 3851 2654 3908 Confusus
2688 3859 2773 3905 est
2797 3848 2976 3903 omnis
3001 3847 3192 3901 artifex
3224 3847 3277 3900 in
3307 3844 3572 3914 sculptili,
3594 3844 3690 3914 qui

2090 3946 2156 4002 de
2193 3959 2293 4000 suo
2335 3942 2497 3998 corde
2540 3940 2834 3997 simulacra
2880 3937 3179 4001 conﬁnxit,
3238 3934 3548 4006 falsumque
3602 3942 3691 3991 est

2090 4037 2232 4107 quod
2260 4035 2535 4092 conflavit.
2583 4034 2641 4090 Si
2683 4042 2863 4090 autem
2908 4031 3105 4088 stultus
3142 4040 3227 4087 est
3254 4030 3431 4085 omnis
3458 4030 3631 4085 homo
3656 4044 3687 4082 a

2089 4135 2336 4198 scientia,
2376 4132 2602 4189 stultum
2631 4139 2716 4187 est
2740 4143 2904 4188 omne
2926 4126 3227 4195 falsumque
3253 4124 3401 4194 quod
3443 4122 3601 4189 fecit,
3634 4133 3693 4179 et

2090 4242 2197 4284 non
2216 4235 2300 4281 est
2328 4224 2550 4295 spiritus
2574 4222 2628 4277 in
2653 4221 2754 4276 eis.
2789 4216 3094 4274 Notandum
3113 4214 3259 4285 quod
3287 4223 3342 4268 et
3372 4213 3428 4267 in
3458 4214 3566 4269 isto
3596 4228 3689 4268 ca-

2086 4316 2259 4387 pitulo
2286 4321 2480 4369 ventus
2502 4320 2560 4367 et
2581 4310 2804 4381 spiritus
2828 4322 2937 4364 uno
2970 4306 3187 4362 nomine
3234 4305 3379 4375 apud
3425 4302 3689 4360 Hebrans

2092 4403 2391 4476 appellatur
2411 4405 2535 4463 rm.
2587 4399 2848 4469 Spiritum
2879 4405 3060 4451 autem
3090 4393 3543 4450 sanctiﬁcationis
3592 4408 3686 4449 vo-

402 4491 603 4562 dicer‘e,
627 4497 881 4566 quoniam
903 4498 1007 4552 hoc
1028 4498 1169 4566 quod
1194 4497 1473 4554 descendit
1500 4498 1555 4552 in
1585 4498 1844 4553 mundum
1862 4506 1989 4554 eva-
2014 4526 2069 4583 Di
2090 4502 2200 4561 cat,
2231 4493 2323 4563 qui
2378 4492 2433 4547 in
2474 4488 2854 4547 haereticorum
2900 4485 3171 4583 menti-bus
3192 4499 3298 4538 non
3331 4488 3512 4583 potest
3534 4484 3690 4583 inre—

404 4584 586 4637 cuavit
633 4599 691 4639 se
733 4585 932 4655 ipsum,
960 4595 1020 4641 ut
1060 4588 1415 4642 eva'cnatione
1435 4585 1557 4655 ejus
1578 4587 1808 4643 mundus
1842 4601 1988 4643 com-

403 4672 661 4741 pleretu‘r.
688 4672 745 4728 8i
776 4683 956 4730 autem
1006 4675 1109 4731 hoc
1135 4678 1281 4747 quod
1322 4677 1599 4733 dissectum
1633 4677 1689 4731 in
1727 4677 1987 4732 mundum

402 4763 688 4820 evacuavit
730 4777 809 4827 se,
836 4765 1119 4821 evacuatio
1149 4767 1262 4836 ipsa
1293 4765 1556 4835 sapientia
1600 4775 1701 4831 est,
1730 4765 1985 4836 quoniam

401 4856 547 4927 quod
567 4877 584 4910 ε
611 4856 818 4913 fatuum
838 4857 934 4912 Dei
952 4859 1248 4928 sapiuntius
1267 4866 1352 4912 est
1376 4857 1704 4912 hominibus.
1730 4878 1749 4911 ι
1777 4857 1834 4913 Si
1857 4874 1987 4929 ergo

399 4947 659 5005 dixissem
710 4946 917 5002 fatuum
955 4946 1071 5014 Dei,
1099 4947 1368 5016 quomodo
1385 4960 1627 5016 aucupes
1674 4962 1983 5003 sermonum

400 5048 668 5106 meorum,
710 5047 768 5095 et
792 5052 1006 5109 semper
1034 5037 1198 5093 dediti
1224 5038 1290 5093 ad
1312 5037 1728 5104 criminandum,
1755 5052 1987 5095 venena-

402 5139 486 5186 tas
512 5130 568 5185 in
599 5145 687 5187 me
706 5128 918 5202 linguas
936 5128 1255 5184 vibrarent?
1283 5128 1436 5185 Nunc
1464 5144 1592 5185 vero
1619 5129 1840 5195 Paulus,
1861 5144 1987 5201 qna-

401 5223 449 5277 si
488 5224 704 5293 sapiens
747 5231 804 5279 et
837 5230 1157 5294 potestatem
1191 5223 1396 5278 habens
1428 5221 1798 5292 apostolicam,
1826 5238 1989 5277 ausus

403 5322 489 5369 est
529 5314 711 5371 dicere
734 5328 950 5372 omnem
976 5314 1297 5386 sapientiam
1327 5322 1638 5378 terrenam,
1667 5328 1788 5384 qua:
1820 5332 1876 5369 in
1906 5331 1987 5382 se,

402 5409 524 5473 qua
570 5406 624 5459 in
662 5404 844 5472 Petro,
890 5422 1013 5477 qua:
1040 5406 1093 5461 in
1132 5406 1346 5461 caeteris
1386 5405 1643 5475 apostolis
1687 5413 1823 5468 erat,
1859 5420 1980 5475 quae

404 5495 461 5549 in
508 5495 668 5551 istum
717 5498 975 5554 mundum
1006 5497 1361 5555 descenderat
1398 5496 1681 5553 stultitiam
1714 5511 1838 5551 esse
1860 5494 1980 5561 Dei,

404 5588 471 5643 ad
500 5593 956 5659 comparationem
977 5592 1175 5662 quippe
1202 5592 1347 5648 illius
1370 5592 1649 5663 sapientiae
1676 5605 1839 5661 quam
1877 5599 1985 5644 ter-

407 5688 571 5736 renus
613 5696 721 5737 non
766 5684 913 5754 capit
957 5684 1150 5739 locus:
1193 5684 1261 5739 ad
1306 5684 1455 5739 illam
1492 5683 1815 5754 sapientiam
1866 5696 1987 5752 qua:

408 5773 644 5830 emlostis
670 5784 776 5846 est,
824 5788 945 5849 qua
972 5775 1157 5829 mutuli
1190 5775 1411 5831 limitem
1437 5775 1670 5840 excedit,
1706 5775 1813 5831 hoc
1846 5774 1988 5844 quod

2090 4585 2217 4641 uiri.
2263 4603 2282 4635 ι
2317 4583 2466 4639 Vana
2498 4588 2627 4637 sunt
2647 4586 2704 4634 et
2727 4590 2861 4650 opus
2892 4576 3005 4631 risu
3043 4574 3284 4645 dignum.
3315 4592 3334 4624 ι
3369 4572 3505 4639 Quis
3536 4574 3687 4628 enim

2089 4693 2195 4735 non
2243 4675 2417 4732 rideat
2448 4685 2570 4728 cum
2619 4668 2997 4724 haereticorum
3043 4664 3333 4720 simulacra
3388 4676 3688 4733 perspexe-

2088 4768 2193 4823 rit?
2218 4765 2327 4819 Aut
2345 4762 2490 4819 enim
2512 4760 2717 4815 rustica
2739 4764 2887 4823 sunt,
2919 4771 3042 4827 quae
3061 4752 3336 4820 dicuntur,
3378 4761 3435 4807 et
3472 4750 3687 4824 lignum

2088 4872 2190 4924 est,
2211 4869 2304 4915 aut
2330 4856 2556 4930 pulchro
2579 4865 2830 4910 sermone
2849 4849 3171 4921 composita,
3220 4854 3276 4901 et
3298 4844 3572 4917 reperitur
3598 4861 3692 4900 ar.

2092 4961 2335 5024 genitum,
2397 4956 2492 5005 aut
2535 4957 2686 5004 certe
2729 4945 2797 5002 de
2833 4943 3055 5015 proprio
3098 4936 3348 4998 sinmlata
3388 4951 3575 5002 sensu,
3630 4945 3689 4990 et

2096 5045 2299 5099 frustra
2318 5042 2439 5098 auri
2464 5040 2755 5110 imaginem
2784 5035 3128 5107 pollicentur.
3164 5051 3184 5084 ι
3210 5031 3272 5086 In
3311 5037 3555 5099 tempore
3601 5028 3688 5083 vi-

2095 5136 2366 5193 sitatiouis
2385 5150 2498 5193 sum
2518 5133 2777 5204 peribunt
2803 5151 2815 5184 :
2848 5149 2868 5181 ι
2896 5127 2979 5182 Μ
3007 5133 3217 5195 tempus
3257 5122 3399 5179 valet
3448 5120 3688 5177 hmresis

2096 5239 2157 5285 ut
2207 5228 2360 5285 electi
2410 5226 2614 5297 quique
2669 5217 2945 5278 manifesti
3002 5215 3137 5270 ﬁant
3184 5222 3239 5268 et
3295 5213 3509 5284 probati
3567 5211 3687 5268 sint

2094 5320 2147 5393 (l
2164 5319 2286 5375 Cor.
2302 5318 2380 5389 ut)
2398 5330 2552 5377 tcum
2576 5324 2759 5373 autem
2777 5309 3014 5367 visitatio
3037 5306 3132 5362 Dei
3155 5304 3385 5370 venerit,
3408 5311 3466 5393 et
3480 5303 3684 5393 oculus

2085 5391 2205 5482 ejus
2237 5408 2402 5466 stulta
2428 5405 2750 5478 respexerit,
2768 5401 2953 5459 omnia
2974 5400 3361 5456 conticescunt.
3392 5412 3412 5445 ι
3450 5391 3561 5447 Non
3588 5399 3682 5482 est

2088 5479 2178 5557 his
2216 5497 2411 5555 similis
2426 5511 2555 5568 pars
2576 5493 2969 5559 Jacob,eorutn
3004 5489 3095 5560 qui
3135 5485 3544 5558 supplantavere
3580 5479 3686 5536 Ju-

2093 5591 2261 5655 dmos,
2289 5597 2345 5645 et
2372 5586 2617 5659 quotidie
2641 5584 2926 5641 destruunt
2953 5578 3258 5636 ltzcreticos.
3309 5576 3443 5633 Pars
3493 5580 3682 5627 autem

2094 5690 2409 5738 sanctorum
2437 5678 2580 5737 Deus
2604 5685 2711 5741 cst,
2754 5677 2822 5730 de
2857 5688 2964 5744 quo
2988 5669 3256 5741 Propheta
3288 5666 3418 5721 dicit
3445 5680 3460 5718 :
3489 5682 3508 5714 ι
3539 5663 3682 5718 Pars

2092 5786 2214 5828 mea
2270 5770 2528 5828 Dominus
2572 5764 2761 5834 (Ροαι.
2806 5762 3013 5834 exim).
3071 5759 3172 5831 Qui
3219 5757 3362 5813 enim
3420 5751 3681 5812 formavit
