4022 6186
320 327 438 389 885

320 446 509 505 omnia
539 443 661 515 ipse
683 451 791 510 est,
820 462 840 493 ι
872 441 969 511 qui
1011 438 1139 496 fecit
1166 440 1350 495 munia
1400 448 1566 512 atque
1603 438 1912 511 plasmavit.
1945 439 1991 499 Λ

322 542 440 593 tam
459 535 517 590 in
530 533 711 588 anima
731 547 899 603 quam
921 530 974 585 i‘n
996 543 1243 601 corpore.
1266 548 1284 581 ι
1307 529 1375 584 Et
1390 529 1555 586 lsrael
1577 529 1730 602 virga
1751 528 1922 584 hane-

323 624 512 681 ditatis
538 622 657 693 ejus
693 630 796 677 est.
826 640 845 672 ›
877 618 1066 676 Omnis
1087 618 1180 689 qui
1204 617 1444 674 directus
1468 616 1523 675 in
1557 616 1669 673 Deo
1697 625 1804 684 est,
1838 615 1924 675 vel

322 730 491 772 sensu
547 713 723 771 cernit
759 712 949 776 Deum,
988 718 1260 784 sceptrum
1290 718 1378 766 est
1423 710 1754 769 haereditatis
1784 707 1921 778 ejus,

326 804 481 875 cujus
494 820 691 861 nomen
721 803 979 859 Dominus
992 801 1338 871 omnipotens
1363 807 1469 866 est,
1500 800 1615 856 sive
1642 800 1922 857 virtutum.

327 894 444 951 Hoc
470 893 617 952 enim
644 899 805 949 sonat
831 890 1091 946 Dominus
1137 890 1474 946 exercituum
1491 929 1507 956 ,
1532 890 1678 960 quod
1722 888 1779 946 in
1824 888 1927 947 He-

326 987 517 1043 hraieo
543 984 807 1057 scriptum
835 991 921 1039 est
943 982 1206 1039 Dominus
1228 980 1489 1038 Sabaoth.
1678 979 1682 984 ’

405 1094 424 1127 ι
468 1075 750 1147 Congrega
782 1074 850 1131 de
886 1081 1029 1129 terra
1072 1071 1447 1129 confusionem
1474 1080 1646 1140 tuam,
1667 1088 1789 1145 quae
1832 1072 1928 1130 ha-

332 1184 354 1219 s
398 1166 544 1223 bitas
578 1166 634 1221 in
665 1164 971 1232 obsidione,
1001 1164 1129 1235 quia
1155 1165 1273 1219 hare
1303 1164 1433 1221 dicit
1459 1163 1757 1221 Dominus:
1790 1164 1928 1222 Ecce

333 1275 356 1310 ι
398 1272 503 1329 ego
524 1256 680 1325 longe
699 1254 982 1326 projiciam
1013 1254 1352 1315 habitatores
1375 1263 1535 1310 terrze
1558 1253 1612 1309 in
1640 1254 1743 1309 hac
1772 1254 1924 1310 vice:

333 1366 356 1403 ι
395 1358 455 1406 et
490 1346 763 1405 tribulabo
783 1361 878 1402 eos
905 1347 981 1401 ita
1010 1354 1071 1401 ut
1100 1362 1210 1401 non
1242 1345 1608 1401 inveniantur.
1639 1364 1660 1399 ι
1702 1344 1929 1416 Septua-

326 1439 515 1510 ginta:
553 1456 575 1491 ι
613 1437 975 1510 Congregavit
1000 1435 1205 1492 deforis
1224 1435 1589 1491 substantiam
1617 1449 1929 1506 suam,qu.~e

332 1547 354 1581 ι
399 1529 609 1585 habitat
638 1528 692 1583 iu
721 1527 1024 1583 munitione
1056 1545 1069 1580 :
1110 1526 1237 1597 quia
1288 1526 1408 1581 hrec
1453 1524 1585 1581 dicit
1622 1525 1925 1583 Dominus:

332 1637 353 1670 ι
400 1618 542 1675 Ecce
578 1632 680 1690 ego
742 1613 1103 1687 supplantabo
1170 1615 1509 1671 habitatores
1544 1623 1703 1672 terrae
1748 1614 1927 1686 hujus,

330 1726 352 1760 ι
399 1717 457 1763 et
487 1706 757 1763 tribulabo
801 1720 897 1760 eos
935 1714 997 1759 ut
1054 1719 1162 1759 non
1210 1703 1575 1761 inveniantur.
1607 1723 1625 1757 ι
1660 1702 1929 1776 (Ηίενοιι.)

327 1798 649 1868 Praecipitur
667 1794 1030 1861 Hierusalem,
1060 1805 1119 1850 ut
1147 1794 1411 1865 quidquid
1437 1793 1600 1853 habet
1635 1792 1771 1851 foris
1797 1794 1928 1853 subv
1964 1791 2007 1848 Β

327 1890 566 1955 stantia,
599 1888 655 1944 iu
685 1887 873 1943 urbem
907 1885 1329 1943 munitissimam
1355 1892 1668 1956 congreget,
1692 1892 1745 1941 et
1773 1884 1932 1961 longe

326 1981 600 2062 obsidioni
623 1988 779 2053 paret
789 1979 1047 2034 alimenta
1062 1995 1078 2042 ;
1094 1992 1153 2032 se
1174 1978 1320 2035 enim
1340 1991 1685 2053 nequaquam
1702 1982 1762 2030 ut
1780 1975 1932 2047 prius

327 2074 403 2131 de
424 2072 606 2131 futuro
634 2080 690 2127 et
717 2070 879 2142 longo
925 2077 1169 2139 tempore
1209 2065 1552 2133 comminari,
1584 2064 1678 2123 sed
1718 2066 1835 2138 jam
1865 2065 1931 2123 de

326 2165 512 2221 vicina
565 2163 881 2235 captivitate
908 2202 927 2228 ,
976 2176 1097 2233 quae
1148 2158 1486 2231 jamjamque
1549 2166 1778 2213 ventura
1838 2159 1926 2215 sit.

326 2249 635 2326 Congrega,
669 2254 868 2325 inquit,
893 2261 949 2309 et
975 2250 1203 2316 deforis,
1228 2259 1286 2307 et
1308 2251 1377 2307 de
1406 2257 1580 2316 terra,
1604 2248 1710 2306 hoc
1732 2256 1839 2316 est,
1862 2265 1926 2305 ex

300 2344 480 2417 agris
519 2342 878 2401 substantiam
924 2349 1074 2398 tuam
1125 2341 1183 2396 in
1231 2338 1624 2397 confusionem.
1662 2340 1932 2412 Quidquid

329 2436 480 2492 enim
507 2434 677 2491 habes
701 2431 1021 2490 confusione
1052 2432 1275 2507 dignum
1297 2439 1548 2504 estzquae
1569 2432 1697 2488 licet
1720 2446 1931 2502 praepa-

331 2539 425 2581 res
473 2525 608 2591 haec,
637 2538 802 2594 super
859 2522 945 2577 his
988 2520 1204 2576 Domini
1254 2520 1397 2578 dicta
1444 2536 1752 2593 cognosce:
1793 2521 1934 2577 Ecce

332 2628 441 2689 ego
476 2613 532 2668 in
559 2614 664 2670 hac
694 2612 838 2679 vice,
867 2612 923 2667 in
951 2611 1056 2668 isto
1083 2620 1348 2682 tempore,
1376 2613 1684 2685 projiciam,
1706 2614 1822 2671 sive
1847 2614 1933 2668 in-

333 2715 455 2764 star
482 2704 662 2762 fundae
703 2702 909 2773 jaciam
958 2702 1120 2775 longe
1169 2702 1506 2760 habitatores
1548 2713 1708 2761 terrm
1750 2702 1930 2775 hujus.

330 2794 446 2853 Pro
493 2809 601 2866 quo
630 2792 779 2849 LXX
826 2793 1169 2863 interpretati
1214 2800 1343 2849 sunt
1382 2811 1397 2849 :
1430 2810 1450 2846 ι
1482 2793 1852 2867 Supplantabo
1879 2803 1936 2849 et

294 2884 532 2951 ,eadere
564 2880 782 2938 faciam.
824 2901 843 2936 ι
889 2880 996 2936 Pro
1043 2896 1153 2951 quo
1176 2884 1347 2938 verbo
1398 2882 1666 2953 Hebraico
1689 2922 1706 2949 ,
1756 2883 1812 2938 id
1851 2891 1935 2941 est

335 2956 492 3063 ν’τιρ,
521 2974 718 3045 Aquila
740 2982 797 3031 et
816 2972 1176 3046 Symmachus
1205 2975 1547 3047 interpretati
1570 2985 1699 3035 sunt
1723 2975 1932 3051 σφενδο-

298 3138 303 3143 _
335 3071 492 3127 νήσω.
524 3066 593 3121 Et
619 3074 705 3123 est
731 3080 921 3122 sensus
947 3084 961 3120 :
996 3066 1173 3123 lnstar
1199 3065 1379 3123 fundae
1405 3083 1528 3125 cum
1552 3068 1702 3125 omni
1730 3069 1933 3142 impetu

336 3160 612 3232 abjiciam,
642 3168 699 3217 et
729 3161 807 3217 sic
830 3176 926 3218 eos
949 3160 1185 3217 obsideri
1208 3160 1425 3230 faciam,
1454 3162 1642 3234 sicque
1666 3141 1935 3220 tribulabo
1962 3141 2005 3204 (ἶ

336 3261 396 3311 et
422 3254 814 3326 coangustabo,
841 3262 901 3309 ut
918 3268 1110 3311 omnes
1138 3254 1191 3311 in
1224 3256 1360 3311 urbe
1384 3256 1749 3326 reperiantur,
1774 3262 1832 3312 et
1856 3253 1937 3313 ef-

336 3343 528 3416 fugere
552 3353 826 3415 nequeant
852 3344 1076 3400 malum.

416 3452 437 3486 ι
481 3433 573 3490 Vae
596 3434 731 3489 mihi
758 3448 922 3506 super
943 3434 1270 3492 contritione
1295 3450 1418 3493 mea
1443 3476 1461 3501 ,
1510 3435 1747 3506 pessima
1777 3436 1935 3509 plaga

344 3540 366 3574 ι
412 3537 554 3579 mea.
585 3542 606 3575 ›
640 3521 991 3597 Septuaginta
1030 3543 1044 3579 :
1086 3542 1106 3577 ‹
1146 3524 1236 3603 Υω
1273 3541 1436 3597 super
1463 3527 1791 3584 contritione
1821 3535 1934 3594 tua,

341 3612 580 3683 pessima
631 3613 787 3684 plaga
832 3623 943 3670 tua.
986 3634 1005 3667 ι
1041 3612 1202 3670 Juxta
1236 3614 1562 3673 Hebraicum
1589 3616 1704 3688 ipsa
1744 3616 1932 3673 Hieru-

340 3704 513 3760 salem
540 3704 800 3776 loquitur,
836 3707 982 3777 quod
1005 3708 1354 3763 vehementer
1380 3707 1576 3783 amicta
1604 3709 1706 3774 sit,
1739 3719 1795 3765 et
1818 3711 1935 3782 pla-

341 3812 467 3868 gam
506 3797 773 3853 sustineat
800 3797 1174 3853 insanabilem.
1214 3797 1373 3853 Just:
1413 3798 1763 3871 Septuaginta
1808 3815 1939 3857 vero

342 3887 608 3958 propheta
641 3887 879 3956 loquitur
910 3888 978 3943 ad
1007 3887 1364 3955 Hierusalem,
1386 3896 1442 3943 et
1473 3887 1682 3969 plangit
1705 3904 1825 3945 eam
1848 3904 1939 3944 su-

346 3992 447 4049 per
473 3977 802 4034 contritione
830 3987 885 4033 et
914 3978 1067 4050 plaga
1104 3994 1224 4034 sua.

425 4088 446 4127 t
490 4068 604 4140 Ego
633 4078 815 4126 autem
836 4070 948 4125 dixi
975 4088 987 4123 :
1026 4069 1193 4126 Plane
1228 4069 1345 4125 lucc
1374 4069 1663 4127 infirmitas
1688 4088 1805 4129 mea
1857 4082 1942 4130 est

351 4182 371 4216 ί
414 4161 542 4236 (sive
570 4161 764 4218 vulnus
794 4160 1021 4233 meum),
1051 4168 1105 4216 et
1127 4162 1359 4232 portabo
1391 4162 1536 4218 illam
1577 4164 1705 4235 (sive
1746 4179 1938 4239 appre-

353 4272 373 4305 ‹
420 4252 609 4309 hendit
641 4251 773 4323 me).
808 4270 827 4305 ι
862 4250 981 4327 Ipsa
1012 4252 1252 4322 loquitur
1276 4251 1636 4320 Hierusalem,
1664 4254 1937 4326 Quidquid

346 4342 525 4413 patior
550 4356 671 4397 mea
699 4340 855 4411 culpa
880 4343 1076 4413 patior,
1098 4343 1336 4415 intelligo
1356 4344 1553 4400 vulnus
1579 4346 1939 4417 meum,quod

347 4429 706 4501 apprehendit
750 4444 861 4497 me,
902 4430 1019 4487 sive
1051 4431 1187 4486 iram
1216 4431 1429 4488 Domini
1472 4433 1781 4502 sustinebo,
1804 4452 1938 4509 quo-

352 4522 496 4575 niam
525 4522 743 4592 peccavi
772 4523 845 4577 ei.

426 4629 447 4664 ι
491 4612 921 4668 Tabernaeulum
949 4628 1131 4673 meum
1154 4622 1427 4672 vastatum
1457 4624 1562 4684 est,
1590 4634 1780 4676 omnes
1804 4615 1943 4676 funi-

356 4722 375 4753 ι
422 4701 528 4757 culi
561 4701 666 4757 mei
699 4702 929 4773 disrupti
959 4711 1085 4759 sunt
1111 4702 1237 4775 (sive
1256 4720 1445 4762 omnes
1468 4706 1635 4778 pelles
1661 4724 1794 4767 mae
1820 4726 1944 4768 con-

354 4814 371 4842 ι
421 4792 610 4848 scissa:
653 4791 839 4862 sunt),
882 4791 976 4848 lilii
1020 4793 1126 4849 mei
1157 4794 1408 4851 exierunt
1454 4811 1487 4852 a
1526 4811 1613 4854 me
1641 4798 1789 4871 (sive,
1816 4815 1945 4857 oves

355 4910 372 4940 ι
423 4889 603 4960 mem),
628 4896 685 4942 et
708 4903 816 4945 non
840 4888 1161 4946 snbsistunl.
1189 4888 1307 4945 Non
1334 4899 1418 4947 est
1448 4891 1543 4962 qui
1576 4893 1834 4949 extendat
1859 4893 1942 4949 ul-

357 5002 375 5035 ι
425 4992 508 5038 tra
540 4981 833 5038 tentorium
864 4995 1041 5036 meum
1083 4978 1210 5052 (sive
1254 4997 1363 5038 non
1408 4990 1493 5038 est
1521 4983 1671 5040 locus
1697 4983 1838 5040 ultra
1865 4994 1947 5041 ta-

358 5093 376 5126 ‹
426 5073 720 5131 bernaculo
744 5074 913 5147 meo),
935 5081 994 5130 et
1029 5072 1122 5147 qui
1148 5072 1326 5145 erigat
1357 5074 1529 5145 pelles
1557 5090 1730 5132 meas.
1763 5096 1783 5130 ο
1811 5076 1951 5132 Sub-

353 5171 662 5228 versiouem
680 5170 831 5228 urbis
856 5184 970 5227 sua:
991 5177 1101 5226 tam
1116 5169 1333 5226 facilem
1350 5169 1561 5243 plangit
1584 5170 1947 5239 Hierusalem,

352 5274 415 5322 ut
444 5279 791 5337 nequaquam
812 5279 1001 5322 muros
1041 5272 1098 5321 et
1122 5264 1306 5322 omnia
1329 5267 1534 5323 mania
1563 5265 1805 5324 funditus
1822 5284 1950 5325 eru-

354 5366 434 5425 ta,
456 5360 554 5416 sed
584 5357 921 5427 tabernaculi
946 5366 1111 5428 atque
1146 5357 1366 5415 tentorii
1412 5358 1739 5417 ablationem
1768 5371 1943 5430 putes.

357 5447 825 5514 Tabernaculum,
867 5449 1062 5519 inquit,
1089 5448 1195 5505 hoc
1238 5456 1345 5515 est,
1375 5448 1641 5507 habitatio
1693 5465 1836 5518 mea,
1865 5466 1951 5506 rc-

356 5548 520 5612 pente
531 5540 743 5596 sublata
756 5546 862 5597 est.
881 5556 901 5592 ι
921 5537 1122 5597 Omnes
1137 5537 1359 5595 funiculi
1373 5539 1481 5595 mei
1493 5540 1725 5612 disrupti
1740 5549 1896 5601 sunt:
1925 5560 1943 5593 ι

360 5638 545 5687 servat
565 5630 902 5688 tabernaculi
933 5630 1328 5709 metaphoram.
1357 5627 1485 5688 Sive
1511 5649 1531 5683 ι
1558 5646 1748 5688 omnes
1781 5631 1951 5703 pelles

360 5732 496 5776 mea
524 5719 813 5778 conscissa:
839 5726 985 5777 sunt.
1016 5716 1138 5775 Filii
1167 5717 1272 5775 mei
1300 5718 1549 5793 exierunt
1575 5736 1607 5777 a
1643 5735 1750 5787 me,
1783 5740 1803 5775 ι
1836 5720 1951 5777 sive

1256 322 1621 383 EXPOSITIO
1662 323 1892 381 SUPER
1925 320 2295 399 ιβιιεΜιΑΜ.
2334 350 2404 363 —-
2443 319 2567 376 LIB.
2613 320 2675 379 V.

1974 4498 2021 4555 D

2026 458 2045 493 ι
2066 454 2265 514 pecora
2295 451 2434 491 mea.
2459 456 2478 489 ι
2496 434 2647 503 Quod
2675 449 2704 488 a
2733 432 2876 489 LXX
2898 431 3162 498 additum,
3195 448 3298 489 non
3328 441 3438 490 stat
3458 433 3614 504 juxta

2027 530 2353 589 historiam:
2385 527 2441 582 in
2470 525 2631 597 longa
2676 523 2822 591 enim
2864 522 3143 593 obsidione
3177 523 3448 593 quomodo
3484 537 3615 582 oves

2026 631 2083 683 et
2108 634 2304 692 pecora
2323 614 2528 673 auferri
2549 622 2800 685 poterant
2824 612 2891 668 de
2912 611 3269 674 Hierusalem,
3294 628 3416 683 quae
3444 613 3609 671 etiam

2028 711 2330 774 sifuissent,
2351 707 2525 763 fames
2540 704 2987 775 consumpserat?
3007 721 3026 754 ι
3051 702 3257 767 Etnon,
3278 703 3472 772 inquit,
3491 703 3622 759 sub-

2027 802 2248 865 sistunt,
2277 819 2297 852 ›
2332 798 2484 855 sive:
2512 810 2619 852 non
2641 801 2787 860 sunt,
2811 814 2829 847 ι
2857 809 3032 863 neque
3055 793 3202 847 enim
3227 792 3471 847 translati
3494 799 3620 846 sunt

2030 891 2089 947 in
2115 888 2445 953 Chaldaaam,
2482 886 2579 942 sed
2606 898 2801 957 magna
2824 898 2957 955 pars
2984 897 3175 938 eorum
3202 882 3486 936 interfecta
3512 891 3617 937 est.

2037 1003 2056 1039 ι
2096 984 2215 1041 Non
2258 990 2343 1039 est
2386 980 2479 1053 qui
2534 979 2795 1036 extendat
2820 976 2962 1032 ultra
2996 975 3289 1031 tentorium
3334 989 3512 1031 meum
3545 991 3559 1026 :
3599 993 3618 1023 ρ

2032 1090 2139 1135 non
2163 1073 2361 1145 estqui
2388 1087 2473 1129 me
2500 1072 2766 1127 instauret
2791 1076 2848 1123 et
2865 1081 3146 1129 murorum
3175 1080 3420 1123 meorum
3452 1063 3622 1133 jaciat

2032 1168 2402 1231 fundamenta,
2431 1162 2523 1234 qui
2553 1162 2621 1217 ad
2647 1160 2818 1217 solum
2846 1173 3017 1229 usque
3043 1156 3294 1228 prostrati
3322 1164 3465 1213 sunt.

2108 1274 2129 1310 ι
2173 1256 2308 1324 Quia
2336 1254 2498 1311 stulte
2521 1262 2752 1324 egerunt
2778 1259 3024 1321 pastores
3048 1290 3064 1313 ,
3104 1258 3159 1304 et
3185 1248 3472 1307 Dominum
3518 1262 3624 1301 non

1975 1384 2001 1395 -
2040 1365 2059 1400 ι
2102 1346 2458 1417 qumsierunt,
2486 1349 2773 1415 propterea
2804 1357 2911 1413 non
2942 1338 3349 1403 intellexerunt,
3372 1345 3427 1391 et
3449 1336 3627 1393 cumis

1993 1481 2016 1501 .
2039 1456 2058 1490 ι
2103 1452 2234 1509 grex
2261 1450 2451 1492 eorum
2474 1435 2751 1504 dispersus
2773 1440 2875 1487 est.
2907 1449 2927 1483 ι
2958 1430 3063 1484 Per
3082 1427 3492 1485 translationem
3536 1440 3627 1495 pa-

2034 1537 2243 1586 storum
2266 1535 2430 1596 atque
2450 1525 2633 1581 ovium
2653 1564 2670 1590 ,
2700 1521 3009 1594 principum
3050 1519 3230 1589 culpa,
3267 1526 3323 1573 et
3360 1516 3627 1587 dispersio

2034 1618 2216 1691 populi
2264 1615 2609 1673 describitur.
2643 1612 2781 1680 Quia
2829 1610 2976 1667 enim
3009 1610 3285 1687 principes
3314 1606 3477 1664 stulte
3506 1621 3627 1677 ege-

2036 1721 2188 1779 runt,
2214 1726 2315 1767 nec
2354 1709 2686 1780 quaesierunt
2716 1705 3021 1770 Dominum,
3054 1718 3220 1773 quem
3272 1708 3386 1757 toto
3435 1698 3629 1755 debue-

2034 1812 2159 1860 rant
2184 1802 2347 1861 corde
2373 1797 2709 1871 perquirere,
2744 1795 2946 1850 ideirco
2967 1802 3023 1848 et
3052 1792 3192 1848 mala
3222 1790 3495 1847 venientia
3519 1805 3626 1845 non

2034 1895 2305 1958 viderunt,
2331 1891 2448 1949 sive
2474 1905 2582 1946 non
2633 1886 3012 1945 intellexerunt
3036 1883 3350 1949 Dominum,
3368 1892 3426 1936 et
3452 1881 3631 1938 omnis

2032 1983 2320 2042 multitudo
2349 1980 2684 2039 Hierusalem
2705 1979 2815 2039 huc
2835 1977 3073 2048 illucque
3100 1976 3344 2047 dispersa
3379 1984 3483 2031 est.

2107 2093 2127 2127 ι
2177 2073 2292 2129 Vox
2320 2070 2615 2129 auditionis
2653 2082 2785 2126 ecce
2810 2067 2977 2133 venit,
3013 2075 3071 2125 et
3106 2067 3399 2125 commotio
3434 2082 3627 2139 magna

2036 2187 2056 2220 ι
2101 2166 2170 2223 de
2199 2173 2348 2229 terra
2371 2161 2682 2233 Aquilonis,
2718 2168 2778 2214 ut
2800 2169 2961 2237 ponat
2986 2159 3239 2215 civitates
3262 2157 3402 2215 Iuda
3425 2159 3481 2214 in
3501 2158 3632 2215 soli-

2039 2278 2058 2311 (
2102 2257 2385 2327 tudinem,
2438 2264 2495 2310 et
2522 2251 2889 2323 habitaculum
2935 2251 3230 2311 draconum
3269 2250 3398 2322 (sive
3452 2250 3631 2311 cubile

2039 2369 2059 2403 ι
2098 2346 2510 2417 struthionum).
2544 2364 2562 2397 ι
2591 2344 2680 2410 Et,
2722 2352 2784 2403 ut
2827 2343 3188 2415 Symmachus
3237 2343 3630 2415 interpretatus

2033 2450 2139 2510 est,
2168 2443 2487 2506 sirenarum,
2520 2454 2621 2510 pro
2650 2452 2759 2508 quo
2787 2436 2845 2491 in
2897 2435 3165 2491 Hebraieo
3198 2442 3338 2494 nam
3389 2432 3627 2505 positum

2034 2543 2138 2591 est.
2154 2532 2329 2590 Verba
2350 2531 2656 2603 prophetam
2682 2546 2701 2580 ι
2729 2527 2890 2601 Ecce,
2916 2525 3112 2595 inquit,
3129 2524 3341 2581 sonitus
3360 2532 3414 2578 et
3435 2522 3627 2579 fremi-

2037 2636 2124 2681 tus
2149 2646 2169 2679 ι
2188 2622 2469 2695 Babylonii
2482 2620 2752 2677 venientis
2770 2618 3004 2682 auditur,
3021 2628 3324 2688 magnaque
3337 2613 3630 2670 oomnmtio

2035 2718 2151 2774 sive
2173 2724 2335 2772 terra:
2361 2720 2542 2770 motus
2578 2712 2648 2768 de
2672 2719 2818 2768 terra
2842 2707 3133 2780 aquilonis,
3167 2715 3224 2762 ut
3254 2720 3446 2761 omnes
3469 2704 3631 2759 urbes

2035 2809 2235 2873 ladem,
2267 2804 2665 2877 habitatoribus
2694 2800 3014 2866 interfectis,
3045 2799 3251 2871 redigat
3283 2799 3337 2855 in
3383 2797 3630 2853 solitudi-

2037 2915 2179 2964 nem,
2203 2906 2259 2955 et
2282 2896 2449 2953 faciat
2476 2911 2574 2971 pro
2609 2892 2920 2950 hominibus
2956 2888 3220 2953 dracones
3244 2887 3489 2947 habitare
3515 2928 3530 2954 ,
3577 2896 3685 2941 et»

2037 2999 2233 3049 cuncta
2257 2994 2523 3045 venenata
2560 2983 2893 3048 animantia,
2929 2982 3046 3051 sive
3099 2980 3453 3044 struthiones,
3486 2979 3630 3049 quod

2037 3089 2094 3138 et
2114 3082 2289 3152 ipsum
2318 3076 2520 3134 animal
2548 3073 2854 3133 solitudinis
2874 3071 3140 3128 familiare
3163 3079 3269 3137 est,
3293 3077 3348 3124 et
3373 3069 3427 3124 in
3451 3069 3633 3125 deser-

2039 3174 2109 3230 tis
2128 3171 2372 3228 nascitur
2396 3185 2460 3227 ac
2488 3169 2729 3225 nutritur
2755 3183 2770 3222 :
2801 3173 2896 3221 aut
2943 3172 3094 3223 certe
3123 3160 3347 3220 Sirenas
3385 3168 3628 3219 monstra

2036 3264 2280 3335 quaedam
2310 3269 2364 3318 et
2393 3262 2695 3319 daemonum
2723 3258 3106 3329 phantasmata
3155 3268 3443 3324 possumus
3470 3252 3628 3309 intel-

2037 3358 2227 3430 ligere.
2255 3355 2383 3411 Haec
2399 3354 2580 3409 omnia
2602 3366 2726 3424 quze
2749 3360 2805 3425 et
2831 3347 3140 3422 praeteritus
3166 3354 3223 3403 et
3242 3359 3482 3418 presens
3511 3360 3628 3401 ser-

2038 3466 2128 3509 mo
2163 3445 2467 3517 descripsit,
2500 3443 2569 3500 ad
2600 3438 2996 3513 persecutionis
3023 3436 3280 3505 Ecclesia:
3323 3434 3627 3492 referamus

2040 3549 2302 3610 tempora,
2329 3534 2552 3609 quando
2575 3531 2928 3588 tabernacula
2957 3528 3173 3609 Domini
3220 3527 3632 3593 subvertuntur,

2039 3639 2094 3686 et
2116 3629 2295 3687 omnis
2320 3626 2586 3684 habitatio
2610 3624 2854 3685 ecclesiae
2883 3621 3147 3695 redigitur
3169 3621 3222 3676 iu
3244 3620 3589 3677 solitudinem
3617 3636 3630 3672 :

2038 3722 2110 3777 Et
2133 3728 2193 3775 ut
2217 3719 2317 3775 ista
2347 3717 2598 3775 universa
2642 3715 2863 3770 veniant
2900 3712 3056 3783 culpa
3107 3722 3387 3781 pastorum
3414 3716 3521 3776 est,
3539 3710 3633 3783 qui

2040 3809 2203 3867 stulte
2226 3816 2474 3878 egerunt,
2515 3813 2570 3861 et
2600 3805 2884 3859 Dominum
2917 3817 3022 3857 non
3048 3801 3397 3870 quaesierunt,
3423 3815 3522 3856 nec
3547 3798 3635 3859 iu-

2043 3899 2367 3955 tellexcrunt
2389 3909 2535 3960 eum,
2565 3902 2622 3949 et
2650 3892 2853 3948 iccirco
2878 3889 3056 3953 omnis
3078 3903 3206 3960 grex
3229 3888 3507 3957 dispersus
3529 3896 3632 3942 est.

2117 4009 2136 4042 ‹
2174 3986 2592 4053 Scio,D0mine,
2615 3985 2741 4056 quia
2762 3998 2869 4039 non
2890 3990 2975 4038 est
2998 3981 3235 4038 hominis
3259 3981 3346 4035 via
3374 3979 3512 4049 ejus,
3538 3994 3638 4034 nec

2048 4101 2066 4133 ‹
2114 4080 2216 4134 viri
2247 4087 2331 4134 est
2358 4086 2420 4133 ut
2444 4075 2689 4132 ambulet
2713 4084 2765 4131 et
2799 4074 3000 4146 dirigat
3022 4088 3242 4146 gressus
3268 4087 3414 4128 suos.
3448 4091 3467 4124 ι
3496 4071 3634 4126 Ειηιι-

2044 4172 2269 4228 bescaut
2291 4168 2414 4225 novi
2438 4165 2843 4239 praedicatores,
2872 4166 2963 4235 qui
2993 4165 3164 4230 aiunt,
3196 4176 3638 4234 unumquemque

2045 4278 2145 4319 suo
2178 4260 2405 4316 arbitrio
2430 4257 2568 4331 regi,
2596 4273 2723 4314 cum
2760 4267 2816 4313 ct
2855 4257 2946 4312 hic
2987 4255 3249 4329 propheta
3281 4253 3447 4318 dicat,
3479 4271 3499 4304 ι
3528 4270 3635 4308 non

2044 4361 2130 4410 est
2160 4351 2391 4407 hominis
2439 4350 2527 4406 via
2567 4349 2686 4420 ejus
2718 4367 2733 4403 :
2773 4368 2791 4403 ι
2822 4356 2878 4403 et
2911 4346 3080 4403 David
3114 4346 3168 4401 in
3198 4346 3364 4418 Iyrico
3395 4342 3637 4399 carmine

2044 4452 2245 4498 canat:
2284 4460 2303 4493 ι
2346 4441 2391 4496 Α
2421 4440 2652 4496 Domino
2704 4454 2921 4509 gressus
2950 4437 3183 4492 hominis
3211 4435 3541 4507 dirigentur,
3584 4442 3639 4490 ct

2049 4534 2190 4591 viam
2221 4531 2338 4603 ejus
2365 4532 2508 4593 volet
2535 4530 2697 4587 nimis
2721 4527 2893 4605 (Psel.
2927 4529 3137 4601 uim).
3169 4548 3187 4581 ι
3223 4527 3349 4583 Sive
3398 4525 3487 4582 hic
3516 4541 3638 4582 seu-

2047 4641 2141 4682 sus
2179 4633 2264 4681 est
2290 4641 2302 4677 :
2337 4621 2490 4691 Quod
2522 4637 2553 4677 a
2579 4619 2890 4692 Babyloniis
2929 4621 3262 4677 sustinemus
3287 4628 3516 4697 nonest
3545 4632 3637 4675 eo-

2049 4733 2168 4772 rum
2200 4714 2555 4778 lortitudinis,
2585 4714 2680 4770 sed
2717 4712 2887 4773 nostri
2931 4711 3108 4768 meriti
3149 4720 3204 4769 et
3253 4711 3638 4782 indignationis

2052 4814 2176 4861 tuae.
2215 4849 2229 4858 .

2125 4916 2143 4949 ι
2190 4896 2417 4967 Corripe
2452 4911 2560 4963 me,
2592 4896 2851 4962 Domine,
2904 4906 3282 4953 verumtamen
3326 4894 3379 4948 in
3410 4892 3639 4962 judicio,

2056 5010 2076 5043 ‹
2123 5000 2307 5048 etnon
2344 4989 2398 5045 in
2439 4988 2620 5045 furore
2649 4998 2764 5054 tuo,
2795 5004 2863 5047 ne
2889 4987 3029 5043 forte
3060 4987 3129 5043 ad
3158 4985 3385 5041 nihilum
3424 4982 3637 5055 redigas

2056 5101 2075 5135 ι
2120 5097 2229 5139 me.
2268 5079 2495 5138 Ell'uttde
2548 5080 2971 5152 indignationem
3017 5090 3164 5134 tuam
3219 5090 3381 5145 super
3426 5082 3637 5146 gentes,

2057 5191 2075 5224 ‹
2121 5187 2243 5242 qua:
2265 5186 2373 5229 non
2399 5179 2773 5240 cognoverunt
2802 5180 2877 5235 te,
2902 5179 2958 5224 et
2983 5182 3146 5237 super
3164 5165 3493 5238 provincias,
3526 5165 3641 5223 sive

2050 5281 2075 5313 l
2120 5262 2520 5333 generationes,
2538 5277 2659 5331 qua:
2681 5275 2876 5316 nomen
2908 5268 3061 5312 tuum
3090 5274 3195 5312 non
3221 5256 3636 5314 invocaverunt:

2056 5373 2074 5404 ι
2116 5353 2244 5424 quia
2285 5353 2639 5409 comederunt
2684 5350 2852 5411 Jacob
2876 5390 2894 5417 ,
2939 5357 2996 5405 et
3046 5349 3445 5411 devoraverunt
3494 5364 3639 5411 eum,

2056 5468 2077 5500 ι
2121 5453 2178 5503 et
2202 5452 2654 5516 consumpserunt
2695 5444 2874 5500 locum
2901 5442 3041 5514 ejus,
3076 5452 3134 5498 et
3185 5443 3349 5507 decus
3392 5440 3511 5512 ejus
3536 5442 3641 5514 (vel

2059 5558 2079 5601 ς
2118 5536 2344 5612 pascua)
2368 5535 2767 5605 dissipaverunt
2787 5534 2917 5607 (sive
2941 5534 3012 5590 ad
3040 5534 3386 5591 solitudinem
3415 5535 3641 5606 redege-

2062 5650 2080 5683 »
2126 5626 2294 5699 runt).
2335 5646 2355 5681 ι
2406 5625 2561 5681 Hunc
2603 5625 2780 5682 locum
2831 5624 2884 5681 in
2932 5624 3144 5698 psalmo
3182 5624 3449 5697 legimus:
3486 5646 3504 5677 ι
3540 5625 3639 5683 1)οο

2057 5721 2221 5788 mine,
2250 5732 2318 5777 ne
2353 5720 2408 5776 in
2437 5718 2619 5776 furore
2666 5728 2756 5776 tuo
2799 5734 2996 5791 arguas
3024 5734 3129 5786 me,
3154 5735 3328 5791 neque
3359 5719 3416 5776 in
3448 5720 3524 5776 ira
3554 5728 3642 5775 tua
