4022 6186
465 329 572 391 887

1118 339 1180 395 Β.
1221 338 1473 397 MBAN!
1514 340 1735 398 MAURI
1770 338 2063 399 ARCHIEP

2163 340 2440 400 IOGUNT.
2476 341 2762 403 OPERUM
2792 344 2974 403 PARS
3009 345 3098 404 lli.

462 447 727 519 corripias
766 464 854 505 me
883 448 1057 523 (Paul.
1108 451 1209 524 vr).
1244 472 1265 506 ι
1306 452 1376 508 Et
1415 462 1498 511 est
1523 469 1716 511 sensus
1744 472 1757 509 :
1786 455 2056 512 Meremur
2084 462 2131 520 Α
2157 455 2265 512 divi
2297 464 2329 513 a
2354 456 2516 517 Patre
2542 472 2665 516 meo
2690 468 2816 517 nota
2844 457 2950 516 feci
2971 460 3124 517 vobis
3161 460 3343 529 (lous.
3376 461 3491 535 xv).
3530 482 3553 517 ι
3578 461 3742 521 Com-

462 540 680 609 quidem
710 542 891 597 omnia
938 557 1061 613 quae
1105 545 1455 611 sustinemus,
1483 546 1541 601 et
1584 545 1757 601 multo
1785 553 2057 602 meremur

460 629 670 702 majora
720 645 883 701 quam
928 631 1185 703 patimur.
1238 633 1626 689 Verumtamen
1673 635 1777 691 hoc
1805 637 2054 701 obsecro,

463 724 523 780 ht
551 726 705 797 quasi
730 724 887 798 pater
916 742 1001 782 me
1030 727 1316 798 corripias,
1353 742 1460 782 non
1507 727 1662 799 quasi
1692 728 2056 795 adversarius,

463 810 524 871 ut
547 814 633 873 me
655 812 913 873 emendes
931 811 1089 887 quasi
1117 816 1306 883 filium,
1334 824 1390 873 et
1413 826 1518 872 nun
1547 818 1741 888 p‘unias
1769 816 1924 888 quasi
1955 818 2059 872 ini-

465 907 685 961 micum:
719 894 963 979 Castigtis
995 904 1138 962 ehim
1174 902 1392 963 omnem
1444 906 1611 961 filium
1658 921 1818 977 quem
1863 905 2057 975 recipis

464 995 652 1069 (Hebr.
671 992 797 1067 itit);
814 1006 866 1053 et
892 999 989 1067 per
1005 1000 1218 1075 onmem
1243 992 1482 1053 dolorem
1497 1012 1562 1053 ac
1581 996 1851 1068 ﬂagellum
1873 991 2059 1051 emen-

464 1089 562 1145 das
586 1082 945 1146 Hierusalem.
968 1086 1168 1147 Hostes
1197 1100 1378 1146 autem
1404 1086 1496 1161 qui
1525 1094 1631 1146 non
1686 1096 1954 1145 noverunt
1985 1096 2054 1153 te,

463 1187 517 1234 et
543 1179 835 1249 previncize
880 1181 995 1237 sive
1037 1182 1311 1251 regiones,
1342 1188 1464 1251 qua:
1510 1184 1618 1236 n'on
1670 1180 2060 1235 invocaverunt

466 1272 662 1325 numen
692 1280 863 1337 tuum,
896 1274 1235 1343 iiequaqu’am
1270 1282 1423 1327 tuum
1464 1270 1663 1327 debent
1692 1272 1894 1326 sentire
1912 1268 2058 1340 Judi-

471 1363 647 1430 ciu‘m,
700 1362 795 1421 se'd
846 1365 1605 1437 indiguationem.'l‘radidisti
1658 1366 1803 1422 enim
1850 1381 1948 1422 nos
1997 1374 2060 1421 ut

466 1454 924 1523 emendaremur,
999 1458 1072 1512 illi
1144 1467 1326 1513 autem
1384 1466 1813 1529 aggravaveruut
1869 1456 2057 1528 jugum

469 1564 648 1605 suum.
687 1546 813 1604 seni
834 1554 945 1604 non
972 1550 1347 1621 pepercerunt,
1363 1558 1418 1603 et
1440 1549 1697 1620 parvulos
1726 1547 2055 1616 afflixerunt,

465 1632 821 1695 comederunt
844 1644 948 1695 nos
988 1629 1041 1695 et
1067 1639 1282 1711 penitus
1316 1639 1662 1704 deiorarunt,
1692 1646 1747 1694 et
1774 1639 1828 1693 in
1853 1646 2059 1694 tantam

466 1720 810 1787 solitudinem
833 1725 1155 1802 redegerunt
1176 1725 1531 1793 Hierusalem,
1563 1732 1624 1784 tit
1641 1734 1700 1785 'et
1721 1728 2058 1800 publicarum

466 1826 523 1878 et
550 1814 885 1894 pri't’atarum
916 1818 1112 1878 aedium
1140 1821 1322 1877 omnia
1348 1816 1694 1893 dissiparem,
1715 1825 1777 1878 'et
1804 1821 2057 1893 populum
2089 1806 2133 1865 Β

463 1910 621 1966 tuum
665 1904 1056 1968 interﬁcerent.
1110 1903 1419 1967 Notandum
1473 1908 1653 1966 autem
1695 1910 1838 1980 quod
1879 1909 2062 1967 furere

469 2000 732 2057 Dominus
761 1998 979 2066 dicitur,
1008 2006 1113 2059 nun
1138 2017 1247 2073 quo
1282 2002 1537 2058 humanis
1564 2002 2063 2073 perturbationibus

464 2088 772 2167 Suhjaceat,
796 2094 892 2151 sed
908 2092 1021 2165 duo
1051 2109 1151 2151 nos
1179 2086 1272 2165 qui
1299 2094 1665 2167 delinquimus
1690 2095 1795 2151 nisi
1825 2092 2063 2151 irascen-

465 2166 578 2259 iein
608 2173 939 2243 audierimus
980 2183 1289 2251 Dominum,
1323 2201 1429 2241 non
1472 2186 1781 2241 timeamus.
1823 2185 1980 2243 Unde
2002 2190 2067 2242 ‘et

466 2275 760 2347 Apostolus
787 2276 979 2333 scribit
1002 2274 1175 2349 (Rom.
1206 2276 1270 2350 ii)
1296 2293 1311 2333 :
1345 2296 1366 2329 σ
1405 2276 1629 2333 Bonitas
1653 2277 1746 2333 Dei
1773 2285 1829 2333 et
1855 2278 2067 2348 patien-

470 2360 548 2423 tia
572 2363 836 2439 provocet
867 2383 967 2424 nos
1001 2369 1068 2423 ad
1097 2368 1498 2439 pmnitentiam,
1529 2383 1628 2424 nos
1656 2377 1836 2425 autem
1866 2371 2062 2425 secub—

467 2458 603 2514 ‘dum
632 2449 885 2516 duritiam
935 2468 991 2515 et
1031 2455 1376 2530 impmnitens
1403 2465 1499 2516 eor
1553 2466 1820 2525 nostrum,
1849 2459 2066 2514 thesau-

466 2540 712 2623 frizamus
760 2552 918 2610 nobis
953 2552 1089 2609 iram
1113 2553 1174 2608 in
1217 2553 1305 2609 die
1345 2553 1440 2609 i'rze
1478 2554 1538 2609 et
1564 2552 1909 2609 perditionis
1929 2550 2062 2623 justi

464 2640 654 2715 Indidi
677 2647 794 2703 Dei.
826 2667 845 2700 ι

458 2810 465 2817 ,
1076 2737 1306 2796 CAPUT
1347 2738 1437 2795 x1.

470 2827 551 2907 ille
570 2827 938 2938 maledicimus
960 2852 1076 2938 ejus
1114 2853 1344 2938 φυῇ-,πονε
1373 2852 1524 2936 απιρἕ
1572 2846 1781 2909 verbum
1828 2827 2062 2938 Domitii,

548 2922 614 2977 de
676 2939 825 2995 paena
877 2922 1076 2994 peccati
1117 2922 1267 2995 initi;
1325 2924 1517 2995 impius
1554 2939 1657 2995 non
1704 2922 2066 2995 sancti/iculur

540 2994 905 3118 {sanauit-515cm
942 2994 1187 3051 suis..De
1215 2994 1407 3061 oliva,
1434 3003 1483 3049 et
1512 2994 1851 3066 pra'dictiane
1891 2994 2064 3049 crucis

627 3081 699 3118 ns
722 3081 762 3118 ι.

627 3081 762 3120 mn.

2155 550 2261 624 que
2316 546 2476 607 amici
2528 535 2756 627 fuerint,
2803 554 2870 609 de
2912 553 3104 609 amicis
3145 561 3429 610 transeunt
3478 554 3533 609 in
3580 555 3745 612 ﬁlios.

2160 638 2180 694 ἱ
2210 636 2485 714 Quotquot
2512 644 2658 698 enini
2688 642 3012 715 receperunt
3038 646 3187 708 eum,
3210 644 3357 699 dedit
3384 645 3468 701 eis
3498 654 3750 715 potesta-

2157 739 2265 788 tem
2298 731 2437 789 ﬁlios
2465 729 2558 789 Dei
2586 733 2704 789 fieri
2732 732 2913 806 (Jban.
2960 728 3023 807 ι).
3062 755 3079 786 ι
3116 734 3271 791 Unde
3304 737 3500 793 amicis
3527 745 3584 794 et
3620 738 3752 796 ﬁliis

2154 820 2399 895 praecipit
2426 842 2439 879 :
2477 842 2495 876 ι
2539 825 2724 882 Estote
2742 824 2968 896 perfecti
2990 826 3130 881 sicut
3152 835 3207 881 et
3231 822 3390 883 Pater
3415 831 3599 883 Vester
3621 844 3752 900 perh

2156 914 2329 971 fectus"
2357 909 2441 972 es't
2462 909 2675 988 (Matth.
2708 918 2784 989 v),
2824 932 2843 969 ι
2875 913 3281 973 similitudinem
3330 918 3607 989 imperans
3635 935 3747 975 non

2155 1004 2539 1073 aequalitatem.
2572 992 2638 1060 Et
2664 1005 2738 1061 ibi
2774 1003 3079 1061 obedientia
3108 1003 3487 1063 mandaturum
3518 1016 3627 1071 est,
3657 1008 3751 1065 hic

2157 1091 2449 1150 Similitudo
2474 1094 2589 1149 Dei.
2632 1094 2895 1165 Quodque
2921 1092 3021 1160 ait,
3051 1114 3071 1148 ‹
3105 1095 3162 1151 in
3188 1094 3274 1151 die
3310 1102 3417 1169 qua
3442 1096 3609 1152 eduxi
3652 1112 3754 1154 eos

2157 1187 2223 1241 de
2244 1184 2387 1242 terra
2410 1182 2652 1260 Eg'y'pti,
2674 1188 2740 1244 de
2763 1187 2983 1244 fdinace
2997 1188 3172 1245 ferrea
3198 1206 3210 1243 :
3241 1210 3261 1242 ι
3290 1191 3382 1245 dat
3403 1190 3567 1248 uobis
3589 1190 3753 1247 intel-

2156 1274 2456 1349 ligentiam,
2483 1278 2628 1349 quod
2656 1277 2902 1334 caminus
2927 1270 2982 1333 et
3007 1275 3199 1333 fortia:
3233 1278 3408 1335 ferrea
3433 1288 3605 1350 atque
3628 1291 3753 1337 sue-

2157 1368 2340 1430 c'ensa',
2357 1365 2723 1422 tribulationis
2745 1366 2993 1437 et
3014 1366 3283 1438 significet
3297 1368 3751 1439 magnitudinum

2158 1475 2264 1514 non
2291 1456 2524 1527 aliquem
2556 1470 2730 1528 plena
2756 1457 2935 1513 locum
2961 1456 3091 1512 ferri
3113 1459 3340 1514 materia
3359 1464 3753 1530 prmparatum.

2160 1549 2360 1624 (θήρ.)
2390 1538 2524 1619 Quis
2568 1547 2714 1605 enim
2750 1549 2841 1607 lest
2890 1546 2995 1607 iSte
3034 1566 3213 1607 sermo
3262 1553 3352 1624 qui
3400 1553 3584 1609 factus
3611 1562 3698 1609 eat
3722 1570 3756 1609 ι

2159 1642 2413 1704 Domino.
2439 1644 2553 1699 sive
2577 1643 2644 1698 ad
2672 1624 2988 1710 leremfam',
3019 1644 3136 1700 sive
3158 1644 3228 1699 ad
3257 1644 3473 1711 lsaiam,
3516 1645 3637 1701 sive
3688 1645 3756 1702 ad

2160 1735 2457 1806 quemlibet
2476 1731 2900 1805 prapbetarum‘.’
2924 1732 2992 1789 an
3019 1734 3108 1791 ille
3128 1733 3220 1806 q‘ui
3252 1735 3375 1791 erat
3402 1752 3434 1791 a
3485 1738 3759 1810 principio

2161 1828 2303 1897 apud
2328 1824 2534 1882 Deum?
2577 1824 2690 1896 Ego
2720 1824 2904 1880 nescio
2930 1822 3073 1880 aliud
3103 1826 3325 1882 verbum
3353 1823 3571 1882 Demini
3620 1844 3760 1899 prae-

2161 1928 2247 1975 ter
2273 1934 2397 1974 eum
2428 1917 2497 1975 de
2517 1933 2625 1988 quo
2654 1916 2787 1973 dicit
2810 1915 3175 1988 evangelista:
3204 1927 3223 1968 ι
3257 1908 3317 1973 in
3337 1919 3614 1989 principio
3640 1924 3759 1975 erat

2161 2016 2361 2067 sermo.
2391 2015 2447 2062 et
2488 2019 2671 2061 sermo
2715 2012 2835 2061 erat
2858 2004 2997 2076 apud
3032 2004 3224 2071 Deum,
3250 2015 3307 2061 et
3326 2006 3621 2064 Deus.érat
3646 2008 3758 2063 ser-

2162 2113 2251 2153 mo
2275 2094 2460 2169 tloait.
2496 2095 2558 2170 ι).
2587 2100 2610 2150 ἰ
2640 2094 2757 2152 Hoc
2782 2103 2962 2151 autem
2990 2095 3135 2151 scire
3160 2095 3437 2162 debemus,
3466 2097 3600 2169 quia
3648 2098 3759 2154 liae

2162 2188 2235 2244 sit
2256 2182 2460 2243 utilitas
2474 2180 2839 2253 credentium,
2869 2186 2913 2242 si
2941 2197 3121 2243 sermo
3149 2187 3216 2241 ad
3245 2187 3486 2259 singulos
3513 2185 3760 2260 quasque

2164 2277 2277 2334 (lat.
2310 2275 2454 2347 Quid
2481 2267 2614 2334 mihi
2642 2277 2788 2335 enim
2830 2277 3073 2348 prodest,
3101 2277 3145 2332 si
3175 2277 3468 2334 descendat
3494 2278 3553 2334 in
3607 2292 3750 2333 mun-

2165 2370 2291 2426 dum
2305 2378 2361 2426 et
2385 2384 2486 2441 ego
2508 2384 2633 2425 eum
2656 2384 2764 2425 non
2791 2362 3062 2426 hab’eaml
3086 2369 3132 2426 Ε
3161 2370 3376 2426 diverso
3396 2377 3583 2425 autem
3596 2372 3758 2427 etiam

2164 2460 2210 2515 si
2237 2460 2303 2514 ad
2335 2458 2645 2514 universum
2673 2458 2933 2514 mundum
2961 2457 3068 2515 no'n
3095 2458 3313 2526 veniat,
3361 2465 3419 2515 et
3452 2475 3558 2532 ego
3610 2460 3760 2516 fuero

2164 2548 2357 2605 similis
2401 2547 2815 2619 prophetarum,
2875 2547 3050 2604 habeo
3099 2555 3244 2605 eum.
3300 2549 3489 2605 Dicam
3551 2559 3757 2616 autem,

2164 2640 2291 2709 quia
2320 2648 2384 2695 ‘et
2409 2638 2477 2694 ad
2504 2638 2709 2711 Moyse,
2745 2648 2803 2695 et
2844 2639 2910 2695 ad
2936 2638 3248 2704 Jeremiam,
3279 2648 3337 2695 et
3365 2639 3434 2694 ad
3456 2640 3682 2705 isaiam,
3708 2650 3762 2696 et

2168 2731 2235 2787 ad
2261 2724 2501 2803 Singulos
2522 2738 2831 2787 sancton
2859 2729 3001 2785 idem
3028 2744 3210 2786 sermo
3259 2731 3675 2786 eammeaverit.
3698 2731 3763 2788 Et

2165 2825 2295 2881 illud
2316 2824 2460 2895 quod
2484 2840 2514 2879 a
2537 2823 2767 2879 Demino
2787 2821 3065 2893 discipulis
3077 2822 3280 2879 dictum
3298 2831 3384 2879 εει
3407 2822 3423 2877 ξ
3447 2836 3466 2874 α
3490 2821 3638 2880 Ecce
3665 2839 3762 2895 ego

2164 2916 2442 2971 vobiscum
2470 2921 2589 2970 sum
2611 2914 2870 2969 'Omnibus
2901 2912 3095 2968 diebus
3122 2928 3291 2984 usque
3316 2915 3386 2968 ad
3411 2923 3759 2970 consumma-

2164 3007 2369 3064 tionem
2397 3005 2579 3062 smculi
2605 3002 2829 3076 (nauli.
2860 3005 3077 3075 xxvm),
3116 3023 3135 3057 ι
3173 3019 3337 3075 opere
3363 3004 3648 3061 servatum
3680 3014 3761 3063 est

2167 3105 2295 3153 ante
2324 3095 2614 3151 adventum
2649 3104 2828 3161 seum,
2859 3109 3021 3165 quem
3070 3095 3321 3151 omnibus
3365 3088 3756 3151 manifestavit.

540 3190 567 3247 ‘c
612 3188 845 3251 Verbum
877 3196 1021 3266 (ιιιὸὰ
1047 3186 1253 3253 laetum
1274 3190 1359 3253 est
1377 3181 1751 3253 ad'leremiam
1777 3211 1808 3251 a
1835 3196 2066 3252 Domino
2091 3167 2137 3232 ο
2168 3188 2301 3245 Erat
2323 3188 2521 3259 quippe
2555 3201 2681 3242 cum
2723 3185 2924 3258 Moyse,
2957 3201 3081 3241 cum
3126 3186 3285 3253 isaia,
3335 3202 3459 3243 cum
3508 3189 3760 3243 omnibus

463 3280 496 3339 ‘t
541 3277 761 3341 dicens:
783 3284 977 3344 Audite
1001 3287 1163 3343 verba
1189 3288 1330 3357 pacti
1366 3286 1492 3358 (sive
1516 3284 1846 3357 testamenti)
1882 3283 2063 3354 hujus,

469 3366 496 3428 ἰ
541 3383 597 3433 et
622 3370 902 3446 loquimini
932 3378 999 3432 ad
1029 3378 1176 3433 viros
1209 3375 1370 3444 Juda,
1402 3385 1457 3433 et
1505 3370 1837 3432 habitatores
1866 3374 2065 3431 Hieru-

472 3468 498 3515 ἢ
542 3464 732 3532 salem,
761 3458 817 3520 et
850 3464 1001 3523 dices
1024 3466 1091 3521 ad
1130 3480 1262 3523 eos:
1291 3465 1418 3523 llaec
1456 3466 1589 3522 dicit
1617 3466 1879 3523 Dominus
1923 3466 2066 3522 Dens

476 3564 493 3608 ‘i
539 3556 727 3613 israel.
763 3576 783 3609 ι
822 3556 938 3613 Non
975 3556 1193 3631 quidem
1235 3567 1319 3615 est
1347 3558 1585 3629 positum
1640 3557 1695 3612 in
1722 3556 1914 3623 titulo,
1964 3552 2066 3613 sub

458 3646 580 3718 ‘quo
613 3655 855 3718 tempore
875 3646 958 3701 vel
976 3647 1075 3702 sub
1108 3661 1217 3718 quo
1240 3660 1390 3719 rege,
1419 3652 1474 3700 et
1524 3654 1689 3715 quoto
1736 3660 1879 3701 anno
1925 3642 2064 3714 ejus,

463 3731 591 3799 'bat‘c
621 3741 905 3813 prophetia
938 3740 1081 3797 facta
1111 3741 1202 3798 sit.
1248 3740 1355 3798 Sed
1387 3740 1758 3812 intelligimus,
1788 3740 1871 3796 vel
1897 3742 2067 3812 prieri

462 3821 770 3905 'pr'dpbetiae
797 3839 853 3887 et
875 3832 1101 3904 tempori
1145 3833 1260 3888 liter
1306 3844 1430 3887 esse
1470 3831 1763 3903 iungenda,
1794 3830 1880 3886 vel
1921 3839 2069 3888 certe

458 3914 594 4005 post
634 3924 850 3995 aliquod
892 3923 1150 3995 temporis
1195 3916 1539 3979 inter'vallu‘m
1580 3921 1783 3995 prioris
1834 3924 2063 3996 propheo

461 4010 582 4076 tiae,
610 4014 753 4070 hunc
776 4014 993 4071 Domini
1021 4015 1090 4071 ad
1112 4012 1440 4087 prophetam
1484 4010 1685 4070 factum
1712 4019 1832 4071 esSe
1861 4029 2066 4072 sermo-

458 4101 613 4162 ‘n‘em.
642 4105 945 4162 Notandum
980 4112 1065 4163 est
1089 4108 1269 4163 autem
1296 4107 1441 4179 quod
1468 4108 1691 4163 verbum
1709 4097 1855 4168 15H:
1870 4108 2065 4180 Aquila

454 4191 525 4251 ‘et
542 4195 903 4268 Symmachus
926 4196 1143 4269 semper
1169 4205 1401 4269 pdcmm,
1429 4196 1780 4269 Septuaginta
1803 4208 1857 4255 et
1883 4197 2061 4256 Theo-

454 4280 616 4347 ‘dotio
672 4299 1075 4357 testamentum,
1119 4290 1460 4361 interpretati
1494 4298 1640 4346 sunt.
1696 4290 1917 4361 Proprie
1967 4286 2063 4346 a'u-

454 4368 581 4437 ‘tein
623 4386 771 4439 nunc
804 4382 870 4437 ad
902 4379 1258 4450 llierusa‘lem,
1284 4389 1341 4438 et
1385 4382 1454 4437 ad
1496 4379 1643 4437 virus
1692 4380 1871 4436 tribus
1908 4378 2062 4436 Judze

455 4458 651 4528 'sermo
679 4472 947 4543 dirigitur.

550 4579 570 4613 ι
620 4556 932 4617 Maledictus
970 4560 1057 4617 vir
1081 4560 1173 4633 qui
1201 4570 1308 4618 non
1339 4559 1573 4616 audierit
1596 4559 1763 4616 verba
1789 4560 1935 4632 pacti
1956 4559 2063 4615 hu-

463 4646 500 4706 ἵ
538 4651 628 4723 jus
642 4654 782 4723 quod
800 4655 1037 4724 prmeepi
1075 4653 1321 4725 patribus
1336 4654 1559 4720 vestris,
1584 4655 1637 4709 in
1664 4654 1752 4709 die
1774 4659 1878 4725 qua
1905 4648 2064 4709 edu‘xi

461 4747 497 4799 ἱ
539 4754 635 4801 eos
657 4742 724 4799 de
750 4754 897 4799 terra
928 4736 1148 4817 Egypti
1171 4787 1186 4811 ,
1236 4746 1303 4801 de
1324 4744 1552 4801 "fornace
1596 4743 1795 4811 ferrea,
1827 4746 2015 4801 dicens
2046 4764 2061 4800 :

474 4851 498 4889 ι
538 4834 736 4891 Audite
763 4849 949 4890 vocem
984 4850 1184 4902 meam,
1206 4844 1260 4891 et
1274 4834 1438 4892 facite
1457 4836 1639 4893 omnia
1663 4850 1784 4905 quae
1810 4836 2067 4907 praecipio

459 4925 497 4981 ἰ
539 4927 719 4991 vobis,
749 4933 801 4983 et
829 4925 986 4981 eritis
1016 4925 1157 4982 mihi
1203 4927 1267 4981 in
1292 4926 1548 4997 pepulum
1578 4934 1632 4981 et
1661 4922 1762 4998 ego
1790 4942 1886 4982 ero
1909 4928 2067 4985 Vobis

462 5018 493 5070 *ε
530 5018 596 5073 in
616 5017 815 5073 Deum.
846 5016 874 5070 ἰ
920 5015 1054 5071 Nam
1084 5014 1304 5087 propter
1330 5017 1544 5088 generis
1594 5017 1904 5089 privilegia,
1955 5035 2063 5075 non

459 5102 691 5180 'pu‘bpter
710 5107 1145 5164 circumcisionis
1162 5107 1414 5178 iniuriam
1449 5114 1504 5163 et
1523 5107 1694 5162 otium
1720 5103 2064 5173 sabbati,sed

457 5194 692 5269 propter
713 5198 1076 5255 obedientiam
1127 5208 1185 5254 et
1211 5196 1354 5252 Deus
1390 5194 1619 5252 efﬁcitur
1660 5198 1841 5269 populi
1868 5197 2062 5267 ‘lsraei,

470 5298 526 5345 et
547 5290 966 5362 lsraelpopulns
991 5289 1127 5361 ejus.
1173 5288 1241 5344 Et
1262 5288 1353 5344 hic
1381 5287 1597 5359 quidem
1630 5289 1785 5359 quasi
1824 5288 1893 5344 ad
1941 5303 2062 5345 ser-

468 5397 568 5439 vos
597 5383 836 5453 loquitur
854 5390 915 5438 ut
936 5377 1189 5454 placeant
1208 5380 1341 5437 Deo.
1390 5372 1449 5437 lli
1488 5376 1780 5452 Evangelii)
1803 5396 1931 5438 vero
1960 5381 2066 5437 Do-

472 5474 650 5530 minus
672 5476 739 5530 ad
762 5475 1056 5545 diSeipuios
1083 5492 1097 5528 :
1140 5493 1159 5525 ι
1195 5473 1324 5540 Vos,
1344 5472 1550 5543 inquit,
1583 5473 1746 5527 amici
1774 5474 1878 5527 mei
1906 5473 2062 5540 estis,

473 5564 518 5620 si
546 5563 783 5620 feceritis
805 5580 926 5635 qua!
949 5579 1048 5635 ego
1068 5564 1324 5634 praecipio
1349 5563 1521 5620 vobis.
1549 5561 1666 5617 Jam
1691 5579 1797 5618 non
1826 5562 1947 5618 dico
1968 5577 2065 5618 vos

475 5666 701 5710 servos:
727 5656 853 5723 quia
883 5668 1074 5709 servus
1099 5654 1271 5708 nescit
1296 5654 1425 5724 quid
1448 5651 1610 5708 faciat
1638 5651 1899 5707 Deminus
1923 5650 2062 5721 ejus.

479 5740 587 5797 Vos
611 5750 795 5796 autem
818 5741 927 5796 dixi
969 5742 1192 5807 amicos,
1222 5743 1345 5812 quia
1380 5743 1561 5798 omnia
1589 5757 1925 5813 quaecunque
1970 5757 2073 5798 au-

2156 3278 2385 3335 tarr'ctis.
2419 3275 2701 3345 Quomodo
2745 3276 2893 3331 enim
2946 3284 3203 3347 poterant
3240 3274 3393 3331 eﬂ'ari
3449 3280 3756 3333 sermonem

2166 3367 2262 3423 Dei
2284 3367 2402 3423 sine
2438 3366 2608 3436 ipsius
2634 3365 2903 3422 sermonis
2949 3366 3217 3421 adventu?
3267 3364 3395 3421 Haec
3444 3376 3634 3422 autem
3665 3378 3758 3423 nos

2166 3457 2260 3530 qui
2297 3456 2649 3515 ecclesiastici
2694 3456 2882 3513 sumus
2935 3457 3108 3529 magis
3151 3458 3413 3513 debemus
3453 3460 3753 3522 advertere,

2167 3550 2261 3622 qui
2288 3549 2539 3606 volumus
2565 3549 2814 3606 eumdem
2838 3548 3014 3604 Deum
3044 3564 3164 3606 esse
3209 3548 3346 3621 legis
3372 3556 3429 3605 et
3458 3549 3754 3621 Evangelii,

2168 3643 2344 3715 ipsum
2380 3643 2549 3699 Deum
2575 3650 2631 3698 et
2656 3642 2954 3712 antiquitus
2983 3650 3036 3697 et
3074 3655 3217 3697 nunc
3245 3650 3299 3699 et
3325 3641 3379 3696 in
3427 3644 3615 3698 omnia
3657 3658 3754 3698 saa-

2164 3736 2288 3792 cula
2319 3734 2659 3792 saeculorum.
2692 3732 2832 3802 Quid
2860 3748 2989 3806 ergo
3018 3735 3166 3789 dicat
3197 3743 3254 3790 et
3295 3750 3396 3790 nos
3433 3736 3752 3791 audiamus:

2176 3843 2195 3879 α
2224 3826 2424 3882 Audite
2448 3826 2615 3881 verba
2644 3824 2976 3880 Testamenti
3002 3822 3163 3894 hujus
3187 3836 3242 3879 et
3266 3823 3556 3895 loquimini
3587 3827 3655 3879 ad
3683 3824 3754 3878 vi-

2162 3917 2262 3991 ‘ros
2288 3918 2447 3986 Juda,
2468 3926 2524 3974 et
2552 3917 2941 3973 inhabitatores
2962 3914 3481 3972 HierusalemaViri
3496 3913 3637 3970 Juda
3664 3930 3757 3970 nos

2168 4024 2356 4066 sumus
2375 4016 2596 4080 propter
2630 4007 2905 4063 Christum
2922 4046 2938 4072 ,
2968 4021 3076 4061 non
3104 4005 3322 4062 dubium
3371 4014 3478 4072 est,
3498 4006 3635 4076 quin
3661 4005 3752 4060 ω

2168 4101 2348 4156 minus
2396 4098 2591 4155 noster
2650 4113 2717 4153 ex
2763 4093 2899 4153 Juda
2945 4106 3099 4153 ortus
3139 4097 3256 4153 sit:
3299 4111 3500 4152 nomen
3548 4112 3758 4168 quoque

2168 4193 2344 4265 ipsum
2364 4190 2511 4247 'iuda
2537 4190 2583 4247 si
2606 4189 2761 4260 juxta
2788 4189 3101 4259 Scripturas
3148 4190 3451 4261 pmbavero
3493 4192 3566 4245 ad
3609 4191 3750 4245 Chn-

2166 4292 2313 4339 stum
2348 4283 2540 4339 referri
2579 4290 2774 4353 potest.
2798 4280 2914 4338 Viri
2957 4278 3117 4347 Juda,
3144 4285 3251 4337 non
3276 4286 3441 4337 erum
3490 4280 3759 4337 iric'reihtli

2156 4376 2336 4432 'Judzei
2376 4374 2615 4440 Christo,
2677 4375 2772 4430 sed
2820 4389 2922 4429 nos
2983 4375 3075 4444 qui
3119 4374 3174 4428 in
3207 4371 3424 4428 Christo
3459 4374 3738 4429 crediturus

2174 4463 2357 4529 rJuda,
2376 4472 2429 4519 te
2449 4462 2672 4518 laudant
2692 4461 2891 4518 fratres
2912 4462 3011 4529 tui,
3031 4477 3222 4517 manus
3241 4470 3346 4517 tua:
3359 4458 3525 4531 sufper
3537 4462 3758 4517 dorsum

2171 4557 2512 4612 inimicorum
2544 4566 2757 4611 tuorum
2787 4554 2941 4627 (Gen.
2968 4558 3179 4627 sum).
3210 4554 3331 4629 {Te
3354 4555 3582 4611 laudant
3614 4570 3757 4610 :non

2167 4647 2317 4704 illum
2344 4646 2535 4702 ludam
2559 4646 2725 4700 illium
2744 4644 2911 4702 Jacob
2928 4644 3126 4702 fratres
3147 4645 3229 4702 sui
3255 4646 3642 4712 laudaveruut,
3666 4646 3758 4701 sed

2168 4739 2313 4794 hunc
2350 4736 2544 4793 Judam
2576 4738 2798 4794 laudant
2822 4736 3023 4793 fratres
3050 4738 3154 4793 sui.
3182 4738 3275 4793 Ait
3305 4739 3506 4809 quippe
3530 4739 3646 4793 tste
3669 4736 3761 4793 Ja-

2168 4829 2299 4884 das:
2339 4846 2358 4880 c
2402 4828 2648 4885 Narrabo
2674 4838 2868 4884 nemen
2896 4835 3045 4883 tuum
3078 4827 3341 4885 fratribus
3368 4830 3529 4894 meis,
3552 4830 3618 4885 “in
3645 4846 3755 4884 me-

2168 4919 2257 4974 dio
2285 4916 2560 4985 Ecclesiae,
2582 4918 2767 4989 hynmi
2788 4916 3120 4973 ‘saerillcabo
3147 4925 3200 4973 te
3227 4917 3398 4990 (Ρωι.
3440 4917 3575 4991 n‘t).
3614 4932 3635 4972 δ
3673 4920 3760 4975 Di-

2170 5011 2312 5066 citur
2339 5012 2407 5066 ad
2436 5010 2585 5065 illum
2622 5008 2861 5065 audam:
2909 5027 2927 5060 ι
2964 5008 3155 5065 Manus
3192 5019 3299 5066 tua:
3342 5022 3508 5081 super
3536 5011 3756 5067 dorsum

2168 5101 2513 5158 inimicorum
2544 5109 2792 5157 tuorum.
2832 5119 2852 5153 ι
2890 5100 2994 5158 Ubi
3047 5102 3313 5171 reperitur
3331 5096 3425 5155 ille
3450 5095 3623 5158 ludas
3672 5118 3754 5161 su-

2166 5205 2266 5263 per
2290 5190 2876 5247 dorsum'initrricorum
2905 5205 3098 5245 manus
3118 5204 3244 5245 suas
3268 5191 3555 5261 posuisse?
3586 5193 3753 5250 histo-

2169 5286 2250 5341 ria
2277 5286 2409 5342 nihil
2438 5287 2506 5342 de
2530 5300 2596 5342 eo
2618 5285 2724 5341 taie
2749 5286 3091 5356 conscripsit.
3124 5284 3185 5340 Si
3215 5296 3397 5342 autem
3442 5290 3756 5344 considera

2170 5376 2459 5431 adventum
2482 5374 2698 5429 Domini
2751 5375 2922 5429 nostri
2943 5374 3083 5429 'Sesu
3131 5373 3332 5430 Christi
3358 5415 3374 5440 ,
3427 5376 3754 5432 destruentis

2171 5465 2464 5531 diabolum,
2495 5464 2848 5535 exspoliant‘is
2874 5466 3209 5537 principatus
3246 5475 3301 5522 et
3345 5475 3667 5538 potestates,
3701 5478 3751 5524 et

2170 5557 2403 5612 ostentui
2434 5572 2529 5613 eos
2548 5557 2814 5621 facientis,
2845 5567 2900 5613 et
2928 5559 3311 5630 triumphantis
3337 5560 3392 5615 in
3421 5561 3591 5632 ligno,
3612 5562 3751 5617 vide-

2172 5648 2255 5703 bis
2279 5649 2550 5719 quomodo
2574 5664 2738 5720 super
2765 5648 2928 5705 istum
2976 5644 3168 5706 ludam
3192 5651 3458 5722 completa
3505 5654 3581 5707 sit
3630 5669 3751 5724 pro-

2160 5741 2354 5812 phetia
2396 5741 2625 5798 dicens:
2663 5759 2690 5794 ο
2720 5740 2909 5798 Manus
2929 5750 3041 5799 tua:
3068 5756 3232 5813 super
3260 5745 3478 5800 dorsum
3508 5744 3751 5801 inimico-
