4022 6186
1171 340 1539 418 ‘nxrosri‘to
1577 338 1804 416 SUPER
1839 339 2209 416 iERElll-AM.
2245 387 2318 399 —
2355 338 2483 412 Lm.
2523 340 2587 414 v.

3421 351 3530 415 890

245 497 374 540 rum
405 489 643 538 tuorum.
687 497 706 531 ι
756 476 826 532 Ει
859 489 1003 530 nunc
1047 474 1115 530 ad
1158 474 1304 529 viros
1355 471 1493 529 Juda
1539 486 1720 528 sermo
1753 453 1832 526 fit.
1864 477 1910 536 Α
1939 478 2122 525 autem
2166 468 2343 523 virum
2390 467 2672 539 Synagoga
2698 467 2917 539 Legem,
2947 449 3180 524 habebat
3226 471 3280 524 et
3334 452 3523 526 Deum.

244 573 392 629 Nulli
415 570 638 629 dubium
669 575 772 633 est,
799 565 928 636 quin
958 564 1026 618 ad
1055 579 1156 618 nos
1179 562 1518 618 Christianos
1540 576 1722 616 sermo
1743 560 1839 640 ﬁat

242 673 470 736 propter
497 660 799 724 Christum,
827 656 918 727 qui
960 671 1026 711 ex
1058 655 1203 710 tribu
1244 653 1380 710 Juda
1413 662 1574 708 natus
1602 661 1704 708 est.
1755 643 1843 706 Fit

243 768 464 823 quoque
483 765 663 808 sermo
681 759 737 806 et
769 749 837 803 ad
859 746 1227 802 inhabitantes
1247 745 1608 810 Hierusalem,
1635 743 1844 799 scilicet

248 845 324 900 ad
353 860 446 900 eos
473 845 566 914 qui
589 843 646 897 in
675 841 905 903 ecclesia
934 840 1200 895 habitant.
1233 837 1359 893 Hmc
1385 845 1470 894 est
1511 837 1708 892 civitas
1731 850 1841 890 ma-

244 936 344 1007 gni
375 937 538 1007 regis,
560 935 675 990 hzec
710 940 795 988 est
824 931 962 986 visio
989 931 1151 1000 pacis.
1182 930 1292 984 Pax
1339 929 1537 1000 quippe
1582 929 1635 983 in
1662 928 1839 992 nobis,

248 1027 303 1082 si
330 1035 508 1080 tamen
544 1024 640 1079 ﬁlii
663 1023 814 1093 pacis
837 1037 1048 1087 sumus,
1080 1021 1468 1092 multiplicatur
1495 1028 1552 1076 et
1577 1021 1838 1076 cernitur.

251 1133 277 1168 ι
316 1115 514 1169 Audite
547 1128 677 1185 ergo
704 1113 870 1168 verba
901 1111 1233 1166 Testamenti
1267 1110 1448 1180 hujus,
1475 1119 1532 1166 et
1562 1109 1841 1181 loquimini

248 1207 322 1262 ad
349 1206 496 1260 viros
523 1204 659 1260 Juda
683 1213 739 1258 et
766 1204 834 1258 ad
861 1203 1228 1258 inhabitantes
1266 1202 1626 1266 Hierusalem,
1655 1209 1711 1256 et
1763 1201 1844 1256 di-

245 1314 346 1354 ces
368 1298 437 1352 ad
461 1312 592 1352 eos:
635 1295 948 1351 Maledictus
976 1295 1139 1350 homo
1166 1294 1258 1363 qui
1285 1310 1396 1349 non
1418 1294 1650 1349 audierit
1677 1294 1842 1350 verba

249 1386 584 1444 Testamenti
613 1383 796 1454 hujus,
823 1385 967 1455 quod
990 1383 1266 1438 mandavit
1286 1382 1528 1452 patribus
1555 1383 1772 1438 vestris.
1817 1401 1837 1435 ι

248 1478 388 1544 Quis
410 1476 582 1544 magis
637 1475 785 1530 audit
813 1473 977 1528 verba
1014 1472 1344 1528 Testamenti
1371 1471 1514 1543 quod
1569 1471 1846 1527 mandavit

251 1570 400 1625 Deus
447 1568 712 1638 patrihus,
742 1581 842 1622 nos
882 1566 974 1636 qui
1005 1567 1061 1621 in
1089 1565 1308 1622 Christo
1343 1565 1634 1629 credimus,
1666 1579 1734 1618 an
1765 1562 1844 1616 illi

251 1660 343 1729 qui
393 1674 568 1729 neque
595 1657 762 1728 Moysi
810 1655 1189 1721 Crediderunt,
1228 1655 1353 1710 dum
1384 1654 1437 1708 in
1464 1653 1682 1709 Christo
1735 1667 1843 1706 non

248 1749 521 1814 credunt,
577 1747 645 1802 ad
697 1761 833 1816 quos
891 1745 1143 1801 Salvator
1193 1745 1311 1798 ait:
1358 1762 1377 1795 ί
1438 1743 1497 1798 Si
1545 1740 1844 1797 crederetis

1941 561 2079 630 Quid
2108 575 2238 632 ergo
2265 559 2739 630 polliceturDeus‘!
2772 578 2789 610 ι
2820 559 2987 613 Erilis
3017 559 3146 613 mihi
3171 557 3224 612 in
3249 556 3526 630 populum,

1939 661 1995 706 et
2019 666 2118 722 ego
2141 665 2235 707 ero
2277 635 2428 706 vobis
2464 650 2517 704 in
2550 651 2739 704 Deum.
2785 669 2803 701 ι
2837 648 2954 704 Non
2990 657 3073 703 est
3102 650 3341 703 omnium
3364 632 3529 718 Deus,

1940 745 2033 799 sed
2057 759 2243 798 eorum
2270 750 2482 819 tantum
2527 741 2724 810 quibus
2772 755 2830 795 se
2862 740 3088 811 largitus
3117 748 3219 794 est.
3250 739 3530 807 Quomodo

1939 835 2263 904 patriarchae
2286 832 2382 897 illi,
2401 831 2642 912 adaquem
2659 831 2812 886 dixit.
2835 851 2852 882 ι
2878 832 2988 901 Ego
3011 848 3130 886 sum
3148 833 3286 888 Deus
3311 842 3467 888 tuus:
3505 853 3525 886 ι

1940 933 1996 978 ει
2015 939 2228 978 rursum
2258 922 2346 976 alii
2372 925 2393 1004 ἐ.
2428 943 2446 974 ‹
2471 911 2576 979 Ero
2607 911 2749 979 Deus
2777 933 2898 979 tuus
2929 943 2940 978 :
2974 945 2991 976 ι
3020 941 3120 980 nec
3143 942 3247 980 non
3274 927 3339 982 de
3365 927 3486 983 aliis
3510 944 3525 980 :

1947 1033 1966 1068 ‹
1994 1015 2122 1080 Ero,
2147 1014 2340 1096 inquit,
2367 1014 2509 1069 Deus
2532 1020 2718 1070 eorum
2739 1034 2750 1070 :
2775 1033 2792 1066 ι
2825 1025 3052 1086 putasne
3091 1017 3376 1087 aliquando
3399 1033 3529 1073 con-'

1942 1106 2220 1175 sequimur
2244 1105 2298 1160 id
2319 1107 2460 1185 quod
2489 1107 2585 1176 per
2610 1106 2850 1180 singulos
2873 1108 3015 1175 dico,
3039 1121 3098 1163 ut
3122 1109 3262 1164 Deus
3287 1112 3529 1166 omnium

1942 1196 2025 1250 sit'
2038 1195 2180 1250 Deus
2210 1204 2411 1249 noster".
2437 1194 2494 1250 Si
2518 1204 2698 1251 autem
2721 1197 2804 1252 vis
2827 1197 3036 1268 plenius
3064 1198 3271 1255 discere
3295 1205 3528 1269 quorum

1943 1285 2016 1341 sit
2035 1285 2199 1351 Deus,
2221 1294 2276 1339 et
2302 1275 2497 1356 quibus
2526 1271 2842 1341 vocabulum
2867 1288 2950 1342 sui
2973 1289 3208 1344 nominis
3229 1289 3490 1360 largiatur
3515 1310 3529 1345 :

1949 1396 1968 1429 ‹
1998 1377 2140 1446 Ego,
2188 1376 2397 1446 inquit,
2439 1376 2580 1430 Deus
2605 1365 2902 1444 Abraham,
2931 1378 3074 1434 Deus
3106 1377 3285 1444 Isaac,
3311 1389 3366 1436 et
3389 1381 3532 1437 Deus

1943 1467 2110 1525 Iacob
2139 1466 2337 1537 (Exod.
2367 1466 2474 1534 ιιι).
2506 1486 2524 1520 ι
2559 1467 2725 1536 idque
2768 1469 2942 1539 ipsum
2975 1484 3250 1541 exponens
3285 1471 3533 1527 Salvator

1945 1559 2022 1612 ait
2049 1575 2062 1611 :
2100 1575 2119 1609 ‹
2155 1557 2300 1612 Deus
2323 1566 2638 1616 autemnon
2659 1567 2742 1613 est
2781 1569 3136 1625 mortuorum,
3163 1562 3256 1616 sed
3285 1562 3531 1618 vivorum

1944 1649 2100 1722 (Luc.
2127 1647 2244 1721 xx).
2278 1669 2296 1702 ι
2325 1648 2457 1717 Quis
2486 1658 2570 1704 est
2597 1651 2882 1705 mortuus?
2912 1649 3109 1720 Utique
3153 1661 3405 1720 peccator
3438 1653 3532 1723 qui

1947 1757 2054 1796 non
2092 1741 2277 1805 habet,
2307 1741 2615 1796 dicentem:
2657 1759 2674 1792 ‹
2716 1741 2830 1812 Ego
2860 1757 2977 1796 sum
3006 1731 3136 1795 vita.
3182 1759 3200 1794 ι
3236 1741 3336 1808 Qui
3369 1743 3532 1798 habet

249 1840 442 1912 Moysi,
475 1838 772 1895 crederetis
799 1837 984 1906 utique
1039 1844 1094 1891 et
1134 1836 1300 1900 mihi;
1330 1834 1397 1890 de
1441 1851 1530 1889 me
1557 1833 1702 1890 enim
1753 1831 1844 1887 ille
1873 1837 1919 1896 Β
1947 1841 2156 1886 mortua
2171 1831 2592 1900 opera?quinec
2609 1831 2734 1886 dum
2752 1833 3124 1900 paenitentiam
3149 1834 3338 1903 egitab
3358 1834 3532 1904 operi-

249 1929 500 2001 s'cripsit;
524 1930 568 1984 si
603 1936 781 1982 autem
817 1927 1011 1982 litteris
1039 1925 1182 1980 illius
1206 1941 1316 1980 non
1348 1925 1588 1990 creditis,
1619 1937 1843 1994 quomo-

250 2023 322 2077 do
375 2021 509 2075 meis
544 2019 728 2074 verbis
757 2017 1013 2073 credituri
1042 2017 1209 2072 estis?
1238 2015 1461 2087 (Joann.
1487 2017 1568 2087 v.)
1610 2034 1629 2068 ι
1658 2014 1847 2084 Itaque

251 2111 328 2167 illi
375 2111 428 2164 in
449 2109 674 2191 Moysen
701 2123 813 2163 non
843 2107 1223 2172 crediderunt,
1271 2121 1371 2160 nos
1400 2121 1528 2160 vero
1563 2105 1846 2160 credentes

252 2203 308 2256 in
343 2200 580 2266 Christo,
601 2199 874 2255 credimus
914 2197 1266 2253 Testamento
1290 2197 1434 2266 quod
1479 2195 1738 2250 traditum
1762 2200 1848 2249 est

250 2306 352 2362 per
381 2289 618 2361 Moysen.
650 2289 718 2343 Et
738 2288 806 2342 ad
835 2301 935 2344 nos
968 2287 1168 2343 dicitur
1198 2300 1268 2342 ne
1307 2284 1576 2340 maledicti
1604 2283 1803 2340 ﬁamus
1827 2296 1846 2338 :

255 2401 277 2436 ι
313 2382 629 2438 Haledictus
655 2381 818 2435 homo
839 2379 930 2449 qui
953 2393 1060 2434 non
1083 2377 1316 2434 audierit
1336 2377 1499 2432 verba
1513 2374 1847 2431 Testamenti

254 2473 420 2544 hujus
439 2472 582 2542 quod
602 2470 884 2546 mandavit
903 2469 1152 2540 patribus
1173 2468 1388 2525 vestris.
1421 2487 1440 2520 ι
1472 2467 1614 2539 Ergo
1637 2465 1712 2521 illi
1737 2481 1850 2521 ma-

253 2564 438 2620 ledicti
459 2571 584 2619 sunt
595 2561 619 2616 ?
631 2560 815 2632 Neque
825 2561 970 2617 enim
986 2559 1276 2615 audierunt
1289 2557 1691 2614 Testamentum
1706 2556 1849 2626 quod

251 2654 533 2711 mandavit
551 2653 693 2708 Deus
712 2653 973 2722 patribus.
999 2669 1018 2703 ι
1038 2651 1098 2706 In
1113 2651 1220 2716 die,
1237 2650 1434 2721 inquit,
1448 2665 1555 2720 qua
1581 2649 1740 2704 eduxi
1755 2663 1850 2704 eos

257 2747 324 2803 de
366 2755 510 2801 terra
535 2743 776 2815 Egypti,
797 2743 866 2798 de
894 2741 1118 2798 fornace
1147 2740 1348 2796 ferrea.
1394 2759 1413 2794 ι
1447 2741 1512 2794 Ει
1538 2755 1638 2795 nos
1665 2739 1853 2794 eduxit

257 2837 404 2894 Deus
415 2836 482 2891 de
494 2843 637 2890 terra
652 2832 894 2906 Egypti,
909 2833 974 2889 de
991 2831 1212 2887 fornace
1237 2830 1416 2886 ferrea
1442 2831 1674 2885 maxime
1696 2827 1852 2898 juxta

1945 1923 2048 1978 bus
2075 1923 2321 1985 mortuis,
2347 1923 2413 1977 de
2435 1923 2630 1991 quibus
2647 1923 2936 1993 Apostolus
2965 1924 3041 1979 ait
3070 1943 3082 1977 :
3118 1942 3135 1975 ‹
3171 1924 3287 1980 Non
3317 1941 3532 1980 rursum

1945 2011 2352 2066 fundamentum
2377 2012 2646 2082 jacientes
2675 2013 3008 2082 pmnitentia:
3023 2015 3090 2069 ab
3113 2015 3365 2083 Operibus
3391 2032 3536 2071 mor-

1944 2106 2053 2158 tuis
2082 2103 2270 2173 (Hebr.
2294 2105 2394 2174 vi).
2437 2124 2454 2155 ι
2493 2103 2549 2158 Si
2584 2119 2714 2175 ergo
2745 2103 2887 2160 Deus
2914 2120 3017 2160 non
3051 2116 3133 2161 est
3173 2115 3532 2173 mortuorum,

1947 2195 2040 2251 sed
2063 2195 2354 2249 viventium
2379 2235 2393 2258 ,
2439 2204 2496 2251 et
2537 2197 2739 2251 scimus
2765 2212 2886 2252 eum
2930 2212 3050 2253 esse
3078 2198 3348 2254 viventem
3377 2240 3392 2263 ,
3443 2203 3534 2270 qui

1945 2295 2301 2342 conversatur
2322 2284 2479 2355 juxta
2505 2285 2780 2342 Christum
2803 2297 2863 2344 ut
2889 2289 3164 2360 particeps
3195 2289 3310 2360 ejus
3333 2290 3446 2346 ﬁat.
3473 2291 3539 2346 Et

1949 2377 1997 2432 si
2027 2377 2278 2432 volumus
2305 2384 2439 2431 utet
2461 2366 2604 2432 Deus
2631 2386 2815 2432 noster
2840 2378 2932 2444 sit,
2968 2380 3340 2436 renunticmus
3360 2382 3540 2452 operi-

1949 2470 2051 2525 bus
2075 2456 2326 2533 mertu'is,
2350 2477 2410 2522 ut
2427 2468 2879 2538 pollicitationem
2903 2480 3057 2526 Suam
3090 2472 3144 2526 in
3191 2473 3347 2530 nobis
3389 2489 3538 2529 com-

1950 2559 2112 2630 pleat,
2141 2559 2326 2614 dicens
2351 2575 2364 2612 :
2404 2576 2423 2610 ‹
2459 2566 2515 2614 ει
2540 2564 2634 2615 ero
2661 2560 2814 2615 vobis
2837 2560 2891 2614 in
2910 2546 3102 2616 Deum.
3144 2581 3163 2614 ι

2028 2667 2048 2701 ι
2095 2637 2168 2704 Ut
2201 2647 2456 2704 suscitem
2482 2635 2874 2716 juramentum,
2919 2651 3060 2720 quod
3083 2647 3263 2719 juravi
3294 2651 3540 2723 patribus

1958 2759 1977 2794 ι
2018 2740 2215 2796 vestris
2245 2740 2496 2796 daturum
2531 2748 2621 2794 me
2666 2733 2747 2796 eis
2788 2748 2990 2796 terram
3016 2728 3274 2798 iluentem
3303 2743 3446 2800 lacte
3483 2753 3542 2801 et

1959 2851 1978 2884 ‹
2021 2818 2199 2914 melle,
2223 2831 2362 2886 sicut
2377 2839 2462 2886 est
2479 2831 2598 2886 dies
2619 2831 2753 2887 haec.
2789 2850 2808 2884 ι
2838 2818 3111 2904 (Hieron)
3135 2822 3326 2887 Patres
3355 2834 3538 2890 viden-

257 2927 648 2998 intelligentem
675 2924 728 2980 id
753 2923 895 2994 quod
917 2923 1178 2993 scriptum
1214 2931 1297 2978 est
1317 2923 1371 2976 in
1395 2920 1620 2977 Joannis
1639 2921 1850 2990 Apoca—
1954 2932 2044 2979 tur
2072 2923 2338 2994 accipere,
2359 2924 2576 2993 quando
2597 2922 2868 2994 accipiunt
2889 2923 3004 2988 ﬁlii,
3035 2932 3089 2978 et
3106 2924 3338 2979 Abrahae
3360 2941 3540 2995 repro-

253 3017 393 3090 lypsi
425 3035 438 3070 :
472 3017 596 3085 quia
618 3014 770 3069 locus
800 3013 892 3068 ubi
923 3012 1180 3067 Dominus
1206 3011 1500 3068 cruciﬁxus
1522 3017 1608 3066 est
1629 3018 1856 3064 vocatur
1955 3015 2144 3070 missio
2172 3013 2470 3084 completur
2497 3012 2552 3067 in
2580 3013 2828 3083 posteris.
2855 2999 3080 3066 Terram
3115 3022 3291 3068 autem
3314 3013 3454 3070 lacte
3483 3024 3540 3070 et

259 3105 577 3176 spiritaliter
593 3103 835 3159 Sodoma
861 3110 917 3158 et
937 3102 1220 3174 Egyptus.
1253 3101 1310 3157 Si
1331 3101 1477 3156 enim
1499 3099 1854 3171 spiritualiter
1957 3105 2116 3162 melle
2148 3112 2458 3160 manantem
2485 3091 2829 3176 hyperbolice
2875 3103 3132 3158 debemus
3168 3095 3413 3174 accipere
3440 3120 3538 3175 pro

255 3198 524 3268 ﬁgypws
552 3196 822 3266 (Ιυίερὶαῐη
879 3195 1187 3249 nominat“?
1203 3233 1218 3260 ν
1257 3203 1311 3248 εί
1335 3209 1441 3248 ηοη
1472 3201 1554 3247 εει
1585 3192 1847 3264 Egimus
1873 3185 1917 3247 C
1950 3213 2132 3252 rerum
2159 3195 2401 3252 omnium
2426 3180 2773 3261 abundantia,
2800 3203 2862 3248 ut
2883 3192 2967 3250 est
2992 3195 3118 3251 illud
3141 3194 3319 3269 (Virg.
3349 3196 3535 3268 Eclog.

251 3291 558 3348 secundum
588 3289 996 3360 intelligentiam
1043 3285 1400 3358 corporalem,
1446 3285 1588 3340 haud
1628 3283 1850 3339 dubium

255 3393 365 3450 est,
383 3383 514 3453 quin
537 3383 582 3437 si
608 3381 939 3437 intellexeris
953 3379 1247 3451 [Egyptum
1262 3377 1560 3448 spiritalem
1581 3384 1635 3431 et
1655 3375 1853 3430 exieris

253 3478 326 3532 de
359 3491 448 3539 ea,
485 3484 542 3529 tu
573 3475 649 3529 sis
688 3471 968 3544 egrediens
1012 3485 1080 3525 ex
1115 3477 1256 3524 terra
1284 3468 1503 3539 Egypti
1535 3468 1599 3521 de
1633 3465 1852 3522 fornace

251 3569 459 3630 ferrea,
484 3574 540 3620 et
561 3565 660 3620 tibi
682 3564 894 3619 dicatur
918 3580 932 3616 :
965 3581 982 3614 ι
1015 3561 1194 3616 audite
1215 3573 1403 3615 vocem
1426 3572 1602 3613 meam
1617 3565 1664 3613 ει
1686 3545 1854 3611 ’ἰθεὶιε

259 3662 413 3730 juxta
447 3662 562 3715 haec
595 3659 802 3715 omnia.
841 3677 860 3710 ι
905 3655 1111 3712 Deinde
1138 3655 1488 3727 repromissio
1529 3655 1620 3710 Dei
1663 3663 1746 3709 est
1785 3655 1852 3710 ad

255 3755 545 3808 audientes
596 3752 640 3807 si
672 3751 898 3806 fecerint
927 3763 1262 3820 quacunque
1290 3747 1544 3818 praecepit
1591 3745 1853 3802 Dominus

263 3845 452 3899 dicens
497 3861 511 3896 :
559 3861 579 3893 ‹
618 3842 786 3897 Eritis
835 3841 964 3895 mihi
1008 3841 1060 3895 in
1112 3838 1367 3910 populum
1413 3846 1468 3891 et
1511 3852 1610 3907 ego
1635 3851 1731 3891 ero
1765 3852 1852 3891 vo-

261 3935 349 3990 bis
373 3936 428 3989 in
462 3934 658 3989 Deum.
697 3953 717 3986 ι
759 3931 874 3987 Non
905 3932 1082 3987 omnis
1108 3931 1200 4000 qui
1229 3945 1288 3985 se
1315 3928 1568 3999 populum
1601 3928 1696 3982 Dei
1732 3942 1854 3984 esse

265 4025 418 4090 dicit,
457 4024 685 4095 populus
721 4023 815 4078 Dei
843 4031 946 4079 est.
980 4021 1284 4076 Iudaeorum
1307 4017 1563 4088 populus,
1599 4016 1851 4088 populum

266 4132 325 4173 se
361 4118 638 4171 vinditans
664 4115 784 4180 Dei,
807 4114 1013 4169 meruit
1033 4112 1250 4176 audire,
1275 4128 1296 4161 ε
1328 4109 1459 4179 quia
1493 4123 1596 4163 non
1619 4107 1854 4178 populus

258 4227 420 4267 meus
445 4226 578 4265 vos:
619 4229 638 4263 ι
673 4221 729 4265 ει
766 4209 968 4264 dictum
995 4216 1091 4262 est
1119 4205 1187 4261 ad
1229 4220 1352 4259 eum
1379 4221 1392 4258 :
1423 4221 1442 4255 ‹
1478 4219 1584 4258 non
1627 4201 1856 4273 populus

267 4315 443 4367 meus,
476 4322 496 4354 ι
537 4309 593 4356 ει
627 4315 838 4356 rursum
870 4299 972 4355 iste
994 4296 1222 4369 populus
1249 4303 1474 4350 vocatus
1497 4302 1581 4350 est
1614 4308 1726 4349 non
1755 4306 1858 4362 po-

263 4395 447 4464 pulus.
471 4413 490 4445 ‹
512 4392 615 4462 Ipsi
641 4393 787 4447 enim
815 4389 1049 4446 annulati
1075 4395 1223 4453 sunt,
1249 4387 1441 4457 inquit,
1461 4401 1547 4442 me
1565 4401 1730 4456 super
1751 4400 1857 4440 non

1952 3288 2039 3362 ω)
2106 3377 2252 3430 Mella
2272 3378 2424 3428 ﬂuant
2446 3376 2556 3439 illis,
2570 3375 2695 3428 ferat
2719 3383 2772 3428 et
2787 3377 2941 3428 rubus
2964 3389 3107 3441 asper
3125 3382 3382 3430 amemum.

1952 3480 2020 3536 Et
2043 3481 2239 3536 iterum
2274 3498 2288 3534 :

2105 3570 2168 3622 Et
2195 3573 2365 3634 passim
2388 3571 2505 3621 rivis
2527 3572 2775 3622 currentia
2805 3574 2909 3622 vina
2936 3574 3193 3636 repressit.

1953 3672 2061 3728 Aut
2089 3682 2238 3729 certe
2280 3673 2611 3744 tropologice
2649 3683 2846 3728 terram
2884 3673 3024 3729 lacte
3049 3683 3104 3729 et
3128 3675 3284 3731 melle
3314 3691 3539 3730 manan-

1952 3773 2059 3819 tem
2074 3764 2272 3820 Christi
2289 3764 2584 3821 Ecclesiam
2601 3766 2920 3832 sentiamus,
2939 3767 2992 3820 in
3015 3783 3120 3836 qua
3144 3768 3354 3836 parvuli
3379 3777 3542 3838 atque

1951 3853 2218 3910 lactantes
2244 3854 2539 3909 educamur
2569 3869 2667 3924 per
2700 3854 2885 3919 ﬁdem,
2912 3863 2972 3908 ut
3007 3855 3277 3924 possimus
3311 3857 3538 3911 solidum

1952 3944 2132 4001 cibum
2163 3958 2375 4012 capere.

2034 4054 2052 4086 ι
2096 4034 2163 4088 Et
2190 4034 2442 4104 respondi
2466 4042 2527 4088 et
2561 4033 2705 4099 dixi,
2749 4033 2937 4097 Amen,
2970 4033 3215 4089 Domine.
3248 4052 3267 4086 ι
3303 4033 3410 4088 Pro
3435 4049 3542 4102 quo

1955 4123 2329 4194 Septuaginta,
2361 4141 2382 4175 ι
2416 4123 2559 4188 Fiat,
2609 4123 2832 4180 Domine
2862 4145 2880 4178 ι
2917 4125 3042 4196 (hoc
3082 4125 3225 4180 enim
3261 4141 3413 4178 amen
3465 4125 3540 4178 si-

1955 4214 2199 4286 gniﬁcat)
2222 4213 2639 4269 transtulerunt.
2665 4214 2885 4271 Dixerat
2905 4215 3164 4272 Dominus
3191 4234 3204 4270 :
3229 4215 3414 4271 Juravi
3443 4232 3537 4286 pa-

1955 4307 2132 4362 tribus
2168 4307 2366 4362 vestris
2391 4307 2643 4362 daturum
2670 4321 2759 4362 me
2795 4307 2874 4363 eis
2899 4317 3100 4364 terram
3133 4308 3274 4364 lacte
3307 4317 3360 4363 et
3386 4309 3542 4363 melle

1959 4405 2270 4452 manantem
2294 4396 2491 4468 (Exod.
2516 4396 2621 4470 ιιι),
2655 4398 2796 4454 sicut
2821 4399 2982 4453 rebus
3006 4399 3142 4469 ipsis
3184 4400 3342 4455 hodie
3387 4415 3540 4454 com-

262 4485 462 4539 Deum.
489 4502 509 4536 ι
535 4483 729 4537 Deillis
751 4481 912 4536 dicit:
942 4497 959 4530 ι
985 4478 1342 4534 lrritaverunt
1363 4492 1450 4531 me
1471 4477 1524 4530 in
1546 4476 1703 4581 idolis
1722 4475 1853 4541 suis,
1887 4487 2236 4589 mebatur.
2271 4485 2538 4555 Propheta
2562 4485 2792 4557 diligens
2819 4487 3072 4558 populum
3105 4504 3261 4543 suum
3312 4500 3539 4558 occupat

269 4584 323 4630 et
353 4590 464 4646 ego
493 4574 788 4630 a‘rnulabor
816 4587 910 4628 eos
935 4585 1096 4641 super
1121 4585 1232 4625 non
1259 4577 1472 4638 gentem
1505 4587 1519 4623 :
1548 4569 1602 4623 in
1641 4576 1854 4639 gentem

263 4669 417 4724 enim
451 4667 802 4736 insipientem
852 4665 1078 4719 irritabo
1111 4676 1206 4718 eos
1244 4661 1420 4733 (Dent.
1455 4659 1653 4731 xxxii).
1690 4679 1710 4711 ι
1750 4659 1858 4716 Nos

271 4757 514 4829 igitur-in
533 4756 784 4826 populum
809 4755 902 4809 Dei
925 4753 1052 4808 facti
1080 4767 1287 4817 sumus,
1307 4758 1362 4805 et
1378 4751 1730 4804 annuntiatur
1742 4748 1858 4818 jus-

271 4847 392 4900 titia
419 4845 617 4917 populo
639 4846 728 4915 qui
771 4851 1025 4897 nascetur
1049 4841 1114 4896 de
1142 4840 1407 4909 gentibus.
1444 4837 1550 4892 lste
1587 4837 1729 4893 enim
1761 4853 1858 4906 pe-

272 4938 434 5009 pulus
460 4937 640 4992 subito
665 4935 922 4990 nascitur.
953 4933 1021 4987 Et
1053 4932 1105 4986 in
1137 4931 1397 5000 prapheta
1435 4929 1693 4998 scriptum
1722 4937 1806 4984 est
1840 4944 1853 4982 :

279 5049 300 5082 ι
330 5029 388 5084 Si
414 5037 541 5083 nata
565 5036 650 5082 est
672 5042 812 5099 gens
842 5026 896 5080 in
927 5022 1092 5080 semel
1125 5041 1137 5076 :
1175 5042 1193 5075 ›
1237 5020 1456 5092 quando
1489 5019 1738 5074 Salvator
1770 5034 1860 5074 as-

276 5120 462 5176 cendit
486 5121 552 5174 ad
602 5120 801 5183 caelos,
852 5126 908 5173 et
937 5115 1286 5172 crediderunt
1333 5129 1439 5167 una
1490 5113 1577 5168 die
1623 5113 1863 5183 quinque

278 5213 467 5273 millia.
494 5220 551 5267 et
594 5212 699 5266 alia
741 5212 828 5265 die
859 5210 1054 5264 addita
1086 5214 1211 5262 sunt
1251 5206 1354 5260 tria
1400 5204 1566 5260 millia
1608 5205 1748 5277 (Act.
1784 5203 1857 5275 v).

279 5302 423 5358 Vere
447 5313 574 5357 tunc
607 5301 707 5355 fuit
733 5314 958 5357 cernere
985 5298 1244 5369 populum
1275 5298 1328 5352 in
1351 5296 1517 5352 semel
1538 5304 1725 5350 natum
1747 5311 1863 5350 ser-

278 5407 442 5450 mone
465 5392 580 5457 Dei,
598 5400 652 5446 et
673 5398 895 5461 repente
914 5390 1150 5445 sterilem
1174 5387 1585 5458 parturientem,
1613 5387 1680 5442 ad
1700 5402 1861 5457 quam

281 5484 482 5538 dicitur
507 5501 521 5536 :
555 5500 574 5533 c
611 5482 822 5537 Laetare
845 5481 1044 5537 sterilis
1072 5496 1194 5550 quae
1236 5496 1344 5535 non
1364 5481 1542 5549 «paris,
1567 5495 1789 5549 erumpe
1802 5489 1865 5535 et

268 5572 522 5627 'e'xtlama
544 5587 666 5642 quze
693 5587 797 5627 non
839 5571 1096 5641 parturis,
1124 5571 1251 5640 quia
1290 5569 1468 5639 plures
1498 5568 1594 5622 lilii
1636 5572 1864 5623 desertae

282 5661 455 5731 magis
473 5676 636 5730 quam
663 5661 779 5730 ejus
800 5675 921 5730 qua:
944 5661 1108 5715 habet
1136 5660 1312 5714 virum
1344 5657 1551 5730 (Calai.
1578 5658 1674 5730 iv).
1715 5677 1734 5710 ›
1764 5659 1866 5714 De-

278 5759 428 5807 serta
443 5749 694 5807 Ecclesia
722 5769 753 5807 a
780 5750 945 5825 Lege,
975 5750 1189 5808 deserta
1209 5760 1327 5808 erat
1351 5758 1406 5807 et
1436 5768 1476 5807 a.
1504 5751 1634 5819 Deo,
1663 5751 1868 5808 habens

1967 4593 2151 4633 vocem
2180 4575 2415 4643 Domini,
2442 4585 2498 4632 et
2520 4577 2668 4646 cupit
2701 4593 2826 4632 vera
2860 4592 3002 4642 esse,
3032 4587 3083 4633 et
3129 4579 3179 4632 in
3216 4588 3529 4648 perpetuum

1963 4682 2282 4738 permanere
2304 4707 2320 4733 ,
2369 4681 2492 4737 qua
2530 4667 2653 4721 data
2695 4675 2838 4721 sunt.
2896 4665 3048 4723 Unde
3086 4667 3203 4720 ait:
3241 4666 3402 4733 Vere,
3432 4669 3538 4722 Do-

1956 4757 2127 4822 mine,
2157 4757 2443 4827 implevisti
2483 4758 2624 4828 quod
2655 4757 2924 4827 pollicitus
2959 4772 3040 4822 cs,
3064 4758 3178 4813 sive
3207 4777 3219 4812 :
3247 4758 3390 4826 Fiat,
3439 4761 3542 4814 Do-

1959 4848 2130 4913 mine,
2183 4850 2285 4904 hoc
2313 4857 2416 4913 est,
2447 4861 2661 4917 semper
2698 4856 2911 4902 maneat
2941 4849 3083 4918 quod
3110 4849 3325 4904 dedisti.

2041 4959 2059 4992 ι
2105 4941 2171 4994 Ει
2198 4941 2334 4994 dixit
2363 4940 2620 4994 Dominus
2645 4939 2714 4993 ad
2743 4953 2830 4993 me
2857 4956 2871 4994 :
2904 4937 3214 4994 Vociferare
3267 4938 3364 5010 (vel
3404 4939 3541 5012 lege)

1971 5047 1991 5080 ι
2035 5031 2216 5084 omnia
2249 5031 2409 5085 verba
2438 5029 2552 5084 hinc
2582 5029 2632 5082 in
2661 5028 2972 5083 civitatibus
2997 5029 3153 5093 Juda,
3179 5037 3232 5084 et
3262 5028 3392 5082 foris
3417 5028 3539 5083 Hie-

1971 5138 1992 5172 ι
2036 5120 2293 5185 rusalem,
2323 5121 2545 5174 dicens:
2571 5119 2769 5174 Audite
2805 5119 2963 5174 verba
2989 5120 3129 5188 pacti
3161 5117 3338 5185 hujus,
3370 5128 3424 5171 et
3465 5119 3538 5172 fa-

1971 5231 1989 5264 t
2035 5213 2139 5266 cite
2181 5211 2292 5265 illa.
2328 5230 2346 5262 ι
2377 5209 2843 5264 Clementissimus
2882 5208 3025 5262 Deus
3064 5209 3374 5278 frequenter
3416 5224 3543 5262 ven-

1961 5309 2086 5356 tura
2124 5288 2389 5368 prmdicit,
2423 5308 2482 5352 ut
2523 5303 2735 5354 tandem
2773 5300 2938 5354 durus
2965 5298 3032 5352 ad
3068 5298 3392 5353 credendum
3431 5299 3547 5352 ani-

1967 5406 2088 5446 mus
2108 5389 2399 5464 molliatur.
2421 5375 2678 5445 ‘Prtedicit
2706 5398 2887 5444 autem
2913 5397 3026 5443 tam
3064 5389 3116 5443 in
3145 5387 3278 5443 urbe
3298 5387 3542 5443 Hierusa-

1965 5480 2093 5541 lem,
2119 5492 2280 5548 quam
2305 5475 2438 5533 foris
2468 5478 2520 5533 in
2551 5493 2702 5549 agro,
2742 5487 2802 5532 ut
2827 5493 3054 5548 quorum
3097 5495 3383 5536 commune
3431 5479 3540 5535 dis~

1968 5571 2172 5626 crimen
2199 5577 2302 5634 est,
2338 5570 2526 5625 eadem
2562 5570 2836 5640 plenitudo
2871 5571 2961 5626 sit.

2046 5679 2064 5711 ι
2111 5659 2248 5728 Quia
2271 5668 2580 5716 contestans
2601 5670 2934 5717 contestatus
2963 5678 3080 5717 sum
3101 5669 3287 5732 patres
3313 5671 3544 5726 vestros,

1973 5771 1997 5802 ·‹
2044 5752 2097 5804 in
2128 5752 2214 5806 die
2241 5767 2347 5821 qua
2376 5752 2536 5808 eduxi
2582 5766 2678 5808 eos
2715 5752 2784 5807 de
2830 5761 2972 5809 terra
3003 5754 3214 5827 (Egypti
3259 5770 3430 5827 usque
3481 5754 3547 5810 ad
