4022 6186
522 338 618 394 89i
1157 336 1218 393 Β.
1261 336 1517 393 ιιΑιιΑΝι
1552 336 1772 393 ιιιιυιιι
1807 332 2127 393 Αιιοιιιειι.
2171 302 2479 392 uocum:
2521 328 2810 393 omnem
2844 335 3025 392 rans
3063 336 3152 392 ιιι.
3694 340 3793 396 sae

524 476 545 509 ι
590 452 733 514 diem
764 454 921 513 hanc.
964 457 1119 515 Mane
1149 473 1483 530 consurgens
1511 466 1849 516 contestatus
1895 474 2015 515 sum
2046 466 2101 513 et
2133 465 2177 520 Λ
2209 459 2363 513 nobis
2388 464 2516 512 sunt
2539 467 2873 529 peccatores.
2906 458 3193 527 Quomodo
3218 458 3381 529 igitur
3403 459 3503 528 qui
3528 460 3673 513 inter
3702 474 3796 517 nos

524 568 543 602 ‹
588 549 696 605 dixi
727 569 742 604 :
773 550 967 606 Audite
986 565 1175 607 vocem
1207 567 1383 607 meam
1410 570 1422 606 :
1449 561 1504 607 et
1531 566 1638 607 non
1664 552 1969 617 audierunt,
2003 564 2104 606 nec
2209 558 2334 602 sunt
2354 557 2667 618 peceatores
2685 549 2935 604 conversi
2964 557 3111 615 sunt,
3135 563 3245 607 non
3266 548 3334 607 ad
3359 549 3791 618 iniquitatespa»

525 660 540 692 ι
588 640 979 697 inclinaverunt
1012 656 1199 699 aurem
1220 658 1394 705 suam,
1416 644 1511 698 sed
1535 644 1785 699 abierunt
1809 643 2105 712 unusquis-
2210 646 2375 704 trum,
2391 639 2713 710 sedpatrum
2728 654 2951 695 suorum
2966 640 3247 709 priorum?
3262 639 3523 710 Bupiioes
3534 639 3797 697 habemus

523 753 540 784 ι
584 747 689 802 que
719 731 772 787 in
794 733 1063 803 pravitate
1091 734 1271 790 cordis
1300 733 1384 789 sui
1413 733 1541 788 mali
1573 751 1586 788 :
1626 741 1683 789 et
1726 734 1911 790 induxi
1942 748 2108 804 super
2204 737 2407 799 patres,
2434 739 2489 786 et
2517 747 2625 786 una
2655 731 2868 801 species
2896 741 2982 787 est
3014 727 3378 803 pessimorum
3414 741 3635 802 patrum
3667 751 3685 787 :
3721 733 3795 787 si-

524 842 541 873 ‹
580 837 674 878 eos
697 823 876 879 omnia
907 824 1071 879 verba
1105 826 1249 894 pacti
1296 823 1475 893 hujus,
1505 824 1648 894 quod
1674 824 1909 895 prlecepi
1938 832 1998 879 ut
2022 824 2107 879 fa-
2204 821 2421 891 quidem
2440 830 2733 892 antequam
2757 822 3127 889 crederemus,
3153 822 3400 879 (Habebis
3426 833 3587 894 pater
3611 833 3797 879 noster

520 932 539 965 ι
584 922 788 970 cerent.
834 934 852 967 ι
887 913 1003 970 Huc
1045 931 1217 987 usque
1239 915 1293 971 in
1319 915 1671 988 Septuaginta
1694 931 1799 973 non
1830 917 2060 973 habetur

2203 908 2336 977 fuit,
2375 920 2435 968 ut
2469 928 2652 969 sermo
2695 912 3044 983 evangelicae
3077 913 3346 979 ostendit,
3374 913 3564 973 dicens
3591 930 3606 967 :
3638 931 3658 964 ι
3692 913 3797 968 Vos

514 1001 775 1073 Quodque
802 1004 1069 1075 sequitur,
1103 1023 1121 1057 ι
1143 1012 1198 1060 et
1216 1020 1324 1063 non
1349 1005 1614 1071 fecerunt,
1641 1027 1659 1060 ι
1678 1007 1747 1062 ab
1767 1006 1848 1062 eis
1862 1007 2098 1077 positum
2203 1002 2270 1058 de
2291 1004 2504 1060 diabolo
2529 1013 2684 1075 patre
2703 1005 2819 1061 nati
2844 1006 2979 1062 estis
3009 1004 3193 1076 (loco.
3224 1005 3369 1072 vni),
3403 1025 3424 1059 ι
3461 1021 3590 1061 eum
3611 1014 3796 1060 autem

513 1098 615 1156 est,
644 1100 700 1147 et
727 1109 850 1149 cum
879 1095 1172 1165 superioris
1208 1096 1423 1167 capituli
1452 1096 1559 1151 line
1590 1096 1877 1163 sociatum,
1910 1096 1964 1151 in
1992 1110 2100 1166 quo
2202 1093 2533 1150 credidimus
2554 1136 2569 1161 ,
2609 1094 2737 1151 facti
2767 1110 2956 1152 sumus
2994 1095 3089 1150 lilii
3118 1096 3238 1152 Dei.
3279 1096 3337 1152 Si
3366 1111 3503 1169 ergo
3528 1106 3656 1167 post
3684 1097 3797 1152 haec

512 1181 771 1252 scriptum
799 1191 882 1239 est
904 1202 917 1238 :
939 1201 958 1235 ι
981 1185 1176 1240 Audite
1198 1186 1359 1241 verba
1381 1187 1523 1257 pacti
1541 1186 1699 1258 huius
1724 1194 1780 1242 et
1801 1185 1961 1243 facite
1982 1185 2095 1253 illa,

510 1281 566 1328 et
594 1289 700 1329 non
719 1274 983 1333 fecerunt.
1012 1295 1031 1329 ι
1049 1276 1185 1347 Quid
1203 1279 1273 1333 sit
1285 1287 1463 1335 autem
1477 1279 1545 1334 de
1566 1295 1726 1335 mane
1743 1294 2092 1352 consurgere,

511 1369 566 1415 et
591 1362 684 1416 Dei
708 1364 872 1420 verba
900 1381 1000 1436 per
1032 1367 1325 1436 prophetas
1353 1368 1435 1423 eis
1466 1364 1782 1438 frequenter
1826 1370 2092 1442 ingerere,

510 1459 565 1505 et
588 1452 817 1508 educere
842 1470 936 1510 eos
955 1456 1020 1510 de
1044 1454 1297 1527 Aigypto,
1326 1466 1383 1511 et
1410 1456 1607 1527 smpius
1628 1458 1920 1513 admonere
1937 1467 1990 1514 et
2015 1459 2095 1513 di-

509 1557 632 1598 cere
660 1559 673 1596 :
708 1543 905 1600 Audite
929 1561 1117 1601 vocem
1147 1562 1342 1613 meam,
1365 1555 1420 1602 et
1455 1546 1575 1603 illos
1605 1548 1801 1604 abiisse
1827 1555 1951 1620 post
1975 1563 2095 1619 pra-

2201 1185 2625 1255 peccaverimus,
2663 1186 3035 1243 convertimur
3075 1201 3184 1242 non
3212 1187 3281 1242 ad
3309 1186 3628 1257 iniquitates
3666 1186 3797 1243 sim-

2199 1274 2413 1346 pliciter
2437 1285 2654 1346 patrum
2672 1317 2687 1343 ,
2716 1276 2811 1333 sed
2835 1285 3054 1346 patrum
3099 1281 3365 1347 priorum.
3394 1276 3476 1332 Ad
3525 1278 3796 1348 approba-

2199 1365 2608 1421 tionem‘autem
2626 1365 2748 1436 ejus
2776 1367 2874 1431 rei,
2889 1367 3017 1436 quia
3036 1365 3278 1436 duplices
3300 1366 3569 1426 habemus
3590 1376 3793 1437 pares.

2201 1463 2419 1510 utemur
2443 1466 2501 1513 et
2528 1455 2696 1513 David
2722 1456 3036 1511 testimonio
3058 1455 3115 1510 in
3139 1455 3561 1527 quadragesimo
3597 1465 3794 1525 quarto

2196 1545 2405 1615 psalmo
2430 1546 2505 1600 ita
2534 1547 2802 1603 dicentis:
2840 1565 2861 1600 ι
2895 1544 3058 1611 Audi,
3086 1545 3223 1611 lilia,
3249 1554 3305 1601 et
3332 1546 3481 1612 vide,
3509 1557 3570 1602 et
3592 1545 3791 1603 inclina

511 1633 731 1689 vitalem
765 1638 945 1692 cordis
982 1638 1086 1705 sui,
1117 1648 1172 1694 et
1215 1647 1401 1709 postea
1423 1641 1502 1695 eis
1533 1640 1775 1704 reddere,
1805 1656 1927 1712 qua:
1977 1656 2094 1697 me-
2195 1650 2383 1694 aurem
2413 1647 2580 1704 tuam,
2612 1649 2669 1695 et
2699 1640 3023 1697 obliviscere
3060 1637 3241 1711 populi
3265 1637 3345 1693 tui
3365 1645 3424 1692 et
3452 1637 3682 1707 donum
3704 1653 3791 1707 pa-

511 1733 699 1781 rentur
717 1728 985 1798 accipere,
1018 1738 1144 1784 ante
1164 1730 1278 1801 jam
1298 1730 1532 1787 diximus
1559 1749 1571 1785 :

2195 1727 2294 1783 tris
2328 1729 2404 1783 tui
2446 1725 2620 1799 (Paul.
2667 1730 2835 1801 xuv).
2876 1749 2895 1782 ι
2936 1729 3099 1784 Pater
3143 1727 3295 1792 dicit,
3330 1727 3679 1783 Oblivisceris
3703 1728 3793 1782 do-

584 1832 602 1865 ι
647 1814 717 1869 Ει
744 1816 881 1871 dixit
904 1817 1167 1875 Dominus
1186 1821 1254 1875 ad
1279 1835 1364 1876 me
1391 1838 1404 1875 :
1432 1820 1653 1877 iuventa
1679 1828 1764 1877 est
1790 1820 2091 1891 coniuratio
2125 1841 2167 1898 η
2195 1830 2340 1871 mum
2360 1818 2533 1887 patris
2553 1818 2653 1883 tui,
2669 1818 2825 1889 quasi
2845 1827 3001 1888 pater
3016 1819 3214 1889 quippe
3232 1816 3455 1890 caepim
3473 1817 3604 1872 audi
3629 1817 3787 1874 illi“

511 1921 530 1952 ς
576 1903 630 1958 in
654 1905 787 1961 viris
814 1905 952 1962 Juda
979 1917 1034 1963 et
1080 1908 1135 1963 in
1179 1909 1578 1965 habitatoribus
1600 1909 1958 1966 Hierusalem.
1990 1909 2090 1965 Re-

510 2014 527 2045 α
572 1998 716 2053 versi
744 2008 872 2055 sunt
906 2002 975 2055 ad
1002 2001 1316 2073 iniquitates
1350 2011 1564 2073 patrum
1602 2019 1826 2060 suorum
1857 2005 2086 2075 priores,

507 2103 527 2139 ι
569 2091 659 2160 qui
684 2091 972 2172 noluerunt
1011 2096 1199 2152 audire
1232 2097 1396 2153 verba
1428 2113 1565 2153 mea.
1609 2097 1678 2153 Et
1698 2098 1754 2154 hi
1784 2114 1912 2172 ergo
1942 2102 2089 2156 abie-

508 2200 525 2231 ι
569 2171 839 2254 ιίιιιιίιοει
870 2186 1000 2242 deos
1033 2188 1257 2255 alienos,
1305 2199 1365 2245 ut
1411 2191 1680 2248 servirent
1724 2191 1821 2248 eis.
1855 2171 2085 2248 irritum

506 2290 525 2321 ι
571 2269 819 2328 fecerunt
877 2275 1069 2333 domus
1119 2276 1287 2334 israel
1338 2286 1395 2335 et
1443 2276 1635 2337 domus
1679 2279 1817 2338 Juda
1870 2292 2084 2353 pactum

506 2368 529 2411 t
568 2378 768 2432 meum,
795 2366 938 2435 quod
987 2369 1165 2440 pepigi
1209 2385 1333 2425 cum
1382 2372 1631 2440 patribus
1674 2387 1883 2429 eorum.
1927 2393 1946 2426 ι
1985 2372 2088 2430 Pro

499 2450 894 2521 coniuratione,
911 2470 1071 2525 quam
1099 2472 1197 2513 nos
1218 2458 1374 2528 juxta
1402 2458 1788 2532 Symmachum
1818 2465 2084 2534 interpre-

501 2542 594 2595 tati
618 2558 806 2599 sumus
824 2585 839 2610 ,
867 2545 1080 2616 Aquila,
1102 2556 1159 2603 et
1180 2547 1323 2604 LXX
1340 2590 1355 2617 ,
1394 2561 1450 2607 et
1478 2552 1776 2610 Theodorio
1803 2555 2086 2629 σύνδεσμον

502 2633 932 2704 transtulerunt,
988 2652 1151 2707 quam
1210 2656 1311 2697 nos
1372 2642 1753 2715 colligationem
1800 2662 2087 2716 possumus

498 2719 696 2777 dicere.
736 2722 890 2781 Unde
918 2734 974 2781 et
1000 2726 1235 2794 Athaiia,
1285 2746 1407 2787 cum
1450 2732 1503 2787 in
1535 2734 1733 2805 templo
1772 2737 1875 2792 sibi
1903 2739 2084 2809 parari

499 2809 726 2868 insidias
756 2814 1201 2885 deprehendisset
1235 2817 1343 2891 (IV
1386 2819 1511 2892 Reg.
1551 2823 1647 2895 xl),
1698 2825 1891 2880 eodem
1920 2827 2086 2883 verbo

498 2901 674 2958 locuta
713 2913 814 2972 est,
846 2925 865 2958 ι
895 2907 1228 2980 Conjuratio.
1252 2909 1572 2980 coniuratio.
1605 2932 1623 2965 ι
1656 2913 1882 2985 Proprie
1904 2923 2083 2971 autem

499 2993 603 3048 hoc
650 2995 816 3051 verbo
851 2995 1128 3069 Scriptura
1175 3002 1436 3067 abutitur,
1472 3003 1691 3073 quando
1744 3019 1850 3058 non
1904 3005 2083 3060 subito

494 3084 825 3159 fortuitoque
851 3100 1094 3160 peccato,
1126 3095 1217 3149 sed
1243 3097 1560 3166 purpuratis
1582 3097 1792 3153 insidiis
1821 3107 1875 3153 et
1897 3097 2083 3167 conju-

496 3175 711 3231 ratione
754 3179 993 3235 tenditur
1030 3182 1097 3236 ad
1125 3182 1399 3248 delictum,
1427 3190 1481 3239 et
1512 3187 1629 3253 pari
1658 3195 1837 3241 mente
1867 3203 2081 3258 unoque

496 3268 677 3323 studio
700 3269 754 3323 id
785 3280 983 3342 agunt,
1005 3280 1064 3327 ut
1089 3273 1187 3328 Dei
1215 3276 1471 3330 mandata
1496 3284 1862 3334 contemnant.
1911 3281 2079 3336 Dicit-

490 3377 603 3431 que
645 3372 827 3432 patres
866 3374 933 3421 et.
979 3366 1119 3423 ﬁlios
1162 3385 1272 3424 una
1313 3379 1495 3427 mente
1534 3375 1761 3445 parique
1810 3379 2077 3434 sententia

491 3452 739 3521 neglecto
790 3454 899 3509 Deo
928 3456 1070 3512 idola
1107 3468 1413 3526 veneratos,
1456 3469 1568 3517 tam
1619 3463 1787 3519 israel
1830 3466 2080 3525 videlicet

489 3558 656 3613 quam
680 3544 899 3600 domum
924 3545 1084 3615 Juda,
1115 3548 1219 3605 hoc
1241 3558 1342 3618 est,
1371 3559 1483 3606 tam
1504 3552 1688 3609 decem
1716 3556 1887 3614 tribus
1914 3574 2076 3630 quam

491 3631 649 3699 duas,
677 3648 908 3704 quarum
936 3636 1222 3709 imperium
1244 3649 1363 3697 erat
1389 3643 1444 3697 in
1470 3643 1770 3702 Jerusalem
1800 3665 1815 3701 :
1853 3657 1915 3703 ut
1940 3665 2076 3719 quo-

494 3737 615 3779 rum
646 3725 701 3779 in
730 3735 1040 3799 contemptu
1062 3730 1157 3786 Dei
1185 3747 1353 3787 unum
1378 3734 1614 3792 studium
1645 3735 1775 3804 fuit,
1804 3753 1905 3809 par
1926 3741 1996 3795 sit
2021 3742 2077 3795 in

490 3814 806 3872 sustinenda
837 3820 1149 3890 captivitate
1193 3824 1534 3895 supplicium.
1560 3825 1760 3901 (θήῃ.)
1791 3829 1848 3885 Si
1882 3844 2078 3901 pecca-

489 3907 733 3963 verimus
779 3924 898 3976 nos,
925 3911 1018 3981 qui
1044 3912 1146 3968 viri
1173 3912 1313 3969 Juda
1337 3924 1560 3986 propter
1598 3917 1874 3975 Christ
1919 3936 2078 3977 voca-

488 4009 634 4063 mur,
657 4005 713 4053 et
736 3998 942 4057 inventi
967 4000 1169 4059 iuerint
1195 4004 1253 4059 in
1275 4013 1462 4062 nostro
1487 4023 1714 4065 numero
1738 4019 2073 4081 peccatores,

484 4086 561 4143 de
589 4088 747 4144 nobis
783 4090 1018 4147 dicitur:
1053 4091 1273 4150 inventa
1305 4104 1390 4152 est
1422 4097 1697 4169 colligatio
1727 4100 1865 4171 (sive
1889 4101 2076 4172 conju-

487 4180 655 4252 ratio)
686 4180 741 4235 in
771 4182 903 4239 viris
926 4182 1062 4240 Juda
1081 4225 1097 4251 ,
1138 4193 1194 4242 et
1226 4187 1280 4241 in
1318 4188 1688 4245 habitantibus
1714 4189 2071 4247 Hierusalem.

484 4268 625 4325 Cum
658 4272 710 4325 in
741 4273 973 4330 ecclesia
1009 4276 1105 4331 Dei
1135 4277 1271 4333 tales
1290 4287 1438 4346 sunt,
1466 4279 1527 4335 in
1550 4281 1747 4350 quibus
1772 4283 2075 4353 reperiatur

488 4363 719 4434 laqueus
745 4366 1068 4437 iniquitatis,
1101 4378 1156 4426 et
1180 4370 1391 4426 vincula
1420 4373 1653 4443 peccati,
1676 4373 1732 4428 in
1766 4381 1974 4429 tantum
2015 4384 2072 4430 ut

486 4454 566 4518 id,
597 4457 741 4525 quod
760 4458 828 4514 de
852 4468 1139 4530 peccatore
1168 4461 1368 4517 dicitur
1385 4503 1399 4528 ,
1426 4463 1508 4518 eis
1537 4464 1716 4520 valeat
1737 4465 2030 4521 convenire
2055 4481 2067 4517 :

2195 1906 2339 1978 Ergo
2377 1906 2625 1977 duplices
2669 1908 2843 1964 nostri
2888 1916 3073 1979 patres
3100 1917 3265 1964 sunt:
3296 1910 3394 1965 sed
3436 1905 3790 1969 obliviscere.

2193 1996 2391 2067 inquit,
2414 1998 2631 2053 domum
2660 1999 2832 2068 patris
2855 2000 2932 2054 tui
2955 2001 3174 2070 prioris.
3200 1999 3260 2056 Si
3282 2001 3449 2072 igitur
3464 2002 3678 2057 oblitus
3698 1997 3790 2055 do-

2193 2102 2340 2142 mum
2369 2089 2540 2157 patris
2564 2089 2638 2143 tui
2662 2089 2862 2159 prioris
2887 2102 3106 2144 rursum
3129 2088 3298 2145 fueris
3318 2091 3393 2145 ad
3415 2102 3647 2160 peccata
3664 2106 3789 2146 etin—

2190 2192 2397 2243 versus,
2442 2178 2678 2235 incidisti
2726 2180 2782 2235 in
2842 2180 2926 2243 id,
2967 2181 3112 2251 quod
3156 2196 3300 2236 nunc
3340 2180 3550 2239 dicitur
3601 2197 3790 2251 pecca-

2195 2277 2306 2324 tum
2337 2288 2350 2324 :
2380 2289 2401 2321 ‹
2424 2269 2687 2326 Conversi
2719 2280 2846 2327 sunt
2876 2273 2944 2326 ad
2972 2271 3288 2343 iniquitates
3312 2281 3535 2344 patrum
3564 2289 3785 2329 suorum

2190 2364 2453 2433 priorum.
2468 2383 2485 2414 ι
2506 2363 2761 2419 Dicebam
2786 2365 2987 2419 dudum
3009 2365 3282 2422 diabolum
3302 2374 3517 2435 patrem
3537 2375 3784 2421 nostrum

2190 2455 2389 2521 fuisse,
2420 2464 2713 2526 antequam
2745 2457 2888 2511 Deus
2935 2465 3123 2514 noster
3165 2458 3338 2512 iactus
3383 2457 3456 2512 sit
3509 2468 3694 2527 pater,
3741 2458 3781 2511 si

2189 2547 2351 2602 etiam
2396 2555 2578 2602 tamen
2608 2563 2749 2603 nunc
2783 2563 2888 2602 non
2930 2548 3195 2604 habemus
3244 2548 3519 2609 diabolum
3547 2557 3782 2619 patrem,

2189 2636 2333 2707 quod
2378 2637 2542 2692 etiam
2566 2636 2635 2692 de
2659 2636 2887 2693 Joannis
2923 2636 3151 2707 epistola
3180 2637 3569 2707 approbemus,
3600 2638 3659 2691 in
3682 2650 3780 2705 qua

2189 2729 2262 2783 ita
2285 2728 2559 2784 scribitur.
2593 2748 2613 2779 ι
2646 2727 2836 2785 Omnis
2866 2728 2959 2798 qui
2986 2736 3270 2798 peccatum
3293 2725 3448 2794 facit,
3470 2742 3543 2782 ex
3569 2727 3781 2782 diabolo

2188 2827 2349 2874 natus
2371 2829 2455 2874 est
2472 2818 2525 2891 (1
2546 2818 2707 2874 loco.
2732 2818 2838 2890 ιιι).
2878 2838 2899 2871 ι
2933 2817 2992 2874 Si
3021 2819 3201 2874 omnis
3224 2819 3317 2889 qui
3340 2826 3634 2888 peccatum
3653 2814 3779 2871 facit

2186 2927 2252 2966 ex
2303 2910 2516 2967 diabolo
2564 2920 2728 2967 natus
2772 2918 2874 2978 est,
2916 2911 3079 2968 toties
3106 2926 3175 2966 ex
3209 2910 3423 2968 diabolo
3461 2909 3767 2973 nascimur;

2187 3003 2400 3074 quoties
2448 3016 2737 3072 peccamus
2779 3019 2793 3056 :
2843 2999 3030 3056 infelix
3080 3000 3173 3057 ille
3211 3001 3308 3070 qui
3354 3015 3576 3070 semper
3619 3014 3779 3071 gene-

2188 3100 2339 3146 ratur
2365 3107 2396 3145 a
2427 3091 2657 3156 diabolo,
2702 3106 3029 3161 rursumque
3072 3091 3301 3147 multum
3341 3092 3541 3148 beatus
3582 3092 3681 3163 qui
3711 3107 3772 3148 ex

2132 3216 2152 3260 γ
2188 3185 2298 3239 Deo
2346 3199 2561 3255 semper
2589 3185 2849 3241 nascitur.
2882 3183 3069 3260 Neque
3103 3184 3248 3240 enim
3272 3186 3451 3242 semel
3491 3186 3673 3246 dieam
3693 3186 3774 3256 ju-

2183 3283 2324 3330 stum
2367 3290 2434 3330 ex
2482 3275 2592 3330 Deo
2636 3284 2843 3341 natum,
2871 3276 2968 3331 sed
2999 3290 3100 3346 per
3124 3274 3331 3347 singula
3360 3276 3586 3332 virtutis
3611 3290 3771 3348 opera

2183 3378 2397 3434 semper
2419 3364 2602 3435 justus
2630 3365 2873 3421 nascitur
2912 3379 2978 3420 ex
3016 3364 3146 3420 Deo.
3179 3365 3293 3423 Hoc
3340 3375 3527 3421 autem
3556 3376 3627 3421 ut
3665 3366 3772 3438 ple

2182 3454 2303 3508 nius
2329 3454 2500 3523 possit
2525 3455 2766 3524 probari,
2796 3455 2961 3509 etiam
2997 3455 3065 3510 de
3091 3455 3391 3511 Saivatoris
3433 3458 3615 3512 nostri
3645 3471 3770 3527 quo-

2183 3544 2383 3600 tidiana
2411 3546 2690 3600 nativitate
2720 3545 2986 3611 dicamus,
3034 3546 3236 3616 liquido
3261 3546 3316 3601 id
3348 3546 3411 3600 in
3445 3544 3619 3614 iustis
3640 3546 3769 3602 obti-

2180 3642 2392 3700 nentes,
2413 3634 2558 3704 quod
2584 3634 2640 3689 in
2664 3634 2894 3697 Domino
2916 3636 3276 3706 praecesserit.
3310 3634 3575 3692 Salvator
3592 3644 3769 3692 noster

2178 3724 2435 3795 splendor
2457 3734 2541 3781 est
2590 3725 2880 3792 claritatis,
2929 3726 3186 3797 splendor
3212 3738 3395 3783 autem
3446 3743 3561 3783 non
3608 3727 3765 3784 semd

2178 3817 2439 3882 nascitur,
2467 3827 2524 3871 et
2546 3815 2800 3887 deinceps
2826 3816 3029 3873 desinit
3050 3817 3232 3885 nasci,
3270 3818 3368 3873 sed
3419 3818 3766 3888 quotiescunc

2178 3922 2285 3978 que
2321 3916 2499 3963 ortum
2543 3907 2706 3967 fuerit
2731 3909 2937 3974 lumen,
2968 3926 3035 3966 ex
3061 3925 3170 3980 quo
3193 3910 3448 3980 splendor
3469 3911 3668 3974 oritur,
3694 3920 3766 3965 to-

2178 3998 2283 4053 ties
2307 3998 2486 4053 oritur
2520 4008 2577 4053 et
2601 3998 2856 4070 splendor
2890 3999 3174 4056 claritatis.
3205 3999 3454 4057 Salvator
3472 4010 3670 4067 noster
3692 4016 3765 4055 sa-

2176 4087 2380 4159 pientia
2395 4096 2478 4142 est
2491 4087 2607 4154 Dei,
2625 4106 2645 4139 ι
2667 4090 2930 4159 sapientia
2953 4106 3082 4146 vero
3102 4090 3355 4161 splendor
3368 4091 3764 4151 estluciszeterv

2176 4191 2261 4232 na:
2286 4174 2471 4248 (Prov.
2487 4175 2627 4247 vm).
2648 4197 2668 4230 ι
2686 4177 2781 4233 Sic
2800 4179 2965 4250 igitur
2987 4178 3237 4237 Salvator
3257 4195 3475 4250 semper
3498 4181 3764 4245 nascitur,

2175 4277 2231 4323 et
2250 4268 2458 4324 idcirco
2479 4268 2631 4335 dicit,
2645 4279 2772 4324 ante
2789 4285 2980 4327 omnes
3002 4272 3362 4329 autemeolles
3386 4281 3620 4343 generat
3640 4287 3725 4329 me
3745 4289 3760 4325 ;

2175 4374 2284 4415 non
2308 4367 2370 4414 ut
2389 4359 2610 4430 quidam
2632 4359 2771 4417 male
2798 4360 3085 4431 legerunt:
3106 4362 3405 4432 generavit.
3428 4381 3448 4412 ι
3473 4361 3535 4418 Si
3556 4378 3762 4432 seraper

2174 4463 2241 4505 ex
2266 4458 2422 4521 patre
2445 4450 2689 4505 nascitur
2710 4450 2991 4517 Dominus,
3016 4452 3184 4509 etiam
3205 4452 3331 4508 tuin
3351 4452 3759 4509 similiuulinem

489 4562 514 4596 ς
553 4544 796 4603 Vinculis
849 4559 1198 4619 peccatorum
1249 4568 1471 4608 suorum
1515 4556 1889 4626 unusquisque
1941 4571 2071 4611 con-

2184 4539 2320 4611 ejus,
2347 4541 2393 4598 si
2424 4548 2637 4596 tantum
2674 4542 2980 4612 adoptionis
3004 4544 3210 4598 habens
3233 4542 3487 4613 spiritum
3506 4584 3522 4607 ,
3551 4558 3761 4613 semper

482 4636 795 4708 stringitur,
820 4659 839 4692 ι
865 4649 993 4699 tunc
1022 4643 1151 4699 dicit
1180 4644 1322 4700 Deus
1347 4661 1364 4701 :
1397 4664 1415 4697 ι
1452 4646 1672 4703 inventa
1698 4657 1782 4704 est
1803 4649 2071 4720 colligatio

2172 4633 2453 4703 generaris
2479 4649 2510 4687 a
2544 4632 2655 4688 Deo
2678 4648 2777 4702 per
2795 4633 3034 4703 singulos
3063 4634 3388 4699 intellectus,
3415 4650 3518 4704 per
3549 4634 3759 4705 singula

486 4728 546 4784 in
577 4730 710 4784 viris
738 4728 896 4787 Juda.
932 4748 951 4783 ι
983 4733 1183 4789 Verum
1221 4751 1327 4791 non
1371 4737 1676 4792 invenietur
1711 4739 1982 4812 colligatio
2018 4740 2069 4793 in
2169 4738 2354 4793 090m,
2384 4733 2442 4779 ei
2485 4724 2741 4779 emolefis
2786 4724 2927 4780 ﬁlius
2978 4726 3076 4781 Dei
3134 4727 3188 4781 ίη
3242 4727 3463 4782 (ληίδα)
3490 4726 3647 4792 Ῐϐευι
3677 4729 3756 4783 cui

485 4820 680 4887 nobis;
711 4823 981 4891 quomodo
1008 4833 1188 4880 autem
1232 4841 1339 4882 non
1381 4827 1686 4882 invenietur
1713 4829 1983 4900 colligatio
2017 4829 2068 4883 in

2184 4822 2255 4870 est
2275 4814 2512 4878 claritas,
2536 4823 2593 4869 et
2618 4814 2904 4886 imperium
2931 4815 2987 4870 in
3009 4817 3204 4873 smcuia
3238 4818 3587 4875 smeuiomm.

484 4913 667 4980 nobis,
696 4913 741 4970 si
774 4929 944 4984 usque
985 4916 1052 4973 ad
1076 4915 1218 4971 hanc
1241 4917 1433 4973 horam
1469 4917 1742 4989 colligatio
1768 4918 1823 4972 in
1852 4919 2070 4989 quibus-

483 5004 614 5058 dam
631 5003 750 5060 est?
772 5001 907 5061 Sed:
931 5024 949 5056 ι
969 5004 1116 5062 solve
1134 5021 1295 5062 omne
1319 5006 1594 5063 vinculum
1618 5007 1938 5078 iniquitatis,
1961 5008 2072 5064 dis-

490 5094 639 5150 solve
659 5094 1015 5169 obligationes
1035 5096 1394 5154 violentarum
1422 5100 1927 5162 commutationum,
1955 5114 2071 5154 om-

492 5202 614 5243 nem
640 5188 1090 5258 conscriptionem
1111 5187 1352 5260 iniquam
1374 5188 1598 5260 dissipa,
1624 5188 1812 5261 frange
1831 5188 2072 5245 esurien-

490 5280 635 5336 tibus
668 5296 864 5353 panem
893 5291 1064 5339 tuum.
1107 5304 1126 5338 ι
1165 5283 1384 5340 inventa
1425 5293 1508 5340 est
1547 5300 1679 5356 ergo
1708 5284 1978 5356 colligatio
2015 5283 2071 5339 in

489 5373 623 5430 viris
648 5373 802 5443 Juda,
826 5384 880 5433 et
897 5378 950 5433 in
974 5377 1341 5435 habitantibus
1362 5377 1417 5432 in
1430 5376 1749 5433 Jerusalem.
1772 5396 1791 5428 α
1814 5376 2074 5431 Conversi

491 5474 618 5520 sunt
641 5465 709 5520 ad
742 5467 1054 5539 iniquitates
1079 5477 1291 5541 patrum
1317 5482 1536 5525 suorum
1563 5467 1803 5540 priorum
1835 5484 1847 5520 :
1889 5483 1906 5516 ι
1936 5479 2070 5520 con-

491 5555 637 5610 versi
659 5567 784 5611 sunt
804 5559 871 5613 ad
892 5558 1227 5627 iniquitates,
1242 5556 1509 5627 quorum?
1532 5571 1640 5611 non
1661 5555 1736 5609 ait
1760 5553 2077 5624 simpliciter

498 5662 518 5693 ι
545 5654 766 5713 .patrum
786 5688 801 5712 ,
835 5667 853 5699 ι
885 5648 977 5702 sed
1010 5662 1132 5701 cum
1161 5651 1526 5704 additamento
1553 5667 1572 5699 ι
1608 5656 1822 5718 patrum
1854 5661 2073 5701 suorum

493 5736 755 5806 priorum.
789 5756 805 5786 ι
844 5736 1086 5792 Diximus
1109 5739 1174 5793 de
1204 5740 1358 5794 nobis
1385 5740 1499 5795 ιιιεο
1527 5738 1631 5792 dici
1652 5779 1665 5804 ,
1696 5747 1749 5792 et
1781 5736 1985 5805 his‘qui
2019 5735 2072 5790 in

2248 4924 2268 4957 ι
2316 4906 2678 4973 Quamobrem
2704 4907 2821 4961 inec
2842 4906 2972 4963 dicit
2992 4907 3253 4964 Dominus
3279 4926 3292 4962 :
3322 4909 3464 4964 Ecce
3485 4926 3593 4981 ego
3614 4910 3759 4969 indu-

2154 5015 2204 5049 »ι
2250 5013 2369 5053 cum
2414 5012 2579 5068 super
2603 5012 2699 5053 eos
2733 4998 2908 5065 mala,
2936 4999 3005 5054 de
3038 4999 3237 5070 quibus
3274 5001 3429 5056 exire
3464 5018 3581 5058 non
3619 5011 3759 5072 pete-

2183 5108 2202 5140 (
2246 5097 2374 5143 runt
2415 5096 2472 5143 et
2498 5087 2811 5143 clamabunt
2837 5089 2907 5144 ad
2944 5104 3051 5154 me,
3081 5098 3137 5144 et
3172 5105 3278 5145 non
3315 5090 3610 5145 exaudiam
3650 5105 3757 5145 eos.

2185 5199 2203 5230 ι
2248 5179 2316 5233 Et
2337 5179 2489 5235 ibunt
2509 5178 2760 5234 civitates
2779 5176 2939 5244 Juda,
2957 5188 3013 5234 et
3041 5179 3374 5235 habitatores
3400 5178 3759 5239 Hierusalem.

2185 5290 2205 5321 ι
2245 5279 2300 5325 et
2322 5270 2631 5326 clamabunt
2660 5270 2728 5325 ad
2766 5271 2916 5335 deos,
2963 5271 3161 5340 quibus
3205 5270 3394 5335 libant,
3424 5280 3484 5326 et
3521 5287 3632 5327 non
3661 5270 3759 5329 sal.

2186 5382 2207 5412 e
2249 5363 2449 5417 vabunt
2461 5378 2556 5417 eos
2571 5362 2624 5416 in
2636 5370 2879 5431 tempore
2888 5360 3201 5417 amictionis
3214 5376 3425 5417 eorum.
3449 5380 3471 5414 ι
3489 5359 3759 5432 (Hieron)

2179 5453 2295 5511 Non
2316 5455 2536 5509 exaudit
2556 5455 2698 5517 Deus
2718 5452 2772 5507 in
2790 5462 3033 5524 tempore
3052 5452 3462 5511 necessitatiset
3480 5450 3759 5522 angustim.

2176 5546 2301 5616 quia
2333 5555 2388 5600 et
2413 5544 2491 5599 illi
2520 5545 2711 5600 audire
2750 5544 2972 5601 verbum
3017 5543 3232 5599 Domim'
3266 5542 3584 5599 minorum.
3608 5538 3757 5608 Quod

2179 5646 2233 5692 et
2262 5637 2389 5693 Saul
2414 5652 2611 5705 passus
2635 5646 2722 5692 est
2742 5635 2764 5707 (
2782 5634 2809 5689 ι
2846 5634 2978 5706 Reg.
3027 5634 3238 5704 xxvm)
3264 5651 3277 5686 ε
3307 5649 3435 5689 cum
3460 5632 3610 5689 entire
3637 5627 3758 5684 Phi-

2178 5732 2401 5786 listhiim
2431 5731 2645 5801 agmina
2698 5727 3089 5789 reformidans,
3121 5727 3345 5783 verbum
3394 5724 3608 5783 Donoini
3656 5734 3756 5777 non
