4022 6186
314 277 428 347 893

1247 281 1608 349 EXPOSITIO
1647 287 1872 347 SUPER
1907 285 2274 349 JEREMIAM.
2308 321 2378 332 ——
2399 284 2527 349 LIB.
2568 285 2658 348 Vi.

3485 293 3592 354 8ῦῶ

312 399 609 474 meruisset
630 397 1216 469 accipere,conversus
1240 403 1306 457 ad
1330 404 1698 477 pythonissam
1719 444 1734 470 ,
1757 411 1817 458 ut
1836 403 1905 460 ab
1932 425 1979 485 Α
2011 402 2175 469 idola,
2211 412 2269 461 et
2300 404 2354 458 in
2377 417 2444 459 eo
2469 418 2528 459 se
2561 410 2717 476 putat
2749 400 2885 458 iram
2916 400 3133 477 placare
3169 404 3285 472 Del,
3314 406 3361 461 si
3388 406 3590 463 multas

309 489 478 546 idolis
522 491 778 556 disceret,
805 490 950 560 quod
975 490 1233 548 instantia
1268 494 1531 549 orationis
1575 509 1639 549 ac
1678 493 1901 549 ﬂetuum

308 596 346 636 a
396 580 624 636 Domino
679 579 867 635 debuit
909 587 1252 651 extorquere.
1319 579 1425 637 Per
1462 576 1904 654 quod'discimus

307 670 503 736 etiam,
531 670 577 725 si
600 669 860 725 Dominus
890 684 995 726 non
1018 671 1353 739 exaudierit,
1401 687 1739 743 nequaquam
1782 688 1903 731 esse

308 760 673 826 cessandum,
718 775 819 817 nec
866 761 1282 834 confugiendum
1329 764 1398 820 ad
1446 763 1758 832 daemones,
1808 764 1900 836 qui

307 854 551 911 cultores
602 864 730 910 suos
788 850 1047 925 adjuvare
1086 871 1195 912 non
1241 861 1488 928 possunt,
1528 856 1623 912 sed
1679 850 1748 913 ad
1796 859 1903 914 Do-

309 947 446 1002 mini
502 943 806 1012 auxilium,
859 946 951 1018 qui
999 947 1108 1003 eito
1137 947 1309 1004 iratus
1332 944 1569 1004 ﬂectitur
1611 957 1668 1004 et
1727 955 1901 1005 mutat

306 1038 658 1105 sententiam,
675 1039 722 1095 si
736 1048 790 1096 et
811 1037 866 1096 hi
883 1040 1079 1111 quibus
1103 1041 1275 1099 iratus
1293 1040 1455 1098 fuerit
1476 1051 1895 1100 commutentur.

307 1136 507 1193 Totum
528 1146 710 1191 autem
731 1152 895 1203 nunc,
910 1136 1054 1207 quod
1071 1137 1284 1203 dicitur,
1309 1138 1376 1194 ad
1392 1137 1592 1195 tribum
1612 1136 1746 1195 Iuda
1770 1152 1898 1210 pere

306 1229 445 1284 tinet
471 1236 527 1283 et
558 1221 747 1284 urbem
771 1222 1132 1295 Hierusalem,
1169 1229 1367 1298 quibus
1398 1228 1564 1285 instat
1586 1227 1892 1301 captivitas.

382 1312 757 1375 «Secundum
810 1318 957 1374 enim
1011 1333 1296 1375 numerum
1343 1319 1628 1375 civitatum
1677 1327 1890 1376 tuarum

307 1426 329 1462 ι
373 1416 534 1467 erant
559 1409 632 1466 dii
662 1410 758 1475 tui,
778 1404 941 1477 Iuda,
966 1420 1024 1465 et
1047 1406 1344 1466 secundum
1374 1419 1658 1466 numerum
1682 1411 1891 1465 viarum

308 1519 329 1556 ι
376 1510 614 1567 tuarum,
630 1499 988 1566 Hierusalem,
1010 1500 1236 1572 posuisti
1257 1516 1379 1557 aras
1393 1500 1724 1557 confusionis
1739 1500 1806 1557 ad
1830 1501 1892 1557 li-

306 1611 327 1645 c
369 1591 611 1648 handum
640 1586 867 1647 Baalim.
911 1611 931 1647 ι
967 1589 1236 1664 Legamus
1258 1587 1494 1664 Regum,
1522 1591 1891 1665 Paralipome-

301 1697 409 1737 non
439 1678 608 1737 libros
632 1679 740 1751 (IV
770 1678 898 1753 Reg.
930 1697 1058 1749 xxx;
1093 1680 1159 1737 II
1196 1678 1378 1738 Paral.
1406 1684 1622 1751 χχχιιι),
1656 1693 1713 1741 ει
1734 1686 1886 1741 inve-

301 1771 514 1860 niemus
571 1768 766 1827 Judam
821 1780 878 1828 et
920 1771 1255 1829 Hierusalem
1299 1772 1469 1831 multo
1512 1792 1675 1846 quam
1719 1760 1958 1860 Israel];

298 1859 486 1934 pejora
512 1860 740 1927 fecisse,
770 1869 831 1917 ut
851 1871 984 1933 quot
1011 1863 1284 1919 habebant
1305 1867 1468 1921 urbes
1498 1874 1575 1921 tot
1624 1867 1888 1923 haberent

296 1960 350 2006 et
371 1950 645 2006 idolorum
670 1944 898 2022 species,
933 1961 991 2008 et
1013 1958 1147 2022 quot
1168 1961 1327 2009 erant
1373 1954 1428 2010 in
1471 1955 1608 2012 urbe
1635 1951 1890 2012 Hierusau

300 2042 402 2096 lem
432 2040 625 2111 plateae
667 2049 724 2095 et
746 2040 958 2096 viarum
1007 2042 1208 2113 capita,
1241 2051 1321 2098 tot
1348 2044 1615 2099 haberent
1660 2059 1785 2101 aras
1829 2046 1885 2101 in

291 2131 672 2189 confusionem
705 2147 882 2201 suam,
914 2132 969 2188 in
995 2133 1191 2206 quibus
1216 2134 1375 2191 idolis
1399 2133 1607 2191 Baalim
1639 2136 1886 2193 victimas

297 2220 661 2281 immolarent.

369 2333 390 2366 ο
439 2313 519 2370 Tu
544 2331 673 2387 ergo
698 2315 807 2371 noli
845 2326 1003 2372 orare
1027 2330 1127 2387 pro
1163 2316 1362 2397 populo
1388 2317 1515 2383 hoc,
1539 2325 1595 2374 et
1622 2330 1690 2373 ne
1727 2327 1884 2373 assu-

302 2424 322 2455 ι
362 2421 483 2461 mas
506 2421 606 2477 pro
644 2405 723 2462 eis
746 2406 959 2462 laudem
986 2418 1041 2463 et
1061 2408 1387 2475 orationem,
1419 2407 1544 2478 quia
1579 2423 1687 2464 non
1711 2422 1883 2465 exau-

294 2518 316 2553 I
354 2501 502 2556 diam
527 2500 580 2555 in
604 2509 846 2572 tempore
869 2500 1119 2565 clamoris
1143 2516 1332 2557 eorum
1356 2502 1425 2557 ad
1450 2516 1538 2557 me
1557 2501 1614 2555 in
1638 2509 1885 2573 tempore

294 2590 601 2648 afﬂictionis
652 2601 861 2649 eorum.
899 2611 919 2646 ›
958 2592 1275 2664 Prtecipitur
1321 2590 1591 2658 Jeremiae,
1638 2607 1708 2648 ne
1751 2592 1882 2649 veiit

288 2697 395 2756 pro
423 2685 504 2740 eis
548 2679 838 2741 Dominum
883 2684 1199 2756 deprecari,
1229 2686 1285 2741 in
1330 2699 1467 2756 quos
1486 2683 1599 2754 jam
1628 2694 1711 2741 est
1751 2699 1880 2741 con-

286 2783 560 2830 commata
592 2774 880 2830 sententia.
913 2772 991 2830 Νε
1017 2775 1267 2831 videatur
1293 2775 1469 2831 oratio
1497 2775 1615 2847 ejus
1640 2770 1876 2841 infirma,

286 2876 345 2922 et
358 2866 595 2938 propriis
607 2867 903 2924 sceleribus
918 2880 1025 2924 non
1047 2866 1311 2923 exaudiri.
1332 2866 1470 2932 Noli,
1494 2867 1690 2939 inquit,
1717 2880 1878 2922 orare

285 2972 390 3030 pm
431 2958 533 3022 eis,
562 2972 661 3013 nec
689 2957 902 3014 laudem
925 2974 1224 3025 assumere,
1254 2967 1314 3014 ut
1339 2958 1648 3029 replicando
1675 2958 1877 3015 veteris

288 3049 535 3104 historiae
564 3048 929 3117 clementiam,
955 3062 1060 3119 qua
1092 3064 1306 3120 semper
1334 3049 1417 3105 eis
1447 3048 1703 3104 misertus
1730 3064 1872 3114 sum,

2009 495 2212 551 hostias
2256 495 2496 551 immolet
2522 502 2579 550 et
2606 495 2869 568 gloriatur
2897 496 2951 550 in
2978 494 3369 552 sacrificiorum
3401 500 3585 554 multi-

2009 588 2212 652 tudine,
2228 605 2348 659 qum
2364 588 2600 643 malitias
2612 596 2960 659 peccatorum
2974 589 3190 644 auferre
3206 603 3313 644 non
3335 600 3584 660 possunt.

2005 679 2295 751 Comparat
2314 689 2494 737 autem
2520 680 2855 738 Hierusalem
2873 723 2889 748 ,
2913 682 3026 737 sive
3057 696 3274 737 omnem
3329 683 3586 753 populum

2003 764 2332 837 Judzeorum,
2348 771 2504 827 oliva),
2523 772 2761 844 pulchra:
2786 781 2946 843 atque
2968 771 3281 839 fructiferae,
3308 786 3427 842 qua:
3442 773 3591 828 exal-

2004 871 2115 919 tata
2161 878 2260 936 per
2302 865 2631 936 superbiam,
2697 878 3040 935 nequaquam
3097 864 3210 935 egit
3265 864 3583 931 humiliter,

2004 967 2103 1009 nec
2131 951 2395 1009 intellexit
2427 959 2731 1010 creatorem
2759 962 2814 1009 et
2845 953 3239 1009 dominatorem
3286 971 3464 1022 suum,
3489 955 3585 1013 sed

2001 1043 2138 1098 elata
2190 1059 2291 1115 per
2338 1045 2667 1115 superbiam,
2699 1053 2755 1100 et
2804 1045 2981 1101 locuta
3020 1047 3320 1117 granditer,
3370 1047 3585 1104 Domini

2000 1134 2125 1206 igne
2149 1149 2410 1191 succensa
2446 1142 2549 1202 est,
2583 1135 2658 1190 ita
2690 1143 2748 1190 ut
2794 1135 3245 1191 comburerentur
3282 1146 3337 1192 et
3375 1138 3586 1211 redige-

2003 1214 2191 1283 rentur
2241 1228 2311 1283 ad
2338 1226 2564 1282 nihilum
2602 1228 2739 1283 rami
2786 1228 2903 1284 sive
2950 1227 3152 1284 fruteta
3195 1229 3333 1300 ejus,
3380 1229 3433 1285 id
3472 1238 3581 1297 est,

1998 1317 2174 1374 omnis
2206 1319 2438 1390 populus
2464 1319 2902 1375 adversariorum
2932 1318 3111 1388 gladio
3147 1320 3437 1375 deleretur.
3482 1319 3583 1376 Hic

1996 1422 2188 1463 sensus
2214 1418 2270 1464 et
2298 1408 2351 1462 in
2379 1407 2485 1464 alio
2511 1407 2631 1464 loco
2674 1407 2936 1479 scriptum
2979 1416 3084 1475 est,
3129 1408 3222 1465 ubi
3274 1409 3474 1465 dicitur
3511 1410 3580 1465 ad

1992 1496 2292 1555 Jerusalem
2320 1514 2334 1552 :
2364 1516 2382 1550 ι
2405 1497 2517 1569 Ego
2545 1505 2726 1553 autem
2748 1497 2985 1568 plantavi
3019 1507 3070 1553 te
3094 1497 3305 1553 vineam
3321 1498 3573 1566 electam,

1991 1605 2152 1647 omne
2175 1603 2359 1646 semen
2388 1598 2599 1656 verum,
2633 1590 2905 1660 quomodo
2937 1601 3198 1646 conversa
3244 1604 3305 1645 es
3351 1591 3407 1646 in
3446 1604 3575 1660 pra-

1992 1696 2140 1750 vum,
2182 1682 2341 1738 vinea
2386 1680 2599 1736 aliena?
2638 1700 2657 1733 ι
2691 1680 2918 1749 Quando
2946 1681 3296 1736 destruuntur
3323 1680 3574 1734 maceria:

1990 1771 2151 1838 illius,
2179 1779 2237 1827 et
2262 1780 2437 1827 vastat
2458 1785 2578 1825 eam
2602 1784 2732 1841 aper
2769 1772 2836 1827 de
2865 1770 3000 1826 silva
3020 1807 3035 1836 ,
3056 1779 3113 1826 et
3154 1785 3342 1826 omnes
3388 1770 3576 1827 bestia:

1992 1866 2257 1920 devorant
2308 1863 2515 1919 fructus
2566 1860 2752 1917 illius:
2800 1863 3047 1918 dicamus
3094 1862 3237 1918 istud
3278 1860 3573 1932 capitulum

1991 1953 2325 2026 principibus
2353 1952 2710 2010 ecclesiarum
2743 1965 2760 2007 :
2804 1971 2823 2003 ‹
2852 1952 2994 2021 Quid
3024 1959 3109 2007 est
3162 1953 3307 2022 quod
3346 1952 3575 2010 dilectus

1989 2061 2142 2101 meus
2165 2044 2220 2101 in
2247 2045 2407 2101 domo
2432 2059 2551 2100 mea
2602 2042 2733 2099 fecit
2763 2043 2969 2100 scelera
2996 2043 3207 2099 multa?
3234 2063 3255 2096 ι
3295 2041 3388 2098 Vel
3427 2051 3576 2100 certe

1988 2137 2247 2194 divitibus
2276 2137 2368 2209 qui
2398 2153 2521 2193 eum
2569 2136 2747 2193 aliena
2778 2136 3054 2206 diripiant,
3087 2147 3143 2191 et
3186 2150 3296 2191 non
3327 2134 3578 2190 auferant
3606 2134 3621 2141 “

1986 2227 2221 2283 malitias
2250 2229 2429 2284 cordis
2452 2228 2535 2282 sui
2566 2268 2580 2294 ,
2608 2234 2801 2297 putant
2844 2242 2903 2282 se
2940 2225 3037 2282 Dei
3085 2225 3285 2281 mereri
3333 2222 3574 2280 clemen-

1986 2320 2116 2375 tiam
2142 2338 2155 2374 :
2179 2340 2197 2372 ‹
2221 2318 2468 2390 Nunquid
2482 2334 2675 2375 carnes
2700 2326 2902 2373 sanctae
2928 2317 3176 2373 auferent
3202 2332 3233 2371 a
3262 2324 3313 2372 te
3339 2316 3577 2371 malitias

1984 2418 2128 2477 tuas,
2155 2410 2210 2466 in
2252 2409 2448 2481 quibus
2472 2409 2703 2480 gloriata
2724 2408 2822 2465 es?
2856 2428 2875 2460 ›
2907 2407 2979 2462 At
3001 2421 3146 2463 nunc
3190 2406 3405 2478 publice
3429 2404 3572 2461 reci-

1986 2508 2168 2565 tantur
2194 2498 2534 2556 offerentium
2556 2497 2797 2564 nomina,
2821 2505 2875 2553 et
2905 2496 3204 2568 redemptio
3224 2502 3572 2567 peccatorum

1984 2600 2225 2648 mutatur
2252 2592 2305 2646 in
2332 2590 2570 2657 laudem,
2594 2604 2699 2645 nec
2723 2588 3087 2644 meminerunt
3127 2587 3305 2643 vidum
3339 2586 3483 2642 iiiius
3512 2585 3569 2643 in

1981 2666 2272 2755 Evangelio
2322 2681 2516 2756 (Marc.
2551 2681 2683 2753 xn);
2715 2696 2835 2751 qum
2869 2681 2926 2735 in
2966 2666 3414 2752 gazophylacium
3465 2676 3573 2734 duo

1981 2784 2089 2831 tera
2117 2774 2406 2838 mittendo,
2428 2771 2671 2828 omnium
2697 2770 2925 2827 divitum
2951 2770 3084 2826 vicit
3106 2767 3354 2825 donaria.

2052 2885 2076 2918 ι
2098 2866 2167 2922 Ει
2197 2865 2453 2922 Dominus
2478 2861 2840 2929 exercituum,
2860 2861 2951 2933 qui
2978 2860 3244 2933 plantavit
3271 2859 3572 2925 te,locutus

1986 2975 2005 3008 ι
2044 2964 2130 3012 εει
2164 2971 2327 3026 super
2356 2963 2411 3011 te
2453 2954 2679 3020 malum,
2719 2968 2818 3025 pro
2861 2952 3017 3007 malis
3062 2952 3255 3007 domus
3306 2948 3470 3006 Israel
3516 2956 3572 3005 et

1983 3064 2002 3098 ι
2049 3046 2242 3102 domus
2268 3044 2405 3099 Juda
2447 3058 2567 3114 qua:
2595 3039 2842 3099 fecerunt
2866 3041 2967 3098 sibi
3006 3041 3073 3095 ad
3107 3038 3431 3095 irritandum
3458 3052 3568 3104 me,

285 3147 344 3194 et
371 3137 663 3205 laudando,
693 3153 871 3195 meum
900 3138 1092 3195 nitaris
1130 3148 1342 3195 mutare
1382 3139 1727 3196 sententiam.
1757 3139 1871 3195 Etsi
1901 3170 1945 3232 Ο
1984 3156 2004 3191 r
2047 3137 2279 3195 libantes
2312 3134 2543 3192 Baalim.
2592 3155 2611 3189 ι
2670 3135 2903 3201 Olivam,
2955 3134 3146 3204 inquit,
3178 3132 3421 3199 uberem,
3445 3132 3568 3202 pui-

284 3229 434 3284 enim
461 3229 564 3285 hoc
596 3224 813 3296 feceris,
834 3245 942 3285 non
963 3230 1248 3285 exaudiam
1275 3245 1370 3286 eos
1389 3230 1525 3302 ,.qui
1550 3245 1638 3286 me
1678 3245 1868 3287 neces-

285 3321 467 3378 sitatis
519 3330 759 3392 tempore
795 3338 989 3395 rogare
1038 3333 1323 3395 coguntur.
1360 3322 1443 3379 Ex
1469 3323 1665 3394 quibus
1703 3322 1869 3380 disci-

283 3422 410 3469 mus
434 3411 639 3469 frustra
664 3412 900 3483 aliquem
950 3428 1141 3488 rogare
1164 3429 1264 3485 pro
1294 3414 1420 3482 alio,
1452 3429 1577 3470 cum
1625 3412 1715 3469 ille
1760 3428 1868 3470 non

283 3512 565 3559 mereatur
585 3504 853 3573 accipere,
882 3518 981 3573 pro
1009 3520 1116 3575 quo
1144 3512 1364 3575 rogatur
1388 3503 1554 3558 Deus.

359 3612 380 3644 ι
422 3591 561 3660 Quid
585 3602 669 3648 est
686 3593 829 3664 quod
859 3594 1086 3671 dilectus
1131 3609 1282 3649 meus
1314 3594 1368 3649 in
1394 3593 1556 3649 domo
1583 3608 1704 3650 mea
1738 3590 1866 3652 fecit

288 3701 309 3735 ι
353 3682 561 3739 scelera
599 3684 802 3739 multa?
830 3681 1083 3757 Nunquid
1127 3700 1319 3743 carnes
1343 3694 1545 3740 sanctae
1564 3684 1816 3741 auferent
1834 3699 1865 3740 a

289 3791 309 3824 ι
355 3781 409 3827 ιε
449 3773 687 3831 malitias
731 3782 874 3841 tuas,
903 3774 960 3831 in
1000 3774 1196 3846 quibus
1241 3774 1467 3847 gloriata
1508 3777 1606 3831 es?
1653 3775 1864 3834 Oiivam

288 3884 306 3916 ι
350 3866 599 3931 uberem,
626 3865 931 3936 pulchram,
958 3863 1292 3921 fructiferam
1312 3904 1327 3932 ,
1373 3866 1672 3938 speciosam
1702 3882 1865 3922 voca-

285 3970 307 4003 ι
353 3951 435 4007 vit
484 3950 748 4008 Dominus
799 3968 995 4008 nomen
1038 3961 1207 4009 tuum.
1260 3953 1343 4009 Ad
1379 3969 1569 4009 vocem
1616 3954 1862 4023 loquela,

286 4062 303 4092 ι
339 4041 562 4112 grandis
595 4043 799 4099 exarsit
822 4042 960 4114 ignis
981 4042 1034 4096 in
1048 4041 1497 4105 ea,etcombusta
1519 4049 1644 4096 sunt
1666 4043 1864 4098 fruteta

286 4150 307 4183 ι
352 4128 490 4201 ejus.
527 4153 547 4184 ι
590 4130 855 4189 Dilectum
887 4142 943 4188 ει
968 4134 1397 4188 amantissimum
1426 4144 1582 4189 vocat
1610 4134 1865 4204 populum

277 4220 560 4293 Juda,qui
604 4223 675 4295 in.
701 4225 902 4296 templo
954 4223 1071 4294 ejus
1117 4225 1300 4297 posuit
1344 4233 1400 4281 et
1445 4236 1736 4283 veneratus
1783 4237 1868 4283 est

1981 3230 2191 3292 chram,
2217 3227 2556 3283 fructiferam
2591 3226 2881 3283 tevocavit
2922 3222 3185 3280 Dominus
3233 3232 3359 3278 tuus
3405 3231 3570 3292 atque

1977 3322 2257 3394 plantavit,
2284 3321 2381 3377 sed
2404 3320 2530 3391 quia
2561 3319 2630 3373 ad
2660 3333 2847 3374 vocem
2878 3315 3103 3387 loquelae
3122 3314 3342 3387 grandis
3367 3312 3463 3369 Dei
3511 3310 3567 3368 in

1976 3420 2028 3469 te
2060 3411 2275 3468 ﬂamma
2318 3408 2615 3475 descendit,
2655 3419 2711 3466 et
2760 3408 3095 3479 consumpsit
3150 3422 3338 3463 omnes
3384 3420 3568 3463 ramos

1975 3513 2127 3571 tuos,
2160 3512 2447 3574 propterea
2478 3502 2570 3573 qui
2605 3511 2659 3557 te
2677 3501 3036 3573 plantaverat,
3061 3512 3204 3555 nunc
3226 3498 3437 3554 locutus
3481 3503 3566 3554 est

1973 3610 2136 3668 super
2154 3606 2210 3653 te
2246 3595 2472 3662 malum,
2508 3609 2615 3650 non
2640 3594 2925 3665 iniquitate
2952 3592 3253 3656 sententiae,
3285 3604 3388 3645 nec
3417 3588 3566 3645 subi-

1975 3690 2027 3742 ta
2052 3687 2318 3759 pravitate
2338 3686 2628 3751 sermonis,
2653 3685 2748 3740 sed
2798 3699 2898 3756 pro
2941 3682 3099 3739 malis
3148 3695 3271 3753 qua:
3318 3679 3567 3736 fecerunt

1971 3778 2074 3836 sibi
2109 3780 2300 3837 domus
2345 3773 2510 3834 lsrael
2534 3787 2589 3833 et
2621 3778 2813 3833 domus
2858 3774 3016 3841 Juda,
3044 3783 3099 3830 et
3148 3773 3388 3834 studiose
3438 3783 3566 3842 ege-

1974 3870 2368 3937 runt,libantes
2389 3867 2618 3933 Baalim,
2641 3876 2703 3921 ut
2729 3881 2817 3921 me
2839 3866 2908 3920 ad
2928 3862 3266 3919 iracundiam
3295 3875 3562 3931 provoca-

1974 3966 2113 4016 rent.
2134 3958 2377 4028 Cumque
2399 3956 2572 4029 possit
2588 3957 2729 4011 Deus
2755 3954 2931 4009 facere
2951 3966 3073 4023 quae
3089 3949 3223 4015 vult,
3241 3948 3416 4003 reddit
3436 3960 3563 4003 cano

1974 4069 2064 4109 sas
2092 4067 2161 4107 ne
2190 4052 2369 4107 facere
2389 4049 2638 4106 videatur
2661 4046 2878 4116 injuste,
2911 4044 3205 4101 secundum
3249 4040 3378 4097 illud
3418 4039 3562 4109 quod

1970 4143 2229 4213 scriptum
2257 4150 2369 4216 est,
2402 4159 2421 4193 ι
2456 4148 2513 4195 ιιι
2546 4137 2859 4212 justificeris
2906 4136 2960 4191 in
3017 4132 3360 4190 sermonibus
3418 4131 3556 4195 tuis,

1973 4241 2029 4289 et
2073 4231 2257 4287 vincas
2286 4248 2409 4288 cum
2426 4229 2691 4301 judicaris
2713 4226 2886 4300 (Psal.
2919 4225 2994 4299 1.).
3035 4245 3054 4279 ι

316 4367 3558 4395 WW

1542 4477 1845 4555 LIBER
1917 4474 2338 4554 SEXTUS.

344 4752 488 4810 Cum
514 4753 667 4823 plura
690 4754 798 4809 sint
817 4768 938 4824 quae
987 4756 1044 4811 in
1095 4756 1235 4813 libro
1274 4748 1524 4812 Ieremia:
1563 4767 1755 4823 puram
1784 4752 1945 4816 hi-D
1973 4752 2241 4809 diversam
2294 4754 2662 4810 narrationem
2712 4764 2855 4822 saepe
2906 4766 3144 4823 persona
3195 4762 3450 4821 mutatur,
3501 4764 3557 4812 et

277 4849 509 4905 storiam
535 4846 799 4911 retexunt,
819 4847 1064 4918 plurave,
1087 4862 1209 4919 quae
1232 4847 1520 4920 mysticam
1544 4848 1871 4918 interpreta-

273 4924 486 4995 tionem
543 4945 788 5006 quaerant
832 4954 845 4991 :
882 4946 1010 4994 sunt
1048 4952 1264 5009 quoque
1290 4938 1436 4993 inter
1460 4937 1578 4993 huic
1607 4935 1866 4993 nonnulla

276 5032 401 5099 qua:
439 5025 762 5096 dupliciter,
794 5025 899 5082 hoc
927 5035 1034 5093 est,
1076 5024 1233 5096 juxta
1281 5026 1566 5083 historiam
1615 5033 1670 5080 et
1709 5025 1867 5097 juxta

277 5110 597 5187 allegoriam
630 5116 855 5189 inteiligi
891 5117 1125 5173 valeant.
1171 5117 1417 5173 Prudens
1444 5116 1617 5172 lector
1644 5115 1870 5186 diligen-

273 5214 365 5264 ter
378 5208 733 5264 considerare
761 5208 941 5275 debet,
972 5208 1115 5279 quod
1139 5207 1432 5279 unicuique
1459 5205 1740 5263 sententiae
1767 5205 1869 5260 rite

269 5299 590 5364 conveniat,
621 5306 678 5355 et
725 5299 806 5355 sic
848 5298 1181 5371 allegorizet,
1208 5309 1269 5354 ut
1296 5298 1581 5353 veritatem
1628 5295 1870 5352 historia:

277 5406 387 5447 non
438 5391 652 5461 perdat,
676 5392 863 5463 sicque
905 5391 1147 5449 historice
1192 5393 1475 5458 innitatur,
1507 5399 1567 5446 ut
1600 5389 1869 5461 aiiegorim

273 5480 573 5538 utilitatem
594 5482 649 5537 in
671 5482 805 5540 locis
825 5485 1145 5554 opportunis
1172 5486 1419 5555 accipere
1455 5498 1561 5540 non
1591 5483 1827 5556 negligat
1851 5501 1864 5513 ’

271 5572 551 5643 simulque
596 5576 896 5631 notandum
938 5578 1082 5646 quod
1117 5577 1393 5647 prophetae
1439 5583 1495 5632 et
1522 5574 1715 5647 psalmi
1745 5575 1869 5630 ideo

270 5663 499 5720 bbscuri
548 5674 696 5730 sunt.
718 5676 774 5725 et
800 5667 1052 5726 difficiles
1088 5669 1161 5725 ad
1204 5669 1629 5742 intelligendum,
1652 5669 1785 5740 quia
1813 5668 1866 5724 in

1974 4843 2101 4898 dum
2141 4842 2313 4901 lector
2355 4844 2423 4899 ad
2450 4844 2556 4899 alia
2585 4845 2835 4906 attendit,
2864 4845 3046 4901 subito
3075 4847 3143 4901 ad
3186 4846 3289 4902 alia
3330 4848 3555 4917 rapitur,

1975 4941 2119 5011 quod
2150 4940 2207 4996 in
2237 4939 2419 4997 multis
2447 4941 2580 4997 locis
2618 4955 2787 4997 sacra:
2816 4940 3131 5011 Scriptum,
3161 4956 3259 4997 nec
3289 4957 3392 4996 non
3419 4952 3476 4995 et
3499 4942 3554 4997 in

1976 5033 2226 5104 praesenti
2253 5033 2377 5089 loco
2411 5034 2673 5102 probatur
2701 5052 2713 5087 :
2741 5034 2865 5103 quia
2895 5034 3021 5087 dum
3052 5032 3322 5103 PrOpheta
3355 5045 3418 5085 ex
3444 5047 3559 5086 ser-

1976 5138 2135 5179 mone
2164 5123 2373 5178 Domini
2401 5121 2591 5178 ludam
2614 5138 2714 5195 pro
2729 5124 3021 5180 sceleribus
3046 5123 3158 5179 suis
3181 5132 3234 5177 et
3260 5123 3557 5179 idololatria

1972 5215 2259 5286 corripuit,
2284 5230 2581 5287 vocemque
2611 5215 2822 5278 Domini
2877 5215 2944 5269 ad
2992 5228 3051 5268 se
3083 5211 3279 5268 factam
3327 5222 3558 5270 testatus

1965 5317 2060 5364 est
2083 5309 2460 5379 prohibentem
2491 5323 2651 5363 orare
2678 5322 2777 5378 pro
2797 5305 3014 5378 populo,
3036 5319 3104 5361 eo
3142 5305 3282 5374 quod
3306 5303 3557 5377 indignus

1977 5400 2048 5455 sit
2071 5400 2247 5465 venia,
2288 5406 2507 5467 repente
2552 5399 2617 5452 ad
2640 5398 2840 5453 Christi
2870 5397 3176 5468 passionem
3224 5397 3553 5454 narrandam

1975 5491 2077 5548 sub
2103 5506 2199 5546 sua
2222 5505 2451 5561 persona
2479 5505 2538 5545 se
2565 5488 2792 5545 contuiit
2820 5489 3007 5545 dicens
3041 5508 3055 5542 :

2052 5598 2072 5633 ο
2117 5579 2196 5635 Tu
2224 5590 2425 5645 autem,
2454 5578 2700 5643 Domine,
2732 5579 3113 5634 demonstrasti
3139 5578 3337 5634 mihiet
3360 5591 3557 5649 cogno-

1980 5691 1999 5723 ‹
2044 5671 2117 5739 vi,
2149 5680 2205 5729 tu
2230 5681 2408 5728 autem
2450 5670 2733 5729 ostendisti
2763 5671 2894 5728 mihi
2921 5672 3095 5728 studia
3120 5686 3310 5728 eorum
3338 5691 3350 5726 :
3383 5680 3438 5727 et
3458 5685 3560 5739 egn
