4022 6186
505 358 609 428 898

1131 358 1195 427 Β.
1231 355 1486 428 mam
1524 357 1744 426 mutu
1780 356 2098 426 menter.
2143 355 2451 424 neeum.
2495 365 2781 422 ornnun
2817 357 2997 422 rans
3033 364 3119 420 ιιι.

3674 355 3785 422 896

511 500 530 533 ι
576 479 730 551 quasi
751 485 1275 550 agnusmansuetus,
1301 483 1392 551 qul
1421 490 1669 552 portatur
1696 489 1764 536 ad
1792 479 2090 542 victimam,
2119 481 2169 540 Α
2200 488 2398 534 terram
2429 495 2535 534 non
2585 481 2798 535 exierat
2839 495 3004 536 sonus
3053 477 3193 550 ejus,
3219 493 3405 550 postea
3436 495 3560 534 vero
3611 495 3783 550 quam

514 591 532 623 ι
581 581 636 628 et
663 579 769 626 ιιοιι
817 571 1069 642 cognovi,
1100 571 1227 641 quia
1256 587 1421 642 super
1449 587 1535 627 me
1563 571 1936 643 cogitaverunt
1962 585 2092 625 con-

514 675 531 712 't
577 649 720 727 silia,
745 649 1022 717 dicentes:
1055 659 1330 717 Mittamus
1367 662 1569 734 lignum
1625 663 1678 718 in
1722 678 1915 734 panem
1951 663 2092 732 ejus,

512 775 532 807 ι
581 766 634 811 Cl
661 756 1007 811 conteramus
1036 769 1160 809 eum
1190 751 1257 809 de
1289 763 1433 810 terra
1463 755 1776 816 viventium,
1806 763 1860 809 et
1898 769 2093 808 nomen

517 866 534 897 ι
583 846 700 916 ejus
729 863 835 901 non
875 843 1209 902 memoretur
1245 841 1495 916 amplius.
1521 842 1600 901 'l‘u
1637 857 1839 910 autem,
1866 843 2095 901 Domine

515 957 532 988 ι
580 938 836 1000 Sabaoth,
863 937 952 1005 qui
978 922 1375 1007 judicasjuste,
1398 947 1452 992 et
1471 939 1670 1011 probas
1697 952 1869 1000 renes,
1900 946 1956 990 et
1978 952 2090 998 cor,

509 1050 528 1082 ‹
577 1030 786 1085 videam
821 1029 1079 1085 ultionem
1132 1039 1279 1084 tuam
1323 1045 1389 1084 ex
1424 1031 1537 1095 eis,
1561 1029 1657 1084 tibi
1685 1029 1828 1084 enim
1859 1027 2093 1082 revelavi

506 1141 524 1170 ς
579 1135 801 1175 causam
850 1136 1048 1185 meam,
1080 1121 1309 1176 Domine
1352 1111 1494 1176 Deus
1549 1135 1722 1176 meus.
1760 1140 1778 1172 ›
1824 1118 2094 1191 (Πίου-οη.)

507 1208 764 1265 Omnium
815 1210 1184 1265 Ecclesiarum
1237 1211 1341 1264 iste
1401 1225 1700 1265 consensus
1742 1221 1847 1274 est,
1892 1208 2098 1264 ut.sub

509 1316 744 1371 persona
790 1300 1042 1356 Jeremize
1112 1316 1142 1354 a
1187 1301 1404 1355 Christo
1453 1301 1569 1355 haec
1618 1291 1723 1354 dici
1773 1299 2094 1370 intelligant,

511 1393 656 1464 quod
694 1401 850 1462 pater
875 1391 924 1446 ei
963 1391 1636 1460 monstraveritquomodo
1683 1403 1807 1446 cum
1848 1401 2100 1462 oporteat

512 1472 683 1555 loqui,
715 1493 770 1538 et
806 1483 1109 1538 ostenderit
1156 1483 1229 1537 illi
1280 1484 1454 1538 studia
1501 1479 1832 1552 Judazorum,
1885 1494 1940 1540 et
1982 1485 2098 1555 ipse

513 1561 668 1644 quasi
700 1589 872 1643 agnus
899 1575 1094 1628 ductus
1120 1575 1186 1627 ad
1216 1574 1514 1640 victimam,
1539 1586 1645 1630 non
1675 1577 2012 1645 apereruerit
2037 1593 2101 1632 os

516 1682 670 1722 suum
695 1708 710 1732 ,
737 1675 793 1720 et
841 1681 946 1720 non
989 1661 1330 1736 cognoverit,
1359 1667 1744 1735 subaudiatur,
1774 1679 2054 1740 peccatum
2082 1685 2098 1726 :

509 1759 662 1829 juxta
712 1757 842 1813 illud
881 1758 1024 1827 quod
1068 1759 1137 1812 ab
1189 1758 1445 1828 Apostolo
1491 1758 1731 1815 dicitur:
1772 1779 1791 1812 ι
1838 1763 2098 1828 Quicum

2193 570 2486 639 assumpsit
2509 570 2880 625 fortitudinem
2924 587 3022 640 per
3051 570 3279 640 lignum,
3305 581 3434 626 tunc
3474 571 3528 624 in
3555 571 3786 625 univer-

2193 674 2314 715 sum
2343 662 2527 716 orbem
2561 663 2828 732 passionis
2876 661 2994 732 ejus
3040 663 3424 718 disseminatus
3465 671 3551 716 est
3577 678 3789 718 sermo.

2194 753 2250 809 lu
2297 751 2451 820 cujus
2505 746 2676 823 figura
2731 762 2784 808 et
2841 769 2978 824 aqua
3023 746 3078 807 in
3134 751 3374 808 Veteteri
3434 750 3794 806 Testamento

2196 845 2262 898 ad
2295 853 2493 899 tactum
2534 836 2662 916 ligni
2712 835 2884 899 dulcis
2929 839 3120 899 elfecta
3150 852 3251 898 est.
3305 839 3418 914 Ego
3452 843 3658 914 quippe
3703 844 3794 898 aio

2196 936 2368 1008 legem
2415 952 2521 990 non
2565 934 2889 990 intellectam
2933 951 3174 990 amaram
3225 946 3420 1004 aquam
3463 949 3613 997 esse,
3662 949 3790 988 cum

2197 1039 2378 1083 autem
2407 1027 2621 1082 venerit
2660 1027 2861 1096 lignum
2890 1022 3016 1081 Jesu
3049 1022 3273 1091 Christi,
3300 1035 3356 1081 et
3385 1040 3570 1080 sermo
3594 1024 3793 1079 Salva-

2200 1123 2332 1178 toris
2373 1124 2477 1176 mei
2530 1121 2871 1176 descenderit
2912 1121 2966 1174 in
3017 1135 3161 1184 eam,
3191 1127 3322 1174 tunc
3371 1117 3701 1174 dulcoratur
3744 1125 3798 1172 et

2199 1216 2260 1271 fit
2284 1215 2590 1272 suavissimi
2625 1215 2851 1285 saporis,
2877 1212 3152 1268 intellecta
3182 1211 3386 1281 pariter
3411 1218 3466 1266 et
3505 1210 3658 1265 lecta
3710 1207 3796 1265 lex

2201 1302 2389 1376 Moysi.
2433 1304 2683 1360 Dicentes
2718 1303 2900 1375 igitur,
2937 1322 2954 1354 ι
2994 1299 3187 1357 Venite
3211 1342 3225 1366 ,
3272 1302 3555 1356 mittamus
3588 1300 3796 1371 lignum

2201 1393 2255 1448 in
2278 1407 2470 1463 panem
2492 1392 2630 1462 ejus,
2657 1415 2675 1445 ι
2703 1394 2867 1447 etiam
2895 1392 2996 1448 hoc
3016 1391 3223 1446 addunt
3251 1410 3262 1444 :
3311 1411 3328 1443 ι
3362 1401 3416 1447 et
3441 1399 3799 1447 eonteramus

2201 1501 2325 1541 eum
2346 1501 2376 1539 a
2401 1495 2544 1540 terra
2571 1484 2896 1548 viventium,
2923 1494 2974 1540 et
3006 1498 3202 1540 nomen
3232 1483 3349 1554 ejus
3381 1497 3489 1538 non
3522 1497 3799 1536 memora-

2201 1577 2350 1633 bitur
2374 1570 2623 1646 amplius.
2655 1595 2674 1628 ι
2705 1573 2797 1630 Sic
2821 1575 2968 1630 illum
2998 1573 3392 1630 interfecerunt
3407 1574 3567 1645 quasi
3600 1589 3798 1629 nomen

2203 1663 2320 1739 ejus
2343 1664 2560 1738 penitus
2590 1667 2911 1722 eraderent:
2946 1667 3041 1721 sed
3069 1665 3228 1722 Jesus
3253 1667 3356 1721 scit
3376 1675 3548 1736 quare
3581 1675 3642 1721 et
3669 1681 3799 1736 quu-

2207 1759 2366 1814 modo
2407 1758 2688 1812 moriatur.
2727 1756 2956 1826 Propter
3007 1757 3150 1826 quod
3188 1756 3310 1810 ait:
3359 1777 3378 1808 ι
3418 1755 3534 1811 Νἰεί
3569 1772 3797 1827 granum

519 1863 624 1902 non
655 1847 994 1917 cognovisset
1042 1856 1347 1917 peccatum,
1377 1865 1475 1920 pro
1505 1851 1661 1906 nobis
1695 1862 1984 1922 peccatum
2019 1847 2099 1907 fa-
2130 1835 2176 1898 Β
2205 1849 2459 1905 l‘rumenti
2502 1851 2703 1905 cadens
2751 1849 2805 1902 in
2834 1853 3038 1903 terram
3088 1855 3359 1904 mortuum
3405 1847 3599 1912 fuerit,
3627 1844 3798 1918 ipsum

510 1947 638 1992 'ctus
687 1937 904 2008 est.(II
944 1937 1064 1993 Cor.
1094 1937 1180 2010 v);
1230 1957 1249 1991 ι
1292 1947 1347 1994 et
1396 1941 1632 1996 dixerint
1675 1962 1687 1996 :
1742 1961 1760 1994 ι
1825 1944 2104 2004 Mittamus

521 2027 722 2095 lignum
751 2029 804 2081 in
826 2042 1019 2099 panem
1041 2026 1190 2097 ejus,
1223 2047 1242 2081 ι
1279 2044 1496 2087 crucem
1529 2032 1780 2090 videlicet
1817 2036 1872 2090 in
1908 2049 2105 2107 corpus

516 2111 842 2175 'Salvatoris.
875 2117 994 2190 Ipse
1015 2131 1099 2176 est
1129 2122 1274 2176 enim
1298 2124 1390 2193 qui
1417 2123 1495 2178 ait
1524 2143 1537 2178 :
1585 2143 1604 2175 ‹
1644 2123 1755 2197 Ego
1782 2141 1900 2180 sum
1925 2127 2104 2197 panis,

523 2213 614 2282 qui
647 2212 714 2268 de
745 2212 882 2268 coelo
920 2213 1174 2270 descendi
1211 2215 1394 2286 (Joan.
1428 2217 1526 2288 vi).
1561 2236 1580 2270 ι
1614 2217 1683 2272 Et
1718 2238 1736 2270 ‹
1767 2219 2108 2276 eradicemus

520 2303 662 2374 (sive
685 2305 1050 2375 conteramus)
1063 2319 1187 2360 eum
1203 2305 1270 2361 de
1291 2315 1437 2362 terra
1452 2308 1744 2364 viventium
1773 2328 1784 2364 :
1809 2328 1828 2360 ι
1848 2311 1950 2366 hoc
1962 2311 2108 2366 enim

527 2391 704 2447 scelus
726 2392 908 2449 animo
931 2393 1328 2462 cogitaverunt,
1356 2405 1416 2452 ut
1435 2411 1627 2452 nomen
1651 2397 1767 2467 ejus
1786 2399 2028 2456 delerent
2055 2402 2108 2458 in

523 2491 862 2554 perpetuum.
893 2483 1093 2558 (Orig.)
1112 2485 1169 2541 Si
1193 2485 1288 2542 Dei
1311 2488 1521 2558 eloquia
1547 2499 1671 2547 sunt
1692 2492 1753 2547 in'
1769 2492 1887 2565 lege
1908 2503 1965 2549 et
1989 2510 2112 2565 pro-

521 2576 727 2648 phetis,
750 2577 1045 2647 evangeliis
1065 2586 1120 2632 et
1138 2580 1413 2649 apostolis,
1437 2591 1651 2652 oportet
1673 2584 1992 2656 discipulum
2016 2587 2110 2642 Dei

523 2666 833 2721 divinorum
867 2682 1206 2736 sermonum,
1230 2671 1549 2742 magistrum
1604 2675 1772 2729 Deum
1817 2677 2108 2733 ascribere.

537 2774 557 2809 ι
603 2757 704 2824 Qui
724 2757 871 2812 enim
893 2758 1048 2814 docet
1075 2760 1347 2816 hominem
1369 2761 1653 2819 scientiam
1680 2762 1852 2836 (Psal.
1876 2767 2053 2838 xcnl),
2088 2786 2106 2819 ι

530 2848 828 2904 secundum
876 2849 1212 2919 psalmistam
1258 2852 1400 2910 Deus
1441 2864 1544 2911 est.
1597 2855 1846 2913 Salvator
1898 2875 2114 2932 quoque

527 2939 780 3011 perhibet
817 2943 1185 2999 testimonium
1229 2946 1438 3001 nullum
1487 2941 1684 3007 debere
1705 2966 1866 3023 super
1911 2961 2113 3010 terram

533 3031 848 3102 magistrum
879 3036 1196 3105 nuncupari,
1223 3037 1408 3094 dicens
1433 3057 1445 3093 :
1480 3059 1497 3091 ι
1527 3039 1595 3095 Et
1618 3057 1712 3097 vos
1737 3043 1900 3098 nolite
1919 3059 2116 3102 vocare

534 3121 851 3192 tttagislrum
877 3137 1040 3192 super
1065 3134 1284 3190 terram,
1315 3145 1454 3186 unus
1472 3132 1669 3201 quippe
1695 3143 1780 3188 est
1803 3143 1981 3191 vester
2007 3152 2117 3191 ma-

524 3210 720 3278 gister,
751 3210 912 3266 Pater
944 3214 1035 3282 qui
1058 3215 1112 3268 in
1138 3217 1294 3272 caelis
1316 3228 1402 3273 est
1422 3193 1637 3289 (ll-allii.
1672 3222 1851 3294 xxnt).
1889 3241 1908 3277 ι
1956 3223 2118 3283 Pater
2143 3193 2188 3256 Ο

527 3309 718 3355 autem
743 3303 834 3371 qui
859 3312 940 3358 est
967 3305 1020 3358 in
1060 3305 1213 3361 caelis
1248 3309 1427 3363 erudit
1453 3310 1700 3366 homines
1742 3312 1857 3368 sive
1895 3329 1996 3384 per
2035 3330 2118 3380 se,

528 3392 650 3447 sive
669 3408 767 3463 per
785 3394 998 3460 Filium,
1023 3396 1135 3452 sive
1153 3412 1254 3468 per
1291 3397 1551 3469 Spiritum
1580 3412 1846 3458 sanctum.
1863 3405 1932 3462 Et
1968 3416 2027 3462 ut
2053 3409 2121 3464 ad

540 3484 748 3538 minora
781 3486 1099 3543 veniamus:
1128 3490 1305 3544 erudit
1352 3506 1447 3561 per
1491 3491 1738 3561 Paulum,
1792 3497 1971 3552 erudit
2024 3513 2122 3568 per

530 3572 789 3641 Petrum,
817 3590 916 3645 per
969 3576 1133 3632 alium
1184 3579 1478 3648 quemlibet
1515 3591 1830 3641 sanctorum
1862 3601 1876 3640 :
1911 3595 2122 3644 tantum

532 3657 681 3717 Deus
701 3663 954 3733 spiritus,
985 3673 1041 3720 et
1080 3667 1224 3722 Deus
1262 3684 1443 3724 sermo
1483 3670 1774 3728 descendat
1809 3682 1865 3730 et
1907 3675 2118 3732 doceat.

530 3752 650 3807 ‘Cur
690 3755 806 3809 hzec
847 3753 1120 3810 diximus?
1155 3756 1407 3814 videlicet
1453 3768 1509 3814 et
1549 3762 1675 3831 quia
1705 3760 1973 3834 Propheta
2005 3767 2118 3822 ait:

538 3859 564 3895 ι
610 3842 805 3899 Notum
846 3845 976 3900 mihi
1000 3844 1104 3913 fac,
1136 3846 1380 3914 Domine,
1405 3857 1462 3904 et
1502 3866 1844 3923 cognoscam.
1879 3874 1898 3908 ι
1938 3855 2123 3928 Neque

535 3934 690 3989 enim
730 3935 872 3990 scire
894 3951 1113 4006 possum
1147 3937 1343 3993 nisi.ut
1378 3948 1434 3994 tu
1466 3940 1599 3995 mihi
1647 3941 1974 4000 revelaveris
1999 3963 2012 3999 :
2038 3947 2122 4001 sin

539 4033 720 4080 autem
749 4025 1156 4082 demonstrante
1194 4036 1248 4084 te
1281 4037 1508 4099 potuero
1537 4046 1696 4088 nosse
1722 4035 1865 4103 quod
1915 4037 2119 4103 nescio,

536 4123 666 4169 tunc
688 4115 880 4170 videbo
920 4116 1274 4186 cogitationes
1319 4118 1669 4188 singulorum,
1699 4129 1756 4177 et
1797 4137 2121 4194 cognoscam

535 4207 664 4277 quid
703 4199 1073 4278 unusquisque
1100 4219 1274 4280 gerat,
1314 4218 1371 4265 et
1404 4210 1558 4282 cujus
1601 4213 1674 4268 sit
1700 4212 1968 4272 voluntas.
2010 4217 2123 4274 Hoc

537 4295 679 4363 quod
703 4294 957 4360 infertur,
995 4315 1014 4348 ‹
1053 4298 1261 4364 venite,
1300 4317 1318 4351 ι
1373 4298 1658 4369 inquiunt,
1695 4319 1715 4354 ι
1750 4303 2030 4360 mittamus
2059 4305 2124 4361 li-

543 4400 706 4456 gnum
728 4385 782 4439 in
814 4399 1007 4455 panem
1029 4386 1166 4458 ejus,
1187 4403 1214 4441 -ι
1253 4387 1435 4443 nimim
1461 4389 1794 4447 difﬁcultatis
1817 4401 1922 4448 est.
1958 4393 2122 4451 Panis

538 4475 665 4531 Jesu
699 4491 806 4545 quo
836 4478 1137 4543 nutrimur,
1169 4493 1350 4533 sermo
1380 4477 1495 4548 ejus
1532 4480 1940 4552 interpretatur.
1983 4485 2118 4552 Quia

542 4565 708 4634 igitur
728 4566 954 4620 docente
981 4581 1068 4631 eo,
1092 4567 1380 4623 voluerunt
1401 4569 1620 4637 quidam
1643 4571 1895 4625 scandala
1920 4587 2121 4642 ponere

541 4655 802 4711 doctrina:
816 4655 952 4724 ejus,
974 4657 1352 4727 cruciﬁgeutes
1376 4673 1521 4724 eum,
1551 4660 1806 4716 dixerunt
1831 4679 1844 4714 ;
1879 4663 2120 4730 iVenite,

541 4748 822 4802 mittamus
857 4747 1060 4815 lignum
1086 4748 1139 4802 in
1163 4763 1358 4818 panem
1379 4747 1515 4818 ejus.
1547 4768 1567 4804 ι
1611 4749 1746 4806 Cum
1773 4753 1918 4806 enim
1957 4755 2124 4810 verbo

538 4838 666 4895 Jesu
715 4845 768 4892 et
803 4836 1099 4906 disciplinae
1132 4835 1248 4904 ejus
1271 4837 1617 4908 conjungilur
1644 4842 1885 4912 magistri
1907 4844 2124 4899 crucifi-

540 4930 652 4995 xio,
685 4927 741 4984 in
767 4943 964 4999 panem
990 4927 1192 5000 lignum
1234 4930 1488 4984 mittitur.
1520 4931 1589 4986 Et
1624 4932 1698 4986 illi
1726 4933 1942 5002 quidem
1986 4935 2123 4992 insi-

539 5022 756 5078 diantes
785 5020 986 5086 dicant,
1011 5039 1029 5071 ι
1059 5022 1239 5077 venite
1269 5030 1324 5078 et
1347 5023 1624 5079 mittamus
1640 5025 1841 5096 lignum
1861 5027 1912 5081 in
1930 5043 2125 5098 panem

543 5114 684 5186 ejus.
707 5134 725 5167 ι
753 5114 864 5186 Ego
878 5129 1008 5171 vero
1021 5115 1339 5172 admirabile
1354 5117 1604 5187 quiddam
1622 5115 1871 5173 inferam.
1895 5118 2125 5192 Lignum

536 5213 764 5270 missum
780 5213 833 5267 in
850 5227 989 5284 pane
1002 5210 1118 5281 ejus
1139 5227 1335 5282 panem
1351 5211 1480 5268 fecit
1493 5214 1790 5270 meliorem.
1806 5215 2125 5284 Exemplum

537 5303 724 5373 accipe
773 5303 842 5358 de
884 5301 1004 5374 lege
1039 5301 1229 5374 Moysi.
1281 5301 1434 5359 Sicut
1475 5304 1679 5375 lignum
1722 5304 1864 5374 quod
1899 5305 2126 5360 missum

534 5401 621 5450 est
666 5393 722 5448 in
760 5409 1001 5447 amaram
1041 5409 1271 5464 aquam,
1306 5394 1434 5450 fecit
1475 5394 1619 5449 illam
1652 5394 1858 5451 dulcem
1889 5413 1901 5449 :
1933 5395 2013 5450 sic
2059 5395 2125 5449 li-

536 5499 702 5552 gnum
726 5483 993 5553 passionis
1019 5481 1146 5538 .lesu
1194 5483 1394 5539 Christi
1439 5485 1663 5539 missum
1712 5485 1764 5538 in
1819 5484 2123 5539 doctrinam

538 5572 676 5639 ejus,
705 5574 833 5628 fecit
859 5589 1054 5645 panem
1082 5576 1224 5630 illius
1252 5578 1569 5641 dulciorem,
1601 5587 1728 5631 ante
1767 5578 1910 5632 enim
1958 5593 2121 5646 quam

539 5663 926 5722 immitteretur
953 5669 1158 5738 lignum
1177 5669 1230 5724 in
1254 5686 1450 5740 panem
1486 5671 1620 5740 ejus,
1648 5675 1862 5744 quando
1889 5681 2112 5728 tantum-

537 5755 698 5810 modo
735 5757 891 5827 panis
925 5767 1060 5824 erat,
1087 5770 1144 5814 et
1172 5776 1280 5816 non
1322 5772 1440 5819 erat
1475 5764 1698 5837 lignum,
1729 5766 1781 5819 in
1806 5765 2114 5820 universam

2204 1939 2375 1998 solum
2409 1949 2620 2006 manet,
2663 1941 2707 1996 si
2739 1956 2867 1996 vero
2893 1951 3166 1996 mortuum
3213 1938 3379 1995 fuerit
3422 1935 3662 1995 multum
3691 1939 3797 1994 fru-

2204 2042 2350 2088 ctum
2377 2029 2534 2086 allert
2562 2031 2743 2104 (Joan.
2774 2031 2894 2102 xit).
2927 2051 2945 2083 ι
2989 2031 3133 2103 Ergo
3161 2047 3308 2086 mors
3332 2029 3462 2086 Jesn
3508 2031 3666 2101 spica
3696 2029 3802 2084 fru-

2207 2124 2370 2178 menti
2407 2121 2549 2176 facta
2575 2131 2679 2189 est,
2710 2120 3014 2193 septuplum
3057 2130 3112 2177 et
3155 2121 3326 2176 multo
3355 2121 3596 2192 amplius
3647 2123 3770 2176 resti

2208 2223 2387 2280 tuens,
2409 2229 2572 2283 quam
2594 2213 2771 2268 fuerat
2795 2213 3140 2268 seminatum.
3167 2213 3223 2267 Si
3246 2220 3428 2266 autem
3447 2228 3605 2267 mors
3629 2221 3801 2266 tantas

2208 2307 2388 2362 attulit
2412 2306 2614 2376 fruges,
2646 2306 2977 2362 resurrectio
3010 2303 3164 2375 cujus
3186 2304 3364 2359 futura
3394 2313 3480 2360 est
3505 2304 3802 2360 ubertatis?

2209 2395 2325 2452 Non
2341 2407 2423 2452 est
2437 2397 2601 2468 igitur
2623 2396 2872 2452 Salvator
2895 2405 3078 2452 noster
3092 2396 3382 2459 contritus,
3395 2395 3513 2450 sive
3526 2411 3723 2452 erasus
3743 2396 3804 2449 de

2211 2496 2355 2543 terra
2377 2487 2696 2553 viventium,
2712 2501 2886 2557 neque
2901 2486 3159 2542 memoria
3173 2484 3290 2555 ejus
3309 2484 3490 2540 ablata
3509 2485 3579 2540 de
3597 2500 3790 2539 memo-

2212 2582 2290 2637 ria
2318 2579 2575 2635 fidelium.
2602 2577 2874 2651 (Hieron.)
2903 2578 3007 2633 Sed
3031 2577 3337 2633 eeontrario
3355 2570 3514 2646 juxta
3540 2570 3802 2644 as'sumpti

2211 2672 2456 2743 corporis
2484 2681 2879 2730 sacramentum
2907 2665 3150 2742 loquitur
3173 2662 3346 2725 Filius
3377 2669 3445 2724 ad
3481 2664 3729 2732 Patrem,
3757 2675 3806 2721 et

2214 2761 2819 2836 imprecaturjudicium
2847 2761 2986 2832 ejus,
3003 2762 3130 2816 dum
3155 2757 3341 2816 laudat
3363 2759 3645 2831 justitiam
3673 2755 3802 2830 ejus,

2212 2864 2267 2910 et
2295 2855 2651 2924 inspectorem
2694 2853 2841 2908 renis
2867 2861 2921 2906 et
2948 2853 3126 2908 cordis
3156 2851 3373 2906 invocat
3400 2850 3573 2905 Deum
3607 2859 3670 2904 ut
3698 2850 3803 2918 ipse

2213 2945 2406 3003 reddat
2440 2944 2637 3016 populo
2661 2949 2804 3015 quod
2833 2953 3095 3008 meretur,
3118 2953 3172 2998 et
3197 2943 3347 3009 dicit,
3382 2943 3603 2998 videam
3651 2942 3805 2994 ultio-

2217 3050 2338 3091 nem
2361 3037 2509 3090 tuam
2559 3051 2624 3091 ex
2667 3035 2766 3098 eis,
2816 3049 3004 3089 eorum
3055 3033 3303 3089 videlicet
3348 3033 3441 3103 qui
3498 3032 3553 3086 in
3607 3032 3806 3088 scelere

2217 3134 2602 3198 perseverant,
2631 3127 2686 3181 et
2713 3140 2818 3180 non
2862 3140 3048 3180 eorum
3084 3124 3176 3196 qui
3208 3132 3493 3179 vertuntur
3521 3123 3591 3178 ad
3645 3123 3807 3194 paeni-

2222 3217 2466 3274 tentiam.
2490 3216 2566 3272 De
2593 3217 2697 3272 illis
2723 3217 2799 3271 ait
2828 3217 2881 3272 in
2929 3224 3090 3272 crdce
3117 3235 3130 3270 :
3176 3236 3194 3267 ι
3226 3215 3424 3282 Pater,
3451 3215 3682 3284 ignosce
3713 3215 3806 3278 eis,

2220 3310 2363 3379 quod
2393 3310 2538 3364 enim
2572 3304 2775 3363 faciunt
2798 3308 3046 3363 nesciunt
3069 3305 3218 3379 (Luc.
3245 3306 3410 3377 Xxv),
3443 3327 3462 3358 ι
3494 3306 3808 3376 revelatque

2222 3397 2368 3455 Patri
2394 3408 2449 3454 et
2474 3398 2651 3469 aperit
2675 3413 2894 3452 causam
2925 3407 3098 3462 suam,
3118 3396 3244 3467 quia
3267 3396 3416 3452 nullo
3440 3412 3542 3452 suo
3592 3399 3803 3462 merito,

2221 3490 2315 3544 sed
2338 3485 2545 3544 scelere
2594 3487 2776 3558 populi
2832 3486 3124 3543 crucifixus
3179 3494 3282 3552 est,
3327 3487 3515 3542 dicens
3553 3505 3565 3540 :
3612 3505 3632 3537 ι
3679 3487 3806 3541 Ecce

2221 3581 2371 3638 venit
2416 3582 2666 3652 princeps
2693 3581 2874 3637 mundi
2906 3577 3084 3648 hujus,
3115 3588 3171 3635 et
3203 3580 3410 3636 invenit
3457 3581 3513 3635 in
3555 3595 3651 3636 me
3683 3580 3807 3635 nihil

2222 3671 2404 3743 (Joan.
2449 3672 2582 3743 xiv).
2629 3692 2646 3723 ι
2679 3670 2848 3726 Judaei
2887 3679 2942 3725 et
2982 3670 3154 3726 nostri
3195 3670 3539 3741 judaizantes
3581 3670 3705 3726 hac
3747 3686 3807 3725 ex

2221 3780 2452 3836 persona
2481 3763 2729 3820 Jeremire
2757 3764 2863 3819 dici
2889 3762 3214 3832 intelligunt,
3235 3763 3329 3833 qui
3355 3771 3581 3833 propter
3620 3763 3804 3816 vatici-

2221 3854 2370 3908 nium
2394 3852 2696 3908 futurorum
2718 3861 2774 3906 et
2795 3842 3097 3924 ingruentia
3132 3851 3460 3921 captivitatis
3490 3851 3634 3904 mala
3655 3894 3671 3915 ,
3705 3852 3810 3906 hare

2221 3955 2345 3996 eum
2392 3957 2420 3995 a
2480 3941 2678 4011 populo
2731 3941 3051 3996 sustinuisse
3091 3940 3437 3996 confirmant.
3481 3939 3598 3996 Sed
3632 3941 3810 3995 nescio

2221 4033 2492 4105 quomodo
2538 4032 2747 4104 possint
2786 4033 3088 4104 approbare
3127 4031 3445 4086 cruciﬁXum
3493 4046 3622 4087 esse
3672 4028 3810 4086 ιρι-ε-

2222 4127 2407 4190 miam,
2433 4141 2557 4180 cum
2583 4124 2686 4180 hoc
2719 4121 3002 4196 Scriptura
3041 4139 3149 4179 non
3201 4129 3491 4188 memorat,
3525 4123 3634 4178 nisi
3680 4123 3811 4177 forte

2222 4214 2577 4286 cogitaverint
2603 4221 2658 4268 et
2683 4229 2788 4268 non
2822 4208 3070 4268 fecerint.

2299 4322 2318 4354 ι
2359 4298 2656 4374 Propterea
2678 4297 2799 4357 haec
2829 4301 2959 4357 dicit
2984 4299 3243 4356 Dominus
3274 4299 3342 4354 ad
3369 4299 3521 4354 viros
3546 4299 3806 4363 Anatotb,

2228 4414 2248 4448 ι
2293 4395 2382 4467 qui
2412 4402 2662 4464 quaerunt
2706 4393 2942 4448 animam
2994 4401 3142 4447 tuam
3172 4399 3227 4446 et
3268 4391 3499 4445 dicunt:
3544 4389 3666 4444 Non
3692 4407 3813 4461 prn-

2229 4507 2247 4540 σ
2285 4488 2531 4559 phetabis
2580 4486 2633 4540 in
2681 4486 2898 4540 nomine
2966 4483 3223 4548 Domini,
3279 4491 3335 4537 et
3399 4497 3504 4536 non
3567 4482 3813 4536 morieris

2229 4599 2248 4633 ι
2296 4581 2346 4634 in
2379 4578 2629 4634 manibus
2659 4577 2880 4632 nostris.
2910 4575 3202 4646 Propterea
3235 4575 3351 4630 hare
3381 4573 3513 4628 dicit
3555 4573 3813 4626 Dominus

2230 4690 2248 4723 ι
2291 4670 2624 4725 exercituum
2657 4685 2668 4721 :
2704 4667 2842 4722 Ecce
2867 4681 2967 4736 ego
2987 4665 3219 4720 visitabo
3244 4680 3406 4735 super
3435 4678 3531 4718 eos
3549 4705 3564 4727 ,
3586 4663 3812 4733 juvenes

2229 4779 2249 4813 ι
2295 4761 2597 4815 morientur
2644 4759 2696 4813 in
2751 4758 2949 4831 gladio,
3010 4757 3105 4812 ﬁlii
3153 4773 3340 4814 eorum
3382 4765 3441 4812 et
3470 4756 3599 4812 ﬁliae
3624 4772 3809 4813 earum

2231 4868 2251 4903 ι
2295 4850 2595 4906 morientur
2635 4847 2811 4914 fame,
2841 4857 2899 4904 et
2946 4847 3187 4918 reliquiae
3238 4862 3344 4902 non
3386 4855 3551 4902 erunt
3598 4863 3670 4900 cx
3719 4847 3808 4900 eis.

2231 4958 2252 4994 ι
2294 4940 2548 4996 lnducam
2578 4940 2720 4996 enim
2770 4938 2971 4994 malum
3020 4953 3186 5010 super
3220 4937 3368 4992 viros
3412 4935 3681 5000 Anatoth,
3718 4953 3809 4990 an-

2235 5049 2253 5083 ι
2295 5045 2423 5084 num
2475 5029 2800 5084 visitationis
2847 5042 3058 5084 eorum.
3092 5045 3111 5080 ι
3156 5024 3378 5082 Videtur
3404 5025 3511 5080 hoc
3549 5023 3808 5097 superiori

2227 5121 2508 5177 sententia:
2569 5120 2870 5184 contraire,
2926 5133 3036 5190 qua
3093 5117 3344 5174 volumus
3393 5116 3704 5185 approbare
3751 5129 3810 5168 ex

2226 5225 2456 5282 persona
2486 5209 2686 5266 Christi
2716 5209 2858 5264 dicta
2881 5223 3002 5264 esse
3035 5224 3155 5280 qua:
3176 5208 3320 5263 dicta
3347 5215 3496 5272 sunt,
3523 5215 3580 5261 et
3609 5221 3808 5267 nonex

2226 5307 2496 5371 Jercmiaa,
2524 5307 2614 5376 qui
2662 5305 2876 5376 proprie
2923 5305 3205 5360 habitabat
3249 5304 3302 5357 in
3331 5301 3512 5357 viculo
3553 5301 3810 5361 Anatoth.

2231 5399 2323 5468 qui
2351 5399 2419 5454 ab
2445 5397 2732 5464 Jerolvmis
2760 5398 2932 5451 tribus
2953 5396 3118 5450 distat
3145 5395 3399 5449 millibus.
3432 5393 3543 5448 Sed
3583 5395 3628 5448 si
3661 5392 3810 5447 intel-

2232 5490 2522 5546 lexerimus
2557 5488 2936 5560 etymologiam
2971 5487 3149 5557 oppidi
3185 5486 3423 5541 Anatoth
3458 5486 3603 5556 quod
3648 5486 3807 5540 inter-

2229 5588 2473 5650 pretatur
2493 5579 2795 5634 obedientia
2824 5617 2838 5642 ,
2871 5577 3074 5646 liquido
3099 5578 3486 5632 monstrabitur
3510 5576 3657 5630 viros
3676 5577 3811 5628 Ana~

2231 5670 2768 5740 toth,qui_qnondam
2800 5671 3084 5738 praeceptis
3110 5669 3318 5723 Domini
3345 5669 3805 5737 ubtemperarunt,

2227 5781 2416 5821 omnes
2429 5764 2530 5819 dici
2547 5762 2782 5828 Judaeus,
2800 5772 2854 5818 et
2874 5762 3108 5816 maxime
3124 5761 3458 5816 habitatores
3483 5759 3638 5814 urbis
3662 5773 3805 5813 aereo
