4022 6186
225 296 344 353 897

1143 294 1504 349 Ελυυδιίιυ
1545 296 1768 348 δυιιιςιι
1809 295 2174 350 ΠζΒΕΜῘΑΠ.
2213 329 2280 338 -
2321 297 2444 356 LIB.
2487 300 2570 356 VI.

3395 304 3499 366 898

227 412 433 472 salem,
457 408 509 462 in
531 422 668 478 quos
691 406 842 462 venit
869 415 1111 462 extrema
1135 407 1424 470 sententia,
1455 414 1509 460 ut
1533 407 1828 461 obsidionis
1855 412 1905 470 Α
1937 427 1955 459 ι
1989 407 2243 483 fructum)
2275 428 2288 464 :
2320 427 2485 480 prope
2515 427 2574 467 es
2603 421 2657 466 tu
2683 411 2764 466 ori
2791 427 2978 467 eorum
3017 422 3070 468 et
3101 413 3257 485 longe
3287 432 3316 470 a
3348 423 3465 475 reni
3485 451 3502 462 -

229 502 421 563 malis,
448 498 625 569 gladio
651 509 706 552 et
732 497 875 551 fame
903 507 957 552 et
991 506 1141 568 peste
1172 498 1471 551 interirent.
1505 496 1703 568 (Θήρ.)
1727 498 1818 551 Fi-

231 591 501 662 guraliter
530 604 673 643 nunc
712 601 910 643 nomen
962 587 1199 642 Anatoth
1251 587 1566 642 assumitur.
1626 586 1821 641 Totum

233 692 422 736 autem
439 681 718 751 judaicum
748 681 896 734 in-eo
917 687 1320 735 sacramentum
1348 688 1450 734 est.
1505 679 1824 748 Interpreta-

234 784 333 826 tur
361 772 559 842 quippe
605 769 874 834 Anatoth,
907 777 965 823 ut
1018 769 1274 835 diximus,
1305 770 1630 825 obedientia.
1688 768 1822 836 Quia

232 878 372 931 ergo
391 861 700 916 obedientia
730 859 824 917 Dei
855 860 907 916 in
938 860 1026 916 illo
1053 860 1252 932 populo
1289 859 1410 926 fuit,
1436 861 1575 915 sicut
1598 875 1824 934 regnum

233 954 374 1024 ejus,
403 962 458 1006 et
480 950 679 1006 factum
721 958 805 1008 est
845 951 910 1005 de
940 966 1132 1022 regno,
1157 950 1212 1005 id
1237 950 1380 1018 quod
1411 951 1658 1006 novimus
1689 964 1827 1021 prcc-

236 1045 448 1098 dictum
477 1057 492 1098 :
523 1060 540 1092 ι
572 1040 863 1098 Auferetur
883 1056 913 1094 a
938 1041 1092 1101 vobis
1119 1055 1343 1111 regnum
1364 1049 1419 1095 et
1443 1041 1660 1095 dabitur
1679 1039 1825 1111 genti

235 1135 464 1191 facienti
487 1135 721 1193 fructum
743 1133 858 1207 ejus
885 1151 897 1188 :
937 1154 956 1186 ι
987 1149 1128 1188 nunc
1155 1148 1369 1204 quoque
1384 1132 1486 1189 viri
1511 1131 1602 1202 qui
1622 1140 1748 1187 sunt
1772 1131 1824 1186 in

240 1229 506 1293 Anatoth,
525 1230 626 1283 hoc
655 1235 738 1287 est
761 1228 814 1281 in
836 1225 1165 1286 obedientia.
1190 1233 1440 1296 quaerunt
1460 1225 1694 1280 animam
1717 1238 1825 1279 non

235 1318 510 1382 Jeremiaa,
535 1333 708 1390 neque
729 1317 872 1373 enim
899 1315 1121 1372 historia
1153 1315 1257 1369 ulla
1285 1315 1389 1370 hoc
1412 1321 1823 1380 commemorat,

237 1413 368 1483 quia
400 1413 500 1471 viri
523 1410 760 1470 Anatoth
786 1408 1119 1478 quaesierunt
1135 1407 1370 1467 animam
1393 1405 1529 1475 ejus.
1553 1405 1826 1462 Habemus

238 1503 555 1577 Regnorum
586 1499 783 1567 libros;
817 1499 1065 1555 meminit
1117 1498 1190 1554 ibi
1240 1497 1521 1570 Scriptura
1554 1496 1824 1563 Jeremiae,

241 1592 376 1646 nihil
430 1591 535 1648 tale
581 1590 962 1646 conscribitur.
1005 1589 1277 1650 llabemus
1326 1588 1733 1667 Paralipomena
1773 1595 1828 1644 et

241 1681 419 1752 ipsum
448 1681 592 1756 quod
616 1697 758 1738 nunc
780 1680 1198 1750 interpretamur
1228 1679 1475 1739 volumen
1503 1681 1779 1755 pr0phetze
1807 1697 1820 1735 :

1934 516 1952 548 ι
1987 498 2088 552 bus
2117 513 2323 554 eorum.
2355 518 2374 552 ι
2412 499 2681 570 (Ηίιννοη.)
2709 502 2908 556 Contra
2940 517 3128 557 omnes
3157 505 3370 572 quidem
3402 507 3504 563 ini-.

1924 604 2030 658 que
2074 600 2296 661 agentes
2341 591 2443 645 ista
2495 592 2786 661 disputatio
2828 601 2944 658 est,
3004 602 3058 647 et
3116 599 3506 667 septuagesimi

1926 681 2145 734 secundi
2187 679 2378 750 psalmi
2418 680 2650 738 breviter
2687 683 2960 737 sententia
3006 686 3504 754 comprehenditur,

1927 771 1982 826 in
2022 787 2130 842 qua
2168 772 2554 842 prophetavit:
2589 793 2606 824 ι
2637 772 2808 840 Quam
2846 775 3020 829 bonus
3057 773 3218 828 Israel
3250 776 3390 831 Deus
3420 779 3507 832 his

1927 864 2016 933 qui
2056 872 2206 918 recto
2250 872 2378 918 sunt
2416 864 2598 929 corde,
2648 865 2753 918 mei
2801 873 2980 918 autem
3018 880 3156 935 pene
3187 867 3315 921 moti
3377 879 3508 922 sunt

1927 947 2108 1016 pedes,
2149 962 2286 1018 pene
2323 947 2476 1003 effusi
2515 955 2638 1002 sunt
2674 963 2893 1018 gressus
2925 951 3053 1016 mei,
3086 950 3213 1019 quia
3254 951 3422 1006 zelavi
3450 953 3505 1010 in

1927 1039 2304 1110 peccatoribus
2329 1056 2513 1110 pacem
2543 1051 2890 1110 peccatorum
2916 1043 3122 1110 videns,
3148 1053 3252 1100 etc.
3284 1065 3302 1099 ›
3331 1044 3504 1118 (Psal.

1927 1129 2122 1201 Lxxn.)
2162 1128 2268 1185 Sed
2288 1131 2504 1201 proprie
2521 1139 2708 1186 contra
2730 1132 3013 1188 haereticos
3034 1133 3248 1200 dicitur,
3267 1136 3358 1206 qui
3381 1151 3505 1190 cum

1927 1221 2036 1275 sint
2092 1221 2267 1292 impii,
2323 1221 2411 1275 via
2457 1235 2646 1276 eorum
2697 1230 3076 1292 prosperatur,
3141 1233 3509 1295 generantque

1929 1310 2088 1377 ﬁlios,
2110 1327 2203 1366 eos
2224 1326 2362 1381 quos
2389 1311 2440 1365 in
2465 1311 2656 1366 hieresi
2693 1310 3045 1383 deceperunt,
3071 1321 3125 1368 et
3150 1318 3509 1383 praevarican-

1927 1409 2018 1456 tur
2036 1411 2093 1456 et
2135 1401 2319 1471 inique
2360 1410 2564 1472 agunt:
2595 1401 2668 1456 ita
2714 1410 2774 1456 ut
2820 1401 3116 1457 Ecclesiam
3168 1403 3419 1473 spolient,
3451 1414 3510 1460 et

1929 1489 2055 1544 dum
2086 1490 2140 1544 in
2167 1491 2433 1561 pravitate
2461 1493 2741 1546 sententia:
2766 1502 3138 1562 perseverant,
3163 1494 3370 1564 jactent
3391 1512 3451 1552 se
3474 1513 3507 1562 a

1929 1579 2041 1634 Deo
2078 1594 2198 1635 esse
2238 1578 2527 1651 plantatos,
2574 1588 2629 1634 et
2668 1581 2903 1636 radicem
2941 1583 3178 1648 misisse,
3216 1599 3510 1656 generasse

1929 1672 2090 1738 ﬁlios,
2123 1681 2177 1727 et
2209 1675 2456 1730 attulisse
2498 1671 2754 1729 fructum.
2789 1675 2891 1742 Qui
2918 1691 3038 1730 cum
3069 1675 3269 1732 Christi
3307 1693 3505 1740 nomen

240 1772 376 1829 nihil
417 1771 580 1827 locuti
608 1780 734 1826 sunt
772 1771 874 1825 viri
899 1771 1156 1830 Anatolii.
1191 1769 1298 1826 Sed
1336 1770 1537 1830 Christi
1575 1780 1826 1844 quaerunt
1854 1780 1902 1839 Β
1928 1764 2124 1835 saepius
2149 1765 2429 1843 replicent,
2458 1766 2816 1822 habitatorem
2844 1768 2926 1822 sui
2951 1783 3058 1823 non
3090 1769 3291 1824 habent
3313 1769 3502 1837 Deum.

240 1865 479 1921 animam
506 1863 718 1918 Domini
738 1864 867 1930 mei,
888 1883 904 1915 t
930 1864 1254 1934 quidicunt:
1283 1881 1389 1919 non
1403 1866 1747 1936 pr0phetavit
1769 1867 1824 1922 iu

243 1953 466 2011 nomine
488 1951 722 2007 Domini.
758 1973 775 2003 ι
811 1953 1065 2025 Legimus
1093 1961 1147 2008 et
1177 1954 1280 2008 hoc
1308 1969 1338 2007 a
1365 1953 1563 2008 Judaais
1589 1954 1830 2031 prohibi-

241 2053 356 2096 tnm
382 2044 676 2102 nedoceret
703 2040 969 2106 Christus,
995 2062 1011 2093 ι
1043 2043 1280 2116 alioquin
1307 2043 1555 2098 morieris
1583 2044 1634 2096 in
1653 2042 1828 2105 mani—

241 2136 343 2205 lus
373 2136 591 2192 nostris.
626 2135 762 2193 Ecce
789 2149 887 2204 ego
921 2135 1152 2190 visitabo
1180 2135 1232 2188 in
1260 2135 1368 2200 eis,
1387 2133 1614 2209 juvenes
1639 2149 1828 2194 eorum

241 2228 421 2297 gladio
448 2228 664 2290 cadent,
697 2235 753 2282 et
777 2226 868 2280 lilii
898 2243 1082 2281 eorum
1112 2234 1166 2280 et
1190 2226 1311 2281 ﬁliae
1337 2227 1636 2282 morientur
1664 2227 1715 2281 in
1744 2225 1826 2280 fa-

244 2333 351 2370 nte.
387 2338 405 2369 ι
428 2315 800 2372 NonJeremia:
819 2317 1148 2387 temporibus
1166 2317 1218 2371 in
1242 2317 1418 2388 gladio
1440 2319 1826 2383 occubuerunt,

245 2407 339 2460 sed
369 2415 491 2477 post
526 2407 813 2462 adventum
851 2407 1061 2461 Domini
1090 2425 1102 2459 :
1131 2415 1256 2462 tunc
1281 2417 1335 2462 et
1365 2407 1534 2462 fames
1580 2407 1728 2462 venit
1773 2407 1828 2462 in

245 2511 362 2557 eos,
401 2512 506 2549 non
545 2497 715 2550 fames
746 2497 900 2566 panis
935 2513 1108 2565 neque
1147 2498 1267 2551 sitis
1315 2513 1490 2567 aquae,
1519 2498 1611 2553 sed
1660 2495 1830 2552 fames

247 2586 502 2639 audiendi
552 2602 828 2641 sermones
871 2587 1105 2641 Domini.
1155 2589 1274 2642 Jam
1315 2589 1512 2659 quippe
1553 2589 1693 2656 apud
1737 2603 1830 2644 eos

247 2673 392 2729 ultra
416 2691 520 2730 non
544 2677 742 2730 dicitur
764 2695 776 2730 :
808 2698 825 2729 ‹
848 2678 971 2733 Ηωο
1000 2679 1127 2732 dicit
1146 2679 1400 2733 Dominus
1421 2681 1781 2749 omnipotens.
1805 2699 1823 2732 ι

249 2765 358 2822 Ista
391 2766 557 2822 fames
589 2778 664 2820 est
694 2769 1022 2841 prophetica:
1051 2769 1198 2823 vocis
1223 2771 1486 2824 cessantis
1511 2771 1562 2824 in
1587 2771 1684 2825 eis.
1725 2771 1831 2826 Sed

249 2858 382 2926 quid
427 2857 617 2926 loquar
647 2859 712 2911 de
761 2858 1071 2928 prophetis?
1116 2857 1302 2930 Neque
1349 2861 1615 2930 magistri,
1659 2875 1832 2932 neque

253 2947 502 3003 doctores
523 2947 575 3001 in
604 2946 786 3000 Iudaea
813 2948 976 3023 aliqui
1022 2957 1420 3010 remanserunt.
1449 2950 1516 3011 Et
1562 2951 1688 3005 licet
1724 2951 1832 3006 sint

252 3035 696 3100 innumerabiles,
713 3037 800 3106 qui
824 3037 924 3092 sibi
949 3039 1268 3108 sapientiam
1293 3040 1595 3105 vendiccnt,
1621 3057 1724 3095 non
1747 3049 1831 3096 est

1920 1855 2075 1930 juxta
2119 1855 2248 1910 illud
2288 1856 2475 1910 Isaia::
2511 1875 2530 1908 ι
2556 1856 2792 1927 Populus
2817 1858 2906 1913 hic
2934 1857 3091 1914 labiis
3131 1875 3216 1914 me
3254 1859 3504 1928 honorat,

1925 1959 2023 2001 cor
2051 1960 2178 1999 vero
2203 1944 2320 2013 ejus
2355 1946 2513 2023 longe
2541 1957 2624 2001 est
2653 1963 2682 2000 a
2710 1961 2798 2001 me
2829 1947 2964 2018 (Isa.
2994 1948 3172 2018 χχιι).
3211 1969 3230 2002 ι

2001 2053 2022 2088 ι
2043 2035 2111 2090 Ει
2126 2044 2204 2102 ιιι,
2222 2036 2466 2102 Domine,
2487 2037 2628 2091 nosti
2647 2051 2754 2103 me,
2770 2036 2950 2093 vidisti
2975 2051 3060 2093 me
3078 2047 3133 2093 et
3149 2041 3387 2109 probasti
3409 2055 3506 2096 eor

1931 2144 1954 2179 ι
1989 2141 2170 2183 meum
2229 2137 2424 2184 tecum.
2474 2126 2750 2198 Congrega
2800 2143 2896 2184 eos
2943 2129 3098 2198 quasi
3148 2143 3388 2200 gregem,
3436 2130 3506 2186 ad

1935 2237 1954 2271 ι
1990 2218 2296 2286 victimam,
2353 2228 2408 2274 et
2453 2220 2730 2279 sanctiﬁca
2775 2235 2869 2275 eos
2917 2221 2971 2274 in
3017 2220 3104 2275 die
3148 2221 3498 2276 occisionis.)

1929 2309 2165 2376 Nullum,
2204 2312 2396 2382 inquit,
2429 2311 2742 2366 scandalum
2775 2319 2879 2377 est,
2907 2312 3051 2382 quod
3078 2311 3228 2382 impii
3257 2312 3370 2367 sive
3395 2329 3508 2369 omo.

1930 2419 2025 2458 nes
2041 2402 2278 2461 hatretici
2299 2417 2396 2474 pro
2417 2410 2657 2480 tempore
2671 2400 2898 2458 ﬂoreant
2915 2421 2927 2456 :
2951 2422 2968 2454 ‹
2992 2411 3046 2456 ιιι
3069 2403 3235 2468 enim,
3255 2403 3504 2470 Domine,

1931 2496 2071 2551 nosti
2087 2511 2196 2561 me,
2214 2506 2269 2551 et
2289 2498 2468 2553 vidisti
2490 2512 2596 2562 me,
2618 2506 2672 2552 et
2685 2499 2924 2570 probasti
2939 2514 3036 2553 cor
3053 2514 3232 2554 meum
3255 2507 3454 2563 tecum,
3479 2516 3498 2556 ι

1929 2600 2089 2656 quem
2137 2588 2210 2641 ita
2262 2588 2409 2642 novit
2453 2587 2616 2645 Pater
2643 2589 2785 2644 Deus
2814 2590 3083 2657 quomodo
3121 2589 3288 2643 ﬁlium
3315 2588 3508 2647 suum?

1929 2675 2098 2730 Nemo
2136 2676 2280 2730 enim
2314 2676 2593 2748 cognoscit
2637 2676 2833 2730 Filium
2875 2677 2978 2732 nisi
3023 2677 3202 2741 Pater,
3257 2686 3312 2732 et
3346 2693 3507 2734 nemo

1930 2769 2205 2837 cognoscit
2229 2767 2469 2834 Patrem,
2503 2768 2604 2822 nisi
2634 2767 2824 2837 Filius,
2863 2776 2918 2822 et
2953 2768 3037 2822 cui
3075 2767 3304 2823 voluerit
3339 2768 3510 2830 Filius

1932 2857 2170 2912 revelare
2227 2857 2377 2928 (Luc.
2422 2858 2523 2930 x);
2574 2856 2722 2924 licet,
2771 2857 2967 2928 inquit,
3021 2857 3324 2936 proﬁciant,
3385 2859 3510 2925 licet

1933 2949 2072 3005 ﬁlios
2132 2960 2394 3020 generent
2453 2960 2508 3005 et
2573 2951 2772 3006 faciant
2825 2951 3058 3006 fructum
3119 2952 3400 3018 hteretici,
3452 2964 3506 3016 et

1931 3053 2099 3110 prope
2151 3041 2226 3094 sis
2276 3048 2333 3094 tu
2375 3039 2455 3094 ori
2511 3055 2718 3106 eorum,
2768 3049 2823 3095 et
2872 3041 3030 3111 longe
3081 3057 3112 3095 a
3159 3041 3376 3096 renibus
3421 3057 3512 3096 eo-

246 3126 361 3200 jam
395 3141 573 3180 sermo
601 3128 810 3184 Domini
844 3129 896 3181 in
933 3129 1030 3192 eis.
1061 3128 1395 3198 Completum
1419 3141 1504 3184 est
1533 3131 1660 3186 illud
1689 3133 1828 3190 vatl-
1857 3125 1902 3186 C
1935 3145 2087 3195 rum,
2136 3130 2190 3184 id
2233 3138 2318 3185 est
2361 3129 2713 3196 conscientia,
2754 3139 2936 3187 tamen
2961 3146 3066 3186 non
3093 3145 3259 3201 parva
3284 3141 3370 3186 est
3391 3147 3514 3187 con-

249 3217 485 3270 cinium:
513 3237 531 3267 ι
568 3217 793 3274 Auferet
823 3219 1081 3291 Dominus
1102 3236 1131 3273 a
1153 3219 1335 3278 Iudaea
1363 3231 1416 3275 et
1437 3223 1504 3276 ab
1530 3221 1827 3279 Jerusalem

249 3306 488 3360 validum
542 3316 598 3362 et
655 3309 908 3372 validam,
964 3311 1220 3371 virtutem
1269 3311 1424 3388 panis
1474 3321 1531 3366 et
1577 3313 1830 3370 virtutem

250 3411 427 3473 aquae,
459 3397 752 3468 gigantem,
785 3408 839 3452 et
876 3398 1087 3463 fortem,
1111 3410 1166 3454 et
1192 3401 1466 3465 hominem
1493 3402 1827 3471 bellatorem,

250 3485 583 3554 etjudicem,
613 3496 667 3539 et
693 3488 1032 3563 prophetam,
1061 3497 1115 3542 et
1138 3489 1424 3556 arbitrum,
1457 3499 1512 3545 et
1539 3493 1830 3558 seniorem,

251 3587 305 3633 et
356 3578 910 3649 quinquagenarium,
936 3587 990 3634 et
1027 3580 1398 3636 admirabilem
1439 3583 1830 3649 consiliarium.

251 3677 307 3721 et
333 3667 629 3736 sapientem
681 3670 1036 3726 architectum
1059 3711 1072 3734 ,
1104 3680 1159 3724 et
1191 3671 1577 3743 intelligentem
1622 3675 1833 3735 audito-

254 3772 392 3817 rem.
437 3775 456 3807 ι
503 3756 621 3810 .Iam
658 3775 763 3814 non
795 3768 878 3819 est
915 3761 1057 3830 apud
1120 3775 1213 3819 eos
1263 3763 1354 3842 qui
1411 3765 1580 3834 possit
1630 3765 1828 3831 dicere,

259 3867 276 3898 ε
330 3847 492 3923 Quasi
558 3851 772 3920 sapiens
817 3852 1167 3916 architectus,
1223 3852 1628 3908 fundamentum
1679 3857 1832 3931 pomi

253 3938 303 4010 (I
334 3937 459 4001 Car.
486 3939 590 4005 ιιι).
617 3959 634 3992 ι
670 3940 1112 4012 Migraveruntab
1136 3944 1215 4000 eis
1242 3945 1547 4009 architecti,
1573 3955 1835 3999 venerunt

253 4029 319 4081 ad
358 4028 665 4092 ecclesiam,
699 4041 993 4099 posuerqnt
1018 4032 1418 4087 fundamentum
1449 4035 1721 4092 Christum
1748 4034 1836 4090 Je-

253 4138 394 4175 snm.
423 4122 560 4176 lluie
598 4087 1046 4193 SUpemdiﬁc’ant,
1077 4125 1382 4202 quicunque
1402 4134 1520 4196 post
1539 4143 1632 4181 eos
1654 4128 1833 4182 credi-

254 4213 472 4265 derunt.
500 4210 768 4282 (Hieron.)
790 4213 860 4274 Ut
885 4223 1066 4268 autem
1091 4229 1188 4268 nos
1208 4215 1353 4268 omni
1371 4215 1834 4286 interpretationis

254 4303 499 4360 molestia
538 4303 846 4366 liberemur,
875 4304 1021 4358 illam
1051 4320 1341 4373 sequamur
1376 4306 1640 4376 regulam,
1673 4324 1832 4377 quam

253 4406 444 4450 omnes
482 4394 756 4470 prophetae
796 4394 848 4447 in
895 4403 1078 4465 typum
1111 4394 1319 4449 Domini
1349 4397 1634 4451 salvatoris
1662 4397 1837 4466 plera-

253 4495 358 4554 que
413 4481 708 4549 gesserint,
758 4491 812 4535 et
857 4483 1113 4552 quidquid
1151 4481 1304 4550 juxta
1349 4499 1587 4553 prtesens
1627 4495 1836 4556 tempus

252 4571 582 4640 completum
629 4571 702 4624 sit
741 4572 792 4624 in
835 4570 1068 4627 Ieremia
1119 4574 1222 4627 hoc
1255 4573 1311 4627 in
1352 4574 1589 4628 futurum
1638 4575 1705 4630 de
1734 4575 1836 4632 Do-

254 4664 405 4726 mino
434 4663 766 4743 prophetari.

872 4771 1098 4828 CAPUT
1131 4773 1242 4827 XII.

257 4883 574 4954 Disputatur
595 4901 711 4946 cum
745 4884 969 4938 Domino
995 4896 1177 4940 contra
1206 4897 1652 4955 murmuratores;
1683 4891 1833 4947 colli-

325 4955 470 5022 gatio
532 4955 846 5030 captivitatis
903 4955 1196 5031 Jerusalem
1245 4973 1277 5031 ε.
1318 4958 1604 5031 reprobatio
1661 4960 1832 5031 Syna-

327 5039 497 5100 gogw,
529 5025 793 5103 pastorum
821 5025 1218 5090 condemnatio;
1243 5026 1307 5082 de
1337 5025 1595 5082 conversis
1623 5025 1832 5085 ad'Do-

328 5108 552 5146 mtuum.

336 5221 354 5252 ς
384 5201 571 5258 Justus
601 5203 816 5283 quidem
858 5220 940 5268 es,
984 5201 1314 5269 Domine,'si
1360 5206 1626 5277 disputem
1657 5217 1835 5265 tecum

261 5311 282 5347 ι
317 5294 456 5366 (sive
493 5297 617 5365 quia
653 5297 983 5352 satisfaciam
1028 5299 1180 5369 tibi),
1225 5309 1591 5354 verumtamen
1631 5303 1834 5373 judicia

261 5407 282 5440 ι
315 5387 509 5456 loquar
534 5387 600 5440 ad
631 5396 701 5442 te.
739 5388 880 5456 Quid
923 5401 1007 5446 est
1043 5393 1186 5462 quod
1234 5393 1318 5447 via
1373 5393 1658 5461 impiorum
1710 5413 1834 5466 pro-

263 5498 281 5529 ι
315 5480 602 5549 speratur?
649 5481 786 5536 bene
831 5492 915 5536 est
962 5484 1212 5539 omnibus
1265 5486 1354 5554 qni
1411 5471 1837 5556 prazvaricantur

262 5587 283 5618 ε
317 5578 372 5622 et
405 5569 590 5638 inique
626 5572 831 5645 agunt?
861 5573 1126 5628 Plantasti
1161 5590 1272 5638 eos,
1316 5585 1373 5630 ct
1401 5579 1639 5634 radicem
1677 5582 1838 5639 mise-

264 5675 281 5698 ο
320 5666 466 5722 runt,
493 5659 784 5728 proficiunt
803 5663 940 5732 (sive
960 5676 1352 5742 generaveruut
1377 5667 1535 5734 ﬁlios,
1559 5679 1611 5725 et
1634 5671 1841 5736 faciunt

1935 3221 2149 3284 solatio,
2188 3221 2330 3291 quod
2361 3221 2515 3290 quasi
2550 3236 2745 3291 pecora
2773 3222 3091 3290 saginantur
3118 3222 3185 3276 ad
3212 3222 3508 3277 victimam.

1933 3311 2211 3382 Congrega
2249 3327 2344 3367 eos
2381 3312 2437 3366 in
2468 3311 2654 3366 urbem
2682 3310 3002 3379 Jerusalem,
3032 3312 3147 3368 sive
3177 3314 3230 3367 in
3260 3327 3356 3368 sua
3390 3327 3514 3368 con-

1933 3403 2202 3468 eiliabula,
2230 3412 2288 3458 ut
2311 3403 2467 3473 quasi
2504 3403 2737 3457 victima:
2778 3404 3054 3459 caadantur
3081 3405 3136 3458 in
3165 3413 3394 3460 mortem
3420 3424 3431 3459 :
3458 3413 3515 3460 et

1937 3502 2062 3548 tunc
2084 3493 2489 3549 sanctiﬁcentur
2501 3509 2624 3549 cum
2649 3493 3018 3550 ecclesiastico
3032 3494 3233 3551 fuerint
3248 3511 3512 3564 mucrone

1929 3583 2180 3654 jugulati.
2210 3583 2516 3639 lnterfectio
2541 3584 2686 3638 enim
2719 3583 3119 3651 haereticorum,
3153 3585 3300 3642 salus
3321 3599 3512 3656 eorum

1935 3684 2038 3741 est,
2067 3677 2158 3745 qui
2185 3677 2396 3747 decepti
2426 3675 2659 3732 fuerant.

2010 3786 2030 3819 ς
2063 3766 2351 3838 Usquequo
2371 3768 2575 3840 lugebit
2603 3777 2772 3833 terra,
2803 3776 2859 3822 et
2885 3768 3052 3832 herba
3077 3771 3253 3826 omnis
3277 3769 3516 3839 regionis

1942 3877 1960 3909 ι
2000 3859 2313 3926 siccahitur,
2362 3871 2584 3932 propter
2631 3866 2893 3930 malitiam
2933 3867 3292 3923 habitantium
3324 3869 3377 3923 in
3409 3872 3517 3924 ea?

1942 3966 1961 3999 ι
1997 3947 2386 4018 Consumptum
2446 3959 2531 4006 est
2581 3953 2782 4007 animal
2839 3961 2894 4009 et
2941 3955 3201 4020 volucre,
3261 3957 3513 4025 quoniam

1942 4055 1960 4087 ι
2003 4037 2292 4091 dixerunt:
2321 4037 2436 4093 Non
2475 4040 2678 4095 videbit
2705 4042 2997 4098 novissima
3028 4051 3210 4099 nostra
3247 4045 3380 4114 (sive
3408 4062 3514 4100 non

1942 4145 1961 4179 ι
1997 4127 2202 4184 videbit
2251 4129 2394 4185 Deus
2424 4132 2541 4186 vias
2575 4132 2832 4205 nostras).
2867 4153 2885 4187 ι
2931 4133 3201 4207 (Ηίετοη.)
3242 4135 3515 4206 Quidquid

1939 4220 1994 4274 in
2041 4220 2243 4275 mundo
2265 4220 2349 4276 vel
2389 4221 2654 4277 bonorum
2700 4225 2897 4279 accidit
2935 4225 3023 4281 vel
3070 4215 3366 4297 malorum,
3407 4241 3513 4280 non

1937 4308 2142 4378 absque
2163 4311 2500 4380 providentia
2537 4320 2592 4366 et
2626 4311 2850 4384 fortuito
2876 4331 3003 4371 casu
3042 4316 3238 4371 accidit
3271 4335 3282 4369 :
3317 4317 3410 4370 sed
3427 4315 3516 4384 ju-

1939 4402 2079 4456 dicio
2117 4402 2234 4458 Dei.
2271 4403 2441 4467 Terra
2483 4420 2627 4460 nunc
2665 4407 2868 4463 sterilis
2900 4417 3004 4473 est,
3041 4410 3210 4463 herba
3253 4409 3514 4464 siccatur.

1941 4495 2034 4550 Vis
2065 4483 2554 4550 nosse'rationem?
2601 4497 2821 4554 malitiae
2869 4499 3230 4554 habitatorum
3256 4500 3374 4570 ejus
3413 4500 3516 4556 hoc

1940 4585 2192 4653 faciunt,
2239 4588 2312 4642 ita
2348 4598 2407 4641 ut
2433 4596 2489 4642 et
2539 4590 2789 4653 animalia
2837 4607 3000 4663 super
3039 4601 3262 4658 terram,
3307 4602 3362 4648 ct
3389 4593 3517 4650 (εαξιί

1938 4675 2173 4731 volatilia
2215 4687 2626 4744 consumantur,
2662 4681 2786 4749 quia
2827 4682 2881 4736 in
2924 4698 3052 4738 usus
3093 4683 3369 4758 hominum
3401 4685 3517 4741 hare

1939 4774 2121 4821 creata
2149 4777 2274 4830 sunt
2298 4769 2499 4824 omnia.
2519 4769 2621 4836 Qui
2649 4771 2700 4824 in
2721 4780 2924 4838 tantam
2952 4789 3338 4842 consurrexere
3368 4775 3503 4830 blas-

1938 4857 2233 4927 phemiam,
2259 4868 2321 4915 ut
2365 4861 2607 4917 dicerent
2647 4862 2814 4918 Deum
2854 4865 3102 4941 ignorare
3130 4868 3242 4928 vias
3273 4882 3422 4932 suas,
3458 4875 3511 4921 et

1934 4948 2144 5004 nescire
2173 4950 2300 5019 quid
2327 4954 2694 5023 unusquisque
2731 4947 2992 5024 passurus
3027 4957 3114 5012 sit.
3150 4955 3301 5022 Quod
3331 4963 3511 5008 autem

1935 5037 2082 5104 dicit,
2113 5054 2410 5114 usquequo,
2434 5043 2563 5097 illud
2585 5045 2852 5114 signiﬁcat
2882 5058 3198 5114 permanere
3221 5046 3353 5098 iram
3381 5043 3504 5097 Dei:

1920 5128 2062 5197 .quia
2095 5119 2308 5185 animus
2337 5133 2675 5200 peccantium
2705 5150 2808 5188 non
2841 5143 3098 5188 mutetur.

2017 5234 2034 5266 ι
2067 5217 2124 5271 Si
2165 5233 2288 5272 cum
2331 5208 2597 5288 peditibus
2644 5237 2868 5277 currens
2920 5219 3196 5284 laborasti,
3246 5220 3514 5289 quomodo

1948 5327 1967 5362 ι
2003 5310 2329 5378 contendere
2356 5311 2558 5379 poteris
2591 5327 2713 5382 cum
2750 5312 2944 5380 equis?
2989 5310 3047 5364 Si
3089 5311 3141 5364 in
3185 5320 3327 5364 terra
3365 5311 3514 5379 pacis

1947 5423 1966 5454 ι
2003 5402 2227 5468 confusa
2261 5417 2337 5468 es,
2360 5388 2505 5471 'quid
2549 5402 2714 5473 facies
2741 5404 2793 5456 in
2826 5403 3072 5471 superbia
3114 5402 3248 5470 (sive
3272 5393 3511 5475 fremitu)

1949 5511 1968 5542 ι
2006 5492 2292 5560 Iordanis?
2324 5511 2342 5544 ι
2388 5492 2469 5556 Si,
2502 5493 2693 5561 inquit,
2726 5495 2914 5548 crebra
2954 5502 3003 5547 te
3042 5493 3340 5560 vicinarum
3386 5508 3515 5564 gen-

1945 5584 2079 5638 tium
2107 5584 2389 5655 captivitas
2411 5582 2676 5654 fatigavit,
2702 5583 3055 5638 Moabitarum
3088 5594 3142 5639 et
3168 5584 3507 5640 Ammonita-

1947 5691 2084 5741 rum,
2114 5675 2435 5738 Philisthiim
2458 5683 2512 5729 et
2533 5673 2886 5742 Idumaeorum
2915 5691 2929 5730 :
2957 5675 3086 5747 quid
3117 5674 3282 5732 facies
3307 5675 3374 5731 ad
3400 5675 3518 5732 lou—
