4022 6186
607 336 709 393 899

606 466 730 523 gam
767 446 1159 520 captivitatem,
1190 461 1310 516 qua:
1342 455 1393 502 te
1422 445 1726 503 Chaldaeum
1782 463 1948 518 usque
1978 448 2202 503 ductura

606 542 727 598 est?
755 539 822 595 Et
849 546 1126 607 comparat
1173 537 1380 606 pedites
1412 536 1706 606 equitibus,
1742 538 1868 607 quia
1900 553 2089 593 revera
2140 547 2188 593 et

602 632 756 702 juxta
795 626 1079 683 historiam
1112 625 1288 680 omnis
1327 624 1508 681 Persis
1536 635 1594 681 et
1619 627 1873 684 universa
1921 627 2190 693 Chaldma,

606 731 659 777 et
685 718 963 791 regionum
990 716 1199 771 illarum
1234 716 1506 772 exercitus
1537 717 1737 785 gaudet
1768 718 2033 790 equitatu.
2075 718 2194 773 lstze

607 822 787 871 autem
834 822 1043 884 gentes,
1084 826 1219 880 quas
1255 826 1419 881 supra
1453 812 1771 876 memoravi,
1807 822 2025 884 propter
2053 810 2193 866 ditii-

607 901 861 959 cultatem
886 901 1126 958 locorum
1171 916 1279 955 non
1308 909 1417 956 tam
1447 917 1642 972 pugnae
1671 910 1811 974 aptzn
1838 910 1980 966 sunt,
2031 918 2193 973 quam

606 992 915 1059 latrocinio,
959 1002 1249 1062 servatque
1293 993 1668 1064 metaphoram
1698 1003 1755 1049 et
1783 993 1952 1049 dicit:
1978 992 2036 1049 Si
2072 1009 2193 1051 cum

606 1083 877 1156 peditibus
905 1097 1131 1138 currens
1155 1080 1473 1137 lassitudine
1503 1081 1773 1148 dcfecisti,
1802 1084 1932 1153 quid
1959 1082 2124 1141 facies
2149 1084 2194 1141 si

607 1174 762 1244 equis
790 1189 1008 1230 cursum
1039 1181 1186 1229 tuum
1216 1172 1448 1233 volueris
1482 1174 1800 1247 comquare?
1826 1174 1938 1231 Etsi
1966 1176 2019 1235 in
2052 1185 2192 1231 terra

609 1272 697 1318 tua
724 1263 959 1332 aliquam
979 1261 1214 1317 habuisti
1252 1261 1503 1317 ﬁduciam
1542 1279 1555 1316 :
1592 1263 1722 1333 quid
1764 1272 1949 1320 actura
1984 1280 2044 1321 es
2072 1280 2194 1321 cum

604 1352 893 1411 Jordanem
927 1353 1243 1419 transieris,
1280 1364 1337 1409 et
1358 1354 1520 1435 \illius
1558 1355 1798 1427 gurgites
1841 1357 2197 1413 sustinueris?

684 1466 702 1498 ι
736 1445 871 1501 Nam
902 1454 956 1500 et
986 1445 1185 1500 fratres
1224 1446 1298 1500 tui
1337 1450 1393 1503 et
1426 1445 1621 1502 domus
1664 1448 1838 1515 patris
1882 1448 1978 1513 tui,
2030 1448 2194 1504 etiam

617 1556 636 1591 ι
679 1538 726 1594 si
753 1545 1130 1608 pugnaverunt
1164 1537 1455 1593 adversum
1485 1544 1557 1602 te,
1588 1544 1642 1591 et
1670 1537 2047 1593 clamaverunt
2072 1548 2197 1609 post

616 1650 634 1683 ι
681 1638 733 1684 te
781 1629 940 1700 plena
988 1643 1140 1693 voce,
1184 1645 1255 1685 ne
1285 1628 1478 1685 credas
1514 1629 1612 1694 eis,
1647 1644 1770 1684 cum
1802 1627 1965 1685 locuti
1998 1627 2198 1684 fuerint

617 1737 635 1769 ι
677 1718 773 1773 tibi
804 1718 966 1773 bona.
999 1737 1017 1769 ι
1058 1716 1117 1772 In
1154 1726 1382 1783 tantum,
1413 1718 1619 1788 inquit,
1644 1718 1985 1790 gravissimis
2012 1716 2200 1774 Jorda-

611 1810 696 1864 nis
738 1810 983 1881 operiere
1023 1808 1278 1865 ﬂuctibus
1317 1810 1641 1879 et-cquitum
1684 1820 1738 1865 te
1781 1808 1849 1865 de
1890 1809 2052 1887 longe
2100 1825 2192 1866 ve—

611 1905 875 1959 nientium
924 1904 1213 1960 multitudo
1255 1906 1488 1961 vastavit
1536 1915 1597 1960 ut
1642 1905 1841 1963 fratres
1883 1923 2097 1979 quoque
2121 1908 2195 1963 tui

607 1996 828 2052 ldumati
850 2003 912 2051 et
938 1996 1131 2052 domus
1157 1996 1328 2067 patris
1362 1997 1458 2064 tui,
1487 1997 1582 2071 qui
1614 1996 1681 2052 de
1714 1997 1818 2057 Lot
1845 1999 2014 2069 stirpe
2037 2014 2197 2073 geuev

610 2090 715 2143 rati
761 2097 891 2143 sunt
933 2086 1088 2162 (Gen.
1123 2087 1265 2162 xxx),
1294 2087 1449 2146 Moab
1492 2098 1548 2144 et
1594 2088 1849 2156 Ammon,
1890 2091 2056 2145 etiam
2090 2090 2196 2161 ipsi

609 2190 851 2251 tempore
872 2181 1215 2235 necessitatis
1230 2189 1285 2235 et
1299 2179 1565 2253 angustiae
1585 2181 1842 2237 dimicent
1859 2191 2049 2237 contra
2067 2187 2123 2241 te
2143 2189 2197 2237 et

607 2269 869 2324 insultent
883 2269 1005 2324 tibi.
1027 2269 1177 2324 Unde
1190 2285 1321 2325 cave
1347 2284 1416 2325 ne
1450 2269 1581 2325 velis
1604 2271 1682 2326 eis
1703 2272 1949 2336 credere,
1971 2279 2026 2327 et
2045 2287 2193 2345 spem

607 2358 810 2414 habere
859 2358 1365 2429 consanguinitatis,
1406 2373 1509 2428 per
1550 2372 1711 2429 quam
1757 2361 1962 2431 majore
2014 2359 2069 2415 iu
2119 2368 2193 2423 te,

605 2463 767 2518 quam
790 2447 974 2503 hostes
999 2447 1124 2502 odio
1153 2447 1466 2503 desteviant.
1496 2446 1682 2504 Potest
1710 2449 1814 2504 hoc
1834 2458 1889 2504 et
1918 2449 1983 2504 de
2010 2450 2198 2505 Salva-

607 2548 724 2594 tore
765 2539 935 2613 accipi
974 2540 1119 2609 quod
1153 2538 1353 2597 fratres
1380 2540 1499 2612 ejus
1528 2552 1583 2599 et
1612 2544 1804 2600 domus
1838 2545 2010 2616 patris
2052 2544 2195 2603 illius

606 2629 966 2699 pugnaverint
999 2636 1189 2685 contra
1218 2645 1366 2697 eum,
1390 2640 1445 2691 ,et
1470 2631 1829 2691 clamaverint
1852 2648 1983 2689 voce
2010 2634 2192 2704 plena,

606 2718 850 2773 dicentes
876 2734 889 2771 :
925 2736 944 2767 ι
973 2717 1263 2790 Crueilige,
1294 2720 1553 2794 crucilige
1591 2737 1717 2777 eum
1747 2740 1760 2777 :
1790 2738 1897 2778 non
1928 2724 2194 2780 habemus

609 2820 797 2877 regem
810 2806 923 2862 nisi
947 2806 1214 2863 Caesarem
1239 2807 1424 2881 (Iona.
1449 2809 1593 2883 XIX.)
1625 2829 1643 2862 ι

690 2916 709 2948 ς
746 2898 960 2969 Reliqui
1025 2900 1243 2957 domum
1306 2916 1524 2969 meam,
1589 2902 1769 2961 dimisi
1824 2902 2193 2961 hereditatem

616 3010 634 3041 ι
670 3006 868 3047 meam.
916 2992 1047 3051 Dedi
1072 2993 1321 3049 dilectam
1345 2995 1580 3051 animam
1610 3010 1785 3055 meam
1816 2998 1870 3053 in
1895 3014 2060 3055 manu
2091 3000 2166 3055 ili

609 3098 627 3131 ι
668 3081 932 3137 micorum
977 3081 1114 3154 ejus.
1161 3084 1326 3141 Facta
1380 3098 1463 3141 est
1505 3088 1636 3143 mihi
1703 3090 1993 3145 hmreditas
2047 3106 2189 3155 mea,

610 3190 632 3226 ι
666 3173 820 3243 quasi
862 3173 947 3229 leo
991 3174 1044 3230 in
1087 3175 1240 3230 silva.
1295 3176 1451 3233 Dedit
1475 3189 1664 3237 contra
1697 3196 1785 3237 me
1820 3197 2030 3249 vocem,
2072 3183 2192 3241 ideo

613 3285 628 3316 ι
666 3267 812 3322 odivi
858 3282 997 3323 eam.
1032 3286 1052 3321 ι
1093 3268 1194 3337 Qui
1216 3269 1269 3324 in
1299 3270 1591 3343 Evangelia
1620 3272 1832 3330 locutus
1867 3286 1971 3343 est,
2019 3294 2037 3327 ι
2062 3273 2194 3332 Sur-

602 3355 735 3426 gite,
766 3357 1025 3412 abeamus
1052 3358 1181 3414 hinc
1221 3358 1403 3430 (Joan.
1435 3362 1549 3433 κεν)
1577 3379 1593 3429 ;
1625 3381 1643 3414 ι
1682 3372 1738 3419 et
1773 3364 1969 3420 iterum
1995 3379 2010 3419 :
2042 3386 2060 3418 ι
2087 3365 2189 3424 Re-

605 3446 880 3516 linquetur
901 3447 1051 3502 vobis
1070 3448 1260 3503 domus
1281 3458 1461 3507 vestra
1483 3451 1693 3509 deserta
1716 3450 1866 3525 (Luc.
1893 3455 2069 3529 xm),i
2104 3458 2194 3522 hic

606 3537 773 3590 etiam
808 3537 863 3592 in
888 3538 1150 3613 propheta
1200 3539 1391 3601 eadem
1435 3542 1821 3611 comminatur,
1861 3553 1917 3601 et
1947 3548 2089 3616 quod
2114 3547 2191 3602 fa-

606 3641 795 3686 cturus
822 3640 927 3698 est,
958 3631 1151 3688 fecisse
1190 3649 1252 3689 se
1283 3636 1433 3689 dicit.
1465 3636 1761 3696 Haereditas
1790 3640 1933 3698 enim
1981 3641 2191 3697 Domini

604 3732 689 3776 est
714 3722 901 3789 lsrael,
927 3731 984 3779 et
1010 3723 1280 3781 funiculus
1306 3726 1639 3792 hereditatis
1665 3729 1799 3799 ejus.
1826 3731 1979 3799 Quod
2010 3744 2189 3790 autem

609 3812 702 3875 ait,
746 3830 764 3864 ι
788 3812 908 3869 dedi
938 3813 1189 3873 dilectam
1223 3816 1460 3873 animam
1503 3834 1678 3876 meam
1715 3820 1769 3875 in
1815 3837 1977 3878 manu
2010 3823 2193 3879 inimi-

612 3918 802 3959 corum
825 3905 960 3976 cjus,
986 3924 1005 3958 ι
1032 3905 1163 3963 illud
1185 3916 1271 3963 est
1295 3925 1307 3961 :
1341 3927 1358 3959 ι
1379 3907 1711 3967 Potestatem
1753 3912 1927 3969 habeo
1956 3917 2191 3984 portenti

608 3995 845 4051 animam
902 4011 1122 4064 meam,
1169 4005 1227 4053 et
1274 4005 1601 4073 potestatem
1661 4002 1836 4058 habeo
1884 4004 2189 4061 resume-di

603 4085 753 4141 illam
782 4085 965 4158 (Joan.
990 4087 1068 4158 ι).
1094 4108 1115 4142 ι
1154 4088 1326 4144 Facta
1361 4100 1446 4147 est
1484 4100 1667 4149 autem
1698 4092 1987 4151 lucreditas
2014 4110 2190 4165 quon-

604 4177 729 4234 dam
761 4178 976 4235 Domini
1016 4180 1248 4250 populus
1284 4178 1617 4251 Iudaeorum,
1665 4194 1854 4241 contra
1881 4202 2005 4241 eum
2033 4187 2189 4258 quasi

604 4267 691 4325 leo
734 4270 787 4324 in
840 4271 996 4337 silva,
1040 4273 1255 4341 quando
1290 4274 1406 4345 pari
1451 4276 1740 4333 adversum
1776 4276 1925 4337 illum
1968 4278 2022 4339 in
2070 4293 2193 4349 pas-

610 4362 764 4420 sione
792 4377 924 4418 voce
954 4363 1226 4420 clamavit.
1263 4365 1334 4421 Et
1376 4366 1502 4436 quia
1547 4368 1695 4424 dedit
1727 4378 1916 4425 contra
1946 4385 2071 4426 eum
2096 4386 2190 4425 vo-

604 4465 722 4505 cem
766 4466 939 4518 suam,
985 4454 1105 4509 ideo
1139 4470 1259 4509 eam
1296 4456 1419 4511 odio
1444 4457 1633 4513 habuit
1654 4467 1711 4513 et
1735 4457 1952 4528 abiecit,
1983 4470 2039 4514 et
2068 4475 2187 4529 quae

602 4544 874 4609 quondam
911 4544 1013 4599 fuit
1038 4545 1233 4602 dilecta
1261 4555 1424 4617 atque
1452 4549 1793 4616 charissima,
1832 4566 1976 4606 nunc
2010 4550 2187 4622 appel-

603 4631 747 4686 latur
782 4634 990 4691 odiosa.
1025 4635 1224 4708 (Oi-ig.)
1272 4636 1382 4693 Nec
1426 4638 1732 4695 mirandum
1775 4650 1880 4707 est,
1935 4640 1984 4695 si
2035 4650 2182 4705 tunc,

603 4721 742 4778 truci
788 4721 979 4778 bellua:
1031 4734 1341 4794 comparata
1381 4728 1481 4791 sit,
1533 4743 1702 4798 usque
1748 4731 1815 4786 ad
1860 4740 2183 4800 praesentem

598 4810 760 4875 diem,
824 4811 1007 4867 leones
1063 4814 1117 4868 in
1168 4814 1301 4869 silva
1345 4826 1472 4871 sunt
1516 4819 2041 4875 anathematizantes
2076 4819 2184 4879 Do-

600 4903 806 4958 minum
834 4899 1018 4957 Jcsun.
1042 4912 1098 4959 et
1127 4902 1563 4974 blasphemantes
1591 4906 1759 4972 illum,
1790 4915 1845 4962 et
1868 4906 2186 4969 insidiantes

597 4994 941 5053 credentibus
962 4993 1164 5049 nomini
1193 4995 1331 5064 ejus.

674 5105 693 5139 ι
726 5084 977 5155 Nunquid
1030 5085 1147 5141 avis
1201 5085 1434 5146 discolor
1495 5086 1780 5143 haereditas
1834 5102 1952 5144 mea
2016 5088 2185 5145 mihi?

601 5192 620 5224 ι
648 5174 900 5249 Nunquid
926 5174 1042 5231 avis
1069 5175 1230 5230 tincta
1253 5190 1350 5245 per
1372 5174 1577 5229 totum?
1599 5172 1807 5240 Venite,
1822 5177 2186 5249 coqgregami-

602 5284 621 5315 σ
650 5266 724 5330 ni,
740 5279 928 5320 omnes
952 5264 1139 5320 bestiae
1160 5274 1337 5331 terrae,
1356 5276 1641 5336 properate
1668 5267 1735 5321 ad
1762 5266 2146 5323 devorandum.
2162 5285 2179 5317 ι

598 5352 867 5426 (Ilieron.)
915 5353 1265 5427 Septuaginta
1298 5373 1311 5409 :
1348 5375 1366 5407 ι
1393 5353 1645 5429 Nunquid
1678 5355 1930 5427 spelunca
1979 5356 2181 5427 hyaenae

597 5442 883 5500 htereditas
913 5461 1030 5500 mea
1066 5447 1235 5502 mihi?
1276 5463 1344 5502 an
1389 5446 1644 5517 spelunca
1694 5448 1747 5503 in
1794 5447 2023 5502 circuitu
2062 5445 2182 5517 ejus

597 5549 760 5605 super
788 5537 943 5591 eam?
982 5537 1216 5609 Pergite,
1242 5547 1563 5610 congregate
1590 5554 1786 5595 omnes
1810 5539 2011 5595 bestias
2041 5537 2177 5608 agri.

598 5632 653 5677 et
674 5626 887 5680 veniant
914 5636 973 5682 ut
1001 5629 1286 5683 comedunt
1310 5642 1448 5683 eam.
1480 5648 1498 5681 ι
1531 5628 1699 5684 Avem
1732 5628 2051 5684 discolorem
2077 5627 2178 5681 tin-

598 5721 848 5785 ctamque
865 5732 962 5786 per
976 5726 1163 5785 totum,
1176 5715 1330 5786 juxta
1353 5716 1610 5787 litteram,
1628 5734 1822 5788 pavum
1841 5727 2016 5773 vocat.
2035 5716 2175 5771 Tan-

1264 330 1322 384 B.
1365 329 1616 385 RABANI
1657 327 1872 386 MAURI
1912 326 2190 384 Αιιιῖιιιιςι

2285 330 2580 386 uocum:
2625 318 2907 388 OI‘ERUM'
2942 331 3121 387 rans
3157 333 3238 387 ιιι.

3735 340 3816 395 ςιρο

2232 454 2276 511 Α
2312 456 2440 512 tam,
2474 447 2665 518 inquit,
2699 447 2885 503 habuit
2923 447 3375 517 pulchritudinem
3414 448 3590 513 lsrael,
3618 461 3668 505 et
3689 458 3813 509 tantis

2299 535 2709 592 fuitJerusalem
2727 537 2978 593 distincta
3001 538 3291 595 virtutibus
3315 544 3373 592 ut
3392 537 3519 599 nihil
3534 550 3664 597 esset
3680 543 3814 600 bono-

2298 643 2438 693 rum,
2480 628 2624 697 quod
2664 642 2770 682 non
2811 636 3124 683 cerneretur
3164 628 3219 682 in
3248 622 3352 683 ea:
3396 630 3516 699 quia
3546 631 3695 701 igitur
3716 636 3814 690 mihi

2297 714 2440 771 facta
2478 726 2563 771 cst
2607 717 2896 772 hmreditas
2926 716 3194 787 quondam
3243 730 3393 784 mea,
3445 718 3497 775 id
3531 728 3607 774 est
3634 724 3817 792 populus

2295 806 2480 872 Israel,
2531 809 2687 880 quasi
2738 809 2822 866 leo
2867 810 2921 867 in
2965 808 3122 877 silva,
3174 809 3324 866 dedit
3349 822 3534 868 contra
3563 829 3640 869 me
3669 831 3816 871 vocem

2295 915 2469 965 suam,
2496 908 2549 956 et
2575 916 2697 956 eam
2731 901 2877 957 omni
2908 900 3032 957 odio
3058 902 3354 959 detestatus
3378 918 3492 959 sum
3517 923 3529 960 :
3552 904 3729 962 idcirco
3742 922 3817 977 ve.

2295 988 2411 1047 nite
2431 998 2487 1045 et
2504 991 2905 1064 congregamini
2929 1002 3118 1047 contra
3135 1006 3277 1059 eam,
3291 1008 3475 1049 omnes
3492 994 3663 1053 bestiae
3679 1007 3815 1063 terre,

2296 1078 2636 1136 diversarum
2660 1080 2897 1154 gentium
2922 1081 3230 1151 multitudo,
3259 1092 3315 1137 et
3337 1082 3581 1139 devorate
3605 1101 3707 1139 eam
3728 1102 3818 1159 qua

2296 1189 2455 1229 suum
2481 1174 2767 1229 Dominum
2797 1189 2904 1229 non
2934 1175 3205 1251 cognovit.
3238 1173 3334 1229 Sin
3364 1184 3538 1231 autem
3559 1184 3611 1231 ut
3637 1178 3817 1249 Septua-

2296 1267 2443 1337 ginta
2467 1276 2521 1321 et
2543 1265 2634 1320 alii
2664 1265 2987 1336 interpretes
3019 1264 3411 1323 transtulerunt
3436 1265 3651 1336 legitur:
3674 1267 3815 1324 «Nun-

2296 1357 2424 1430 quid
2447 1355 2701 1429 spclunca
2728 1355 2936 1428 hymnm
2957 1355 3246 1413 limreditas
3280 1370 3397 1410 mea
3426 1356 3589 1410 mihi?
3620 1377 3635 1408 ι
3662 1358 3814 1413 refers.

2297 1463 2418 1503 mus
2440 1447 2508 1501 ad
2561 1446 2966 1501 immunditiam
3016 1453 3299 1502 nocturnae
3338 1445 3540 1511 bestiae,
3586 1462 3688 1516 quae
3717 1448 3813 1501 vivit

2296 1536 2648 1594 cadaveribus
2708 1528 3045 1600 mortuorum
3072 1579 3089 1603 ,
3157 1546 3214 1593 et
3283 1538 3351 1593 de
3423 1536 3661 1610 sepulcris
3712 1538 3812 1594 solet

2297 1631 2532 1691 etiodere
2570 1646 2796 1702 corpora
2818 1671 2834 1697 ,
2880 1630 3122 1702 nihilque
3150 1639 3236 1686 est
3266 1630 3601 1687 immunditite
3621 1646 3712 1700 quo
3734 1648 3810 1687 non

2300 1732 2555 1779 vescatur
2579 1741 2593 1778 :
2629 1721 2752 1777 talis
2776 1730 2861 1780 est
2888 1721 3055 1777 lsrael
3081 1721 3361 1778 oﬂ'endens
3390 1722 3652 1778 Dominum
3676 1738 3806 1785 suum,

2230 1796 2270 1854 Β
2302 1824 2356 1871 et
2380 1814 2621 1871 omnium
2651 1814 2945 1871 bestiarum
2972 1815 3246 1871 morsibus
3274 1815 3516 1870 traditur.
3548 1812 3715 1887 (θήῃ.)
3744 1814 3810 1868 Ve-

2301 1912 2500 1959 nerunt
2540 1904 2728 1958 bestim
2768 1903 2907 1974 agri,
2953 1902 3351 1960 devoraverunt
3380 1905 3617 1976 populum
3651 1903 3807 1959 Judaeu—

2298 2010 2440 2051 rum.
2469 1992 2604 2049 Vide
2626 2008 2788 2050 exesa
2814 1996 2979 2050 corda
3008 1995 3254 2050 omnium
3278 2010 3308 2049 a
3334 1995 3561 2050 fortitudi
3582 1994 3699 2049 tibus
3712 2009 3806 2048 con-

2299 2087 2500 2145 trariis.
2520 2086 2578 2141 Si
2600 2086 2704 2141 illis
2727 2086 2868 2142 Deus
2886 2100 2989 2140 non
3014 2086 3280 2158 pepercit,
3305 2087 3397 2141 sed
3418 2086 3489 2141 ait
3512 2104 3524 2139 :
3544 2104 3561 2139 ι
3579 2087 3803 2141 lteetcon-

2300 2185 2519 2248 gregate
2540 2176 2761 2244 bestias,
2787 2197 2805 2229 ι
2826 2186 3029 2247 quanto
3055 2178 3230 2250 magis
3260 2178 3415 2233 nobis
3438 2193 3535 2233 non
3560 2175 3743 2247 parcet?
3762 2173 3800 2228 Si

2297 2283 2405 2322 non
2453 2267 2745 2325 fecerimus
2787 2266 2957 2339 legem
2987 2263 3124 2335 ejus,
3176 2267 3224 2322 si
3266 2282 3558 2322 sermonem
3593 2262 3801 2334 Evangelii

2303 2355 2721 2447 neglexerimus,
2749 2372 2968 2413 rursum
2998 2358 3140 2447 dicet
3172 2373 3197 2411 ι
3220 2375 3240 2410 ι
3267 2357 3340 2412 ite
3364 2368 3417 2447 et
3444 2354 3800 2447 congregante-

2297 2442 2431 2501 stias
2450 2453 2506 2500 et
2523 2446 2721 2501 tradite
2740 2461 2858 2502 eam
2886 2464 2899 2500 :
2926 2466 2945 2499 ι
2967 2446 3063 2502 sed
3084 2461 3186 2502 nos
3210 2444 3531 2502 confidamus
3552 2445 3597 2499 in
3615 2442 3797 2503 Domino,

2295 2545 2354 2593 et
2390 2537 2445 2593 in
2489 2536 2735 2593 oratione
2775 2538 3044 2605 dicamus,
3074 2556 3093 2589 ι
3111 2536 3194 2593 Ne
3225 2540 3404 2594 tradas
3430 2537 3599 2593 bestiis
3622 2535 3796 2589 animam

2297 2627 2649 2685 conﬁtentem
2688 2630 2785 2685 tibi
2818 2628 2993 2702 (Paul.
3038 2631 3258 2703 Limn).
3286 2651 3306 2683 ι
3349 2629 3570 2700 Agamus
3597 2627 3795 2699 peniten-

2297 2719 2429 2777 tiam
2483 2734 2647 2792 super
2696 2721 2939 2794 peccatis
2989 2721 3194 2777 nostris
3231 2740 3246 2777 :
3289 2722 3616 2777 confitemur
3655 2714 3794 2772 delicta

2241 2805 2259 2820 “
2299 2818 2505 2877 nostra,
2536 2825 2658 2883 qua:
2687 2811 2933 2880 fecimus,
2963 2820 3021 2871 et
3047 2812 3245 2871 bestiis
3272 2829 3375 2869 non
3405 2813 3651 2867 tradcmur
3672 2825 3683 2861 :
3702 2805 3793 2877 quin

2295 2905 2476 2979 potius
2500 2905 2676 2979 angeli
2706 2906 2948 2975 venient,
2989 2907 3083 2977 qui
3119 2922 3225 2964 nos
3261 2907 3314 2962 in
3340 2907 3453 2962 sinu
3477 2919 3566 2961 suo
3586 2907 3796 2974 gestantes

2295 2997 2363 3052 de
2386 2997 2614 3053 terrenis
2636 2997 2770 3053 locis
2791 2998 2861 3054 ad
2883 2997 3131 3057 cmiestia
3156 2998 3504 3063 transferunt,
3526 2996 3583 3052 de
3601 2988 3794 3067 pauenti

2297 3087 2494 3144 saeculo
2524 3089 2861 3161 inperpetua
2887 3088 3153 3145 collocent
3175 3090 3492 3144 aeternitate.

2370 3198 2392 3231 ι
2418 3178 2673 3237 Pastores
2720 3178 2873 3234 multi
2920 3179 3163 3235 demoliti
3199 3188 3324 3237 sunt
3350 3180 3469 3253 (sive
3493 3167 3793 3249 corrupeml)

2303 3290 2322 3324 ι
2353 3271 2566 3327 vineam
2613 3286 2824 3338 meam,
2873 3272 3333 3329 oonculcaverunt
3378 3272 3497 3344 (sire
3536 3260 3792 3342 pollutam”)

2303 3379 2321 3413 ι
2354 3372 2569 3432 partem
2597 3376 2795 3418 meam.
2828 3360 3104 3417 Dederunt
3129 3364 3436 3437 portionem
3463 3374 3615 3416 meam

2302 3470 2319 3505 ι
2354 3448 2579 3506 rabilem
2632 3450 2687 3505 in
2736 3450 3014 3506 desertum
3075 3435 3382 3511 solitudinis
3433 3450 3547 3521 (sive
3605 3435 3789 3511 inviam).

2302 3558 2321 3590 ι
2356 3538 2660 3595 Posuerunt
2695 3553 2814 3595 eam
2852 3539 2951 3611 (vel
2978 3541 3156 3612 posita
3190 3540 3294 3615 est)
3321 3543 3373 3596 in
3400 3537 3785 3608 dissipationem:

2296 3627 2570 3702 (Ηὶενοη.)
2619 3628 3000 3687 Audianthmc
3039 3631 3132 3704 qui
3181 3633 3449 3704 principes
3487 3628 3677 3701 cupiunt
3706 3632 3790 3675 esse

2293 3719 2636 3789 populorum,
2660 3730 2715 3776 et
2737 3736 2842 3779 non
2866 3721 3040 3783 solum
3069 3738 3172 3792 pro
3203 3738 3285 3789 se,
3305 3723 3397 3778 sed
3423 3731 3474 3778 et
3496 3734 3583 3792 pro
3608 3708 3789 3773 cummi?

2294 3809 2371 3863 sis
2417 3809 2519 3865 sibi
2559 3809 2812 3882 gregibus
2845 3812 3111 3867 reddituri
3156 3823 3288 3870 sunt
3323 3814 3565 3881 tationem
3587 3798 3788 3868 indicii?

2300 3897 2447 3954 dicii.
2494 3898 2722 3971 Propter
2772 3901 2891 3957 illos
2934 3903 3080 3958 enim
3123 3920 3255 3975 pars
3293 3901 3497 3961 Domini
3525 3895 3789 3956 conculcatur

2294 3999 2460 4060 atque
2479 3990 2759 4061 polluitur,
2788 4001 2848 4048 ut
2872 3994 2963 4049 ubi
2997 3997 3273 4063 quondam
3302 3996 3395 4052 Dei
3419 4002 3530 4050 erat
3546 3986 3788 4058 hospitium:

2293 4078 2368 4134 ibi
2397 4081 2469 4134 sit
2496 4082 2862 4138 habitaculum
2890 4079 3209 4142 bcstiaruO.
3241 4086 3492 4147 Aliivero
3521 4096 3614 4139 non
3639 4085 3790 4146 9W

2293 4167 2426 4224 sitos
2470 4169 2642 4240 plebis
2686 4180 2741 4227 et
2778 4175 3113 4240 sacerdotes,
3155 4178 3253 4233 sed
3300 4174 3523 4237 hostium
3560 4164 3790 4232 intelligunt

2291 4260 2583 4331 principes,
2625 4263 2716 4334 qui
2761 4262 3095 4334 Jerusalem,
3136 4265 3242 4329 hoc
3280 4273 3362 4323 est
3395 4264 3589 4327 vineam
3610 4247 3789 4313 Domini.

2295 4353 2651 4422 dtssiparunt.
3350 4418 3361 4431 )

2369 4461 2387 4494 ι
2420 4441 2690 4514 Luxitque
2732 4459 2896 4517 Super
2938 4461 3027 4507 me
3067 4462 3082 4501 :
3121 4446 3452 4510 desolatione
3491 4436 3693 4498 desolata
3729 4434 3789 4483 αι

2297 4550 2315 4583 ι
2354 4534 2532 4588 omnis
2562 4542 2723 4600 terra,
2752 4536 2876 4605 quia
2923 4535 3102 4593 nullus
3145 4546 3232 4593 est
3256 4536 3347 4606 qui
3388 4530 3621 4603 recogitet
3651 4517 3786 4583 οοιῦεε

2294 4643 2312 4676 ι
2356 4623 2530 4700 Super
2573 4641 2764 4681 omnes
2822 4628 2938 4681 vias
2987 4628 3190 4685 deserti
3251 4633 3505 4684 venerunt
3540 4621 3783 4677 vastatores

2295 4732 2313 4767 ι
2350 4715 2476 4785 quia
2514 4715 2723 4787 gladius
2748 4716 2959 4779 Domini
2998 4719 3279 4775 devorabit
3321 4717 3389 4772 ab
3419 4721 3636 4772 extremo
3673 4710 3786 4757 ιεππ

2295 4823 2312 4856 ι
2352 4820 2522 4879 usque
2566 4807 2633 4861 ad
2673 4815 2978 4864 extremum
3016 4807 3166 4879 ejus,
3202 4825 3307 4865 non
3344 4815 3427 4863 est
3464 4819 3562 4877 pax
3585 4797 3786 4855 unum?

2295 4912 2317 4945 r
2353 4895 2524 4950 carni.
2566 4916 2586 4948 ι
2643 4896 2998 4970 Septuaginta
3043 4917 3058 4954 :
3121 4919 3141 4951 ι
3176 4899 3462 4972 Propterea
3509 4884 3785 4972 ἀίεείβίίφθ

2294 5002 2314 5037 α
2351 4984 2609 5055 dissipata
2667 4996 2753 5047 est
2811 4969 2990 5047 omnis
3045 4999 3231 5058 terra,
3273 4969 3300 5043 ἶ
3360 4997 3414 5049 et
3463 4984 3658 5051 reliqua.
3703 4969 3783 5035 Βοο

2288 5076 2431 5145 quod
2452 5078 2730 5147 posuimus
2748 5098 2765 5131 ι
2786 5079 3027 5151 luxitque
3045 5096 3209 5151 super
3228 5096 3313 5136 me
3339 5098 3355 5132 ι
3374 5062 3780 5148 juxtaﬂehra'mum

2289 5166 2453 5238 priori
2477 5168 2745 5227 versiculo
2767 5171 3068 5243 copulatur,
3099 5180 3158 5232 ut
3185 5173 3254 5227 sit
3278 5183 3486 5233 sensus,
3508 5183 3528 5215 ι
3551 5154 3781 5239 9050mm

2290 5275 2409 5316 eam
2434 5260 2487 5319 in
2513 5261 2975 5334 dissipationem,»
3009 5264 3115 5321 hoc
3142 5271 3245 5331 est,
3274 5259 3610 5318 hereditatem
3632 5251 3776 5305 meam.

2295 5372 2314 5405 ι
2347 5353 2617 5425 Luxitque
2638 5371 2805 5430 super
2831 5371 2941 5423 me,
2971 5375 2990 5409 ι
3027 5372 3150 5413 meo
3174 5354 3370 5413 auxilio
3388 5349 3633 5407 destituit

2290 5422 2642 5515 Septuaginta
2684 5422 2815 5502 vero
2849 5447 3087 5518 loquitur
3109 5448 3267 5512 Deus,
3296 5442 3431 5515 quod
3458 5441 3643 5513 ιποριετ
3663 5422 3773 5515 main

2288 5543 2434 5590 terra
2473 5536 2544 5591 sit
2579 5535 2842 5608 dissipata
2878 5517 2936 5595 et
2972 5540 3191 5596 redacta
3237 5537 3289 5591 in
3330 5527 3655 5619 solitudinem}

2288 5625 2466 5681 nullus
2495 5627 2566 5685 sit
2595 5628 2684 5697 qui
2716 5606 2879 5684 corde
2902 5630 3186 5700 rec0gitet.
3208 5642 3304 5682 nec
3327 5623 3427 5679 ulla
3448 5632 3541 5689 tm
3568 5606 3772 5707 “imi”

2286 5717 2438 5772 carui
2466 5732 2480 5770 :
2510 5732 2683 5788 neque
2711 5719 2852 5774 enim
2878 5736 3063 5790 pacem
3091 5720 3184 5777 Dei
3214 5722 3384 5789 potest
3410 5722 3524 5766 caro
3554 5702 3768 5765 ιεςίρεῖθι

2220 3158 2263 3220 C
