4022 6186
287 313 388 373 θοι

1216 312 1581 374 EXPOSlTIO
1617 314 1843 375 SUPER
1876 316 2242 376 IEREMKAM.
2285 350 2355 363 ~—
2388 318 2518 376 LiBl
2558 318 2643 376 Π.

292 450 312 483 ι
344 429 625 500 Sapientia
660 428 809 486 enim
854 430 1039 485 cumis
1084 430 1304 486 inimica
1344 438 1430 487 est
1461 432 1588 496 Deo,
1612 440 1678 486 et
1694 433 1792 503 qui
1819 434 1874 486 in
1909 444 1949 497 Α
1978 442 2036 487 et
2077 433 2250 503 juxta
2273 443 2543 504 praecepta
2587 434 2801 491 Domini
2824 436 3023 507 dignus
3069 437 3308 495 incertat.
3340 442 3564 511 Verum...

276 536 459 577 carne
499 530 647 588 sunt,
685 518 798 577 Deo
822 522 1041 592 placere
1064 534 1176 577 non
1214 531 1444 593 possunt
1474 524 1652 595 (Rom.
1678 524 1821 596 vm).
1850 544 1872 576 ο

278 609 460 668 Porro
478 610 636 681 juxta
656 610 1137 671 ﬂebraicumideo
1172 612 1358 670 induta
1399 616 1577 672 omnis
1613 626 1699 672 est
1725 617 1878 672 deso-

1983 522 2311 591 charissimi,
2337 524 2502 579 nolite
2549 534 2739 595 putare
2778 525 2884 581 hoc
2924 536 3139 582 tantum
3165 529 3234 585 de
3260 532 3423 590 nobis
3448 551 3571 593 esse

1973 611 2187 667 dictum
2216 630 2231 667 :
2267 621 2325 668 et
2356 628 2461 669 nos
2489 623 2554 669 et
2596 628 2689 670 vos
2728 626 3045 673 commtet
3072 618 3254 675 divina
3284 621 3565 692 najestas,

276 704 421 769 ista,
445 703 573 775 quia
600 701 781 767 mitius
809 712 893 758 est
919 704 1012 773 qui
1044 707 1209 761 corde
1236 707 1500 778 recogitet
1538 709 1733 771 Deum,
1780 722 1881 764 nec
1972 712 2042 758 ut
2073 702 2228 767 iuxta
2259 702 2670 776 Seriptumum
2697 716 2975 778 precepts
3026 708 3293 779 vivamus,
3324 714 3438 769 etsi
3484 717 3570 773 sic

276 794 543 849 residuus
581 793 675 863 qui
706 793 886 863 possit
930 794 1185 849 evadere.
1222 794 1329 851 Per
1354 810 1545 852 omnes
1579 799 1728 853 enim
1762 798 1879 855 vias

1968 791 2199 864 expedit
2224 793 2406 851 dicere
2431 813 2443 849 :
2468 812 2493 846 ι
2519 804 2770 867 potentes
2782 806 3038 867 potenter
3060 808 3330 859 lamenta
3359 806 3569 875 patien-

274 884 594 941 eotitudinis
626 892 896 940 venerunt
925 893 1248 953 vastatores,
1274 887 1336 943 ‘id
1363 897 1450 943 est
1486 888 1698 946 hostilis
1721 904 1880 947 exer-
1981 893 2119 939 ιυω
2142 883 2272 942 Plus
2296 900 2327 940 a
2354 901 2441 941 me
2466 887 2702 958 exigitur
2726 902 2888 958 quam
2916 890 3218 958 adimo,
3247 893 3367 964 phis
3393 911 3424 950 a
3449 897 3565 953 (ﬁa-

270 975 447 1042 citutt,
495 982 551 1029 et
584 974 798 1046 gladius
836 974 1051 1031 Domini
1077 977 1413 1034 devmvit-a
1443 980 1675 1036 termino
1702 996 1877 1052 usque

274 1068 352 1122 ad
390 1068 681 1123 terminum
711 1085 724 1121 :
757 1080 860 1124 nec
896 1070 1118 1138 requies
1146 1069 1381 1126 ultail'uit
1406 1072 1472 1127 de
1492 1074 1634 1129 urbe
1665 1072 1876 1144 fugien-

276 1158 450 1215 tibus.
482 1157 638 1214 Unde
662 1158 867 1213 dicitur
889 1176 903 1213 :
935 1178 954 1210 ‹
976 1159 1250 1216 universae
1270 1162 1420 1216 carni
1449 1178 1554 1217 non
1578 1172 1667 1218 est
1685 1178 1809 1235 pax.
1840 1184 1869 1217 υ»

278 1245 485 1320 (θήρ.)
502 1247 720 1315 Quodsi
738 1247 974 1304 volueris
990 1250 1242 1305 subtilius
1264 1252 1591 1324 intelligere:
1606 1273 1634 1306 λι
1652 1263 1876 1324 propter

279 1354 371 1394 me
392 1339 753 1395 exterminata
773 1348 861 1395 est
877 1341 1056 1396 omnis
1077 1350 1243 1408 terra,
1272 1358 1295 1395 ι
1311 1344 1590 1400 considera
1612 1360 1734 1401 eam
1756 1361 1875 1416 qua!

270 1432 336 1488 in
360 1441 532 1496 tae-est,
551 1433 824 1503 quomodo
841 1434 1201 1489 exterminata
1216 1436 1295 1490 sit
1317 1446 1481 1502 terra,
1499 1446 1555 1490 et
1573 1445 1704 1492 tunc
1719 1438 1872 1493 vides

270 1525 517 1595 his'pnst
556 1525 848 1579 adventum
897 1521 1026 1579 Jesu
1071 1523 1273 1580 Christi
1314 1525 1535 1596 impleta
1584 1542 1707 1583 esse
1752 1542 1874 1597 quae

266 1616 425 1670 dictu
464 1622 631 1671 sunt:
663 1614 1001 1670 mentientis
1041 1616 1302 1672 membris
1334 1618 1538 1673 nostris
1576 1631 1742 1688 super
1764 1628 1872 1674 ter»

269 1721 419 1771 ram,
469 1718 592 1761 cum
624 1704 744 1773 jam
787 1714 897 1761 non
941 1714 1199 1777 operatur
1228 1716 1381 1763 «terra
1413 1723 1577 1780 opera
1604 1725 1725 1775 sua,
1763 1724 1869 1767 non

1974 990 2120 1030 cono
2144 989 2312 1045 quam
2345 990 2378 1030 a
2398 976 2563 1031 laico.
2595 976 2701 1045 Qui
2733 993 2867 1035 vero
2894 981 3064 1036 totius
3092 983 3354 1040 Ecclesia:
3383 1002 3563 1044 amem

1972 1066 2186 1121 obtinet
2216 1069 2484 1137 proomni
2508 1069 2752 1125 Ecclesia
2786 1071 2977 1127 reddet
3000 1074 3278 1132 rationem
3305 1094 3319 1133 :
3344 1089 3569 1151 propter

1977 1155 2082 1212 hoc
2120 1157 2400 1226 apostoius
2444 1157 2687 1226 Paulus,
2736 1161 2991 1218 videlicet
3022 1173 3088 1221 ut
3134 1166 3183 1221 is
3227 1169 3327 1223 cni.
3351 1168 3566 1227 fuerant

1979 1245 2145 1300 multa
2177 1247 2492 1314 commissa,
2532 1249 2750 1305 aiebat:
2782 1268 2801 1301 ι
2828 1249 2923 1306 Sic
2966 1268 3067 1309 nos
3100 1257 3382 1315 existimet
3400 1261 3566 1319 homo

1974 1336 2134 1407 quasi
2176 1337 2455 1394 ministros
2482 1339 2686 1396 Clu-isti
2714 1349 2772 1395 et
2799 1342 3200 1412 dispensatores
3248 1362 3564 1406 sacramen.

1970 1436 2153 1483 torum
2189 1430 2304 1485 Dei.
2332 1428 2438 1486 Hic
2459 1431 2575 1501 jam
2596 1433 2851 1502 quaeritur
2882 1436 3026 1492 inter
3050 1438 3477 1512 dispensatores,
3506 1454 3567 1501 ut

1969 1519 2152 1577 ﬁdelis
2180 1523 2304 1594 quis
2326 1524 2638 1580 inveniatur
2660 1525 2717 1598 .(I
2748 1524 2872 1582 Cor.
2900 1528 2996 1601 iv).
3034 1548 3056 1583 ι

2051 1717 2074 1751 ι
2137 1698 2554 1759 Confundemini
2612 1715 2650 1756 a
2714 1700 2982 1760 fructibus
3044 1704 3073 1774 »(
3099 1707 3209 1762 δῦνε
3264 1723 3300 1763 a
3364 1708 3562 1781 gloria-

266 1799 417 1853 iant
457 1799 598 1868 apud
626 1800 838 1870 justum
875 1814 943 1854 ea
973 1799 1169 1869 quibus
1202 1815 1331 1856 mro
1370 1809 1529 1856 antea
1562 1800 1865 1869 fovebatur,

1980 1810 2000 1843 ι
2026 1791 2172 1848 tione
2215 1791 2446 1863 vestra),
2503 1802 2727 1864 propter
2779 1795 2918 1851 iram
2954 1797 3156 1856 furoris
3192 1800 3406 1858 Domini
3436 1805 3564 1876 (sive

276 1904 389 1942 non
435 1887 739 1953 fabricatio,
770 1903 885 1943 non
918 1888 1278 1955 immunditia,
1310 1905 1417 1946 non
1457 1890 1601 1946 ultra
1630 1891 1866 1956 luxuria,

278 1993 388 2033 non
427 1976 693 2033 idolorum
734 1979 987 2039 servitus.
1024 1993 1130 2034 non
1164 1979 1450 2044 beneﬁcia,
1476 1990 1582 2036 etc.
1612 1981 1871 2037 Dominus

277 2068 562 2138 loquitur:
598 2086 618 2119 ι
648 2067 788 2136 Quid
830 2070 1052 2139 putatis,
1084 2070 1222 2139 quia
1263 2071 1388 2127 veni
1434 2086 1623 2142 pacem
1650 2074 1871 2131 mittere

277 2179 448 2233 super
472 2165 720 2219 terram?
747 2163 863 2219 Non
895 2164 1016 2219 veni
1047 2165 1263 2220 mittere
1290 2177 1478 2234 pacem
1505 2164 1599 2220 sed
1630 2164 1867 2236 gladium

277 2255 499 2323 (Matth.
522 2255 634 2326 3).:
660 2256 800 2311 Vere
821 2267 1109 2325 antequam
1138 2255 1226 2311 ille
1247 2255 1601 2312 descenderet
1617 2271 1725 2311 non
1750 2264 1870 2312 erat

275 2347 490 2418 gladius
540 2361 709 2418 super
750 2357 993 2413 terram;
1040 2362 1217 2418 neque
1271 2362 1402 2405 caro
1447 2348 1868 2419 concupiscebat

274 2435 545 2493 adversus
570 2437 847 2508 spiritum,
870 2450 1052 2507 neque
1086 2437 1313 2507 spiritus
1338 2438 1600 2494 adversus
1624 2453 1862 2506 carnem,

272 2532 493 2600 quando
514 2544 697 2588 autem
721 2533 890 2599 venit,
918 2533 1308 2588 edoctisumus
1329 2547 1451 2603 quae
1477 2532 1660 2590 carnis
1679 2546 1866 2603 quaeve

272 2628 403 2675 sunt
427 2621 673 2692 spiritus.
703 2622 960 2676 Doctrina
985 2622 1110 2692 ejus
1137 2621 1293 2691 quasi
1317 2621 1529 2691 gladius
1566 2622 1861 2685 immissus,

270 2713 466 2767 tividit
501 2728 750 2778 carnem,
791 2713 844 2767 id
874 2722 970 2768 est
1019 2722 1218 2768 terram
1255 2728 1287 2766 a
1324 2712 1553 2784 spiritu,
1594 2720 1646 2767 et
1687 2721 1864 2768 exter-

269 2805 501 2859 minavit
537 2819 698 2860 eam:
728 2804 856 2874 quia
903 2802 1374 2861 mortiﬁcationem
1410 2801 1537 2858 Jesu
1577 2801 1864 2857 c'n‘cuml‘e-

271 2897 447 2951 ἤσκεε
479 2896 533 2950 in
569 2910 797 2967 corpore
841 2905 1027 2951 nostro
1051 2905 1108 2951 et
1134 2910 1241 2951 non
1266 2896 1499 2950 vivimus
1523 2893 1670 2948 ultra
1705 2892 1857 2962 juxta

270 2998 517 3048 carnem,
550 2985 683 3039 vivit
706 2994 888 3040 autem
923 2985 1167 3055 spiritus,
1207 2992 1263 3039 et
1290 2983 1623 3045 seminamus
1658 2998 1764 3039 non
1804 2981 1858 3037 in

1978 1903 1998 1935 ί
2025 1885 2094 1940 ab
2128 1885 2420 1955 opprobrio
2447 1886 2503 1941 iu
2526 1896 2822 1957 conspectu
2854 1889 3111 1965 Domini).
3137 1893 3267 1950 Haec
3293 1896 3426 1951 dicit
3450 1898 3559 1955 Do-

1972 1994 1996 2025 4
2019 1975 2205 2031 minus
2242 1976 2532 2031 adversum
2561 1991 2764 2034 omnes
2810 1981 3020 2037 vicinos
3070 1999 3222 2040 meos
3260 1988 3558 2056 pessimos,

1978 2066 2118 2137 «qui
2144 2075 2382 2139 tangunt
2432 2069 2825 2137 hereditatem,
2871 2087 3033 2142 quam
3070 2076 3319 2134 distribui
3360 2079 3559 2150 populo

1976 2177 1994 2209 ι
2020 2173 2142 2213 meo
2167 2158 2329 2214 Israel
2356 2177 2369 2213 :
2399 2159 2539 2214 Ecce
2567 2174 2670 2230 ego
2695 2160 2923 2217 evellam
2948 2178 3049 2218 eos
3074 2165 3140 2219 de
3166 2174 3312 2221 terra
3344 2182 3462 2234 sua,
3499 2177 3558 2227 et

1975 2266 1994 2299 ι
2024 2248 2243 2304 domum
2276 2247 2413 2304 .luda
2446 2249 2674 2305 evellam
2712 2252 2839 2321 (sive
2863 2251 3095 2327 ejiciam)
3139 2256 3206 2312 de
3261 2259 3435 2315 medio
3464 2274 3559 2316 eo-

1974 2357 1995 2392 ι
2020 2356 2167 2397 rum.
2192 2341 2411 2397 Etcum
2451 2342 2701 2398 evulsero
2748 2359 2843 2399 eos
2883 2355 3173 2403 convertar
3212 2349 3339 2421 (site
3380 2367 3560 2411 rever-

1972 2451 1992 2484 I
2023 2432 2150 2503 lar),
2172 2432 2559 2489 etmisercbor
2596 2449 2812 2499 eorum,
2843 2445 2898 2490 et
2924 2439 3177 2495 reducam
3204 2454 3299 2496 eos
3321 2442 3557 2514 (sive-ha-

1974 2539 1993 2570 ε
2021 2521 2197 2576 bitare
2222 2521 2472 2594 faciant),
2501 2524 2679 2579 virum
2706 2525 2767 2579 in
2782 2525 3106 2585 haereditate
3147 2543 3267 2598 sua,
3298 2543 3353 2589 et
3373 2535 3553 2591 virum

1972 2613 2244 2668 «interra
2291 2629 2409 2669 sua.
2442 2634 2461 2667 ι
2492 2614 2783 2688 (meram)
2828 2618 3039 2674 Dicitur
3081 2622 3150 2676 ad
3192 2637 3311 2690 eos,
3354 2626 3553 2696 quibus

1965 2702 2099 2759 cleri
2133 2705 2219 2759 sui
2245 2713 2301 2760 et
2336 2705 2741 2765 ecclesiasticus
2760 2710 2896 2766 ordo
2913 2726 3021 2767 non
3050 2715 3313 2784 proderit,
3340 2726 3400 2772 ut
3421 2733 3554 2774 con-

1962 2789 2264 2848 fundantur
2291 2811 2322 2851 a
2350 2795 2669 2866 gloriatione
2690 2814 2812 2865 sua,
2843 2806 2900 2854 et
2941 2801 3010 2857 ab
3050 2806 3340 2875 approbrio
3367 2822 3550 2865 coram

1960 2884 2210 2943 licinius.
2239 2885 2498 2960 Quodque
2524 2888 2689 2945 infert
2713 2906 2728 2945 :
2759 2892 3095 2962 «ﬁadversum
3128 2911 3322 2955 omnes
3342 2901 3555 2958 vicinos

1962 2993 2114 3034 meos
2140 2981 2424 3049 pessimos,
2453 3000 2473 3034 ι
2500 2983 2660 3052 juxta
2686 2983 2924 3041 litteram
2950 2988 3118 3044 vicini
3146 2998 3313 3048 tam
3350 3002 3551 3050 sanctae

267 3087 456 3138 carne,
488 3075 585 3129 sed
610 3073 675 3128 in
693 3073 908 3144 spiritu,
942 3083 1136 3129 utnon
1162 3082 1432 3129 metamus
1460 3072 1857 3157 corruptionem
1894 3145 1931 3157 Δ
1964 3067 2181 3123 idumaei
2225 3078 2376 3130 sunt.
2399 3069 2748 3139 Pbilistbiim,
2776 3074 2961 3143 Moab,
3009 3086 3065 3134 et
3111 3081 3363 3146 Ammon,
3393 3080 3552 3151 juxta

266 3163 337 3219 de
365 3179 556 3230 carne,
583 3164 677 3220 sed
694 3165 774 3218 de
798 3165 992 3234 spiritu
1024 3165 1191 3219 vitam
1216 3175 1499 3220 auersum.

345 3274 367 3305 ‹
396 3254 1108 3320 Seminaverunttriticnm,
1137 3264 1194 3311 et
1240 3257 1427 3326 spinas
1477 3264 1858 3313 messuerunt:

271 3364 292 3396 ι
332 3344 702 3400 hmreditatem
726 3354 1082 3415 acceperunt,
1113 3355 1298 3402 etnon
1321 3348 1402 3403 eis
1420 3348 1678 3418 proderit.
1712 3367 1731 3401 ι
1758 3346 1858 3404 Se-

266 3436 549 3506 ptuaginta
568 3454 623 3491 τ’(
636 3437 957 3495 Seminnstis
976 3438 1237 3503 triticum,
1251 3447 1305 3494 et
1324 3440 1504 3509 spinas
1526 3440 1856 3496 messuistis:

272 3546 295 3578 ι
314 3526 449 3583 cieri
471 3542 659 3584 eorum
673 3544 778 3587 non
792 3528 1070 3598 proderint
1085 3529 1182 3584 eis.
1198 3548 1217 3580 ι
1234 3526 1507 3601 (Ηίθνοη.)
1525 3529 1764 3592 Meliora,
1785 3528 1862 3587 in»

265 3620 410 3687 quit,
434 3627 907 3689 exspectaverunt,
926 3627 980 3674 et
1004 3629 1269 3675 venerunt
1291 3621 1541 3691 pessima,
1570 3621 1861 3692 sperabant

264 3721 527 3778 prospera
557 3716 613 3763 et
640 3710 868 3769 adversa
899 3710 1139 3779 perpessi
1166 3718 1311 3766 sunt.
1341 3710 1682 3782 Acceperunt
1700 3726 1732 3766 a
1755 3709 1861 3768 Do-

268 3801 419 3855 mino
439 3816 620 3858 rerum
649 3803 893 3859 omnium
919 3804 1327 3871 abmtdantiam,
1354 3821 1475 3876 qum
1494 3806 1578 3863 eis
1597 3823 1703 3863 non
1727 3823 1857 3879 pro-

268 3891 432 3946 derit.
462 3890 627 3948 Juxta
661 3894 1004 3964 septuaginta
1038 3911 1167 3952 vero
1199 3910 1389 3951 omnes
1421 3897 1662 3953 htcretici
1702 3899 1857 3968 quasi

270 3981 516 4038 triticum
546 3983 855 4050 seminam,
891 3993 951 4040 et
991 3985 1176 4055 spinas
1222 3995 1467 4053 metunt,
1495 3997 1860 4058 exspectante

268 4070 504 4127 Domino
522 4081 580 4126 ut
603 4070 845 4129 fecerent
859 4073 1121 4142 fructum,
1138 4084 1321 4131 etnon
1340 4076 1855 4148 feceruntjndicium

270 4164 367 4219 sed
413 4163 733 4221 clamorem.
778 4164 986 4221 Dicitur
1025 4175 1206 4225 autem
1243 4169 1348 4224 hoc
1370 4176 1427 4224 et
1453 4168 1857 4237 ecclesiasticis,

272 4256 366 4326 qui
394 4254 559 4311 verba
589 4256 682 4311 Dei
710 4267 768 4313 et
790 4257 1096 4315 doctrinam
1130 4259 1249 4328 ejus
1284 4260 1423 4315 mala
1451 4262 1859 4319 conversatione

269 4347 621 4416 disperdunt,
648 4348 715 4404 de
743 4348 939 4419 quibus
985 4349 1254 4407 infertur:
1290 4351 1476 4408 «Cleri
1520 4368 1708 4410 eorum
1747 4369 1855 4409 non

271 4436 571 4494 nroderunt
597 4439 694 4496 eis.
721 4458 741 4491 ι
776 4438 917 4517 Quid
956 4442 1100 4497 enim
1144 4456 1239 4499 eos
1268 4440 1460 4512 jnvare
1501 4445 1701 4514 p0terit
1746 4447 1859 4516 epi-

1887 3145 1931 3207 C
1967 3156 2323 3229 tropologiam
2367 3175 2722 3219 vero-omnes
2761 3164 3028 3234 hmretici,
3073 3170 3168 3239 qui
3195 3170 3298 3226 sub
3329 3145 3550 3229 nomine

1967 3245 2171 3304 Christi
2205 3260 2528 3319 censentur,
2579 3262 2638 3309 et
2665 3254 2830 3311 vicini
2856 3258 3035 3330 magis
3061 3268 3191 3316 sunt
3207 3275 3370 3331 quam
3396 3262 3553 3319 babi-

1954 3345 2173 3397 tatores
2205 3349 2366 3397 terra:
2406 3352 2645 3407 sanctae.
2677 3344 2769 3415 qui
2794 3353 3024 3418 tangunt
3052 3349 3424 3407 hereditatem
3452 3352 3552 3410 Dei

1956 3439 2019 3488 et
2043 3431 2331 3489 devastant
2356 3450 2475 3491 eam
2505 3453 2523 3491 :
2549 3437 2856 3510 diciturque
2892 3440 2963 3496 de
2999 3441 3081 3496 eis
3108 3443 3252 3513 quod
3297 3442 3551 3500 auferan-

1964 3529 2056 3578 tur
2085 3525 2152 3579 de
2180 3523 2358 3580 medio
2386 3533 2568 3592 term,
2597 3535 2653 3582 et
2679 3528 2871 3584 domus
2908 3528 3046 3584 inda
3095 3530 3319 3586 tollatur
3340 3533 3409 3588 de
3437 3547 3552 3589 me-

1958 3611 2052 3669 dio
2070 3627 2281 3670 eorum.
2299 3614 2403 3683 Qui
2419 3616 2728 3673 cumcvulsi
2749 3616 2972 3685 fuerint,
2996 3628 3052 3676 et
3076 3621 3145 3675 de
3174 3620 3548 3679 haereticorum

1962 3703 2211 3761 felicibus
2253 3702 2490 3773 liberati,
2541 3716 2946 3779 consequentur
2986 3709 3418 3768 misericordiam
3451 3713 3549 3769 Dei

1958 3802 2017 3850 et
2066 3794 2395 3851 reducantur
2423 3795 2478 3850 in
2509 3795 2879 3876 hereditatem
2919 3806 2975 3853 et
3015 3798 3070 3853 in
3122 3798 3323 3856 terram
3367 3817 3546 3857 suam.

1961 3883 2162 3963 (θήῃ.)
2203 3885 2367 3943 Multa
2398 3893 2525 3942 sunt
2556 3888 2614 3942 in
2639 3887 2835 3957 quibus
2857 3887 3152 3958 gloriantes
3183 3890 3547 3960 insipientiam

1961 3984 2205 4031 nostram
2244 3976 2620 4032 ostendimus:
2647 3977 2800 4033 verbi
2839 3978 3037 4049 gratia,
3072 3979 3120 4035 si
3151 3980 3244 4050 qui
3272 3981 3329 4036 in
3364 3983 3549 4040 multis

1959 4066 2394 4136 possessionibus
2415 4064 2739 4136 gloriantur,
2753 4067 2954 4123 dicitur
2974 4068 3057 4124 eis
3079 4086 3095 4124 :
3116 4085 3137 4120 ι
3156 4069 3547 4128 eonfundimini

1954 4172 1994 4211 a
2021 4154 2343 4227 gloriatione
2354 4162 2558 4211 vestra.
2591 4175 2611 4207 ι
2632 4154 2692 4212 Si
2720 4156 2844 4227 quis
2863 4155 3200 4212 laetabundus
3228 4158 3431 4214 incedit
3457 4174 3549 4216 su—

1953 4261 2058 4317 per
2089 4246 2497 4318 pretiosissimis
2525 4245 2970 4318 vmtibus,super
3003 4248 3165 4303 domo
3183 4247 3368 4304 multis
3388 4262 3550 4305 exor-

1958 4345 2088 4393 nata
2131 4337 2375 4393 divitiis:
2404 4335 2584 4393 aliena
2620 4344 2705 4401 est
2741 4336 2939 4408 quippe
2962 4337 3080 4394 hac
3102 4336 3353 4410 gloriatio
3377 4354 3409 4394 a
3436 4339 3552 4413 glo-

1956 4428 2196 4484 riatione
2221 4426 2786 4493 sanctorum-dicitur
2811 4428 2879 4483 ad
2906 4443 3031 4484 eum
3056 4443 3073 4482 :
3105 4446 3126 4481 ι
3154 4428 3548 4490 confundimini

272 4529 425 4599 δουρί
469 4493 668 4589 "omni
681 4493 739 4585 νει
1124 4493 1476 4603 νξῘι-ᾇῇέιῖιξε
1887 4493 1938 4554 θ
1966 4536 1997 4575 a
2029 4520 2355 4591 gloriatione
2376 4529 2581 4577 vestra.
2604 4539 2624 4573 ι
2644 4522 2842 4578 Verum
2884 4522 2987 4579 hoc
3019 4536 3214 4592 parum
3251 4530 3337 4579 est
3361 4540 3376 4578 :
3406 4524 3549 4581 Audi

272 4624 528 4681 siasticus
556 4641 569 4678 :
600 4638 724 4679 cum
753 4624 926 4695 magis
948 4632 1246 4696 graventur
1270 4626 1622 4697 dignitatibus
1650 4628 1785 4694 suis,
1808 4638 1867 4685 et

278 4735 300 4767 ι
329 4723 577 4785 potentes
602 4722 849 4785 potenter
872 4723 1142 4773 tormenta
1162 4716 1439 4786 patiantur
1466 4716 1622 4789 (Sap.
1652 4718 1751 4790 γι),
1771 4738 1792 4772 ›
1810 4727 1868 4775 et

270 4815 482 4878 quanto
497 4805 730 4876 amplius
746 4806 827 4862 eis
846 4806 1109 4865 creditum
1132 4806 1298 4863 fuerit
1319 4807 1604 4877 tantoplus
1624 4808 1868 4879 requira-

275 4906 368 4952 tur
386 4896 457 4951 ab
484 4896 586 4953 eis.
616 4893 815 4968 (θήῃ.)
832 4895 1001 4955 Nosse
1026 4896 1235 4963 debetis
1254 4911 1362 4954 non
1380 4897 1562 4953 statim
1587 4896 1640 4953 in
1660 4912 1726 4953 eo
1742 4912 1866 4953 esse

274 4988 589 5052 salvaudos,
610 4987 740 5058 quia
762 4987 944 5044 clerici
973 5004 1160 5043 sumus
1186 5005 1199 5042 :
1223 4987 1378 5043 multi
1402 4987 1549 5043 enim
1571 4997 1621 5042 et
1645 4988 1864 5058 presby-

276 5080 385 5135 teri
414 5087 661 5149 percunt,
701 5086 758 5134 et
794 5078 918 5133 laici
959 5078 1257 5135 beatissimi
1290 5077 1668 5148 reperiuntur:
1697 5077 1792 5132 sed
1814 5077 1862 5132 si

275 5170 526 5226 ordinem
548 5168 835 5226 clericatus
851 5179 908 5225 et
920 5184 1227 5226 mereamur
1247 5168 1450 5239 pariter
1472 5175 1526 5223 et
1549 5166 1862 5224 iubeamus.

276 5262 419 5330 Quia
442 5261 605 5332 igitur
636 5268 765 5317 sunt
788 5262 1005 5332 quidam
1034 5260 1216 5316 clerici
1247 5277 1354 5316 non
1389 5260 1462 5316 ita
1505 5260 1768 5325 viventes,
1806 5268 1866 5316 ut

274 5362 335 5409 et
359 5352 460 5423 ips
491 5368 559 5409 ex
585 5353 778 5421 ordine
805 5368 904 5408 suo
927 5352 1146 5423 capiant
1175 5351 1433 5418 fructum,
1461 5357 1516 5407 et
1540 5359 1859 5406 ornamento

275 5460 393 5501 suae
430 5445 542 5501 sint
585 5423 856 5514 dignitati,
889 5442 1126 5508 idcirco,
1179 5442 1330 5499 aiunt
1358 5441 1450 5512 qui
1498 5448 1865 5512 exposuerunt

277 5535 597 5606 prophetam
630 5535 793 5601 hunc,
812 5535 983 5590 dixit:
1016 5534 1241 5590 «Clerici
1267 5549 1376 5590 non
1403 5531 1857 5604 proderunteis.»

281 5624 499 5682 Utilitus
525 5627 723 5696 quippe
751 5625 1039 5681 clericatus
1065 5641 1170 5685 non
1206 5626 1259 5683 in
1283 5639 1350 5680 eo
1377 5631 1483 5688 est,
1513 5624 1557 5680 si
1585 5622 1779 5692 aliquis
1809 5621 1864 5677 in

281 5717 496 5782 agmine
537 5719 722 5773 sedeat
769 5717 1206 5788 presbyterorum
1236 5734 1249 5772 :
1280 5717 1376 5772 sed
1414 5715 1461 5772 si
1491 5715 1646 5785 juxta
1688 5713 1865 5769 locum

1963 4609 2094 4680 quid
2132 4608 2384 4678 loquatur
2419 4609 2474 4664 in
2503 4607 2742 4669 Jeremia
2781 4625 2964 4667 sermo
2994 4610 3236 4677 divinus,
3264 4610 3465 4683 jubens
3488 4623 3549 4671 ut

1962 4716 2032 4757 ne
2059 4701 2115 4755 in
2142 4702 2405 4772 sapientia
2442 4702 2659 4772 quidem
2696 4713 2886 4759 nostra
2921 4702 3258 4773 gloriemur:
3286 4721 3308 4756 ι
3334 4702 3412 4761 Ne
3436 4706 3550 4777 glo-

1961 4793 2160 4856 riatur,
2197 4793 2400 4862 inquit,
2434 4792 2668 4863 sapiens,
2718 4794 2773 4850 in
2819 4782 3086 4864 sapientia
3116 4809 3238 4861 sua,
3263 4808 3366 4852 nec
3393 4793 3552 4852 fortis

1963 4883 2018 4938 in
2049 4880 2368 4939 fortitudine
2404 4897 2530 4946 sua,
2567 4898 2679 4938 nec
2717 4883 2869 4939 dives
2909 4882 2963 4938 in
2986 4881 3190 4939 divitiis
3231 4884 3344 4939 suis
3366 4882 3464 4939 sed
3492 4881 3547 4937 in

1964 4973 2069 5028 isto
2117 4973 2397 5044 glorietur,
2438 4974 2534 5044 qui
2578 4972 2863 5043 gloriatur,
2908 4970 3210 5042 intelligere
3267 4978 3325 5026 et
3369 4968 3546 5035 scire,

1961 5065 2221 5135 quoniam
2248 5081 2350 5135 ego
2380 5080 2502 5119 sum
2533 5064 2802 5119 Dominus
2817 5060 2964 5134 μιν.
2991 5061 3093 5131 nt).
3120 5060 3215 5116 Vis
3234 5058 3462 5130 gloriari
3490 5068 3547 5116 et

1950 5158 2482 5232 .gloriabnndusnon
2505 5158 2714 5221 audire,
2739 5175 2759 5208 ι
2779 5155 3213 5213 conﬁtndiminia
3229 5154 3547 5225 gloriatione

1968 5247 2185 5304 vestra?
2216 5267 2234 5300 ι
2258 5247 2495 5319 gloriare
2522 5255 2586 5302 ut
2608 5246 2901 5318 Apostolus
2945 5253 3003 5299 et
3041 5244 3128 5299 dic
3156 5261 3169 5299 :
3204 5262 3225 5296 ‹
3257 5243 3387 5299 Mihi
3417 5259 3548 5299 vero

1968 5343 2111 5399 absit
2129 5342 2377 5413 gloriari,
2396 5341 2499 5397 nisi
2516 5341 2579 5396 in
2606 5355 2767 5395 cruce
2794 5338 3007 5395 Domini
3034 5337 3141 5392 mei
3169 5335 3296 5393 Jesu
3320 5336 3545 5401 Christi,

1948 5442 2189 5503 propter
2229 5446 2393 5502 quem
2426 5430 2563 5486 mihi
2610 5429 2844 5484 mundus
2886 5427 3180 5485 cruciﬁxus
3218 5440 3322 5495 est,
3363 5436 3421 5484 et
3446 5443 3548 5499 ego

1952 5525 2169 5581 mundo
2195 5522 2462 5597 (Euhan).
2488 5542 2508 5575 ι
2544 5522 2639 5578 Vis
2664 5521 2886 5593 gloriari
2914 5529 2971 5576 et
3005 5536 3111 5576 nou
3135 5520 3384 5586 audiret
3419 5535 3548 5578 eam

1968 5616 2256 5673 fundimini
2277 5631 2305 5670 a
2318 5613 2642 5685 gloriatione
2660 5620 2859 5673 vestra,
2885 5631 2905 5664 ι
2926 5611 3049 5667 audi
3072 5610 3374 5680 apostolum
3402 5611 3547 5667 Pau-

1971 5711 2081 5765 lum
2120 5708 2440 5779 gloriantem
2478 5714 2536 5761 et
2581 5704 2729 5761 disce
2764 5717 2888 5759 cunt
2928 5702 3205 5785 loquitur:
3242 5720 3262 5756 t
3291 5701 3548 5759 Libenter
