4022 6186
1210 309 1271 365 Β.
1311 306 1560 365 RABANI
1597 305 1816 364 MAURI
1850 305 2171 362 ARClllEP.
2210 304 2520 362 MOGUNT.
2560 303 2845 364 OPERUM
2883 303 3064 362 PARS
3099 306 3183 361 ΠΙ.
3707 319 3792 379 θοι

567 429 843 500 gloriabor
890 427 945 482 in
977 424 1382 481 inﬁrmitatibus
1429 425 1588 491 meis,
1618 433 1678 479 ut
1716 421 1922 479 habitet
1963 421 2016 476 in
2067 437 2154 479 me
2179 435 2232 496 Α
2255 429 2339 478 est
2358 420 2907 493 hujuscemodilinum
2921 432 3084 492 atque
3098 422 3554 488 lumbarc.ductus
3571 433 3644 480 cst
3660 433 3783 480 trans

565 521 741 577 virtus
766 516 968 578 Christi
996 513 1080 586 (ΙΙ
1105 512 1231 570 Cor.
1256 514 1377 586 xu).
1404 534 1423 566 ι

644 626 663 663 ‹
694 610 763 672 Et
789 609 894 664 erit
917 608 964 663 si
988 606 1189 662 eruditi
1232 606 1524 662 didicerint
1563 607 1679 663 vias
1717 607 1898 678 populi
1932 608 2057 674 mei,
2093 615 2153 663 ut

572 717 592 752 ς
619 699 803 769 jurent
834 697 888 751 in
911 694 1127 752 nomine
1153 710 1298 760 meo,
1321 695 1453 750 vivit
1480 695 1759 762 Dominus,
1790 697 1932 753 sicut
1959 697 2152 752 docue-

571 808 591 842 ι
624 796 750 844 runt
774 786 1026 858 populum
1062 799 1242 841 meum
1279 785 1464 855 jurare
1510 785 1565 840 in
1612 785 1762 851 Baal,
1809 785 2153 842 aediﬁcaban-

571 899 590 934 ι
626 889 715 934 tur
735 879 790 933 in
813 877 992 933 medio
1021 877 1202 947 populi
1243 877 1390 933 mei:
1417 877 1560 947 quod
1607 877 1652 932 si
1696 892 1807 932 non
1854 876 2149 942 audierint,

571 989 590 1024 ι
621 969 850 1026 evellam
886 976 1100 1040 gentem
1132 966 1280 1022 illam
1318 967 1597 1022 evulsione
1624 976 1680 1021 et
1707 967 2027 1038 perditione,
2075 967 2153 1022 ait

570 1079 591 1114 ο
620 1059 901 1114 Dominus.
931 1077 951 1111 ι
997 1057 1056 1114 Si
1105 1058 1350 1113 translati
1398 1057 1464 1112 de
1501 1057 1694 1113 haeresi
1733 1059 1788 1112 in
1827 1058 2146 1125 Ecclesiam,

570 1151 862 1208 didicerint
888 1151 1005 1205 vias
1031 1149 1211 1220 populi
1255 1149 1372 1215 Dei,
1419 1157 1476 1203 et
1512 1147 1814 1217 juraverint
1849 1149 1906 1204 in
1930 1151 2149 1210 nomine

565 1244 799 1308 Domini,
847 1249 903 1298 et
947 1258 1056 1298 non
1094 1242 1149 1296 in
1190 1242 1410 1296 nomine
1455 1239 1738 1306 idolorum,
1785 1258 1907 1314 qum
1941 1244 2009 1299 de
2050 1258 2148 1299 suo

565 1335 730 1392 corde
769 1333 1064 1398 ﬁnxerunt,
1105 1333 1516 1388 mdiﬁcabuntur
1542 1348 1573 1386 a
1601 1332 1858 1397 Domino,
1899 1343 1954 1390 et
1987 1343 2148 1389 erunt

571 1443 699 1498 pars
726 1426 905 1498 populi
930 1427 1064 1497 ejus.
1099 1425 1252 1492 Quod
1290 1425 1334 1480 si
1371 1425 1617 1480 translati
1639 1425 1692 1479 in
1720 1426 1978 1491 Ecclesia,
2018 1442 2146 1497 per-

561 1533 845 1574 versorum
874 1517 1184 1586 dogmatum
1217 1515 1473 1585 reliquias
1497 1517 1791 1582 tenuerint,
1820 1527 1876 1572 et
1907 1533 2014 1572 non
2049 1532 2147 1572 au-

567 1605 769 1661 dierint
797 1606 960 1661 verba
997 1605 1115 1670 Dei,
1144 1604 1405 1660 cvelletur
1429 1620 1563 1675 gens
1605 1605 1695 1659 illa
1737 1606 1806 1662 de
1851 1606 2032 1662 medio
2057 1621 2148 1677 po-

564 1698 677 1768 puli
701 1699 796 1754 Dei
827 1697 1107 1752 evulsione
1134 1705 1190 1752 et
1217 1697 1516 1766 perditione
1550 1703 1834 1767 perpetua,
1864 1705 1918 1752 et
1943 1712 2146 1767 nequa—

2251 514 2604 585 Euphratem,
2637 517 2690 571 id
2716 524 2799 572 est
2838 517 2894 571 in
2939 515 3208 587 Assyrios,
3265 525 3319 570 et
3344 516 3416 570 ibi
3459 517 3779 582 absconditus,

2254 609 2358 664 hoc
2376 616 2480 674 est,
2517 608 2861 664 multitudine
2890 623 3210 680 magnarum
3253 617 3308 664 et
3359 608 3779 668 innumerabilium

2252 698 2493 770 gentium
2519 698 2914 769 quodammodo
2945 700 3256 769 absorptus,
3280 707 3337 755 et
3351 698 3497 768 nihili
3525 709 3780 770 reputatus.

2251 789 2382 846 Post
2405 790 2625 862 longum
2655 799 2836 845 autem
2863 797 3078 859 tempus
3115 790 3228 861 ipse
3258 790 3512 861 propheta
3539 790 3588 846 in
3631 800 3785 862 typum

2251 880 2345 936 Dei
2375 883 2631 954 populum
2657 881 2856 937 liberat
2875 881 2942 936 de
2967 881 3302 952 captivitate,
3352 881 3442 953 qui
3484 883 3786 940 nihilominus

2247 979 2304 1026 et
2325 980 2451 1041 post
2477 971 2709 1026 reditum
2733 969 2828 1028 Dei
2849 979 3120 1041 pracepta
3151 985 3260 1026 non
3289 970 3434 1038 fecit,
3481 973 3571 1028 sed
3607 983 3786 1029 secutus

2249 1061 2381 1116 deos
2401 1060 2628 1126 alienos,
2664 1059 2734 1114 ad
2759 1067 3066 1119 extremum
3095 1061 3263 1116 etiam
3286 1060 3343 1115 in
3388 1061 3481 1116 Dei
3509 1060 3661 1117 ﬁlium
3702 1063 3782 1116 mi-

2248 1153 2320 1213 sit
2349 1169 2562 1222 manus,
2604 1161 2660 1209 et
2699 1160 2901 1208 aeterna
2945 1152 3253 1222 proditione
3295 1151 3583 1216 contabuit.
3633 1152 3786 1211 Omnis

2246 1263 2462 1319 quoque
2493 1247 2578 1302 vir
2604 1253 2826 1302 sanctus
2853 1245 3103 1301 lumbare
3133 1246 3231 1301 Dei
3261 1255 3365 1310 est,
3398 1247 3486 1316 qui
3525 1254 3786 1316 assumptus

2247 1342 2314 1396 de
2342 1350 2508 1406 terra,
2537 1348 2595 1396 et
2616 1341 2682 1396 de
2712 1349 2872 1395 terrae
2903 1339 3033 1395 limo
3070 1339 3164 1395 Dei
3204 1340 3480 1396 consortio
3527 1339 3782 1412 copulatur,

2245 1432 2708 1504 etquodammodo
2724 1447 2843 1502 quae
2861 1431 2915 1487 in
2930 1431 3172 1488 Ecclesia
3185 1429 3307 1502 ejus
3320 1432 3565 1488 videntur
3575 1433 3783 1499 obscena,

2247 1523 2452 1594 majore
2475 1523 2753 1596 diligentia
2775 1525 2952 1595 operit
2979 1533 3143 1595 atque
3181 1525 3497 1590 circumdat,
3549 1538 3610 1581 ne
3648 1524 3785 1596 gentis

2247 1615 2375 1671 lium
2409 1623 2466 1672 et
2491 1615 2868 1671 hmreticorum
2911 1615 3186 1671 morsibus
3210 1622 3448 1686 pateant.
3497 1613 3637 1682 Quod
3677 1615 3786 1670 lum-

2247 1705 2378 1761 bare
2407 1705 2452 1760 si
2497 1719 2693 1774 aquam
2737 1703 2998 1776 tetigerit,
3031 1713 3088 1760 et
3117 1705 3411 1778 Euphratis
3441 1704 3623 1761 ﬂuenta
3645 1713 3786 1763 trans-

565 1805 729 1860 quam
769 1791 849 1846 eis
889 1789 1030 1844 ullus
1071 1788 1221 1843 locus
1263 1788 1596 1857 pcenitentiat
1627 1787 1981 1859 relinquatur.
2023 1785 2146 1842 Haac

2255 1800 2399 1864 ierit,
2431 1801 2506 1854 ita
2533 1807 2595 1853 ut
2612 1798 2850 1870 Assyria:
2869 1799 3180 1870 regionibus
3208 1800 3519 1856 humoribus
3542 1799 3784 1873 imbuatur,

562 1880 806 1950 quotidie
849 1879 1125 1934 cernimus
1162 1886 1218 1931 et
1265 1879 1428 1934 rebus
1461 1878 1791 1947 probamus,
1833 1877 1978 1948 quod
2028 1877 2150 1932 ideo

571 1970 813 2028 haeretici
844 1969 962 2023 ﬁdei
993 1969 1246 2023 simulent
1271 1969 1578 2034 veritatem,
1599 1977 1661 2024 ut
1691 1968 1966 2040 simplices
1989 1983 2152 2039 quos-

571 2072 670 2126 que
692 2059 984 2129 decipiant,
1014 2066 1071 2112 et
1093 2073 1198 2115 non
1226 2057 1326 2126 ipsi
1353 2067 1741 2115 convertantur
1759 2058 1826 2114 ad
1851 2057 2033 2123 ﬁdem,
2056 2059 2150 2117 sed

565 2148 752 2204 ﬁdeles
780 2148 996 2207 trahant
1021 2147 1088 2204 ad
1114 2146 1509 2206 inﬁdelitatem.

1149 2254 1380 2310 CAPUT
1432 2253 1563 2308 XIII.

563 2365 642 2421 De
671 2363 898 2436 lumbari
937 2364 1153 2436 putrida
1180 2374 1226 2418 et
1253 2362 1577 2436 laguncula;
1613 2363 1678 2418 de
1705 2365 1954 2420 ebrietate
1981 2365 2150 2420 malo-

635 2452 792 2501 rum,
853 2433 1232 2490 de'montibus
1286 2433 1611 2500 tenebrosis,
1674 2435 1738 2490 de
1807 2436 2150 2492 translatione

631 2505 791 2560 ludar
827 2514 1037 2576 propter
1072 2506 1370 2574 iniquitates
1393 2516 1442 2560 et
1464 2506 1910 2576 impaenitenuam.

641 2633 659 2665 ι
689 2613 817 2668 Haec
850 2613 980 2668 dicit
1008 2613 1268 2668 Dominus
1294 2615 1361 2669 ad
1393 2630 1480 2669 me
1509 2632 1522 2667 :
1556 2615 1706 2670 Vade
1735 2624 1788 2670 et
1811 2616 2026 2686 posside
2054 2616 2149 2673 tibi

571 2722 589 2756 ι
621 2703 1029 2775 lumbare(sive
1059 2703 1412 2776 cinctorium)
1452 2705 1675 2772 lineam,
1714 2715 1769 2760 et
1803 2722 1973 2777 pones
2016 2707 2149 2761 illud

570 2811 589 2847 r
622 2809 785 2864 super
826 2794 1040 2849 lumbos
1075 2803 1212 2860 tuos,
1237 2805 1292 2850 et
1320 2795 1374 2849 in
1407 2811 1601 2865 aquam
1633 2811 1739 2852 non
1777 2798 1978 2854 inl'eres
2017 2795 2148 2852 illud

569 2905 586 2941 ι
619 2885 745 2956 (sive
767 2900 864 2955 per
884 2900 1079 2954 aquam
1107 2902 1212 2942 non
1245 2887 1539 2960 transibit).
1569 2888 1638 2943 Et
1663 2891 1876 2960 possedi
1905 2890 2148 2946 lumbare

569 2991 588 3031 ι
614 2973 768 3042 juxta
793 2975 1019 3029 verbum
1043 2975 1274 3041 Domini,
1301 2983 1356 3030 et
1382 2977 1537 3046 posui
1567 2977 1711 3033 circa
1742 2977 1952 3043 lumbos
1974 2994 2144 3045 mens.

568 3082 587 3117 ι
622 3065 688 3120 Et
734 3065 908 3120 factus
946 3074 1030 3120 est
1072 3080 1251 3120 sermo
1289 3065 1519 3132 Domini,
1568 3069 1808 3124 secando
1832 3069 1898 3124 ad
1931 3085 2038 3138 nte,
2071 3070 2148 3124 di-

568 3176 586 3215 ι
621 3172 752 3212 cens
779 3171 793 3210 :
827 3155 979 3211 Tolle
1005 3156 1248 3210 lumbare
1278 3156 1417 3227 (sive
1442 3157 1805 3230 Ciuctorium),
1848 3160 1993 3230 quod
2015 3175 2143 3230 pos-

565 3264 585 3298 I
617 3247 846 3304 sedisti:
877 3245 1019 3316 quod
1061 3255 1145 3301 est
1182 3246 1329 3301 circa
1377 3246 1558 3302 lumba
1589 3257 1729 3311 tuos,
1782 3257 1836 3303 et
1883 3266 2144 3321 surgens,

566 3355 586 3390 ι
623 3337 754 3391 vade
784 3336 852 3390 ad
880 3335 1233 3404 Euphratem,
1263 3344 1320 3390 et
1351 3336 1628 3398 absconde
1657 3337 1731 3407 ibi
1761 3338 1890 3396 illud
1916 3339 1970 3394 in
2007 3340 2149 3397 fora-

565 3444 584 3478 ι
618 3425 764 3480 mine
790 3434 974 3495 pett-xc,
1019 3425 1088 3482 Et
1131 3425 1259 3492 abii,
1295 3435 1350 3483 et
1386 3426 1643 3496 abscondi
1671 3428 1799 3484 illud
1824 3429 1876 3484 in
1905 3431 2148 3502 Euphra-

567 3535 586 3566 ι
620 3523 729 3570 tem
780 3514 920 3569 sicut
961 3524 1292 3584 praeceperat
1333 3516 1466 3582 mihi
1512 3517 1791 3580 Dominus.
1837 3521 1905 3575 Et
1945 3521 2146 3578 factum

566 3625 585 3664 ο
615 3615 702 3662 cst
746 3613 870 3676 post
914 3605 1032 3660 dies
1082 3605 1368 3676 plurimos,
1416 3607 1553 3662 dixit
1596 3607 1860 3666 Dominus
1903 3612 1974 3668 ad
2020 3628 2144 3669 me:

573 3718 592 3750 ι
624 3700 820 3770 Surge,
858 3698 996 3752 vade
1049 3698 1117 3752 ad
1169 3699 1522 3768 Euphratem,
1569 3709 1624 3756 et
1679 3702 1806 3758 tolle
1829 3705 1954 3760 inde
2015 3705 2150 3762 lum-

563 3791 745 3844 rbare
817 3788 956 3861 (sive
1009 3789 1387 3862 cinctorium),
1431 3793 1574 3861 quod
1637 3797 1868 3864 praecepi
1933 3795 2031 3852 tibi
2090 3808 2151 3854 ut

564 3899 583 3931 ι
617 3879 979 3935 absconderes
1023 3880 1154 3936 illud
1203 3882 1298 3937 ibi.
1365 3883 1434 3938 Et
1474 3884 1581 3939 abii
1625 3885 1693 3939 ad
1728 3887 2057 3958 Euphratem
2095 3899 2151 3948 et

565 3988 583 4027 ι
621 3970 755 4034 fodi,
777 3979 834 4026 et
859 3972 956 4027 tuli
979 3971 1223 4028 lumbare
1244 3975 1309 4030 de
1331 3974 1449 4030 loco
1472 3976 1560 4031 ubi
1583 3977 1974 4035 absconderam
1996 3981 2146 4039 illud.

565 4080 583 4115 α
623 4061 690 4116 Ει
716 4077 843 4117 ecce
871 4073 1279 4133 compunruerat
1319 4065 1564 4122 lumbare
1612 4069 1751 4139 (sive
1771 4070 2148 4142 Ciuctorium),

566 4173 584 4206 ι
621 4155 694 4208 ita
719 4165 778 4209 ut
811 4155 940 4208 nulli
967 4156 1084 4210 usui
1113 4167 1296 4226 aptum
1328 4167 1494 4214 esset.
1543 4159 1612 4214 Et
1643 4158 1847 4215 factum
1887 4170 1973 4216 est
2021 4179 2148 4218 ver-

563 4261 582 4296 r
616 4244 744 4300 bum
775 4245 986 4299 Domini
1017 4244 1085 4298 ad
1115 4260 1200 4300 me
1239 4247 1462 4302 dicens:
1493 4247 1618 4304 Haec
1667 4249 1798 4305 dicit
1843 4251 2103 4308 Dominus
2132 4273 2145 4309 :

564 4351 583 4390 ι
631 4332 722 4394 Sic
769 4345 1082 4403 putrescere
1118 4333 1314 4390 faciam
1346 4337 1654 4408 superbiam
1687 4338 1825 4409 (sive
1874 4341 2146 4415 injuriam)

562 4443 580 4477 r
613 4423 773 4486 Juda,
799 4437 854 4478 et
875 4426 1184 4495 superbiam
1217 4426 1547 4483 Hierusalem
1579 4430 1828 4497 multam,
1878 4441 1933 4487 et
1977 4448 2147 4508 pepu—

563 4534 580 4565 ι
620 4516 728 4569 lum
757 4517 917 4572 istum
941 4521 1256 4589 pessimum,
1284 4523 1375 4592 qui
1397 4524 1586 4578 uolunt
1605 4528 1792 4583 audire
1815 4513 1983 4583 verba
1999 4546 2140 4598 mea,

563 4623 582 4655 c
618 4607 1034 4666 otambulantin
1053 4610 1316 4679 pravitate
1339 4613 1356 4682 (
1379 4615 1482 4668 sive
1503 4614 1556 4674 in
1581 4617 1916 4690 directione)
1963 4622 2143 4678 cordis

562 4716 580 4746 ι
617 4698 700 4750 sui
730 4700 972 4766 pessimi,
997 4696 1354 4772 abieruntque
1384 4714 1506 4774 post
1527 4705 1656 4763 deos
1682 4710 1913 4779 alienos,
1942 4723 2002 4768 ut
2027 4731 2142 4772 ser-

562 4805 579 4838 σ
618 4788 797 4842 virent
823 4789 904 4843 eis
924 4801 978 4845 et
1007 4793 1296 4848 adorarent
1337 4811 1448 4851 eos.
1500 4798 1566 4853 Et
1608 4812 1769 4858 erunt
1820 4805 1961 4861 sicut
2003 4807 2143 4864 lum-

563 4894 581 4928 ι
627 4877 757 4930 bare
814 4877 981 4943 istud,
1035 4881 1179 4962 quod
1233 4883 1362 4938 nulli
1409 4888 1531 4942 usui
1584 4870 1770 4959 aptum
1820 4903 1922 4950 est.
1988 4897 2141 4955 Sicut

559 4987 578 5018 ι
615 4968 758 5061 enim
782 4968 1018 5061 adhmret
1048 4967 1290 5028 lum-bare
1314 4975 1380 5029 ad
1407 4977 1618 5036 lumbos
1646 4982 1769 5050 viri,
1816 4986 1894 5041 sic
1919 4989 2145 5061 aggluti-

561 5076 579 5109 ι
624 5060 748 5113 navi
772 5060 904 5114 mihi
921 5075 1135 5116 (nonem
1159 5064 1376 5121 domum
1399 5066 1587 5137 lsrael,
1611 5081 1666 5127 et
1687 5089 1901 5132 omnem
1922 5060 2143 5138 domum

560 5168 578 5201 ί
615 5149 770 5216 Juda,
795 5151 929 5211 dicit
951 5152 1228 5220 Dominus,
1247 5165 1304 5210 ut
1323 5169 1469 5214 esset
1497 5163 1629 5218 mihi
1657 5165 1710 5220 in
1725 5169 1998 5240 pepulum,
2015 5175 2144 5231 etin

561 5261 578 5292 ι
616 5258 833 5309 nomen,
864 5254 918 5299 et
942 5245 994 5299 in
1021 5245 1260 5314 laudem,
1287 5259 1342 5305 et
1369 5251 1421 5306 in
1437 5253 1692 5324 gloriam;
1720 5256 1789 5315 'et
1818 5277 1926 5318 non
1960 5266 2145 5322 audie-

553 5340 700 5422 runt.
725 5353 743 5383 ι
767 5333 966 5405 (Hier)
989 5336 1320 5394 Ciuctorium
1347 5342 1461 5398 sive
1488 5343 1730 5404 lumbare
1747 5391 1762 5415 ,
1789 5355 1930 5422 quod
1946 5355 2040 5410 Dei
2059 5371 2142 5412 re-

552 5419 1232 5516 nibusjungitur,p0pulus
1260 5429 1422 5486 Israel
1451 5444 1554 5500 est,
1577 5437 1670 5506 qui
1699 5439 1752 5493 in
1778 5419 1870 5516 lini
1897 5444 2145 5510 similitu-

555 5509 732 5596 dinem
751 5526 1060 5585 assumptus
1078 5522 1143 5576 de
1165 5531 1310 5596 terra
1329 5535 1382 5578 et
1409 5527 1609 5596 illotus,
1633 5547 1733 5587 nec
1750 5509 2143 5596 mollitudinem

554 5595 762 5692 habuit,
787 5619 891 5692 nec
913 5604 1228 5684 candorem,
1259 5626 1316 5668 et
1345 5625 1522 5673 tamen
1546 5595 1644 5690 per
1669 5623 1810 5680 illius
1837 5602 2142 5692 misericor-

555 5684 698 5748 diam
713 5691 940 5764 adlraasit
953 5696 1080 5768 Deo.
1097 5699 1338 5771 Cumque
1354 5684 1645 5780 peccasset,
1666 5684 1930 5776 rationale:
1941 5684 2140 5795 quippe

2251 1893 2431 1964 perdit
2459 1893 2745 1963 pristinam
2778 1891 3153 1948 fortitudinem
3181 1902 3238 1950 et
3265 1894 3634 1966 computrescit
3659 1901 3784 1964 atque

2250 1982 2577 2037 dissolvitur.
2628 1983 2696 2038 Et
2719 1981 2965 2053 quamvis
2987 1983 3042 2039 in
3069 1999 3233 2039 usum
3275 1985 3366 2041 Dei
3401 1984 3592 2051 redeat,
3643 1992 3782 2040 tamen

2249 2076 2537 2147 pristinam
2575 2075 3030 2148 pulchritudinem
3077 2077 3287 2134 habere
3337 2093 3442 2135 non
3493 2085 3671 2148 potest,
3704 2091 3782 2131 non

2249 2167 2450 2222 duritia
2477 2166 2594 2228 Dei,
2641 2167 2735 2222 sed
2772 2183 2871 2224 suo
2892 2167 3045 2223 vitio.
3077 2169 3209 2238 quia
3237 2168 3424 2224 nolunt
3450 2168 3622 2224 audire
3657 2166 3781 2221 verba

2248 2258 2386 2328 ejus,
2417 2266 2470 2313 et
2488 2258 2764 2314 ambulant
2794 2259 2846 2314 in
2876 2260 3145 2330 pravitate
3177 2261 3355 2316 cordis
3400 2261 3499 2324 sui,
3546 2261 3646 2314 sive
3675 2257 3783 2328 quod

2249 2349 2352 2404 sibi
2376 2357 2580 2404 rectum
2608 2350 2840 2415 videtur,
2869 2350 2973 2406 hoc
3015 2350 3247 2406 faciunt.
3293 2350 3398 2408 Sal
3435 2359 3486 2407 et
3515 2351 3620 2422 ipse
3645 2363 3781 2406 sermo

2251 2439 2466 2494 divinus
2492 2453 2592 2493 cur
2623 2439 2764 2494 hanc
2786 2441 3026 2510 posuerit
3054 2441 3484 2504 similitudinem,
3509 2439 3699 2510 exponit
3724 2438 3782 2492 di-

2250 2544 2411 2584 cens:
2437 2546 2456 2583 ‹
2481 2532 2508 2578 δέ
2522 2529 2632 2584 icut
2657 2530 2800 2585 enim
2831 2529 3072 2588 adhaeret
3090 2529 3341 2589 lumbare
3361 2533 3425 2586 ad
3450 2530 3638 2585 lumbos
3655 2526 3781 2584 horni-

2250 2620 2356 2683 nis,
2383 2620 2463 2675 sic
2492 2619 2820 2691 agglutinavi
2851 2629 2906 2676 et
2927 2621 3208 2686 adhaerere
3236 2622 3337 2678 feci
3363 2621 3490 2678 mihi
3514 2618 3781 2676 omnemdo-

2250 2727 2397 2765 mum
2421 2712 2605 2776 Israel,
2637 2721 2694 2766 et
2719 2726 2938 2781 omnem
2964 2714 3186 2770 domum
3214 2713 3371 2780 Juda,
3399 2733 3419 2767 ι
3453 2715 3619 2769 decem
3639 2707 3780 2767 videli-

2245 2810 2339 2856 cet
2363 2809 2419 2857 et
2443 2802 2578 2857 duas
2597 2802 2789 2870 tribus,
2817 2813 2875 2858 ut
2894 2813 3077 2860 essent
3099 2806 3239 2862 mihi
3263 2806 3315 2860 in
3333 2805 3570 2877 populum
3590 2801 3781 2858 numina-

2253 2902 2387 2960 tum,
2412 2903 2467 2948 et
2491 2895 2544 2949 in
2568 2893 2784 2950 laudem
2813 2904 2867 2950 et
2908 2896 2962 2952 in
2989 2896 3263 2967 gloriam:
3309 2907 3363 2952 et
3401 2911 3495 2968 pro
3533 2895 3608 2950 his
3644 2889 3777 2947 omni-

2250 2984 2352 3040 bus
2379 3001 2484 3040 nou
2513 2986 2802 3042 audierunt
2847 3002 2955 3054 me,
2999 2988 3093 3042 sed
3129 3003 3232 3043 sua
3277 2989 3408 3056 vitia
3457 2993 3574 3042 sunt
3627 2981 3776 3038 secuti.

2252 3075 2475 3150 (Θήῃ.)
2539 3077 2788 3134 Posthazc
2849 3079 3144 3149 qumrimus
3219 3096 3385 3152 quare
3424 3078 3700 3136 cinctorium
3732 3071 3775 3126 li-

2251 3184 2411 3224 neum
2444 3169 2674 3224 dicatur.
2716 3168 2908 3224 Linum
2936 3171 3002 3226 de
3047 3178 3200 3225 terra
3249 3171 3502 3226 nascitur.
3538 3167 3654 3222 Nam
3685 3177 3776 3218 cum

2245 3274 2430 3314 Semen
2463 3260 2516 3314 in
2565 3260 2786 3315 humum
2834 3261 2998 3317 fuerit
3029 3261 3327 3330 abiectum,
3354 3261 3572 3334 primum
3613 3259 3657 3313 in
3687 3268 3778 3325 ὄνθ’

2248 3352 2394 3408 mine
2436 3353 2680 3424 pullulat,
2748 3355 2964 3422 deinde,
3029 3365 3091 3410 ut
3140 3356 3354 3412 inﬁnita
3400 3363 3694 3425 praeteream,
3727 3345 3776 3400 de

2247 3459 2424 3500 messe
2467 3444 2790 3503 transfertur
2829 3447 3068 3515 domum,
3094 3451 3354 3518 pectitur,
3377 3447 3586 3508 lavatur,
3613 3440 3774 3500 teritur.

2249 3536 2512 3601 tunditur,
2539 3545 2596 3591 et
2631 3537 2854 3609 ingenti,
2887 3547 2943 3594 ut
2971 3539 3043 3594 ita
3083 3541 3291 3608 dicam,
3337 3555 3494 3610 opera
3539 3535 3771 3592 excutitur.

2248 3639 2358 3693 quo
2402 3625 2510 3680 tale
2547 3626 2671 3690 ﬁat,
2719 3643 2784 3680 ex
2828 3643 2936 3697 quo
2979 3628 3151 3699 possit
3204 3630 3517 3685 Ciuctorium
3557 3634 3637 3680 aut
3665 3617 3774 3675 aliud

2248 3715 2376 3785 quid
2401 3715 2454 3771 in
2479 3731 2610 3777 usus
2645 3718 2981 3773 necessarios
3008 3720 3335 3790 comparari.
3361 3719 3425 3775 Et
3451 3733 3542 3774 nos
3563 3728 3671 3785 ergo
3687 3709 3774 3765 uni-

2249 3805 2391 3871 versi
2445 3807 2537 3877 qui
2589 3809 2995 3878 generationem
3060 3807 3358 3867 habemuse
3412 3823 3574 3874 terra,
3617 3805 3693 3875 qui
3734 3801 3771 3855 in

2247 3898 2572 3962 cinctorium
2627 3899 2719 3954 Dei
2765 3899 3072 3970 plectimur,
3115 3903 3287 3962 multa
3333 3917 3459 3964 cura
3509 3899 3770 3968 indigemus,

2248 4001 2306 4046 ut
2321 4001 2620 4064 pectamur,
2637 4003 2695 4048 ut
2709 3993 2970 4063 lavemur,
2993 4007 3054 4053 ut
3073 3997 3311 4055 colorem
3331 4009 3483 4070 terra:
3495 3993 3770 4075 ahjiciamus,

2247 4085 2400 4141 Alius
2421 4086 2620 4157 quippe
2646 4089 2795 4143 color
2823 4091 3194 4161 generationis
3233 4094 3286 4148 in
3313 4093 3437 4158 lino,
3487 4081 3681 4145 et'alius
3711 4087 3772 4136 es!

2248 4188 2370 4232 eum
2404 4176 2569 4232 fuerit
2594 4195 2758 4249 opere
2787 4173 3122 4239 mandatum.
3151 4164 3516 4260 Generatiouis
3548 4182 3674 4237 color
3703 4177 3774 4228 ob-

2249 4271 2458 4326 scurior
2485 4282 2588 4338 est,
2617 4285 2672 4330 et
2697 4277 2909 4349 nigrum
2941 4280 3192 4348 dicimus,
3245 4284 3423 4354 operis
3471 4289 3629 4336 autem
3669 4271 3771 4328 luci-

2249 4360 2386 4416 dior.
2414 4363 2562 4428 Tale,
2590 4367 2830 4436 inquam,
2862 4371 3048 4427 nescio
3070 4373 3202 4442 quid
3231 4370 3288 4428 et
3316 4373 3465 4427 nobis
3508 4372 3557 4424 in
3595 4361 3772 4422 exordio

2170 4487 2224 4547 Β
2249 4453 2447 4547 evenit.
2477 4453 2627 4528 Nigri
2669 4473 2854 4514 sumus
2902 4458 3119 4530 quando
3163 4477 3550 4539 regeneratum,
3603 4452 3772 4528 quando

2247 4543 2518 4602 credimus
2541 4587 2556 4613 ,
2598 4551 2813 4618 quando
2847 4551 2900 4605 in
2923 4549 3155 4610 'Cantico
3187 4556 3512 4626 canticorum
3542 4551 3730 4606 dicimus
3759 4560 3770 4595 :

2253 4659 2270 4692 ‹
2284 4639 2444 4712 Nigra
2461 4659 2579 4698 sum
2603 4634 2655 4700 et
2676 4648 2917 4716 speciosa
2935 4648 3108 4720 (Cum.
3129 4651 3198 4723 t);
3223 4641 3769 4721 tEthiopibussimilem

2244 4732 2479 4787 animam
2521 4732 2800 4810 habemus.
2838 4737 3040 4795 Deinde
3072 4724 3511 4805 cureluimurfut
3535 4735 3773 4792 elﬁciamur

2245 4821 2482 4901 candidi,
2502 4833 2561 4878 ut
2575 4811 2802 4881 nitorem
2820 4829 2910 4896 qui
2926 4829 3079 4885 nobis
3094 4831 3287 4887 insittts
3299 4848 3363 4886 ex
3380 4839 3558 4901 natura
3575 4840 3663 4880 non
3683 4823 3769 4876 fue-

2243 4909 2334 4974 rit,
2369 4911 2643 4982 diligentia
2671 4931 3086 4986 consequamur,
3095 4920 3249 4990 juxta
3272 4921 3398 4976 illud
3423 4911 3768 4990 quodiueodcm

2249 5000 2367 5057 loco
2389 5006 2674 5060 scribitur:
2698 5028 2714 5058 ς
2737 5009 2867 5076 Qua:
2895 5019 2978 5066 est
3003 5013 3106 5067 ista
3128 5031 3246 5084 quae
3266 5006 3764 5070 ascenditdcalbata.»

2250 5091 2587 5149 Etelﬁcimur
2602 5095 2767 5152 linum
2785 5101 3072 5156 candidum
3091 5120 3406 5175 purumque,
3424 5114 3572 5175 atque
3596 5101 3656 5154 ita
3674 5107 3764 5150 cum

2252 5183 2395 5255 digni
2427 5186 2686 5245 fuerimus
2711 5194 2970 5250 societate
2994 5196 3120 5270 Dei,
3153 5198 3206 5252 in
3245 5183 3548 5253 Ciuctorium
3581 5195 3677 5265 ejus
3705 5187 3787 5257 P'c'

2252 5277 2472 5347 ctimur,
2505 5294 2680 5350 neque
2709 5283 2778 5337 ab
2806 5299 2870 5338 eo
2893 5285 3182 5356 aliquando
3205 5289 3528 5359 deponimur,
3565 5286 3603 5340 si
3629 5293 3764 5336 tamen

2253 5368 2542 5424 candorem
2557 5362 2715 5448 quem
2742 5375 2894 5449 nobis
2906 5374 3484 5453 concesseransemper
3508 5381 3762 5434 habeamus.

2249 5455 2516 5524 Quoniam
2546 5459 2726 5533 itaque
2748 5464 2916 5543 Judaei
2937 5478 2991 5524 et
3018 5473 3196 5548 omnis
3227 5463 3411 5550 domus
3436 5470 3582 5548 lsrael
3603 5459 3761 5531 indigni

2247 5551 2573 5630 exstiterunt
2598 5550 2729 5622 Deo,
2745 5567 2799 5613 et
2818 5559 3046 5633 projecti
3069 5573 3197 5620 sunt
3223 5565 3290 5620 ab
3314 5581 3395 5639 eo,
3425 5563 3566 5620 nobis
3586 5573 3668 5631 pro
3686 5553 3761 5608 illis

2246 5642 2520 5718 accinctus
2535 5656 2636 5703 est.
2670 5644 2854 5721 Neque
2884 5655 3028 5710 enim
3058 5659 3346 5726 putandum
3381 5667 3460 5713 est
3496 5649 3759 5710 cinctorium

2244 5733 2584 5808 abjiCiemem
2649 5743 2916 5808 mansisse
2984 5729 3304 5816 incinctum,
3363 5748 3532 5806 statim
3583 5751 3631 5798 ut
3668 5736 3760 5795 illas
