4022 6186
269 256 383 311 903

1201 244 1568 304 EXPOSZTIO
1608 245 1832 305 SUPER
1868 244 2235 304 113313311831.
2280 277 2345 286 -—-
2379 244 2512 300 LIB.
2558 244 2645 300 VI.

270 364 511 437 proiicit,
542 360 681 415 alios
703 358 804 413 sibi
828 357 1131 414 contexuit.
1170 356 1289 411 iloc
1317 357 1640 412 cinctui-ium
1672 355 1860 411 Eccle-
1888 360 1936 421 Α
1966 356 2108 411 malo
2139 356 2269 413 vino
2312 354 2640 425 implebitur.
2678 352 2956 422 Quomodo
2970 366 3109 423 ergo
3140 368 3434 424 pessumus
3472 353 3548 411 de

269 457 359 513 sia
380 454 545 510 estde
574 449 825 522 gentibus
850 455 1197 518 congregata,
1230 462 1349 516 qum
1361 447 1510 500 scire
1528 445 1706 511 debet,
1733 446 1861 515 quia

267 548 324 603 si
347 544 617 617 prioribus
647 557 752 595 non
781 537 1021 609 pepercit
1052 539 1216 599 Deus,
1243 550 1341 590 nec
1365 536 1470 591 sibi
1493 544 1681 606 parcet
1705 536 1747 589 si
1776 534 1864 590 de-

269 634 579 706 reliquerit,
606 632 649 686 si
674 647 779 685 non
805 629 968 682 fuerit
992 628 1153 697 digna
1181 626 1365 681 lumbo
1392 625 1532 695 ejus,
1554 626 1599 680 si
1628 641 1735 679 non
1764 627 1860 680 ad-

271 729 488 782 haerens
518 723 764 779 Domino.
799 735 941 774 unus
970 720 1191 790 spiritus
1215 717 1376 772 fuerit
1397 719 1448 772 in
1471 718 1692 774 Christo
1711 718 1859 774 Jcsu.

268 818 478 874 Caveat
501 831 656 886 ergo,
679 813 771 883 qui
797 822 974 883 potest
1000 811 1219 866 dicere:
1257 831 1276 862 ‹
1304 810 1432 866 Mihi
1467 820 1648 866 autem
1685 813 1865 866 adhae-

269 923 396 963 rere
427 908 537 961 Deo
559 906 758 960 bonum
788 911 873 958 est
902 899 1080 975 (Psal.
1107 900 1321 972 LXXII);
1354 919 1373 952 ι
1399 916 1467 955 ne
1495 900 1636 956 forte
1662 891 1758 971 per
1775 918 1866 957 ne-

268 997 584 1072 gligentiam
604 996 672 1050 ab
694 994 836 1049 illius
857 992 1076 1048 renibus
1094 1002 1397 1061 separetur,
1414 999 1470 1045 et
1493 999 1731 1049 transeat
1756 993 1866 1048 Eu-

270 1090 545 1160 phratem,
572 1096 631 1141 et
660 1087 817 1140 detur
837 1083 891 1137 in
920 1090 1243 1153 potestatem
1275 1082 1417 1152 regis
1440 1082 1663 1153 Assyrii,
1694 1092 1749 1138 et
1770 1100 1863 1138 ne-

271 1192 547 1248 quaquam
585 1177 636 1229 in
659 1173 990 1229 solidissima
1015 1181 1192 1242 petra,
1218 1170 1315 1225 sed
1336 1172 1389 1226 in
1416 1170 1683 1226 foramine
1700 1181 1865 1241 petra:

269 1276 547 1338 corrupta:
574 1274 739 1336 atque
761 1263 984 1327 vitiata,
1014 1262 1116 1317 hoc
1136 1269 1239 1327 est,
1271 1260 1649 1317 hatreticorum
1694 1262 1866 1316 sunli-

270 1359 377 1414 bus
408 1366 465 1411 et
486 1356 632 1410 vitiis
651 1360 966 1424 occupetur,
998 1360 1055 1407 et
1083 1352 1138 1406 in
1158 1360 1365 1406 tantam
1388 1352 1571 1406 veniat
1620 1353 1862 1421 putredi-

269 1462 421 1511 ncm,
448 1454 512 1500 ιιι
532 1446 586 1500 in
614 1460 772 1500 usum
795 1451 851 1499 et
876 1441 1200 1498 cinctorium
1252 1440 1465 1496 Domini
1513 1442 1651 1496 ultra
1689 1443 1865 1499 redire

271 1553 380 1593 non
409 1536 601 1607 possit.

350 1646 371 1679 ι
413 1628 570 1682 Dices
592 1640 722 1696 ergo
742 1625 807 1679 ad
839 1638 938 1680 eos
985 1621 1114 1694 (sive
1134 1622 1202 1677 ad
1228 1621 1505 1694 populum)
1559 1636 1861 1679 sermonem

1963 446 2260 517 Scripturis
2282 447 2529 516 accipere
2545 445 2876 501 diﬂ‘ercntias
2899 445 3042 499 vini?
3065 443 3239 514 Super
3261 445 3400 502 malo
3421 447 3548 502 vino

1963 537 2064 593 ista
2093 538 2399 607 conscripta
2429 544 2587 591 sunt:
2630 555 2647 588 ι
2676 537 2753 591 De
2781 536 2934 590 vinea
2978 536 3343 590 Sodomorum
3392 539 3549 594 vinea

1962 644 2174 691 eorum,
2206 637 2260 682 ct
2289 628 2494 699 palmes
2519 642 2707 682 eorum
2734 627 2801 681 de
2831 626 3176 681 Comorrha:
3194 641 3305 681 uva
3354 642 3549 683 eorum

1965 739 2065 777 uva
2094 723 2255 789 feilis,
2287 724 2475 779 botrus
2493 721 2876 778 attraritudiuis
2897 723 3013 778 eis:
3042 738 3308 777 venenum
3362 724 3550 779 draco-

1964 828 2093 866 num
2121 812 2303 866 vinum
2330 828 2549 875 eorum,
2581 820 2637 867 ct
2670 826 2935 867 venenum
2971 813 3219 882 aspidum
3254 814 3552 869 insanabile

1963 903 2142 973 (Deut.
2176 902 2399 973 sxw)»
2432 903 2506 958 De
2530 903 2670 958 bono
2698 911 2877 957 auten
2911 903 3027 958 hinc
3065 902 3319 957 dicuntur
3340 922 3360 956 .-
3394 923 3416 953 ι
3446 900 3552 959 Ca-

1964 990 2036 1047 lix
2060 1002 2184 1049 tuus
2207 994 2480 1049 inebrians
2503 1008 2665 1063 quam
2680 992 2984 1062 prmclarus
3008 994 3126 1048 est!
3154 990 3452 1064 (PwLxxn
3478 993 3498 1065 ὶ
3529 1014 3546 1044 ι

1960 1084 2239 1155 Sapientia
2272 1094 2534 1140 convocat
2554 1085 2620 1145 ad
2647 1095 2918 1139 craterem
2941 1100 3096 1139 suum
3144 1085 3328 1140 dicens
3356 1103 3369 1139 :
3403 1106 3420 1137 ι
3448 1086 3553 1139 Ve-

1965 1175 2095 1238 nite,
2122 1175 2444 1230 manducate
2475 1190 2640 1245 panes
2670 1188 2836 1239 meos,
2870 1183 2925 1228 et
2965 1174 3133 1229 bibite
3181 1174 3364 1228 vinum
3398 1175 3551 1245 qtud

1964 1264 2154 1318 miscui
2181 1265 2334 1320 vobis
2376 1262 2563 1338 (Prov.
2595 1267 2695 1334 lx).
2727 1284 2752 1316 «ι
2792 1264 2885 1318 Est
2905 1279 3034 1334 ergo
3060 1263 3240 1318 vinum
3280 1264 3345 1317 de
3376 1262 3553 1318 Sodo-

1960 1355 2086 1418 mis,
2112 1364 2269 1411 etest
2294 1355 2477 1410 vinum
2511 1356 2654 1424 quod
2681 1354 2969 1424 Sapientia
3017 1354 3251 1409 miscuit.
3291 1353 3553 1408 Rursum-

1959 1460 2112 1514 que:
2151 1465 2169 1496 ι
2198 1446 2361 1501 Vinea
2400 1445 2550 1499 facta
2595 1453 2681 1500 est
2723 1444 2919 1499 dilecto
2968 1444 3022 1498 in
3071 1459 3266 1510 cornu,
3317 1445 3371 1499 in
3425 1443 3553 1501 loco

1963 1534 2118 1588 uberi
2170 1533 2304 1605 (Ira.
2334 1534 2410 1606 v),
2446 1554 2464 1588 ι
2491 1534 2729 1605 plantata
2756 1549 2787 1588 a
2813 1534 2943 1601 Deo,
2966 1550 3086 1605 qua:
3120 1545 3348 1591 vocatur
3389 1535 3550 1590 .vinea

1966 1623 2191 1690 Sorecb,
2223 1625 2392 1682 electa
2415 1628 2659 1697 quatdam
2687 1635 2741 1681 et
2766 1629 2910 1682 inter
2936 1642 3128 1682 omnes
3164 1627 3349 1682 vineas
3385 1627 3554 1681 'Iltil‘n-

276 1737 300 1772 ι
334 1719 542 1773 istum:
574 1715 700 1771 Ha'c
728 1715 860 1770 dicit
899 1713 1160 1769 Dominus
1193 1714 1332 1768 Deus
1352 1712 1513 1769 Israel
1544 1713 1769 1769 :Omnis
1790 1712 1865 1767 Ia-
1892 1704 1939 1764 B
1967 1716 2111 1771 bilis.
2156 1717 2250 1772 Est
2275 1726 2457 1772 autem
2505 1717 2672 1773 altera
2722 1717 2878 1771 vinea
2926 1715 3337 1788 Egyptiorum,
3385 1733 3548 1785 quam

273 1829 298 1864 ι
331 1808 566 1883 guncula
594 1809 721 1880 (sive
748 1807 889 1877 uter)
915 1805 1226 1877 implebitur
1251 1805 1394 1861 vino.
1451 1804 1522 1859 Et
1563 1805 1749 1860 dicent
1797 1805 1865 1860 ad

275 1918 301 1953 ι
343 1911 396 1954 te
434 1940 448 1952 .
488 1897 740 1968 Nunquid
797 1897 1107 1967 ignoramus
1156 1896 1302 1966 quod
1347 1895 1524 1950 omnis
1581 1895 1865 1967 laguncula

274 2009 297 2042 ι
334 1988 464 2061 (sive
492 1988 630 2058 uter)
662 1986 972 2057 implebitur
995 1985 1166 2040 vino?
1205 1986 1273 2040 Et
1301 1985 1450 2042 dices
1478 1987 1544 2041 ad
1573 2001 1668 2041 eos
1697 2004 1711 2040 :
1740 1986 1867 2044 limo

273 2096 299 2132 ι
331 2079 466 2134 dicit
495 2079 750 2133 Dominus
774 2096 787 2132 :
816 2078 953 2132 Ecce
976 2092 1076 2149 ego
1113 2076 1349 2148 implebo
1377 2093 1567 2134 omnes
1594 2079 1860 2137 habitato-

271 2188 295 2220 ι
336 2184 426 2225 res
450 2177 609 2222 terra:
630 2166 807 2235 hujus,
836 2174 891 2221 et
910 2181 1065 2236 reges
1090 2167 1183 2236 qui
1214 2166 1402 2222 sedent
1423 2166 1490 2221 de
1514 2167 1629 2236 stir,
1650 2182 1682 2223 e
1736 2167 1867 2238 (sive

273 2280 296 2311 ι
334 2260 495 2330 illius)
521 2259 688 2314 David
713 2273 877 2329 super
904 2259 1158 2313 thronum
1193 2256 1333 2326 ejus,
1363 2267 1418 2313 et
1450 2258 1763 2314 sacerdotes
1809 2267 1867 2315 ct

272 2376 293 2409 ι
331 2358 650 2428 prophetas,
673 2366 728 2412 et
769 2371 960 2412 omnes
1008 2357 1340 2413 habitatores
1359 2356 1666 2413 Jerusalem
1695 2358 1868 2414 ebrie-

273 2467 295 2501 ι
336 2457 468 2503 tate.
501 2447 569 2502 Et
590 2448 891 2519 dispergam
921 2461 1035 2513 eos,
1059 2447 1236 2503 virum
1267 2464 1298 2502 a
1327 2448 1497 2504 fratre
1517 2464 1638 2517 suo,
1682 2458 1739 2506 et
1752 2464 1864 2523 pa-

275 2557 297 2591 ι
343 2548 457 2594 tres
478 2547 534 2593 et
570 2540 712 2594 ﬁlios
755 2540 981 2609 pariter,
1036 2540 1113 2594 ait
1163 2539 1446 2596 Dominus.
1483 2540 1600 2597 Non
1646 2556 1868 2612 parcant

273 2647 298 2682 ς
337 2629 469 2702 (sive
488 2644 596 2684 non
622 2630 985 2702 desiderabo},
1007 2640 1063 2685 et
1085 2645 1191 2687 non
1211 2632 1523 2697 concedam,
1552 2647 1727 2703 neque
1768 2636 1869 2690 mi—

277 2737 299 2771 ι
335 2720 583 2785 serebor,
607 2728 664 2795 ut
687 2735 791 2775 non
814 2720 1118 2790 disperdam
1143 2736 1257 2776 eos.
1292 2741 1310 2773 ο
1335 2720 1608 2795 (Hilarem)
1631 2722 1867 2781 Verbum

270 2807 601 2864 Ilebraicum
627 2792 990 2879 53:...Aquum
1009 2811 1184 2880 prima
1209 2792 1374 2866 editio
1398 2792 1754 2882 lagunculam,
1783 2829 1869 2870 se-

269 2898 453 2954 cunda
486 2897 659 2967 ipsum
686 2882 1196 2970 52:..Symmacbus
1223 2912 1494 2966 craterem,
1513 2900 1653 2956 LXX
1677 2913 1867 2973 utrem,

1966 1809 2197 1880 percutit
2220 1808 2501 1874 Dominus,
2532 1809 2826 1864 secundum
2854 1808 2906 1862 id
2943 1809 3084 1877 quod
3115 1808 3372 1876 scriptum
3414 1815 3503 1861 est
3533 1824 3547 1860 :

1970 1916 1990 1947 ι
2030 1894 2302 1952 Percussit
2350 1897 2403 1951 in
2457 1896 2721 1967 grandine
2770 1897 2988 1951 vineam
3034 1912 3268 1965 eorum,
3310 1906 3371 1950 .ct
3407 1897 3550 1951 sticus

1964 2000 2156 2041 eorum
2196 1987 2251 2041 in
2290 1986 2411 2059 gelu
2439 1984 2867 2059 (I‘sal.uxv|t).
2893 2008 2916 2040 δ
2960 1986 3375 2044 Consideaemus
3412 2003 3552 2058 ergo

1964 2091 2154 2134 names
2186 2076 2435 2133 homines
2470 2078 2772 2148 ﬁguraliter
2808 2093 3047 2149 capaces
3089 2094 3210 2134 esse
3255 2078 3397 2144 viui,
3451 2094 3552 2134 nec

1965 2168 2109 2223 aliud
2143 2170 2226 2225 eis
2251 2185 2538 2240 possumus
2579 2187 2775 2227 nomen
2829 2173 3126 2243 imponere,
3176 2173 3267 2242 qui
3315 2188 3347 2228 e
3378 2187 3546 2243 paces

1966 2259 2078 2314 vini
2121 2268 2271 2324 sunt,
2318 2276 2482 2332 quam
2530 2262 2764 2327 utrium,
2818 2272 2874 2318 et
2912 2263 3092 2318 dicere
3136 2279 3170 2332 ιι
3213 2264 3259 2317 ia
3311 2278 3550 2334 nequam

1965 2351 2131 2407 homo
2157 2351 2350 2422 plenus
2370 2353 2444 2408 sit
2464 2353 2590 2409 vino
2614 2354 2680 2409 de
2707 2355 2862 2410 vinea
2912 2351 3268 2410 Sodomorum
3287 2364 3351 2409 et
3384 2354 3552 2427 Egy-

1958 2441 2220 2513 ptiomm,
2258 2432 2447 2513 plenus
2474 2443 2545 2498 sit
2573 2444 2696 2498 vino
2721 2443 3062 2499 inimicorum
3095 2442 3296 2509 Israel;
3331 2453 3551 2499 sanctus

1961 2546 2116 2599 vero,
2134 2542 2197 2590 et
2223 2534 2269 2589 is
2300 2534 2390 2605 qui
2410 2534 2792 2590 .in.virtutibus
2824 2535 3060 2607 puolieit,
3092 2535 3281 2606 plenus
3300 2536 3383 2590 sit
3425 2535 3555 2598 vino

1967 2623 2036 2678 de
2061 2625 2217 2679 vinea
2248 2624 2474 2691 Sorech,
2502 2626 2624 2680 vino
2651 2626 2717 2681 de
2738 2642 2845 2696 quo
2877 2627 3136 2697 scriptum
3153 2636 3245 2681 est
3272 2643 3287 2680 :
3335 2647 3354 2679 ι
3400 2626 3557 2684 Calix‘

1970 2720 2095 2769 tuus
2110 2714 2394 2770 inebrians
2423 2730 2584 2785 quam
2605 2715 2897 2785 pneclarus
2931 2717 3042 2793 est!
3081 2735 3101 2768 ι
3128 2716 3253 2770 vino
3270 2717 3419 2786 quod
3446 2717 3554 2771 mi-

1968 2805 2424 2879 scuitSapientia.
2460 2807 2525 2862 Et
2549 2809 2665 2863 ha'c
2693 2808 2908 2879 quidem
2936 2807 3207 2864 intellecta
3251 2809 3380 2863 mihi
3407 2817 3553 2873 sunt,

1964 2899 2263 2954 secundum
2288 2900 2581 2970 nequitiam
2599 2910 2770 2971 atque
2799 2902 3158 2967 virtutetn,ttt
3198 2917 3556 2972 agnoscamus

271 2990 580 3046 'I‘heodotio
614 3007 725 3057 vas,
745 2991 1095 3061 interpretati
1141 3001 1284 3048 sunt.
1345 2995 1498 3062 Quod
1550 3010 1715 3053 omne
1756 3014 1863 3055 non
1901 3058 1935 3065 _
1966 2991 2237 3060 quomodo
2274 2993 2452 3047 omnis
2474 3001 2595 3047 utcr
2625 2992 2876 3064 impletur
2905 2993 3045 3049 vino.
3076 2993 3132 3049 Si
3155 3006 3335 3049 autem
3368 2995 3558 3065 nequi-

270 3080 418 3147 olco,
447 3096 557 3136 non
581 3096 742 3151 aqua,
764 3097 870 3137 non
898 3058 1072 3148 melle,
1103 3099 1207 3137 non
1249 3084 1406 3150 lacte,
1433 3099 1538 3138 non
1587 3085 1689 3142 alia
1733 3104 1864 3159 qua.
1891 3058 1936 3120 (ἶ
1960 3079 2041 3133 tia
2071 3080 2184 3135 sive
2211 3080 2497 3138 virtutibus
2523 3081 2813 3153 implentur
2858 3091 3034 3148 utres,
3081 3066 3422 3154 consequens
3471 3092 3556 3140 est

272 3172 412 3227 libet
435 3172 660 3228 materia
689 3172 1239 3243 liquentis-elementi,
1264 3176 1358 3229 sed
1381 3175 1504 3231 vino
1524 3179 1867 3236 et-ebrictate

1969 3177 2027 3223 ut
2048 3170 2325 3240 suppliciis
2344 3171 2682 3243 impleantur
2706 3173 2777 3229 ob
2804 3173 3122 3243 nequitiam,
3156 3174 3558 3230 benedictioni-

269 3264 602 3334 oompletur,
630 3264 920 3319 ostendens
941 3279 1042 3319 nos
1069 3280 1164 3320 vas
1190 3281 1309 3321 esse
1329 3266 1537 3337 fragile,
1553 3266 1705 3336 juxta
1727 3273 1867 3341 Αμο.
1964 3260 2161 3316 bus-ob
2180 3261 2454 3318 virtutem.
2504 3263 2812 3320 Exhibeaut
2858 3280 3026 3320 sacrae
3058 3265 3259 3321 littera:
3314 3266 3557 3323 testimo-

272 3354 476 3411 stolum
528 3355 796 3410 dicentem
838 3368 916 3408 τι
966 3354 1244 3412 Habemus
1304 3366 1488 3413 autem
1548 3363 1866 3418 thesaurum

272 3448 451 3503 istum
466 3447 519 3502 in
538 3448 682 3503 vasis
707 3447 961 3503 ﬁctilibus
985 3446 1069 3520 (11
1082 3447 1342 3521 (Ion-tv),
1372 3471 1394 3503 θ
1423 3469 1523 3510 nec
1551 3469 1705 3526 posse
1727 3453 1868 3520 fieri,

269 3546 341 3592 ut
366 3551 474 3592 non
502 3536 632 3592 illud
650 3537 940 3607 impleatur
967 3537 1021 3591 iu
1050 3538 1201 3594 vobis
1246 3541 1388 3610 quod
1433 3544 1693 3615 scriptum
1736 3555 1817 3600 est
1852 3563 1866 3599 :

274 3638 305 3679 ι
338 3624 460 3681 Non
486 3626 630 3680 enim
663 3627 872 3680 habitat
896 3626 948 3680 in
975 3641 1139 3681 carne
1161 3643 1277 3682 mea
1316 3630 1552 3699 bonum;
1584 3653 1616 3687 -›
1670 3643 1724 3689 et
1768 3635 1869 3689 ite-

279 3729 407 3771 rum
433 3731 447 3768 :
478 3732 497 3764 ι
531 3711 647 3768 Non
668 3714 813 3768 enim
835 3714 978 3784 quod
1015 3716 1137 3770 volo
1173 3717 1375 3772 bonum
1408 3721 1519 3777 hoc
1567 3721 1728 3789 facio,
1776 3725 1871 3781 sed

274 3805 433 3877 quod
456 3805 579 3861 nolo
604 3806 804 3860 malum
835 3807 938 3862 hoc
967 3822 1163 3877 operor
1195 3809 1383 3881 .(ltom.
1416 3814 1534 3885 vn).
1588 3835 1614 3868 «ι
1666 3816 1746 3871 At:
1784 3817 1874 3873 de-

272 3891 414 3950 inde
446 3914 460 3950 :
499 3915 519 3947 «ι
556 3896 717 3951 Miser
746 3912 847 3967 ego
866 3897 1056 3962 homo,
1085 3899 1205 3967 quis
1229 3915 1313 3954 me
1332 3900 1591 3958 liberabit
1644 3905 1711 3961 de
1752 3921 1874 3961 cor-

270 4000 423 4055 pore
451 3985 639 4057 mortis
677 3986 867 4056 hujus?
894 4006 921 4038 θ
964 3986 1155 4061 (Ιὸἱά.)
1206 3989 1318 4046 Hac
1356 4002 1538 4048 autem
1589 3996 1872 4065 ebrietate,

281 4090 397 4145 qua
425 4075 536 4133 obli
577 4074 797 4128 iseitnur
843 4090 1235 4147 praeceptorum
1271 4081 1391 4148 Dei,
1426 4092 1481 4138 et
1531 4084 1677 4142 vitiis
1711 4096 1874 4158 atque

273 4167 525 4227 pe-eatis
556 4169 733 4225 omnis
777 4170 1031 4240 impletur
1080 4174 1309 4228 humana
1346 4178 1614 4243 conditio,
1661 4180 1874 4236 dicente

284 4258 607 4325 i‘ropbeta:
641 4275 660 4308 ι
694 4256 809 4313 Non
829 4258 1293 4329 justilicabiturin
1323 4276 1612 4335 conspectu
1646 4276 1737 4321 tuo
1762 4284 1873 4322 om-

276 4347 377 4400 nis
399 4348 584 4402 vivens
629 4344 801 4416 (Ρεαι.
841 4349 1043 4420 cui),
1073 4368 1096 4402 ι
1135 4366 1242 4406 non
1292 4353 1359 4407 ad
1410 4357 1869 4425 comparationem

282 4436 412 4499 Dei,
430 4445 491 4489 ut
514 4447 722 4491 veteres
739 4445 796 4492 et
822 4438 947 4493 novi
976 4439 1212 4495 haeretici
1241 4441 1507 4499 voluntet
1525 4448 1737 4514 patroni
1770 4449 1877 4502 luc-

281 4525 611 4591 reticortun,
635 4528 822 4584 sedad
847 4528 1127 4584 scientiam
1154 4530 1291 4601 ejus.
1324 4550 1342 4584 ι
1364 4532 1537 4588 Homo
1556 4535 1706 4591 enim
1734 4538 1881 4594 videt

287 4615 346 4670 in
363 4614 532 4680 facie,
552 4614 697 4671 Deus
709 4616 770 4670 in
784 4618 959 4672 corde
987 4617 1050 4689 .(I
1080 4617 1209 4690 Reg.
1236 4619 1347 4691 xu)
1384 4641 1404 4674 ι
1424 4638 1439 4687 ;
1464 4631 1521 4678 et
1540 4625 1682 4694 quod
1719 4628 1881 4684 nobis

288 4705 350 4761 in
371 4706 547 4760 corde
581 4707 840 4761 mundum
863 4709 1098 4775 videtur,
1123 4708 1266 4766 illius
1284 4710 1455 4768 oculis
1467 4714 1753 4771 sordidum
1781 4718 1878 4775 de-

282 4792 666 4866 prehenditur.
696 4794 893 4866 (Orig...)
955 4797 1211 4854 Dominus
1252 4808 1442 4856 autem
1475 4802 1628 4870 dicit,
1653 4820 1878 4864 omnem

291 4899 475 4941 utrem
499 4885 825 4956 implendum
844 4888 992 4954 vino,
1013 4898 1077 4944 et
1091 4890 1615 4964 pupdlnsrespondit
1636 4912 1651 4949 :
1676 4915 1696 4948 ι
1727 4897 1845 4953 Νυιι
1861 4926 1877 4938 ο

288 4974 431 5052 quid
485 4985 872 5045 cognoscentes
915 4994 1023 5034 non
1068 4994 1478 5051 cognoscemus,
1524 4983 1659 5052 quia
1703 4988 1881 5044 omnis

290 5075 425 5121 nter
452 5066 762 5136 iutplebitur
786 5068 912 5125 vino
938 5068 961 5123 ?
995 5070 1127 5137 Qum
1142 5072 1362 5141 quidem
1390 5072 1546 5142 juxta
1590 5089 1881 5148 panitet-ta-

294 5169 413 5215 tem
441 5158 640 5228 ingenii
674 5158 778 5213 mei
804 5160 883 5215 sic
928 5171 1181 5230 poterunt
1221 5164 1584 5234 interpretari,
1631 5169 1678 5223 si
1728 5171 1881 5239 prius

295 5247 414 5307 vini
432 5247 764 5307 differentias
796 5253 1247 5322 perspexeriums.
1276 5263 1335 5309 ut
1377 5263 1504 5312 tunc
1543 5273 1881 5331 consequen-

289 5348 386 5394 ter
411 5338 478 5393 dc
507 5340 717 5396 utribus
761 5348 1052 5397 tractemus
1098 5358 1284 5398 verum
1325 5358 1446 5400 esse
1484 5347 1629 5416 quod
1675 5348 1879 5405 dictum

288 5437 409 5493 est,
435 5428 561 5499 quia
594 5432 771 5487 omnis
792 5443 913 5487 uter
944 5433 1249 5502 intplebitur
1268 5435 1416 5493 vino.
1449 5434 1508 5491 Si
1544 5439 1669 5508 quis
1707 5440 1879 5499 bonus

288 5525 410 5581 est,
444 5527 504 5573 ut
534 5519 608 5573 ita
637 5520 848 5592 loquar,
878 5522 1021 5577 inter
1041 5533 1222 5591 utres,
1270 5534 1394 5581 uter
1419 5525 1727 5598 implebitur
1754 5530 1879 5589 vino

294 5607 562 5665 bonitatis
580 5625 713 5676 sum,
734 5611 847 5667 sive
875 5612 1068 5679 malus,
1084 5612 1237 5681 juxta
1255 5616 1357 5674 hoc
1378 5618 1524 5688 quod
1552 5619 1723 5677 malus
1771 5631 1878 5692 est.

712 5705 987 5770 l’n‘uuL.
1027 5706 1191 5772 CXI.

1970 3349 2140 3417 nium,
2161 3365 2270 3420 quo
2295 3362 2455 3421 pacto
2484 3361 2746 3408 tormenta
2788 3369 2886 3409 seu
2940 3355 3325 3425 promissiones
3368 3356 3554 3412 vinum

1969 3449 2364 3509 nuncupentur.
2402 3458 2421 3492 ι
2448 3440 2648 3512 Accipe
2666 3441 2892 3498 calicem
2911 3443 3020 3499 vini
3040 3444 3179 3499 meri
3206 3445 3363 3501 istius
3384 3454 3439 3500 et
3458 3460 3555 3516 po-

1960 3529 2113 3585 tabis
2124 3544 2326 3586 .outnes
2346 3544 2553 3603 gentes,
2575 3533 2651 3589 ad
2671 3549 2928 3606 quasego
2952 3542 3003 3590 te
3030 3536 3208 3590 mitto.
3244 3555 3262 3587 ι
3293 3533 3559 3592 Jeremias

1960 3628 2151 3675 autem
2177 3619 2292 3675 haec
2321 3620 2558 3691 loquitur
2576 3638 2741 3695 super
2754 3625 2905 3694 quod
2932 3623 3114 3691 infert,
3150 3645 3167 3675 ι
3200 3636 3256 3680 et
3277 3626 3480 3691 bibent,
3503 3635 3561 3682 et

1974 3720 2214 3780 voment,
2245 3714 2619 3782 etinsauient,
2643 3725 2698 3771 et
2724 3718 2939 3772 cadent.
2977 3737 2998 3770 ι
3023 3717 3189 3789 lgitur
3213 3717 3472 3788 supplicia
3502 3718 3557 3773 in

1964 3805 2222 3873 prtesenti
2251 3803 2370 3860 Ioco
2393 3806 2574 3859 vinum
2603 3808 2901 3862 mcracium
2926 3808 3273 3877 nuncupavit,
3308 3808 3450 3877 quod
3471 3807 3557 3862 bi-

1970 3893 2106 3946 bunt
2131 3908 2350 3948 meraco
2370 3894 2519 3959 vino,
2542 3894 2598 3949 id
2624 3905 2708 3951 est
2732 3896 2961 3951 meracis
3003 3896 3332 3961 cruciatibus
3373 3896 3554 3967 digni;

1970 3990 2101 4036 sunt
2122 3990 2307 4038 autem
2330 3984 2427 4038 alii
2452 3985 2542 4055 qui
2568 3986 2757 4041 bibam
2784 3986 3067 4057 supplicia,
3096 4002 3279 4040 verum
3310 4002 3417 4041 non
3457 4001 3556 4057 pe-

1973 4071 2119 4127 nitus
2146 4088 2379 4140 meraco,
2405 4075 2502 4130 sed
2529 4090 2594 4130 ex
2618 4084 2773 4147 parte
2796 4075 2979 4146 aliqua
3018 4085 3333 4145 temperata.
3390 4095 3409 4128 ι
3449 4076 3556 4131 Ca—

1973 4160 2044 4216 lix
2068 4163 2211 4217 enim
2236 4164 2293 4218 in
2316 4180 2475 4219 manu
2498 4165 2705 4220 Domini
2736 4166 2841 4221 vini
2869 4166 3022 4229 meri,
3045 4166 3233 4236 plenus
3252 4174 3336 4220 est
3367 4184 3395 4217 ει
3421 4166 3555 4221 isto:

1966 4249 2423 4307 .Etinclinavitex
2469 4254 2571 4309 hoc
2608 4255 2671 4309 in
2714 4255 3252 4311 boc:vertuntatneu
3298 4257 3381 4310 fex
3442 4256 3559 4326 ejus

1975 4363 2082 4402 non
2118 4356 2204 4404 est
2238 4350 2534 4415 exinanita,
2580 4351 2766 4406 bibent
2804 4366 2868 4406 ex
2914 4367 2980 4407 eo
3019 4367 3206 4405 omnes
3248 4363 3559 4422 peceatores

1981 4447 2139 4493 terra:
2178 4437 2369 4510 (Ptol.
2402 4441 2604 4513 LXXIV).
2644 4461 2662 4492 ο
2706 4441 2763 4497 Si
2794 4444 2873 4497 vis
2906 4452 2961 4498 et
2988 4444 3372 4499 benedidionis
3423 4445 3558 4499 eali-

1980 4545 2097 4585 cem
2123 4533 2448 4602 perspicere,
2478 4549 2635 4603 quem
2664 4516 2852 4590 bibunt
2870 4534 3023 4604 justi,
3051 4536 3176 4591 licet
3210 4536 3447 4593 suﬂieiat
3474 4554 3562 4594 sa-

1979 4620 2195 4691 pientia:
2259 4624 2622 4680 testimonium
2678 4627 2734 4682 in
2776 4642 2885 4697 quo
2933 4628 3057 4682 ait:
3096 4647 3115 4680 ι
3154 4629 3328 4685 Bibite
3373 4630 3560 4688 viuum

1980 4713 2123 4783 quod
2154 4713 2341 4769 miscui
2369 4715 2521 4772 vobis
2580 4714 2763 4789 (Prov.
2788 4718 2887 4790 ιχ).
2918 4738 2942 4772 α»
2983 4717 3186 4774 Tamen
3213 4720 3335 4776 vide
3371 4719 3561 4779 Salva-

1969 4810 2152 4857 νισι-ειη
2176 4805 2562 4860 ascendentem
2588 4806 2674 4862 die
2700 4810 2940 4878 paschae,
2962 4808 3172 4879 grande
3220 4812 3560 4869 eoenaculum

1980 4904 2210 4949 stratum
2228 4905 2396 4967 atque
2420 4901 2757 4966 mundatum,
2783 4909 2839 4956 et
2867 4913 3116 4972 agentem
3156 4902 3300 4957 diem
3360 4901 3558 4958 festum

1981 5000 2105 5039 cum
2135 4985 2413 5056 discipulis
2439 4990 2571 5055 suis,
2604 4989 2800 5059 illoque
2826 4992 2908 5047 eis
2928 4991 3097 5048 calice
3122 4991 3461 5061 propinante,
3490 4991 3559 5046 de

1982 5091 2090 5147 quo
2110 5077 2163 5131 in
2189 5076 2482 5150 Evangelia
2506 5079 2769 5149 scriptum
2797 5090 2911 5136 est:
2938 5099 2959 5131 ι
2990 5080 3233 5151 Accipite
3279 5089 3335 5134 et
3369 5080 3555 5160 bibite,

1980 5169 2072 5225 hic
2092 5176 2177 5224 est
2201 5171 2420 5239 sanguis
2447 5185 2598 5226 meus
2619 5173 2711 5243 qui
2740 5189 2837 5243 pro
2865 5174 3018 5229 vobis
3035 5173 3355 5236 effundetur,
3389 5174 3442 5229 in
3471 5190 3560 5231 re-

1980 5258 2296 5313 missionem
2321 5269 2691 5328 peccatorum,
2722 5262 2824 5318 hoc
2871 5262 3055 5328 facite,
3094 5263 3307 5332 quoties
3341 5262 3555 5330 bibetis,

1980 5350 2038 5405 in
2066 5366 2239 5406 meum
2263 5354 2849 5409 commemorationem.
2873 5354 3043 5409 Amen
3083 5355 3204 5410 dico
3251 5355 3422 5423 vobis,
3451 5372 3557 5413 non

1984 5442 2163 5497 bibam
2193 5442 2321 5498 illud
2347 5445 2561 5512 amodo,
2593 5446 2761 5501 donec
2782 5445 2964 5501 bibam
3010 5445 3139 5502 illud
3182 5447 3464 5506 vobiscum
3505 5449 3559 5506 in

1985 5550 2149 5604 regno
2178 5533 2271 5589 Dei
2319 5534 2532 5608 (Matth.
2578 5536 2797 5609 xxvi).'t
2833 5537 2993 5595 Vides
3017 5539 3242 5598 calicem
3276 5542 3410 5601 Novi
3451 5544 3558 5601 Te-

1986 5626 2260 5693 stamenti,
2290 5625 2436 5682 vides
2465 5624 2689 5683 calicem
2736 5626 3155 5700 suppliciorum,
3202 5647 3254 5702 (ι’
3278 5648 3359 5691 cttl
3399 5649 3559 5706 supra
