4022 6186
567 220 663 274 9οῗ

557 333 931 403 exposuimus,
961 331 1072 390 vini
1123 331 1254 386 meri
1285 331 1547 400 plenum?
1573 331 1669 384 Est
1709 342 1763 386 et
1799 331 1934 385 alius
1979 330 2140 392 calix,
2175 335 2218 392 Α

555 427 654 494 qui
705 438 802 493 pro
847 421 1282 490 compensatione
1315 421 1574 476 bonorum
1625 432 1862 487 actuum,
1893 436 1986 474 seu
2023 437 2138 474 ma—

561 517 764 573 lorum,
789 513 885 568 tibi
922 512 1177 567 miscetur
1205 521 1258 565 et
1291 511 1539 565 traditur.
1561 511 1811 580 intelligit
1835 511 1978 564 enim
2025 525 2139 574 eos,

563 605 656 676 qui
707 604 968 675 penitusa
997 601 1192 670 pietate
1243 600 1547 666 discedunt,
1589 608 1644 654 ct
1686 601 1834 654 omni
1883 614 1948 653 ex
1993 607 2144 669 parte

571 695 884 765 religionem
907 699 1242 756 aversantur,
1269 691 1322 745 in
1347 699 1553 746 tantum
1581 699 1640 744 ut
1667 689 1888 745 fortuitu
1913 699 1969 743 et
1989 704 2146 759 pecu-

573 787 697 841 dum
725 799 875 839 more
895 783 1097 848 vivant,
1129 783 1376 837 bibentes
1403 781 1626 838 calicem
1646 781 1764 836 vini
1793 780 1950 844 meri,
1983 795 2145 849 quem

569 879 638 933 de
660 879 796 932 libro
841 874 1085 930 Jeremizc
1105 873 1462 944 protulimus;
1491 884 1587 928 eos
1611 888 1742 928 vero
1769 871 1860 941 qui
1891 887 1996 926 non
2049 886 2143 941 pc-

569 971 713 1026 nitus
737 975 1096 1030 recesserunt,
1122 965 1214 1021 sed
1235 965 1489 1020 cum‘sint
1522 973 1856 1036 peceatores,
1897 972 1953 1018 et
2003 961 2144 1016 indi-

567 1059 656 1130 gni
672 1058 983 1128 judicentur
999 1055 1168 1111 calice
1182 1054 1310 1109 Novi
1329 1055 1486 1109 Testa
1495 1053 1678 1118 menti,
1705 1063 1760 1108 et
1781 1051 1981 1112 faciant
2006 1065 2147 1121 sche

567 1151 705 1204 bona
727 1163 919 1218 opera,
957 1163 1101 1217 sarpe
1122 1146 1425 1209 contraria,
1465 1145 1709 1200 bibentes
1733 1143 1957 1198 calicem
1997 1158 2146 1197 mero

569 1241 808 1296 mistum.
828 1259 845 1290 ι
867 1238 1146 1294 inclinavit
1169 1237 1313 1292 enim
1331 1237 1473 1290 Deus
1494 1250 1557 1289 ex
1581 1235 1684 1290 hoc
1710 1234 1762 1288 in
1791 1233 1938 1287 illud.
1967 1251 1984 1284 ι
2007 1229 2145 1298 Quid

567 1338 650 1385 est
670 1329 811 1398 quod
831 1329 904 1383 ait
927 1343 942 1382 :
963 1347 980 1379 ι
1001 1343 1066 1383 ex
1085 1327 1250 1382 hocin
1266 1327 1430 1380 illud?
1453 1347 1471 1378 ι
1488 1325 1604 1380 Duo
1616 1323 1804 1394 pocula
1829 1323 2001 1378 video.
2027 1341 2046 1372 ›
2064 1321 2148 1375 ln-

569 1418 790 1474 eliuavit
813 1419 955 1472 enim
983 1431 1046 1472 ex
1073 1417 1176 1472 hoc
1200 1417 1252 1470 in
1283 1415 1431 1480 illud,
1473 1422 1840 1469 verumtamen
1865 1412 1948 1467 fex
1981 1411 2148 1480 ipsius

567 1525 674 1565 ltOll
691 1507 1004 1563 exinanita.
1039 1505 1420 1562 Animadverte
1463 1503 1682 1559 calicem
1726 1501 1986 1557 bonorum
2027 1508 2146 1555 tuo-

568 1616 686 1654 rum
711 1614 936 1668 opernm
961 1598 1012 1651 in
1043 1612 1150 1652 una
1175 1611 1337 1651 manu
1369 1595 1580 1650 Domini
1613 1609 1627 1648 :
1657 1593 1740 1648 sin
1767 1601 1947 1647 autem
2000 1599 2147 1660 pate-

571 1693 644 1746 ris
665 1691 864 1761 aliquid
891 1705 977 1745 me
1002 1689 1260 1744 audacius
1280 1689 1496 1744 dicere:
1525 1687 1606 1741 Sit
1633 1686 1685 1740 in
1724 1685 1942 1740 dextera
1985 1697 2140 1738 malm
2173 1672 2216 1732 ll

565 1781 680 1850 ejus
705 1782 846 1837 calix
875 1781 1154 1846 virtutum,
1187 1781 1258 1836 sit
1288 1780 1340 1834 in
1395 1779 1613 1834 sinistra
1669 1778 1942 1833 vitiorum.
2007 1774 2140 1830 Cum

566 1870 730 1942 igitur
775 1869 1004 1938 coeperis
1037 1878 1263 1940 propter
1320 1877 1541 1938 peccata
1605 1867 1863 1937 torqueri,
1911 1865 2036 1935 quia
2089 1873 2140 1920 et

553 1967 702 2019 bona
723 1977 886 2032 opera
911 1961 1104 2028 fecisti,
1153 1961 1290 2018 calix
1325 1961 1386 2016 in
1433 1976 1592 2016 manu
1641 1960 1850 2015 Domini
1901 1967 1986 2013 est
2034 1959 2140 2012 viui

563 2057 696 2112 meri
725 2054 914 2125 plenus
943 2055 1124 2109 misto.
1155 2053 1222 2108 Et
1272 2053 1556 2108 inclinavit
1607 2067 1674 2106 ex
1727 2053 1829 2106 huc
1879 2052 1931 2105 iu
1989 2049 2138 2112 illud,

563 2147 663 2201 hoc
696 2157 781 2201 est
809 2145 876 2200 de
900 2159 966 2200 eo
986 2145 1078 2214 qui
1097 2152 1214 2198 erat
1244 2143 1296 2198 in
1319 2144 1560 2208 dextera,
1587 2143 1641 2197 in
1672 2143 1820 2196 illum
1859 2145 1950 2211 qui
1989 2141 2043 2195 in
2069 2141 2142 2194 si-

563 2237 732 2290 nistra
772 2235 1166 2290 continebatur.
1225 2233 1414 2304 Neque
1485 2234 1628 2288 enim
1675 2242 1825 2305 potes
1879 2233 2140 2289 bonortun

565 2337 770 2384 tantum
799 2326 1021 2382 calicem
1050 2327 1256 2391 bibere,
1278 2327 1432 2395 quasi
1463 2327 1602 2382 bona
1647 2325 2017 2382 tantummodo
2061 2324 2139 2380 fe-

559 2418 724 2479 ceris,
746 2431 922 2486 neque
941 2430 1154 2470 rursum
1173 2425 1544 2486 peccatorum,
1565 2415 1691 2486 quia
1711 2425 1768 2470 et
1789 2416 1926 2470 bona
1947 2415 2141 2484 quippe

562 2505 738 2575 aliqua
765 2504 1000 2576 gessisti.
1026 2505 1234 2561 Idcirco
1263 2505 1558 2569 inclinavit,
1585 2520 1652 2560 ex
1682 2503 1786 2559 hoc
1809 2503 1861 2557 in
1891 2503 2018 2557 illud
2045 2522 2057 2557 :
2083 2511 2142 2557 ut

554 2598 706 2668 juxta
729 2600 1216 2670 compensationem
1241 2613 1464 2669 operum
1487 2609 1700 2653 tuorum
1729 2597 2022 2652 misceatur
2044 2595 2138 2651 tibi

559 2687 879 2758 supplicium
905 2688 1173 2758 aquatius,
1201 2703 1292 2744 seu
1320 2689 1606 2754 meracius,
1631 2696 1685 2745 et
1714 2688 2008 2744 secundum
2036 2701 2142 2741 me-

558 2784 666 2838 rita
699 2791 810 2849 tua,
837 2792 930 2839 aut
953 2783 1280 2840 obtundatur
1302 2785 1396 2839 ira:
1421 2784 1615 2840 divina:
1655 2783 1896 2850 aculeus,
1921 2792 2136 2838 aute:-

559 2884 822 2930 acuatur:
851 2875 896 2938 si
924 2890 1052 2930 vero
1075 2877 1244 2930 bonus
1271 2875 1457 2940 fueris,
1481 2885 1538 2930 et
1563 2875 1657 2930 Dei
1679 2875 1930 2931 mandata
1953 2889 2138 2930 serva-

560 2967 718 3028 veris,
749 2965 966 3022 attende
990 2967 1119 3036 quid
1151 2967 1338 3022 dicas?
1365 2984 1382 3018 ι
1409 2966 1643 3022 Calicem
1695 2965 1950 3021 salutaris
1993 2964 2136 3020 acci-

559 3058 725 3127 piam,
749 3065 804 3111 et
827 3043 1018 3111 nomen
1049 3056 1258 3112 Domini
1282 3057 1542 3111 invocabo
1583 3054 1756 3124 (Psal.
1781 3057 1927 3126 cxv).
1959 3074 1978 3108 ι
2010 3053 2136 3110 0m-

559 3147 643 3201 nis
676 3147 840 3217 igitur
879 3155 1021 3211 uter,
1065 3147 1182 3202 sive
1232 3147 1404 3202 bonus
1445 3147 1560 3202 sive
1607 3145 1799 3212 malus,
1831 3145 2138 3216 implebitur

560 3237 686 3290 vino
715 3235 988 3306 qualitatis
1033 3251 1164 3292 suae.
1207 3236 1318 3294 Nec
1361 3237 1540 3293 oleum
1589 3238 1828 3292 n.ittetur
1879 3237 1932 3290 in
1989 3250 2134 3301 eum,

559 3325 780 3381 aliunde
833 3326 964 3396 quid
1004 3325 1216 3396 liquens
1258 3327 1362 3382 nisi
1400 3328 1582 3382 vinum
1643 3325 1998 3382 Sodomorum
2044 3335 2139 3380 aut

561 3411 784 3470 Sorecb.
826 3414 963 3470 Nulli
1011 3424 1216 3486 parcet,
1249 3417 1338 3486 qui
1368 3417 1654 3487 puniturus
1682 3426 1767 3472 est
1789 3419 2136 3488 peccatores;

559 3516 668 3558 non
695 3502 819 3573 quia
859 3505 1142 3574 propheta,
1180 3521 1286 3560 non
1312 3507 1438 3575 quia
1486 3507 1738 3562 sacerdos
1765 3506 1887 3577 quis
1915 3513 2139 3562 vocatus

559 3599 664 3658 est,
689 3606 718 3646 a
744 3593 1020 3662 suppliciis
1044 3595 1363 3650 liberabitur
1393 3614 1406 3650 :
1440 3611 1544 3652 non
1571 3597 1746 3652 solum
1768 3598 1960 3668 vulgus
1987 3599 2147 3668 igno-

553 3679 665 3738 bile
712 3681 937 3752 vilisque
989 3683 1285 3753 plebecula,
1337 3685 1430 3740 sed
1484 3701 1638 3756 reges
1678 3685 2026 3741 ecclesiarum
2072 3687 2138 3740 de

559 3770 746 3840 stirpe,
769 3771 882 3825 sive
915 3771 1007 3826 ﬁlii
1041 3772 1228 3839 David,
1259 3774 1350 3842 qui
1379 3775 1567 3830 sedent
1591 3775 1825 3845 resupini
1849 3784 2138 3844 erectaque

559 3861 790 3925 cervice,
813 3869 867 3915 et
885 3869 1140 3932 protento
1161 3863 1466 3932 aqualiculo
1499 3878 1663 3934 super
1693 3865 1944 3919 thronum
1972 3863 2093 3936 ejus
2120 3883 2133 3918 :

558 3953 866 4008 sacerdotes
899 3968 1110 4024 quoque
1136 3955 1260 4024 ipsi,
1287 3955 1553 4011 secundus
1581 3955 1634 4010 in
1657 3955 2022 4012 ecclesiastico
2043 3957 2138 4012 ho-

560 4055 694 4097 nore
712 4042 928 4112 gradus,
953 4053 1008 4097 et
1027 4045 1303 4114 propheta:
1331 4045 1423 4115 qui
1443 4045 1696 4099 videntur
1723 4045 1920 4100 habere
1965 4046 2138 4101 scien-

561 4131 689 4186 tiam
716 4131 1138 4202 Scripturarum,
1181 4143 1238 4188 et
1269 4149 1458 4190 omnes
1487 4135 1814 4191 habitatores
1838 4133 2136 4192 Jerusalem

556 4237 654 4294 pro
675 4229 1014 4293 peccatorum
1041 4225 1302 4280 varietate
1342 4225 1680 4296 complentur
1704 4244 1717 4280 :
1739 4227 1852 4282 sive
1890 4225 2050 4293 Juda,
2081 4237 2140 4282 ut

556 4311 811 4366 addidere
834 4310 998 4367 LXX.
1047 4311 1180 4369 Cum
1225 4313 1359 4370 ebrii
1407 4314 1630 4382 fuerint,
1683 4315 2066 4400 disperguntur
2107 4333 2137 4374 a

556 4400 814 4456 societate
843 4402 926 4457 sui
954 4420 968 4456 :
993 4413 1282 4475 patresque
1303 4419 1334 4458 a
1360 4405 1505 4471 filiis,
1527 4414 1582 4462 et
1601 4377 1695 4462 filii
1721 4423 1749 4462 a
1769 4377 2022 4477 patribus
2045 4421 2134 4463 se-
2164 4377 2216 4437 D

558 4500 838 4559 parantur,
875 4499 934 4547 ut
969 4495 1197 4551 diversis
1223 4497 1518 4554 haeresibus
1567 4499 1894 4568 polluantur,
1937 4508 1992 4556 et
2033 4501 2134 4557 sub

555 4578 758 4634 Christi
791 4581 1010 4638 nomine
1054 4583 1197 4638 inter
1241 4599 1301 4641 se
1347 4586 1723 4658 digladientur,
1777 4599 1833 4646 et
1878 4591 2134 4648 dimicent

559 4677 744 4724 contra
771 4679 1002 4726 matrem
1049 4687 1224 4736 suam,
1275 4693 1396 4746 qua:
1441 4693 1536 4733 eos
1579 4681 1779 4750 genuit,
1813 4681 2128 4739 Ecclesium.

561 4759 710 4816 Unde
739 4759 871 4816 dicit
901 4776 915 4814 :
947 4761 1061 4818 Non
1103 4764 1415 4824 desiderabo
1441 4785 1552 4835 eos,
1601 4771 1696 4826 sed
1734 4773 1858 4828 odio
1908 4775 2132 4830 habeam

556 4852 902 4924 sempiterno.
928 4853 1109 4910 Justos
1135 4869 1426 4932 congregat
1452 4861 1612 4925 Deus,
1649 4874 1958 4932 peccatores
1983 4882 2138 4936 sepa-

557 4951 660 4998 rat.
691 4943 932 5013 Denique
961 4943 1164 5002 idcirco
1188 4948 1423 5015 quandiu
1461 4966 1566 5006 non
1605 4962 1730 5006 situt
1775 4957 2028 5010 commoti
2066 4958 2136 5012 ab

554 5034 765 5090 oriente
783 5034 1052 5102 homines,
1080 5053 1186 5092 non
1227 5047 1352 5094 sunt
1389 5040 1630 5112 dissipati
1659 5061 1672 5098 :
1697 5046 1911 5113 quando
1953 5056 2132 5102 autem

551 5125 685 5186 moti
713 5133 838 5180 sunt
865 5125 934 5181 ab
980 5127 1212 5194 oriente,
1267 5139 1322 5184 et
1364 5130 1440 5185 ait
1495 5133 1654 5188 homo
1715 5134 1780 5188 ad
1829 5137 2130 5204 proximum

554 5229 710 5268 suum
741 5232 754 5272 :
789 5235 807 5266 ι
840 5215 1028 5274 Venite
1061 5230 1116 5275 et
1147 5220 1474 5280 aedificemus
1523 5227 1794 5284 civitatem
1839 5242 1896 5286 et
1942 5231 2131 5284 turrim

555 5305 707 5375 cujus
730 5306 801 5360 sit
826 5319 986 5380 caput
1023 5327 1195 5384 usque
1244 5315 1311 5370 ad
1351 5316 1545 5372 coelum
1623 5316 1776 5388 (Gen.
1801 5330 1900 5390 χι).
1939 5343 1958 5374 ι
1993 5321 2134 5376 Deus

556 5395 766 5452 locutus
799 5407 898 5464 est,
927 5402 1113 5460 dicens
1144 5423 1158 5459 :
1194 5425 1212 5458 ι
1250 5407 1453 5472 Venite,
1484 5411 1894 5476 descendamus,
1919 5422 1974 5468 et
2006 5429 2134 5471 con-

558 5481 839 5542 fmtdzunus
887 5488 1120 5562 linguam
1155 5509 1340 5552 eorum
1385 5498 1596 5570 (Ibid).
1635 5521 1653 5554 ι
1697 5503 1758 5556 Ει
1799 5514 1920 5572 post
1969 5505 2136 5574 pusil-

561 5576 664 5626 lum
697 5575 854 5632 infert
888 5599 899 5633 :
936 5582 1073 5639 Ecce
1093 5585 1352 5656 disperdit
1376 5589 1634 5648 Dominus
1685 5594 1800 5650 illos
1834 5596 1954 5651 inde
1990 5613 2018 5649 a
2049 5597 2131 5650 fa—

2164 3019 2208 3080 C

1175 218 1259 272 .ll.
1305 217 1554 272 BABANI
1593 220 1811 274 MAUlll
1851 218 2142 273 AllClllEP

2241 218 2524 276 lOGUN‘T.
2566 217 2847 274 OPERUM
2889 219 3065 273 l‘A-llS
3105 220 3187 274 ιιι.

3670 227 3748 283 908

2249 332 2330 384 σευ
2355 331 2726 384 οηιηίειριτπε,
2789 328 3024 398 Populus
3063 345 3274 399 quoque
3325 333 3474 386 Israel
3517 347 3749 405 antequam

2243 432 2510 490 peccaret,
2551 422 2601 474 iu
2631 419 2814 473 Jmla-a
2842 431 2979 482 erat,
3013 429 3131 489 post
3161 429 3370 488 peccata
3417 423 3464 475 iu
3500 424 3751 481 universum

2243 514 2425 566 orbem
2459 512 2732 580 dispersus
2755 521 2856 565 est.
2887 510 3016 565 Tale
3035 511 3286 580 quiddam
3316 514 3451 567 etde
3471 514 3754 570 uobisomni-

2245 603 2345 656 hns
2392 601 2646 670 intelligo.
2701 601 2795 655 Est
2847 603 3091 670 quaedam
3142 602 3364 656 ecclesia
3401 604 3752 673 primitivortun,

2245 707 2429 744 eorum
2461 691 2669 744 scilicet
2703 690 2794 756 qui
2815 689 3106 758 conscripti
3132 701 3258 744 sunt
3281 691 3331 744 in
3359 691 3654 752 coalestibus.
3685 696 3756 748 ιιιιί
3797 722 3808 748 ι

2246 798 2402 837 tuens
2427 783 2578 844 Sion,
2617 790 2673 836 et
2701 781 2892 835 civitas
2928 781 3160 835 viventis
3186 781 3278 835 Dei
3319 781 3595 838 Jerusalem
3629 784 3756 838 θωὴ-

2246 874 2362 939 stis,
2392 872 2532 927 beati
2565 873 2657 942 qui
2689 871 2812 926 illuc
2841 871 3324 943 congregabuntur.
3379 871 3663 928 Peccatores
3685 889 3756 926 au-

2247 973 2355 1018 tem
2383 963 2691 1018 dividentur
2716 963 2784 1016 ab
2806 962 3054 1024 invicem,
3075 964 3237 1017 etiam
3267 963 3320 1018 in
3366 965 3462 1018 hoc
3510 973 3562 1018 ut
3591 979 3756 1020 Aerem-

2248 1051 2478 1107 ciationc
2502 1053 2706 1121 pariter
2728 1061 3104 1122 torqueantur.
3160 1052 3286 1108 Scin
3335 1055 3577 1124 quosdam
3617 1069 3755 1125 reges.

2246 1159 2340 1199 eos
2369 1145 2460 1213 qui
2485 1144 2713 1214 imperio
2733 1160 2831 1198 suo
2860 1145 3091 1199 insidiati
3117 1155 3260 1208 sunt,
3295 1148 3360 1200 ad
3389 1147 3610 1202 desertas
3648 1147 3757 1202 insu-

2250 1233 2328 1288 las
2353 1233 2640 1302 deportare
2667 1234 2872 1300 solitos,
2903 1249 3002 1304 pro
3025 1235 3232 1306 [unguis
3273 1236 3534 1307 suppliciis
3571 1238 3660 1291 hoc
3692 1235 3758 1304 ja-

2249 1327 2396 1390 here,
2426 1341 2494 1380 ne
2529 1326 2580 1379 in
2611 1341 2716 1379 uno
2751 1325 2868 1380 loco
2891 1327 3062 1381 exsilii
3095 1329 3370 1396 penuriam
3403 1329 3687 1382 sustineant.
3713 1326 3756 1381 ln

2247 1417 2408 1472 aliam
2445 1417 2592 1471 orbis
2615 1425 2822 1488 partem
2853 1432 3009 1482 uxor,
3065 1417 3118 1472 in
3165 1418 3324 1472 aliam
3370 1417 3513 1474 liberi
3556 1417 3757 1471 extermi

2250 1517 2464 1571 nantur,
2520 1517 2578 1563 ut
2628 1522 2694 1563 ne
2749 1509 2800 1562 in
2850 1509 3244 1564 calamitatibus
3296 1509 3500 1578 quidem
3537 1509 3636 1562 suis
3670 1521 3759 1576 per-

2251 1599 2332 1652 fru
2351 1608 2496 1652 lllllll'
2519 1598 2732 1662 solatio,
2765 1607 2858 1652 aut
2886 1606 3058 1652 mater
3084 1597 3176 1652 filii
3201 1607 3302 1652 aut
3323 1597 3483 1652 frater
3500 1595 3686 1651 fratris:
3703 1595 3758 1648 si.

2248 1691 2357 1745 mili
2380 1690 2537 1744 modo
2565 1701 2619 1743 et
2643 1698 2910 1759 peccator,
2936 1705 3030 1758 per
3053 1690 3340 1758 quamdam
3367 1689 3757 1758 dispensationem

2243 1781 2356 1844 Dei‘,
2383 1781 2650 1836 amariora
2679 1779 2983 1835 solitudinis
3006 1787 3269 1833 tormenta
3311 1777 3608 1848 perpetitur.
3639 1776 3674 1832 si
3693 1790 3759 1830 so-

2242 1875 2324 1930 lus
2353 1873 2405 1928 in
2427 1872 2673 1927 exsilium
2702 1872 2986 1942 relegetur,
3037 1881 3100 1924 ut
3141 1872 3455 1925 emendatus
3501 1869 3550 1922 in
3599 1875 3757 1921 statum

2239 1963 2523 2034 pristinum
2551 1962 2754 2017 redeat.
2788 1962 2854 2016 Et
2883 1960 3150 2030 quomoda
3175 1971 3230 2015 tu
3250 1960 3566 2030 propinquos
3602 1956 3671 2010 vel
3713 1955 3758 2008 li-

2241 2053 2401 2108 beros
2429 2062 2547 2107 tuos
2573 2067 2678 2106 non
2701 2051 2922 2106 fortuita
2951 2065 3053 2104 nec
3081 2049 3431 2104 irrationaliili
3457 2061 3652 2102 coerces
3679 2045 3756 2104 ira.

2241 2143 2334 2196 sed
2365 2157 2460 2212 per
2493 2141 2717 2196 verbera
2745 2140 3002 2193 reducere
3027 2139 3179 2208 cupis
3223 2140 3295 2192 ab
3313 2153 3499 2192 errore
3545 2137 3592 2190 in
3635 2147 3756 2204 quem

2243 2235 2600 2292 incubueiant
2617 2248 2631 2291 :
2651 2233 2728 2291 sic
2751 2232 2892 2292 Deus
2911 2247 3003 2292 eos
3028 2232 3118 2305 qni
3141 2247 3246 2290 nmt
3267 2241 3540 2304 potuerunt
3555 2240 3757 2283 sermone

2241 2326 2829 2395 converti,,doloribus,
2859 2326 3164 2388 tormentis,
3191 2327 3260 2378 ad
3309 2325 3360 2378 id
3401 2319 3626 2384 retrahit,
3649 2314 3757 2388 quod

2243 2417 2485 2482 fuerunt,
2516 2418 2807 2472 secundum
2837 2415 3171 2486 Scripturam
3198 2416 3458 2483 dicentem
3484 2432 3497 2468 :
3524 2432 3540 2463 ι
3562 2413 3652 2467 Per
3669 2424 3756 2465 om-

2239 2524 2364 2564 nem
2394 2500 2631 2564 dolorcm
2677 2517 2733 2562 ct
2779 2507 3045 2578 flagellum
3098 2507 3412 2563 emendabis
3446 2503 3752 2561 Jerusalem.»

2243 2600 2308 2656 Ut
2340 2600 2500 2670 igitur
2545 2609 2755 2654 crescat
2787 2599 2940 2654 dolor
2982 2613 3155 2669 plena:
3193 2596 3526 2668 corripientis
3573 2592 3755 2648 invicem

2238 2700 2575 2762 separantur.
2627 2691 3032 2758 Quodammodo
3087 2691 3230 2746 enim
3287 2690 3451 2745 levius
3499 2688 3555 2743 lit
3599 2681 3758 2754 suppli-

2239 2780 2404 2844 cium,
2435 2779 2479 2833 si
2509 2778 2692 2850 plures
2717 2779 2770 2833 in
2795 2779 2984 2835 eodem
3007 2779 3139 2849 loco
3159 2777 3459 2842 constituti,
3499 2772 3674 2831 mutuis
3712 2783 3756 2823 se

2238 2871 2582 2928 consolentur
2603 2871 2874 2942 alloquiis.
2920 2870 2978 2927 Si
3020 2879 3204 2926 autem
3263 2885 3476 2927 necesse
3521 2877 3594 2924 est
3633 2862 3756 2920 aliaat

2239 2978 2452 3034 quoque
2500 2964 2763 3020 rationem
2813 2963 3091 3020 divisionis
3131 2963 3398 3020 malorum
3452 2959 3756 3018 introducere.

2239 3057 2400 3112 etiam
2417 3055 2568 3110 ’hauc
2587 3054 2982 3110 exhibebimus.
3019 3053 3144 3109 Mali
3170 3069 3299 3109 cum
3327 3052 3482 3110 simul
3509 3049 3757 3113 fuerint,ea

2239 3163 2358 3219 qua:
2383 3146 2522 3202 mala
2545 3156 2670 3202 sunt
2688 3147 2950 3218 cogitant,
2972 3148 3109 3205 etin
3125 3149 3353 3216 pristina
3381 3146 3756 3218 nequitiaperse-

2239 3247 2510 3304 verentes,
2547 3247 2744 3310 augent
2782 3249 3004 3309 peccata
3044 3239 3310 3308 peccatis.
3355 3237 3612 3306 Quomodo
3629 3246 3758 3288 econ-

2240 3329 2408 3385 trario
2437 3329 2562 3386 boni
2587 3345 2710 3386 eum
2734 3327 2894 3385 simul
2913 3329 3134 3396 fuerint,
3158 3329 3223 3385 de
3257 3331 3491 3386 honestis
3519 3327 3658 3383 rebus
3671 3336 3757 3378 scr-

2239 3420 2596 3476 mocinantur.
2621 3419 2940 3475 Dissolvitur
2969 3433 3098 3491 ergo
3117 3428 3174 3474 ct
3191 3420 3261 3474 ad
3289 3421 3504 3476 nihilum
3531 3411 3757 3473 deducitur

2240 3524 2468 3580 nequam
2493 3507 2748 3579 cogitatio
2764 3548 2780 3572 ,
2799 3523 2922 3564 cum
2945 3489 3054 3564 non
3071 3509 3326 3566 habuerit
3343 3508 3680 3564 allocutionem
3703 3499 3757 3555 al-
3896 3489 3897 3560 i

2241 3601 2408 3656 terius
2425 3599 2716 3670 nequioris.
2734 3597 2940 3655 Idcirco
2959 3595 3754 3670 dispensationcDeiprovidt-tur.

2237 3693 2502 3764 pessimos
2519 3706 2548 3745 a
2573 3691 2822 3762 pessimis
2841 3692 3082 3762 separari
3101 3691 3152 3746 in
3177 3707 3335 3748 suum
3346 3705 3552 3764 quoque
3570 3697 3756 3744 commo-

2239 3784 2388 3850 dum,
2417 3791 2524 3837 uta
2546 3780 2787 3851 pristinis
2813 3781 3108 3837 sceleribus
3155 3781 3269 3852 ipsa
3315 3781 3591 3837 solitudine
3615 3782 3662 3830 et
3691 3785 3755 3844 pe

2239 3875 2393 3930 nuria
2413 3872 2673 3930 consortii
2715 3871 3005 3942 aliquando
3027 3873 3312 3928 desistant.
3333 3873 3445 3929 Non
3466 3885 3679 3942 parcam,
3697 3866 3756 3919 in.

2238 3969 2445 4038 quit,et
2466 3980 2570 4020 non
2592 3964 2883 4020 concedam
2905 3977 3080 4035 neque
3095 3965 3420 4022 miserebor.
3443 3964 3532 4018 llis
3549 3969 3598 4016 et
3615 3958 3757 4015 istius»

2239 4057 2383 4113 modi
2411 4055 2751 4111 sermonibus
2775 4055 3013 4110 hzeretici
3053 4067 3379 4127 assurgunt,
3408 4057 3661 4112 dicentes:
3693 4048 3759 4104 l'i-

2239 4148 2403 4204 desne
2425 4145 2603 4216 qualis
2629 4145 2700 4200 sit
2717 4155 2935 4200 creator
2955 4146 3362 4216 prophetarum,
3393 4156 3448 4202 et
3480 4145 3602 4214 legis
3628 4141 3756 4198 DNS.

2239 4237 2366 4308 quid
2391 4236 2668 4306 loquatur:
2687 4234 2803 4290 Non
2826 4251 3042 4306 parcam
3068 4247 3249 4292 etnon
3273 4237 3558 4292 miserebor
3574 4234 3634 4288 ab
3651 4231 3758 4286 intc-

2241 4330 2346 4384 ritu
2359 4343 2547 4383 eorum
2567 4346 2578 4382 :
2595 4330 2862 4398 quomodo
2876 4337 3053 4400 potest
3068 4331 3168 4386 iste
3180 4331 3356 4386 bonus
3374 4346 3488 4386 esse
3499 4330 3521 4383 ?
3532 4325 3759 4393 Accipiam

2239 4433 2369 4488 ergo
2395 4418 2697 4488 exemplum
2717 4419 2918 4490 judicis
2955 4419 3078 4474 boni
3126 4435 3228 4489 pro
3265 4421 3491 4476 utilitate
3535 4411 3760 4474 communi

2240 4509 2560 4580 quibusdam
2599 4525 2706 4564 non
2747 4509 3076 4574 misemntis,
3115 4519 3178 4565 ut
3209 4512 3510 4582 perspicere
3537 4507 3761 4578 possimus

2238 4601 2508 4671 quomodo
2534 4601 2718 4656 multis
2743 4615 2850 4656 non
2887 4616 3134 4670 parcens,
3158 4605 3250 4658 uni
3282 4618 3388 4658 non
3429 4609 3599 4674 parcat
3631 4598 3760 4652 Deus.

2238 4689 2512 4759 Accipiam
2539 4699 2593 4745 et
2614 4690 2832 4754 medici,
2855 4690 3148 4748 ostendens
3173 4707 3297 4748 eum
3321 4693 3412 4747 uni
3433 4691 3656 4746 membro
3677 4699 3759 4740 non

2239 4794 2485 4852 parcere,
2511 4791 2569 4834 ut
2593 4781 2853 4836 membris
2879 4783 3130 4839 omnibus
3167 4794 3374 4854 parcat.
3426 4781 3573 4838 Verbi
3623 4775 3760 4850 gratia

2238 4871 2440 4926 dictum
2463 4871 2536 4926 sit
2567 4888 2580 4924 :
2613 4870 2820 4926 Habeat
2843 4869 3010 4940 judex
3034 4874 3365 4943 propositum
3395 4874 3616 4944 quietem
3656 4864 3761 4930 citi:

2239 4962 2332 5016 tati
2371 4971 2426 5018 et
2453 4977 2642 5032 pacem
2667 4963 2835 5034 genti,
2886 4963 2972 5017 cui
3003 4963 3275 5032 praesidet,
3327 4963 3595 5035 providere
3623 4979 3634 5013 .
3659 4955 3757 5014 huic

2235 5053 2565 5108 si-oll‘eratur
2599 5053 2864 5108 homicida
2888 5054 3111 5109 honesta
3134 5053 3327 5120 forma,
3349 5063 3502 5109 suate
3545 5051 3662 5106 satis
3696 5045 3755 5100 ino

2237 5151 2407 5212 tegra,
2434 5150 2489 5196 et
2513 5156 2578 5196 ex
2603 5143 2712 5198 alio
2733 5143 2900 5198 latere
2925 5154 3100 5198 mater
3131 5147 3334 5214 sparsis
3357 5143 3584 5200 crinibus
3606 5140 3758 5207 depre-

2235 5241 2410 5297 cetur,
2437 5241 2498 5287 ut
2520 5235 2784 5288 senectuti
2822 5250 2934 5291 sua;
2955 5235 3292 5302 misereatur,
3325 5247 3381 5294 et
3399 5253 3462 5293 ex
3491 5236 3584 5291 alia
3625 5241 3755 5288 uxor.

2235 5339 2303 5378 ne
2329 5325 2505 5378 virum
2545 5341 2702 5380 suum
2735 5327 3044 5396 interficiat,
3076 5329 3406 5400 lacrymabili
3449 5341 3570 5382 voce
3600 5318 3754 5391 de?!”

2237 5424 2338 5476 ret,
2369 5417 2722 5472 circumstant
2763 5427 2819 5473 et
2861 5421 3070 5489 parvuli
3100 5421 3250 5476 liberi
3295 5423 3403 5476 cito
3442 5419 3549 5475 orbi
3595 5407 3752 5469 futuri.

2235 5507 2371 5574 Quid
2398 5506 2557 5562 faciet
2583 5507 2768 5576 judex,
2793 5512 3135 5567 miserebitur
3155 5513 3370 5576 latroni,
3391 5528 3454 5566 an
3487 5505 3612 5562 non?
3631 5499 3752 5568 Quod

2236 5601 2289 5653 in
2313 5601 2584 5656 communi
2610 5601 2824 5672 expedit
2851 5604 3052 5660 civitati
3087 5614 3408 5674 exsequetur
3437 5622 3450 5656 :
3480 5605 3521 5656 si
3545 5599 3751 5653 miserim?
