4022 6186
320 283 437 338 Ἥθθ

1238 276 1606 335 ΕΧΡΟΞΠΊΟ
1638 277 1865 335 SUPER
1904 278 2268 335 JEREMIAM.
2311 312 2382 321 —
2421 283 2546 338 LIB.
2592 284 2678 339 Vl.

3474 293 3581 349 9l0

335 407 517 470 fuerit,
564 410 867 459 revertetur
915 401 1181 456 homicida
1225 401 1292 455 ad
1338 401 1626 471 pristinum
1687 399 1905 455 scelus:
1937 400 1981 458 Α
2011 399 2081 454 sit
2099 399 2267 456 calice
2293 400 2607 473 Babylonio,
2631 412 2686 457 et
2713 406 3036 471 captivitatis
3055 406 3362 465 obruendus
3403 410 3578 468 malis.

333 498 417 551 sin
449 510 579 549 vero
608 494 661 548 in
694 492 978 563 judiciaria
1016 491 1301 546 severitate
1337 491 1717 560 permanserit,
1770 505 1910 543 unus

232 652 239 660 _
335 589 497 642 homo
525 586 789 648 interibit,
811 592 867 639 et
892 584 1144 638 universo
1165 583 1360 652 populo
1382 582 1771 651 providebitur.
1817 579 1908 635 Sic

334 683 478 736 hens
503 680 545 734 si
574 677 872 748 pepercerit
897 674 1188 746 peccaturi,
1217 682 1273 728 et
1314 673 1579 728 misercns
1621 670 1757 740 ejus,
1809 685 1906 725 no-

332 772 493 826 luerit
519 785 643 824 eum
673 770 862 838 punire
887 782 985 836 pro
1012 764 1232 830 scelere,
1281 763 1402 833 quis
1439 778 1543 817 non
1571 762 1801 830 accipiat
1840 761 1907 815 li-

331 861 564 915 centiam
593 856 892 913 malorum?
917 854 1019 922 Qui
1045 868 1187 908 nunc
1226 852 1413 908 saltem
1443 859 1661 921 propter
1704 850 1905 920 suppli-

330 952 412 1005 cia
447 958 738 1011 terrentur,
764 961 941 1001 nonne
963 945 1176 999 invadet
1200 952 1432 1012 tempus,
1456 949 1514 995 ut
1534 940 1745 1010 expleat
1762 956 1908 1010 qure-

329 1053 542 1107 cunque
567 1038 754 1100 voluit,
773 1049 1011 1106 prmccps
1043 1032 1247 1088 teratur
1272 1031 1332 1086 in
1362 1030 1524 1085 vitia?
1548 1028 1674 1085 llacc
1722 1039 1905 1084 autem

326 1141 385 1186 et
424 1132 477 1187 in
522 1130 768 1185 ecclesiis
803 1142 946 1197 saape
988 1126 1289 1182 accidentia
1335 1139 1621 1195 possumus
1659 1125 1908 1180 conside-

328 1236 473 1276 rare.
497 1219 748 1275 Peccavit
770 1217 1057 1286 quisliiam,
1087 1225 1142 1270 et
1176 1224 1300 1285 post
1348 1223 1624 1284 peccatum
1673 1213 1908 1284 postulat

327 1310 763 1367 communionem
792 1326 805 1361 :
831 1307 878 1362 si
904 1306 954 1361 ei
983 1305 1297 1360 conceditur
1324 1304 1466 1373 quod
1501 1311 1674 1373 rogat,
1716 1304 1769 1357 in
1824 1304 1907 1357 in-

329 1400 671 1454 commodum
701 1397 939 1452 omnium
965 1395 1117 1450 venia
1146 1395 1412 1465 procedit,
1441 1404 1496 1449 et
1523 1392 1718 1447 laxatis
1738 1393 1905 1448 frenis

329 1491 626 1547 sceleribus
647 1489 902 1560 panditur
931 1488 1016 1542 via
1047 1505 1061 1541 :
1090 1487 1172 1541 sin
1192 1500 1321 1541 vero
1341 1500 1464 1540 cum
1497 1484 1796 1540 rationabili
1814 1485 1905 1540 de-

328 1580 648 1636 liberatione
697 1593 801 1632 non
853 1584 912 1631 ut
966 1575 1373 1640 immisericors,
1425 1590 1525 1630 nec
1580 1588 1793 1629 rursum
1846 1583 1905 1628 ut

329 1671 562 1726 crudelis
579 1670 764 1740 judex,
799 1669 891 1723 sed
915 1668 1068 1737 quasi
1093 1676 1152 1721 ut
1177 1667 1267 1720 uni
1288 1667 1576 1737 providens
1596 1674 1651 1721 et
1675 1665 1742 1720 de
1782 1680 1900 1719 om-

2082 510 2102 543 ι
2156 491 2354 546 Audite
2408 500 2465 548 et
2522 493 2741 548 auribus
2786 495 3065 564 percipite,
3126 497 3289 553 nolite
3347 499 3578 567 elevari,

2007 581 2133 652 quia
2159 580 2416 636 Dominus
2449 580 2658 637 locutus
2685 594 2786 637 est.
2842 602 2863 635 υ
2894 580 3066 654 (Orig.
3092 582 3110 656 )
3138 584 3276 650 Quid
3301 596 3383 641 est
3411 589 3575 659 igitur

2007 674 2194 728 audire
2240 683 2294 729 et
2344 674 2564 729 auribus
2611 675 2891 745 percipere
2944 692 3013 731 ex
3056 677 3185 747 ipsis
3242 681 3583 737 sermonibus

2007 764 2432 818 consideremus.
2469 765 2705 820 Auribus
2747 766 3022 836 percipere
3059 776 3161 832 est,
3204 778 3265 822 ut
3296 769 3426 823 mihi
3452 772 3580 839 qui-

2006 856 2128 911 dem
2164 856 2397 922 videtur,
2450 857 2673 912 auribus
2713 873 2776 912 ea
2814 872 2934 928 qua:
2971 859 3154 915 dicunt
3201 862 3406 926 audire,
3440 865 3580 931 quozl

2004 955 2185 1002 autem
2204 948 2484 1016 prmeedit,
2511 947 2714 1012 audite,
2737 948 2781 1002 si
2810 948 2876 1002 ad
2898 950 3292 1015 distinctionem
3316 950 3430 1019 ejus
3451 969 3584 1020 prm-

2006 1036 2146 1106 cepti
2183 1036 2397 1101 dicitur,
2426 1037 2569 1106 quod
2604 1037 3004 1113 posteainl‘ert,
3041 1042 3259 1096 auribus
3286 1043 3581 1113 .pereipite,

2008 1127 2110 1183 hoc
2156 1128 2407 1198 imperat,
2453 1136 2512 1183 ut
2538 1130 2592 1184 in
2623 1140 2856 1185 mentem
2901 1139 2956 1187 et
2985 1147 3200 1187 sensum
3230 1149 3294 1189 ea
3332 1151 3452 1206 quin
3488 1137 3581 1191 di-

2004 1224 2202 1271 cuntur
2234 1217 2527 1287 excipiant.
2576 1218 2762 1289 Neque
2807 1234 2937 1275 vero
2973 1221 3028 1275 iu
3067 1222 3170 1277 hoc
3209 1222 3380 1277 solum
3418 1224 3541 1279 loco
3563 1265 3577 1287 ,

2004 1307 2099 1361 sed
2119 1306 2174 1361 in
2201 1308 2343 1362 omni
2371 1307 2648 1378 Scriptura
2669 1316 2795 1362 sunt
2826 1309 3069 1378 quaedam
3096 1309 3291 1375 facilia,
3321 1319 3374 1366 et
3393 1326 3584 1381 prom-

2005 1408 2095 1470 pta
2145 1400 2214 1455 ad
2262 1401 2681 1471 intelligendum,
2731 1404 3020 1473 statimque
3090 1412 3153 1459 ιιι
3196 1405 3339 1461 lecta
3382 1404 3587 1462 fuerint

2004 1489 2290 1545 utilitatem
2333 1490 2632 1562 legentibus
2667 1492 2925 1547 tribuunt.
2957 1491 3097 1548 Sunt
3136 1493 3240 1549 alia
3274 1495 3511 1551 sacriora
3531 1504 3588 1550 et

1996 1579 2313 1647 inell‘abilia,
2353 1590 2425 1646 et,
2454 1592 2514 1636 ut
2541 1582 2612 1637 ita
2653 1582 2847 1647 dicam,
2885 1584 3203 1652 quibusdam
3249 1586 3588 1642 obscuritati.

2004 1671 2107 1726 bus
2149 1670 2407 1727 involuta.
2445 1672 2522 1727 De
2564 1673 2649 1728 his
2680 1672 2845 1743 igitur
2879 1688 3000 1743 qua:
3043 1673 3210 1729 latent
3258 1682 3314 1730 et
3362 1676 3584 1747 exposi-

328 1769 479 1821 uium
506 1766 678 1821 salute
723 1773 1080 1835 pertractans,
1118 1763 1478 1818 consideravit
1519 1759 1695 1832 populi
1746 1759 1901 1813 dam-
1933 1742 1978 1801 Β
2006 1762 2152 1816 tione
2175 1762 2432 1832 indigent,
2462 1742 2859 1819 arhitrorinunc
2883 1742 3083 1819 dictum
3111 1778 3252 1831 esse,
3283 1742 3492 1823 audite:
3519 1769 3585 1825 de

329 1871 457 1909 num
487 1856 537 1910 in
569 1855 727 1909 unius
757 1854 932 1918 venia,
983 1853 1125 1908 haud
1167 1852 1385 1908 dubium
1427 1862 1515 1907 est
1559 1851 1688 1920 quin
1744 1849 1906 1919 faciat

326 1947 451 2016 ejici
488 1962 651 2001 unum
690 1947 755 2001 de
802 1945 1051 2010 ecclesia,
1085 1956 1144 1998 ut
1171 1942 1369 1998 multos
1409 1949 1648 1997 reservet
1695 1939 1902 1995 incolu-

327 2052 463 2091 mes.
500 2036 612 2106 Age
641 2049 804 2097 nunc,
836 2032 1116 2088 considera
1145 2032 1274 2086 mihi
1304 2039 1358 2085 et
1382 2031 1643 2085 medicum
1671 2047 1683 2083 :
1721 2029 1765 2083 si
1792 2043 1906 2083 ces-

325 2126 527 2181 saverit
548 2142 579 2179 a
610 2125 846 2180 sectione
872 2124 988 2193 ejus
1019 2122 1273 2183 vulneris,
1298 2122 1438 2190 quod
1462 2121 1752 2175 secandum
1798 2128 1899 2181 est,

324 2217 370 2272 si
399 2232 507 2271 non
536 2215 732 2269 usserit
756 2215 806 2268 id
831 2214 973 2283 quod
997 2213 1199 2283 indiget
1227 2210 1487 2274 cauterio,
1512 2210 1759 2265 videlicet
1784 2224 1904 2279 pro-

324 2319 447 2383 pter
472 2307 705 2371 dolores,
730 2305 853 2374 quia
878 2320 943 2358 εχ
970 2305 1163 2358 talibus
1192 2302 1443 2358 remediis
1479 2318 1622 2357 cons:
1643 2308 1900 2372 quuutur,

324 2399 597 2470 quomodo
622 2406 834 2452 crescat
870 2394 1153 2450 inﬁrmitas
1182 2402 1238 2449 ct
1282 2393 1337 2447 in
1373 2393 1607 2448 deterius
1653 2401 1903 2446 veternus

324 2490 586 2546 exuberet
615 2502 629 2541 :
661 2489 705 2542 si
737 2502 887 2550 vero,
916 2494 975 2539 ut
1002 2485 1074 2539 ita
1102 2484 1298 2548 dicam,
1334 2482 1651 2538 temerarius
1684 2483 1752 2536 ad
1780 2481 1899 2536 vul-

324 2595 435 2636 nus
483 2587 662 2635 sector
708 2574 1019 2640 acccsserit,
1060 2584 1113 2628 et
1154 2572 1412 2628 inusserit
1455 2571 1687 2642 plagam,
1746 2580 1902 2626 curat

321 2684 451 2725 eum
475 2667 565 2739 qui
594 2674 809 2722 secatur
829 2672 883 2719 et
909 2665 1085 2717 uritur
1121 2679 1136 2715 :
1165 2662 1289 2731 quia
1317 2660 1587 2731 paululum
1644 2660 1901 2716 severita-

320 2762 394 2816 tis
417 2757 727 2829 assumpsit,
774 2755 899 2811 licet
942 2754 1088 2810 visus
1123 2752 1285 2808 fuerit
1330 2752 1639 2824 aegrotantis
1682 2753 1748 2807 ad
1802 2752 1900 2807 lto-

321 2870 443 2910 ram
470 2869 575 2908 non
608 2850 869 2908 misereri.
909 2850 985 2905 lta
1011 2859 1067 2904 et
1092 2850 1233 2905 Deus
1280 2865 1384 2903 non
1413 2863 1577 2903 unum
1607 2847 1899 2912 hominem,

321 2946 420 3000 sed
473 2944 783 2999 universun
833 2952 988 2998 curat
1029 2942 1254 3004 orbem,
1299 2941 1538 2996 cwiestia
1585 2950 1748 3010 atque
1792 2948 1900 2996 ter-

320 3048 452 3088 rena
481 3042 537 3087 et
559 3033 738 3087 omnia
762 3032 959 3101 ubique
985 3031 1276 3102 dispensat.
1310 3031 1371 3085 Et
1411 3047 1534 3086 cum
1569 3031 1671 3087 hoc
1719 3033 1899 3102 provi-

318 3126 446 3179 deat
471 3123 611 3193 quo.l
640 3123 730 3176 uni
759 3121 1099 3177 commodum
1126 3120 1408 3175 sit:mul'.o
1440 3122 1609 3193 magis
1634 3122 1894 3191 providet,

317 3213 452 3282 quid
505 3212 602 3266 toti
668 3216 868 3267 mundo
918 3213 1078 3267 ducat
1138 3222 1192 3267 et
1240 3211 1544 3279 hominibus
1611 3212 1892 3268 universis.

316 3302 573 3357 i‘rovitiet
606 3301 821 3372 quidem
848 3309 903 3356 et
929 3316 991 3356 ea
1018 3316 1135 3370 qua:
1160 3302 1251 3355 uni
1281 3301 1586 3372 expediunt,
1612 3316 1795 3355 verum
1825 3302 1896 3356 ita

317 3409 385 3447 ne
418 3392 562 3447 illius
591 3391 793 3446 utilitas
811 3390 1050 3445 omnium
1077 3391 1275 3445 damno
1308 3391 1395 3445 sit.
1446 3391 1651 3446 idcirco
1676 3400 1729 3446 et
1758 3391 1897 3462 ignis

317 3491 557 3537 aeternus
584 3491 915 3552 purpuratus
935 3489 1041 3546 est,
1070 3489 1124 3536 et
1148 3481 1407 3552 gehennae
1431 3489 1486 3536 et
1510 3484 1745 3537 tenebrae
1792 3497 1892 3538 ex-

318 3572 568 3630 teriores.
592 3572 720 3639 Qua:
737 3572 915 3627 omnia
945 3586 1050 3626 non
1079 3581 1186 3625 tam
1209 3573 1278 3627 ob
1305 3587 1449 3639 eum,
1474 3572 1564 3640 qui
1592 3573 1893 3643 puniendus

316 3672 427 3727 est,
453 3677 615 3731 quam
633 3672 851 3733 prepter
872 3661 1153 3715 universos
1174 3661 1419 3716 homines
1433 3663 1725 3717 constituta
1745 3670 1889 3717 sunt.

319 3753 375 3807 Si
402 3761 588 3807 autem
615 3754 699 3807 vis
728 3751 885 3820 hujus
909 3752 985 3807 rei
1018 3760 1207 3807 testem
1243 3752 1488 3821 accipere
1536 3753 1890 3823 Scripturam,

316 3843 462 3912 quod
488 3844 540 3896 in
570 3843 798 3898 aliorum
816 3843 1192 3907 eruditionem,
1232 3843 1356 3898 licet
1393 3843 1507 3913 jam
1532 3844 1894 3913 desperabiles

318 3938 427 3987 sint
453 3942 786 4003 peccatores,
837 3934 1249 3989 etacuratione
1302 3934 1515 4005 penitus
1549 3933 1730 3999 alieni,
1789 3944 1895 3989 tor-

316 4032 606 4094 queantur,
635 4024 756 4078 audi
789 4024 1132 4083 Salumonent
1173 4026 1226 4079 in
1253 4024 1560 4080 Proverbiis
1588 4024 1891 4081 dicentem:

319 4138 337 4167 ι
366 4116 658 4172 Pestilente
691 4115 952 4187 ﬂagellato
985 4116 1294 4187 imprudens
1314 4115 1558 4171 callidior
1574 4117 1679 4170 erit
1710 4116 1890 4187 (Prov.

314 4212 431 4273 xix)
466 4223 479 4257 :
523 4224 542 4257 ›
574 4221 678 4260 non
702 4220 824 4260 eum
852 4205 943 4273 qui
969 4203 1265 4274 ﬂagellatur
1289 4205 1424 4260 dixit
1462 4205 1787 4260 callidiorem
1812 4207 1896 4261 fu-

316 4305 501 4348 turum
540 4303 595 4348 et
624 4293 1005 4363 sapientiorem
1033 4302 1254 4363 propter
1279 4294 1685 4365 castigationem
1719 4309 1889 4358 suam,

2008 1850 2088 1905 his
2115 1862 2294 1906 autem
2322 1867 2442 1921 quae
2481 1853 2599 1907 sine
2627 1852 2878 1924 scrupulo
2917 1854 3324 1924 interpretantis
3348 1859 3581 1914 auditori

1998 1943 2283 1998 commoda
2343 1952 2489 2008 sunt,
2534 1944 2757 2000 auribus
2801 1945 3081 2016 percipite.
3119 1946 3409 2020 (Πὶει-οη.)
3446 1949 3583 2017 Quia

2002 2046 2165 2103 supra
2187 2033 2414 2098 dixerat,
2444 2051 2464 2083 ι
2492 2034 2669 2089 omnis
2694 2042 2814 2090 uter
2840 2033 3149 2105 implebitur
3175 2035 3299 2091 vino
3324 2056 3346 2087 ο
3378 2055 3392 2092 :
3425 2038 3497 2093 ita
3525 2049 3584 2094 ut

1997 2138 2158 2193 reges
2200 2138 2411 2192 quoque
2458 2131 2513 2177 et
2562 2124 2868 2181 sacerdotes
2909 2133 2965 2179 et
2999 2126 3273 2197 propheta:
3305 2135 3360 2185 et
3394 2142 3583 2184 oumes

2002 2214 2334 2272 habitatores
2379 2213 2676 2270 Jerusalem
2726 2214 3080 2284 implerentur
3124 2214 3414 2282 ebrietate,
3456 2232 3584 2287 pro-

2001 2316 2186 2377 pterea
2205 2306 2382 2376 jungit
2402 2316 2456 2362 et
2480 2306 2639 2362 dicit:
2668 2324 2688 2358 ι
2714 2306 2911 2362 Audite
2934 2315 2991 2364 et
3015 2308 3237 2363 auribus
3258 2308 3535 2379 pereipite,
3558 2327 3576 2361 ι

2001 2404 2111 2450 tam
2142 2396 2478 2452 extrinsecus
2502 2411 2661 2466 quam
2692 2397 3044 2465 intrinsecus,
3077 2407 3184 2453 tam
3209 2409 3388 2454 mente
3417 2413 3583 2469 quam

2001 2501 2228 2557 corpore
2247 2528 2262 2552 ,
2290 2496 2346 2543 et
2378 2488 2543 2544 nolite
2569 2488 2767 2546 elevari
2800 2504 2898 2561 per
2914 2491 3253 2562 superbiam,
3281 2491 3583 2564 cogitantes

1998 2574 2345 2648 {ragilitatem
2367 2588 2621 2645 vestram,
2658 2589 2713 2635 et
2739 2579 2882 2650 quod
2903 2579 3079 2637 nullus
3102 2581 3173 2637 sit
3195 2582 3285 2653 qui
3311 2598 3413 2653 pro
3437 2598 3579 2654 qua-

2000 2665 2152 2720 litate
2180 2667 2387 2735 peccati
2427 2668 2529 2723 hac
2572 2668 2834 2726 ebrietate
2869 2679 3070 2725 careat.
3120 2669 3274 2727 Unde
3312 2670 3579 2742 disperdi-

2003 2766 2090 2812 tur
2116 2766 2279 2828 atquc
2321 2759 2707 2829 corrumpitur,
2732 2769 2787 2814 ct
2809 2758 2902 2814 Dei
2934 2760 3304 2816 misericordia
3325 2760 3580 2832 indignus

1998 2854 2110 2911 est,
2133 2846 2353 2902 elevans
2382 2861 2455 2911 se.
2478 2848 2763 2902 adversum
2798 2863 2921 2904 eum
2952 2864 3051 2919 per
3090 2850 3415 2920 superbiam.
3442 2848 3580 2906 Nam

2001 2952 2125 2992 cum
2155 2936 2336 2993 multis
2363 2937 2508 2992 vitiis
2532 2951 2702 3007 genus
2729 2945 2952 2993 vexetur
2980 2939 3294 3004 humanum,
3323 2938 3427 2993 hoc
3456 2955 3583 3009 pec-

2003 3036 2123 3082 cato
2150 3026 2235 3082 vel
2262 3027 2496 3081 maxime
2533 3026 2817 3098 premitur,
2861 3039 2961 3082 uce
3002 3042 3142 3082 unus
3185 3034 3269 3082 est
3315 3028 3579 3098 superbia:

2001 3116 2216 3182 modus,
2263 3115 2400 3170 alius
2435 3115 2791 3172 irrationabili
2815 3123 2871 3171 et
2896 3116 3127 3172 stultoru
3148 3133 3182 3172 ιι
3217 3132 3387 3182 more,
3417 3118 3472 3173 in
3496 3117 3581 3173 his

2000 3206 2243 3272 effertur,
2269 3219 2389 3276 qua:
2427 3206 2596 3277 magis
2636 3205 2842 3276 pudore
2888 3205 3047 3277 digna
3099 3214 3246 3272 sunt,
3296 3216 3392 3262 aut
3428 3216 3580 3262 certe

2000 3299 2215 3353 modum
2242 3297 2491 3353 elationis
2515 3298 2810 3365 excedunt;
2840 3296 2979 3352 alius
3002 3298 3158 3369 quasi
3182 3296 3461 3354 verisimili
3490 3314 3577 3352 ra-

2002 3390 2147 3444 tione
2178 3388 2432 3444 seductus
2474 3403 2637 3458 super
2678 3388 2763 3444 his
2803 3388 3064 3453 elevatur,
3114 3403 3234 3459 quas
3281 3388 3384 3444 sibi
3415 3387 3580 3458 digna

1998 3479 2166 3551 gloria
2207 3487 2380 3549 putat,
2410 3493 2532 3534 cum
2572 3478 2706 3533 etin
2739 3477 2934 3534 talibus
2963 3478 3326 3550 periculosum
3367 3479 3438 3535 sit
3466 3479 3581 3550 gloc

1998 3569 2152 3623 riari.
2209 3567 2521 3639 Exemplum
2562 3583 2854 3634 assumant,
2925 3584 3033 3639 quo
3076 3569 3170 3624 llat
3213 3568 3577 3629 manifestius.

2000 3660 2138 3717 Sunt
2179 3662 2400 3732 quidam
2444 3662 2497 3716 in
2532 3675 2606 3716 eo
2651 3676 2710 3717 se
2744 3660 3036 3731 jactantes,
3083 3661 3208 3732 quia
3240 3661 3334 3717 lilii
3379 3661 3575 3719 ducum

1998 3760 2141 3818 sunt,
2175 3759 2233 3806 et
2260 3751 2423 3807 nobili
2463 3751 2669 3806 familia
2697 3750 2808 3804 nati
2847 3767 2860 3803 :
2899 3750 3202 3805 istiusmodi
3240 3751 3484 3807 homines
3509 3766 3577 3807 ne

1997 3843 2244 3896 umbram
2284 3843 2499 3912 quidem
2536 3851 2594 3896 et
2619 3840 2906 3910 imaginem
2940 3839 3192 3896 elationis
3216 3855 3328 3896 sua:
3352 3849 3579 3911 possunt

1996 3934 2302 3990 ostendere.
2340 3934 2478 3988 Sunt
2504 3932 2591 3987 alii
2618 3932 2709 4002 qui
2740 3931 2809 3987 de
2832 3946 2898 3987 eo
2923 3931 3291 3996 sublevantur,
3332 3930 3456 4001 quia
3483 3945 3578 4003 po-

1999 4033 2247 4079 testatem
2280 4024 2478 4079 habent
2508 4022 2785 4078 occidendi
2823 4021 3117 4086 hominem,
3144 4030 3221 4088 et,
3252 4029 3313 4077 ut
3345 4021 3445 4093 ipsi
3473 4037 3569 4092 pu-

1999 4124 2138 4181 tant,
2174 4132 2236 4172 ea
2265 4115 2381 4170 fulti
2425 4123 2552 4171 sunt
2592 4114 2871 4185 dignitate,
2920 4123 3240 4184 ut-quorum
3284 4112 3449 4177 velint
3479 4128 3574 4167 ea-

1993 4207 2106 4276 pia
2150 4214 2376 4261 secent:
2410 4207 2600 4260 horum
2640 4204 2807 4276 gloria
2858 4206 2913 4259 in
2960 4201 3274 4259 confusione
3321 4218 3417 4259 sua
3466 4211 3568 4257 εει.

1996 4295 2100 4351 Alii
2130 4310 2292 4365 super
2328 4293 2540 4349 divitias
2585 4293 2686 4349 sibi
2726 4293 3080 4364 applaudant,
3130 4308 3238 4347 non
3267 4291 3352 4347 his
3400 4291 3575 4357 veris,

311 4387 408 4440 sed
456 4384 792 4453 insipientem
818 4399 849 4437 a
875 4383 1098 4438 stultitia
1142 4383 1210 4437 ad
1250 4383 1588 4454 prudentiam
1628 4384 1888 4450 converti,
1915 4422 1969 4483 Β
1998 4387 2089 4443 sed
2118 4385 2203 4440 bis
2252 4384 2453 4439 divitiis
2495 4399 2615 4454 qua:
2656 4384 2905 4439 deorsum
2931 4392 3075 4438 sunt.
3112 4381 3574 4453 Aliisuperbiunt

308 4483 540 4545 propter
585 4472 842 4543 supplicia
896 4472 1239 4543 pestilentis:
1283 4473 1388 4528 hoc
1424 4472 1620 4543 quippe
1666 4490 1731 4528 ex
1774 4476 1890 4545 ipso

308 4565 536 4619 nomine
555 4562 860 4619 calliditatis
895 4562 1250 4633 signiﬁcatur,
1303 4570 1357 4618 et
1390 4563 1630 4618 converti
1660 4578 1784 4618 eum
1821 4564 1888 4619 ad

307 4655 661 4711 calliditatem
683 4671 696 4707 :
720 4653 845 4707 dum
868 4652 1002 4707 alios
1026 4653 1217 4717 cernit,
1245 4660 1537 4722 propterea
1557 4654 1752 4722 quibus
1776 4656 1890 4724 ipse

305 4745 582 4801 obnoxius
608 4751 711 4808 est,
743 4751 963 4814 peccata
991 4742 1242 4796 cruciari.
1274 4742 1444 4813 Igitur
1460 4744 1685 4814 prodest
1709 4746 1884 4811 nobis,

308 4836 353 4890 si
382 4845 493 4891 tam
525 4834 666 4905 digni
692 4848 878 4889 sumus
912 4833 1102 4898 salute,
1134 4841 1194 4887 ut
1220 4833 1312 4887 alii
1358 4833 1410 4887 in
1461 4834 1744 4890 utilitatem
1791 4851 1889 4889 no-

306 4936 484 4981 stram
516 4931 885 4995 torqueantur.
908 4923 973 4978 Et
989 4924 1258 4994 quomodo
1289 4923 1419 4978 utile
1452 4924 1553 4978 fuit
1604 4934 1886 4995 peccatum

304 5016 477 5072 Israel
511 5016 564 5069 in
593 5015 816 5069 salutem
842 5016 1103 5085 gentium,
1132 5014 1213 5069 sic
1247 5015 1390 5070 utilis
1416 5023 1502 5070 est
1534 5018 1887 5084 quorumdam

306 5121 474 5177 pmna
499 5106 724 5160 aliorum
754 5104 952 5159 saluti:
982 5105 1102 5159 ideo
1139 5105 1312 5159 bonus
1361 5114 1416 5159 et
1456 5104 1693 5160 clemens
1723 5105 1883 5160 Deus.

306 5197 431 5251 Non
456 5212 698 5265 parcam,
723 5194 917 5264 inquit,
940 5202 991 5248 et
1017 5210 1120 5249 non
1144 5194 1440 5248 miserebor
1464 5194 1532 5248 ab
1554 5193 1774 5249 interitu
1795 5210 1889 5250 eo-

308 5300 437 5338 rum
470 5303 482 5338 :
516 5299 619 5337 non
644 5283 965 5339 crudelitate
984 5282 1287 5347 sententiae,
1312 5283 1402 5337 sed
1426 5285 1651 5339 veritate
1670 5284 1882 5354 judicii.

305 5375 585 5449 (Ηὶεινοη.)
638 5375 738 5443 Qui
770 5375 912 5430 enim
937 5390 1028 5428 eos
1055 5372 1279 5444 populos
1302 5374 1657 5443 trucidarunt,
1686 5377 1786 5447 ipsi
1828 5378 1882 5435 in

303 5478 573 5524 aeternum
600 5468 870 5538 peribunt.
913 5466 1095 5522 Potest
1145 5474 1199 5521 et
1248 5466 1348 5520 hoc
1389 5465 1544 5537 juxta
1600 5468 1879 5523 historiam

306 5562 634 5631 simpliciter
658 5561 853 5629 accipi,
888 5559 1026 5630 quod
1051 5568 1104 5614 et
1141 5573 1314 5630 reges,
1360 5567 1416 5611 et
1465 5559 1789 5625 sacerdotes,
1825 5571 1881 5615 et

306 5655 609 5726 pmphetrc,
653 5655 903 5710 etonmis
942 5652 1165 5723 populus
1194 5651 1489 5707 Jerusalem
1538 5653 1880 5712 inebriandus

1992 4493 2153 4547 super
2200 4477 2390 4531 domos
2441 4474 2768 4544 splendidas,
2820 4488 2980 4542 super
3023 4474 3392 4545 possessiones
3436 4473 3575 4529 mul-

1994 4578 2076 4622 tas
2106 4585 2119 4622 :
2149 4566 2204 4621 in
2250 4566 2447 4636 quibus
2480 4564 2771 4629 universis,
2824 4579 2931 4619 non
2974 4573 3057 4620 est
3079 4564 3293 4636 penitus
3331 4564 3567 4635 glorian-

1990 4658 2138 4713 dum.
2192 4657 2344 4724 Quod
2386 4663 2573 4711 autem
2616 4655 2926 4722 verisimile,
2968 4665 3023 4711 et
3070 4657 3288 4727 dignum
3336 4656 3567 4722 videtur,

1991 4759 2051 4802 ut
2077 4748 2295 4819 quidam
2340 4755 2546 4817 putant,
2586 4746 2778 4817 gloria,
2824 4746 2953 4802 illud
2976 4754 3081 4813 est,
3118 4761 3243 4801 cum
3286 4744 3479 4815 aliquis
3500 4759 3569 4799 ex

1993 4839 2252 4911 sapientia
2281 4854 2378 4894 sua
2423 4837 2684 4902 elevatur,
2738 4847 2832 4892 aut
2867 4839 3116 4893 conscius
3164 4837 3267 4893 sibi
3312 4846 3412 4900 est,
3444 4837 3570 4906 quia

1996 4932 2180 4986 decem
2201 4929 2314 4998 jam
2342 4930 2500 4985 annis
2530 4930 2786 4985 mulieres
2809 4945 2915 4984 non
2943 4929 3200 5000 tetigerit,
3245 4927 3359 4982 sive
3393 4928 3462 4981 ab
3488 4926 3572 4980 in-

1995 5020 2162 5076 fantia
2215 5021 2421 5092 integer
2462 5028 2749 5090 castusque
2802 5018 3177 5091 permanserit.
3233 5017 3573 5086 Rursumque

1994 5109 2132 5164 alius
2166 5110 2409 5180 erigitur,
2453 5111 2578 5179 quia
2618 5109 2829 5165 vincula
2861 5124 2961 5179 pro
3003 5106 3218 5162 Christo
3246 5106 3564 5175 portaverit.

1994 5198 2161 5253 Recta
2208 5199 2422 5268 quidem
2457 5199 2706 5253 videntur
2738 5199 2854 5253 haec
2893 5194 3091 5256 omnia,
3140 5201 3195 5249 et
3234 5192 3570 5262 subjicientia

1991 5288 2278 5358 quamdam
2324 5289 2725 5358 persuasionem
2756 5287 2822 5340 ad
2868 5283 3222 5356 gloriandum.
3273 5280 3380 5338 Sed
3424 5296 3491 5336 ne
3517 5281 3573 5337 in

1989 5378 2073 5432 his
2114 5379 2349 5448 quidem,
2389 5378 2433 5431 si
2477 5387 2654 5433 tamen
2699 5379 2973 5447 sequimur
2999 5376 3308 5441 veritatem,
3341 5374 3574 5428 rationa-

1986 5472 2165 5527 bilitcr
2205 5472 2326 5541 quis
2375 5469 2597 5526 ell‘ertur
2624 5487 2637 5522 :
2668 5469 2793 5539 quia
2843 5477 2898 5524 et
2944 5469 2998 5524 in
3056 5467 3218 5524 rebus
3266 5465 3423 5521 bonis
3463 5463 3573 5535 glo-

1990 5563 2116 5616 riari
2162 5577 2265 5616 non
2290 5570 2373 5616 est
2412 5559 2526 5616 sine
2556 5559 2884 5615 discrimine.
2938 5558 3138 5614 Paulus
3180 5555 3368 5610 habuit
3399 5563 3571 5608 mate-

1986 5656 2120 5711 riam
2152 5652 2505 5724 gloriationis,
2541 5653 2746 5708 habens
2792 5651 2847 5706 in
2889 5667 2947 5707 se
2989 5649 3241 5714 visiones,
3286 5644 3577 5703 revelatio-x

3598 3426 3613 3463 \
