4022 6186
383 344 502 400 915

1328 337 1694 395 EXPOSITIO
1735 336 1961 394 SUPER
1997 335 2362 392 JE'REMIAM.
2404 367 2472 376 —
2510 336 2638 392 LIB.
2681 336 2768 393 VI.

3570 342 3676 399 9M

383 457 771 527 intuitiplieatse
825 452 1029 510 fuerint
1085 453 1399 523 iniquitates
1429 495 1444 521 ,
1496 462 1623 508 tunc
1669 451 1985 523 refrigescet
2015 460 2061 516 Α
2090 452 2195 505 iter
2239 451 2307 505 ad
2352 461 2404 505 te
2451 452 2636 506 venire
2677 452 2958 508 deberent.
3005 448 3206 509 Audiat
3268 453 3373 509 hoc
3430 455 3675 512 Ecclesia

382 552 634 607 Charitas
647 546 937 602 multorum
955 539 1171 616 (Matth.
1192 544 1375 618 xxrv);
1398 565 1416 597 ι
1437 546 1501 600 de
1511 545 1708 614 quibus
1718 544 1865 598 enim
1881 543 1986 596 hoc

384 644 592 698 dicitur
629 657 643 693 :
681 657 701 691 ι
742 637 1058 707 refrigescet
1082 636 1327 692 Charitas
1370 635 1697 691 multorum?
1732 654 1751 686 ι
1804 648 1986 688 nonne

384 733 464 788 de
512 732 598 786 his
648 729 740 798 qui
782 735 1164 796 nuncupantur
1190 726 1527 782 Christiani?
1571 726 1638 781 de
1674 725 1868 795 quibus
1900 724 1986 778 hic

387 839 576 880 sermo
605 832 689 876 est
719 839 733 875 :
773 840 790 871 ι
833 820 1195 879 Vcruntamen
1240 819 1465 873 veniens
1496 818 1699 873 .Filius.
1726 818 1984 882 hominis,

387 926 553 987 putas
605 912 842 968 inveniet
882 910 1054 965 fidem.
1082 925 1247 981 super
1273 917 1476 964 terram
1502 911 1564 963 ?i
1601 908 1752 979 (an.
1795 910 1984 980 xvtn);

393 1026 579 1064 nonne
609 1007 679 1062 de
705 1007 903 1062 nobis?
930 1006 1137 1061 Idcirco
1173 1006 1556 1076 provideamus
1609 1006 1867 1060 attentius
1886 1046 1901 1071 ,
1930 1016 1990 1059 ut

390 1116 498 1170 per
523 1099 764 1168 singulos
794 1098 910 1152 dies
940 1096 1043 1151 iste
1072 1112 1204 1169 grex
1234 1095 1448 1151 Domini
1479 1095 1827 1159 melioretur,
1853 1111 1986 1149 con-

392 1192 656 1255 valescat,
686 1190 894 1260 integer
923 1197 1268 1258 perseveret,
1289 1197 1365 1254 et,
1398 1189 1545 1243 omni
1570 1188 1895 1242 contritione
1920 1186 1989 1241 ab

388 1286 682 1339 animalius
713 1283 908 1338 vestris
938 1282 1261 1347 recedente,
1314 1281 1613 1339 eiliciamur
1655 1279 1876 1351 perfecti
1932 1280 1986 1333 in

387 1377 616 1433 Christo
642 1373 788 1429 Jesn.

476 1486 495 1516 ι
542 1465 638 1520 Die
689 1464 801 1533 regi
858 1472 913 1519 ct
941 1463 1284 1519 dominatrici
1313 1462 1438 1535 (sive
1477 1460 1644 1516 dicite
1679 1459 1791 1531 regi
1817 1468 1990 1530 etpo-

393 1556 662 1627 tentibus)
695 1573 709 1609 :
750 1579 769 1606 ι
805 1554 1197 1620 Humiliamini,
1230 1555 1449 1609 sedete:
1483 1551 1739 1623 quoniam
1767 1552 1992 1606 descen-

397 1668 422 1701 c
471 1650 550 1704 dit
578 1649 706 1720 (sire
733 1647 941 1702 sublata
971 1645 1076 1717 est)
1090 1646 1159 1701 de
1179 1646 1356 1716 capite
1383 1653 1563 1699 vestro
1585 1658 1782 1699 corona
1807 1642 1991 1713 gloria:

397 1760 422 1794 ι
468 1749 679 1795 vestne.
712 1738 974 1794 Civitates
1015 1736 1187 1793 austri
1233 1735 1433 1790 clausa:
1472 1743 1638 1798 sunt,
1676 1742 1732 1787 et
1770 1748 1874 1787 non
1905 1740 1990 1786 est

2089 543 2386 614 negligens,
2429 545 2574 613 quod
2615 545 2729 615 ipsa
2773 546 2968 602 doceat
3006 546 3348 604 adversarios
3374 564 3523 617 suos,
3547 567 3680 621 quo-

2086 635 2248 689 modo
2262 650 2379 690 eam
2392 636 2607 705 possint
2617 637 2845 707 spiritali
2855 639 3180 709 captivitate
3193 642 3675 710 comprehendere,

2085 735 2142 781 et
2174 740 2350 795 pecus
2380 726 2500 797 ejus
2537 728 3195 787 bestiarummrudelitatc
3231 731 3491 787 lacerare.

2162 835 2183 869 ι
2227 816 2481 889 Nunquid
2513 835 2618 875 non
2650 820 2868 876 dolores
2913 824 3325 892 apprchendent
3375 834 3427 880 te
3456 865 3470 891 ,
3521 828 3675 897 quasi

2092 924 2115 960 ι
2157 908 2441 965 mulierem
2486 913 2877 980 parturientem
2898 915 3110 981 ?-Quod
3139 915 3184 970 si
3210 916 3412 973 dixeris
3437 918 3490 973 in
3516 922 3680 975 corde

2094 1016 2115 1049 ι
2162 999 2493 1067 tuo:Quarc
2539 1012 2805 1057 venerunt
2851 1005 2984 1058 mihi
3019 1005 3176 1060 inec?
3219 1005 3450 1076 Propter
3495 1009 3679 1066 multi-

2094 1107 2113 1141 ι
2158 1091 2400 1145 tudinem
2450 1092 2751 1162 iniquitatis
2812 1104 2916 1150 tua:
2979 1097 3213 1152 revelata
3251 1108 3377 1154 sunt
3416 1111 3683 1157 verecun-

2097 1198 2114 1232 ι
2162 1182 2310 1237 diora
2358 1193 2468 1248 tua,
2520 1184 2734 1254 polluta:
2774 1196 2900 1241 sunt
2941 1188 3070 1258 (sive
3123 1190 3491 1247 debonestata:
3522 1193 3675 1263 sunt)

2096 1287 2117 1322 ι
2159 1269 2355 1341 planta:
2386 1280 2510 1327 tua}.
2542 1293 2560 1324 ι
2591 1274 2726 1327 Dum
2755 1278 2957 1339 nescis,
2989 1277 3144 1345 quasi
3173 1278 3454 1333 mulierem
3483 1287 3674 1349 partus

2091 1361 2338 1426 subitus,
2385 1362 2459 1416 ita
2505 1373 2558 1418 te
2597 1365 2880 1433 captivitas
2917 1368 3197 1437 repentina
3234 1371 3683 1439 comprehendat.

2091 1453 2245 1522 Quod
2273 1455 2319 1510 si
2369 1458 2579 1512 causari
2637 1459 2953 1515 voluerisct
2976 1476 3221 1530 qumrcre
3245 1478 3344 1517 cur
3374 1463 3569 1519 tradita
3600 1465 3677 1519 sis

2093 1545 2380 1612 hostibus,
2421 1548 2544 1603 audi
2609 1548 2893 1605 manifeste
2948 1551 3346 1607 multitudinem
3409 1554 3504 1606 tibi
3558 1553 3675 1610 lucc

2093 1634 2286 1691 fecisse
2311 1636 2612 1707 iniquitatis
2637 1648 2762 1704 tuae,
2794 1647 2852 1693 ut
2877 1642 3033 1710 quasi
3076 1643 3319 1698 mulieris
3343 1644 3672 1709 meretricis,

2093 1723 2321 1779 sublatis
2343 1726 2586 1780 vestibus
2614 1728 2945 1785 revelarctur
2973 1730 3264 1801 ignominia
3297 1739 3408 1796 tua,
3424 1741 3479 1787 ct
3501 1741 3681 1788 osten-

400 1849 424 1883 ι
472 1832 565 1900 qui
610 1830 839 1900 aperiat.
899 1827 1183 1883 Translata
1233 1836 1318 1882 est
1376 1826 1555 1882 omnis
1603 1823 1786 1880 Judma
1845 1822 1988 1895 (sive

2102 1812 2349 1868 alerentur
2372 1815 2598 1884 publica:
2634 1815 3022 1876 fornicationes
3055 1829 3175 1875 tum.
3222 1822 3325 1876 I’cr
3351 1837 3471 1892 qua:
3522 1823 3681 1879 disci-

402 1941 427 1974 ι
477 1921 768 1978 translatus
809 1929 893 1976 est
918 1920 1097 1976 omnis
1120 1919 1303 1991 Juda),
1328 1917 1808 1989 transmigratione
1858 1915 1987 1987 (sive

400 2034 428 2068 ι
469 2013 803 2085 captivitate)
854 2011 1114 2083 perfecta.
1146 2030 1163 2064 ι
1202 2007 1472 2080 βΗὶενοη.)
1512 2008 1794 2078 Propheta)
1846 2019 1986 2074 pra:-

393 2107 620 2178 cipitur,
649 2116 710 2159 ut
759 2106 1015 2174 loquatur
1061 2102 1173 2174 regi
1220 2099 1494 2156 Jechouiaa
1533 2108 1589 2155 et
1632 2098 1790 2153 matri
1845 2097 1986 2166 ejus,

394 2214 567 2268 quam
602 2196 874 2251 dominam
919 2204 973 2249 et
1001 2192 1413 2249 dominatricem
1468 2191 1582 2245 sive
1612 2189 1857 2259 reginam
1890 2201 1988 2255 ap-

395 2286 589 2358 pellat;
623 2296 696 2339 ιιι·
710 2284 1081 2349 bumilieutnr,
1108 2291 1165 2337 et
1187 2282 1238 2336 in
1268 2281 1490 2351 pulvere
1511 2280 1737 2335 sedeant
1764 2293 1778 2331 :
1812 2277 1994 2347 pcrdi-

397 2376 548 2430 disse
577 2374 718 2427 enim
748 2388 859 2428 eos.
873 2373 1074 2441 regiam
1103 2371 1438 2441 dignitatem,
1472 2376 1529 2423 et
1556 2365 1993 2437 regittradcndos

399 2465 717 2535 Bablenio.
734 2463 996 2519 Civitates
1017 2462 1185 2516 austri
1214 2460 1411 2515 clausae
1437 2466 1582 2520 sunt,
1608 2458 1661 2512 id
1687 2465 1793 2520 est,
1819 2456 1994 2510 tribus

396 2552 555 2607 Indze
583 2560 637 2607 et
661 2550 963 2607 Jerusalem
984 2590 1021 2616 ,.
1052 2564 1185 2619 quce
1213 2546 1369 2616 juxta
1392 2546 1761 2602 solitudinem.
1784 2544 1852 2598 ad
1897 2559 1994 2597 au-

396 2653 576 2697 strum
605 2656 759 2697 versa
789 2649 874 2696 est
899 2681 913 2704 ,
939 2648 995 2693 et.
1049 2654 1157 2693 non
1200 2646 1284 2693 cst
1330 2636 1421 2706 qui
1465 2635 1674 2705 aperiat
1711 2632 1999 2688 obsidione

394 2731 784 2787 circumdatas.
836 2750 855 2781 ι
887 2728 1189 2784 Translata.
1235 2735 1319 2782 est
1372 2725 1582 2779 omnis.
1615 2722 1800 2779 Iudaea
1851 2720 1995 2793 (sive

397 2821 585 2877 ornatis
617 2819 775 2890 Juda)
805 2818 1280 2889 transmigratione
1304 2814 1563 2887 perfecta,
1600 2833 1618 2864 ι
1650 2814 1765 2868 sive
1795 2811 1998 2881 recvpit

398 2913 551 2985 quod
607 2914 937 2976 merebatur,
974 2930 995 2963 ι
1027 2921 1082 2965 et
1127 2907 1455 2979 completum
1481 2914 1565 2962 est
1615 2906 1668 2960 in
1720 2919 1828 2960 ea:
1865 2924 1883 2955 ι
1920 2904 1995 2958 ita

403 3006 558 3061 enim
600 3003 746 3059 LXX
786 3001 1199 3058 transtulerunt.
1252 2999 1456 3055 Delirat
1502 2999 1554 3052 in
1610 2998 1713 3052 hoc
1756 2996 1875 3051 loco
1900 2996 1994 3065 qui

402 3094 921 3165 regem..Cbristum
955 3101 1010 3147 et
1047 3099 1314 3162 potentes,
1346 3088 1563 3160 angelos
1609 3087 1694 3143 vel
1722 3086 1995 3157 apostolos

403 3189 655 3259 intelligit
716 3196 776 3241 ut
830 3191 1108 3241 assumant
1169 3198 1366 3253 corpus
1414 3180 1776 3246 humilitatis,
1826 3188 1882 3235 et
1937 3179 1993 3234 in

400 3281 626 3353 p'thOI’C
674 3279 932 3341 sedeant,
988 3284 1046 3330 et
1084 3275 1375 3340 amittant,
1430 3274 1512 3329 vel
1560 3289 1716 3344 rcges
1752 3272 1839 3328 vel
1893 3288 1995 3344 po-

403 3380 589 3427 tentes
631 3370 697 3425 de
747 3368 923 3438 capite
960 3381 1060 3421 suo
1100 3381 1355 3421 coronam
1399 3374 1453 3420 ct
1507 3364 1735 3433 gloriam
1774 3363 1994 3418 fortitu-

401 3461 570 3518 dinis.
611 3459 873 3515 Civitates
897 3473 1114 3530 quoque
1151 3456 1337 3511 austri.
1366 3457 1577 3511 clausas
1622 3473 1636 3508 :
1674 3455 1997 3525 interpreta—

404 3562 498 3615 tur
541 3551 849 3614 infernum,
895 3557 952 3602 et
980 3564 1098 3617 qua:
1124 3546 1254 3604 nulli
1294 3547 1632 3614 aperiantur,
1673 3559 1999 3614 omnemque

403 3643 636 3715 gloriam
675 3641 827 3697 Juda:
855 3656 974 3696 esse
1015 3639 1374 3704 translatam,
1409 3639 1624 3708 quando
1651 3638 1703 3691 in
1751 3638 1998 3708 passione

402 3735 734 3806 completum
773 3743 897 3790 est;
942 3752 964 3785 ι
996 3733 1197 3789 Omnes
1239 3731 1648 3786 declinaverunt
1673 3730 1870 3795 simul,
1912 3731 1995 3784 in-

409 3826 573 3880 uttles
615 3826 739 3879 facti
766 3834 1065 3888 sunt,-non
1110 3823 1305 3891 estqui
1336 3822 1500 3876 faciat
1538 3822 1760 3885 bonum,
1787 3838 1891 3875 non
1914 3831 2000 3878 cst

408 3933 583 3986 usque
610 3916 675 3970 ad
707 3932 961 3970 υιιιιιιι..ι.
990 3914 1224 3969 Verbum
1261 3912 1582 3967 llehraicum
1606 3920 1777 3971 mu:
1805 3913 1999 3982 Aquila

404 4018 466 4061 et
494 4006 853 4078 Symmachus
890 4005 1368 4059 dominutricemet
1415 4003 1684 4056 dominum
1725 4001 1997 4071 interpre-

411 4100 511 4154 tati
549 4106 692 4153 sunt.
737 4096 916 4164 Quod.
942 4094 1084 4150 LXX
1129 4102 1464 4166 putaverunt
1496 4103 1700 4155 11111121
1741 4103 1999 4165 potentes-

407 4207 513 4260 que
555 4190 844 4243 dixerunt..

488 4299 509 4332 ι
555 4280 752 4335 Levatc
772 4278 956 4333 oculos
980 4286 1191 4332 vestros
1232 4286 1287 4332 et
1334 4276 1534 4341 videte,
1578 4275 1670 4344 qui
1697 4274 1894 4329 venitis
1929 4275 2000 4329 ait

413 4396 436 4429 ι
483 4375 764 4445 Aquilone.
795 4372 895 4429 Ubi
924 4381 1008 4427 est
1046 4386 1210 4442 grex,
1246 4370 1338 4440 qui
1379 4370 1539 4424 datus
1577 4377 1662 4423 est
1687 4367 1805 4433 tibi,
1829 4382 1998 4437 pecus

416 4488 436 4520 ι
485 4467 740 4536 inclytum
789 4464 982 4518 tuum?
1024 4462 1165 4528 Quid
1204 4461 1353 4516 dices
1384 4476 1508 4515 cum
1547 4456 1854 4512 visitavcrit
1900 4457 1995 4510 te?

415 4580 436 4613 ι
484 4559 564 4615 Tu
600 4559 746 4613 cnim
786 4558 952 4612 doces
990 4572 1084 4611 eos
1126 4556 1411 4610 adversum
1473 4562 1561 4616 te,
1600 4562 1659 4606 et
1708 4550 1893 4605 crudis
1936 4549 1990 4605 in

416 4671 437 4702 ι
481 4657 644 4719 caput
687 4657 855 4701 tuum.
896 4668 915 4701 ι
962 4645 1286 4715 Praecipitur
1332 4642 1735 4698 habitatoribus
1778 4641 2000 4695 Jerusa-

346 4810 353 4815 1
405 4741 560 4807 lem,
602 4749 661 4794 ut
694 4740 873 4793 levent
911 4738 1098 4793 oculos
1139 4752 1304 4801 suos,
1343 4744 1398 4790 ct
1438 4734 1673 4787 videant-
1715 4731 1999 4787 Chaldaros

406 4836 479 4890 ab
522 4832 805 4903 Aquilonis
842 4840 995 4901 parte
1034 4830 1334 4885 venientes.
1377 4828 1851 4896 lnterrogatnrque
1884 4826 1999 4894 ipsa

410 4925 628 4988 tivitas,
668 4933 723 4979 et
764 4924 962 4978 dicitur
981 4924 1030 4978 ei
1064 4941 1077 4976 :
1108 4941 1126 4972 ι
1162 4921 1261 4979 Ubi
1284 4931 1367 4977 est
1396 4937 1524 4993 grex
1571 4921 1664 4990 qui
1711 4920 1871 4974 datus
1915 4916 2001 4972 est

411 5017 531 5081 tibi,
569 5032 733 5086 pecus
778 5016 1035 5087 inclytum
1083 5013 1281 5067 ttnnn?
1313 5034 1331 5065 ι
1372 5013 1473 5068 Ubi
1516 5020 1598 5067 est
1625 5010 1854 5081 populus
1877 5019 2000 5063 tuus

413 5121 572 5174 quem
614 5121 644 5159 a
678 5107 789 5160 Deo
844 5103 1180 5174 acceperas?
1221 5103 1311 5157 ubi
1355 5109 1501 5156 tanta
1562 5101 1650 5155 illa
1695 5110 1750 5154 ct
1798 5099 1998 5170 inclyta

416 5196 739 5261 multitudo,
779 5205 837 5251 ut
882 5197 1047 5251 totius
1091 5198 1304 5249 turbant
1354 5192 1649 5262 provincia:
1711 5193 1764 5245 in
1830 5205 1997 5245 unum

406 5287 590 5343 locum
632 5290 882 5344 crederes
933 5288 1359 5360 congregatum?
1399 5284 1545 5353 Quid
1582 5285 1733 5338 dices
1773 5297 1894 5337 cum
1946 5290 1999 5337 te

416 5380 716 5435 visitaverit
746 5382 1005 5435 Dominus
1029 5374 1083 5435 in
1111 5380 1258 5450 virga
1294 5393 1390 5432 sua
1415 5418 1428 5440 ,
1459 5388 1514 5431 ct
1551 5374 1863 5445 Babyloniis
1891 5383 2001 5427 tra-

414 5468 614 5522 dilerit
653 5471 895 5526 Itostiltus
935 5486 1073 5541 quos
1125 5472 1408 5525 adversum
1471 5476 1564 5532 le.
1615 5466 1700 5519 νυι
1739 5465 1791 5520 in
1837 5472 2002 5534 επμτίι

417 5568 567 5612 tuum
593 5598 608 5622 ,
642 5560 725 5613 vel
762 5577 792 5614 a
826 5561 1089 5631 principio
1136 5562 1250 5630 ipsa
1286 5559 1553 5624 docuisti,
1599 5565 1658 5612 ut
1692 5557 1759 5611 ad
1809 5572 1995 5613 eorum

412 5652 543 5708 auxi
570 5652 620 5707 ia
648 5654 988 5724 confugeres,
1011 5663 1068 5710 et
1103 5655 1344 5726 ipsorum
1389 5654 1529 5708 idola
1555 5651 1844 5706 scctarcris
1862 5691 1876 5715 ,
1902 5649 1991 5719 qui

413 5744 517 5799 sub
571 5745 857 5801 occasione
900 5745 1151 5803 amicitia:
1209 5755 1314 5801 tua:
1350 5744 1650 5801 didicerunt
1700 5756 1799 5813 per
1849 5741 1993 5811 quod

2093 1921 2213 1961 mus
2255 1908 2493 1976 quandiu
2536 1908 2736 1964 fuerint
2781 1912 2990 1967 minora
3033 1923 3275 1983 peccata,
3318 1932 3480 1987 agerc
3505 1918 3670 1974 Deum

2092 2000 2363 2070 patienter
2390 2010 2445 2056 et
2481 2012 2802 2072 exspectare
2845 2014 3086 2060 nostram
3134 2009 3547 2076 pmnitudinem,
3591 2011 3675 2065 sin

2093 2099 2272 2145 autem
2314 2091 2647 2147 voluerimus
2695 2094 2911 2150 delictis
2953 2097 3205 2166 copulare
3251 2099 3477 2164 delicta,
3503 2111 3559 2154 et
3586 2116 3679 2155 cu-

2095 2181 2314 2236 mulum.
2349 2180 2529 2237 faeerc
2564 2193 2910 2253 peccatorum
2936 2226 2951 2250 ,
3003 2186 3390 2241 revelabnntur
3427 2189 3677 2258 pudenda

2095 2281 2282 2328 nostra
2309 2314 2324 2338 ,
2374 2284 2430 2329 et
2467 2275 2826 2331 ostendentur
2862 2277 3072 2333 cunctis
3106 2278 3303 2348 plantae
3346 2288 3564 2346 nostrae,
3592 2286 3679 2337 vel

2096 2364 2150 2419 in
2180 2368 2433 2435 praesenti
2472 2368 2670 2423 satculo
2709 2368 2793 2424 vel
2829 2369 2884 2424 in
2930 2368 3130 2425 futuro.
3181 2391 3198 2423 ι
3249 2371 3390 2427 Nihil
3423 2381 3508 2429 est
3531 2374 3679 2430 enim

2096 2457 2368 2511 occultum
2416 2459 2561 2529 quod
2614 2475 2721 2514 non
2769 2460 3147 2516 manifestetur
3188 2462 3420 2534 (Matth.
3459 2482 3510 2520 vt
3543 2465 3599 2536 ),
3637 2480 3672 2519 ι

2096 2548 2316 2616 quando
2358 2548 2669 2619 implebitur
2712 2551 2844 2605 illud
2895 2551 3133 2607 Daniclis
3165 2569 3178 2605 :
3210 2571 3230 2604 ι
3265 2552 3353 2608 Isti
3393 2562 3678 2626 resurgent

2098 2637 2151 2691 in
2190 2637 2356 2691 vitam
2399 2648 2684 2705 aeternam,
2708 2648 2763 2695 ct
2800 2640 2877 2695 illi
2920 2641 2976 2696 in
3005 2642 3353 2713 opprobrium
3383 2653 3439 2699 et
3468 2644 3521 2698 in
3549 2658 3683 2700 con-

2099 2723 2366 2783 fusionem
2403 2730 2790 2799 sempiternam
2830 2730 2973 2802 (Dan
3024 2731 3147 2804 xn).
3181 2752 3199 2786 ι

2175 2835 2195 2868 ι
2244 2818 2300 2873 Si
2355 2828 2567 2875 mutare
2604 2830 2786 2890 potest
2833 2821 3086 2893 {Ethiops
3126 2824 3319 2895 pellem
3361 2840 3539 2891 suam,
3588 2834 3682 2880 aut

2103 2929 2123 2962 ι
2167 2913 2369 2980 pardus
2394 2913 2691 2970 varietates
2717 2930 2862 2982 suas,
2887 2924 2942 2970 et
2968 2931 3064 2971 vos
3090 2916 3340 2987 poteritis
3366 2917 3685 2973 benefacere

2105 3021 2123 3055 ι
2170 3020 2294 3060 cum
2317 3005 2618 3063 didiceritis
2646 3007 2868 3062 malum.
2904 3027 2923 3059 ι
2972 3007 3085 3063 lloc
3119 3008 3431 3064 testimonio
3461 3018 3684 3063 utuntur

2098 3094 2387 3151 adversum
2430 3097 2725 3153 Ecclesium
2755 3139 2770 3163 ,
2799 3099 2891 3169 qni
2919 3098 3164 3154 diversas
3187 3099 3411 3169 cupiunt
3440 3115 3687 3155 asserere

2102 3194 2345 3253 naturas,
2369 3197 2425 3244 et
2468 3192 2889 3247 tantamdicnnt
2932 3205 3053 3247 esse
3094 3191 3194 3245 vel.
3222 3191 3574 3263 nigredinem,
3601 3194 3685 3249 vel

2098 3276 2415 3333 varietatem
2443 3291 2893 3350 peccatorumhut
2916 3283 2969 3337 in
2998 3284 3288 3339 candorem
3320 3294 3373 3339 et
3405 3285 3563 3341 unius
3596 3304 3688 3341 co-

2099 3367 2228 3424 loris
2269 3370 2726 3439 pulchritudinem
2758 3375 2992 3432 transire
3023 3390 3135 3430 non
3172 3376 3400 3446 possint,
3448 3392 3555 3432 non
3607 3390 3688 3433 at-

2100 3457 2523 3518 tendenteshoc
2563 3464 2706 3533 quod
2746 3447 3031 3534 sequitur}
3061 3465 3124 3520 Et
3154 3482 3248 3520 vos
3271 3466 3522 3536 poteritis
3553 3468 3688 3523 bene

2099 3549 2462 3616 facerc,..cum
2500 3554 3066 3612 ditliceritis‘malum.
3109 3546 3562 3627 Quidquidenim
3609 3559 3687 3612 di-

2098 3650 2273 3706 scitur
2296 3662 2403 3701 non
2456 3656 2664 3703 natura:
2692 3655 2799 3712 est,
2824 3646 2920 3711 sed
2944 3648 3106 3703 studii
3146 3656 3201 3702 et
3241 3647 3472 3719 propriae
3496 3647 3687 3702 volun-

2101 3741 2267 3804 tatis,
2306 3737 2629 3807 quacnimia
2674 3736 3065 3795 consuetudine
3105 3745 3159 3790 et
3198 3751 3383 3791 amore
3424 3736 3688 3806 peccandi

2101 3830 2371 3901 quomodo
2402 3829 2464 3885 in
2512 3838 2761 3883 naturain
2804 3827 3055 3881 vertitur.
3111 3826 3216 3882 Sed
3267 3828 3370 3882 hoc
3415 3827 3557 3896 quod
3593 3826 3686 3880 ho-

2103 3924 2337 3977 minibus
2397 3921 2729 3990 impossibilc
2778 3930 2880 3985 est,
2928 3920 3040 3975 Deo
3089 3920 3345 3991 possibile
3373 3926 3685 3986 est,utnc-

2101 4030 2371 4085 quaquam
2420 4013 2670 4082 :Ethiops
2709 4021 2766 4067 et
2808 4012 3009 4083 pardus
3051 4027 3206 4066 suam
3246 4011 3534 4066 vidcantur
3571 4026 3686 4065 mu-

2105 4115 2219 4160 tare
2251 4115 2521 4161 naturam.
2574 4103 2682 4159 Sed
2718 4103 2807 4159 illc
2835 4105 2927 4174 qui
2962 4104 3013 4158 in
3044 4102 3302 4174 .‘Ethiope
3348 4112 3604 4174 operatur
3632 4109 3687 4157 ct

2102 4198 2291 4266 pardo,
2313 4197 2523 4253 dicente
2542 4196 2799 4267 Apostolo
2827 4211 2843 4251 :
2872 4215 2891 4248 ι
2922 4196 3115 4252 Omnia
3146 4211 3362 4268 possum
3393 4195 3449 4250 in
3498 4210 3564 4251 co
3590 4194 3685 4265 qui

2103 4300 2189 4340 me
2215 4284 2502 4350 confortat,
2533 4284 2752 4341 Christo
2782 4284 3007 4357 (Philip.
3046 4286 3140 4358 tv).
3176 4306 3193 4338 ι
3232 4286 3387 4342 Unde
3414 4293 3469 4340 et
3503 4284 3556 4339 in
3580 4283 3686 4339 alio

2104 4375 2242 4429 loco.
2280 4394 2297 4425 ι
2330 4375 2597 4447 Amplius,
2621 4375 2824 4445 inquit,
2857 4373 2962 4430 illis
2995 4376 3248 4431 omnibus
3271 4373 3552 4441 laboravi,
3581 4389 3689 4428 non

2104 4481 2205 4536 ego
2227 4474 2429 4531 autem,
2465 4465 2558 4521 scd
2588 4466 2759 4537 gratia
2801 4465 2919 4532 Dei,
2965 4481 3085 4536 qua:
3132 4466 3186 4521 iu
3240 4481 3328 4521 me
3370 4474 3453 4520 est
3482 4464 3530 4534 (I
3562 4463 3686 4518 Coo.

2101 4554 2232 4623 xv);
2272 4573 2291 4605 ι
2325 4553 2434 4608 Ει;
2473 4574 2491 4607 ι
2520 4554 2657 4611 Vivo
2700 4555 2815 4625 jam
2861 4572 2968 4612 non
3017 4571 3137 4628 ego,
3182 4559 3278 4613 sed
3331 4556 3469 4612 vivit
3510 4556 3564 4611 in
3606 4572 3692 4611 me

2098 4643 2347 4700 Christus
2376 4643 2518 4715 (Gal.
2562 4645 2645 4718 ιι).
2685 4666 2703 4696 ι
2740 4646 2810 4701 Ει
2844 4647 3039 4702 iterum
3091 4646 3354 4717 scriptum
3419 4646 3685 4718 legimus:

2104 4756 2122 4787 ι
2159 4735 2294 4803 Quid
2322 4737 2491 4793 habes
2537 4725 2681 4808 quod
2721 4755 2829 4795 non
2878 4739 3177 4809 accepisti?
3205 4738 3262 4794 Si
3307 4747 3487 4805 autem
3537 4753 3691 4791 δορυ·

2099 4831 2222 4901 pisti
2243 4832 2399 4904 :qnid
2414 4833 2662 4903 gloriaris
2687 4835 2841 4903 quasi
2871 4851 2977 4891 non
3002 4837 3341 4905 acceperis?»
3362 4833 3413 4903 (Ι
3437 4832 3561 4888 Car.
3590 4832 3686 4903 tv).

2106 4922 2252 4989 Quas
2286 4923 2355 4977 ob
2389 4938 2581 4988 causas
2615 4941 2633 4973 ι
2672 4939 2778 4976 non
2821 4923 3084 4994 glorietur
3117 4923 3336 4992 sapiens
3371 4923 3424 4976 in
3475 4920 3687 4989 sapien-

2107 5012 2176 5064 tia
2222 5027 2341 5075 sua,
2371 5028 2472 5066 nec
2509 5011 2665 5066 fortis
2706 5012 2759 5065 in
2806 5010 3123 5067 fortitudine
3165 5026 3296 5074 sua,
3338 5006 3687 5063 necdivcsin

2104 5102 2309 5156 divitiis
2352 5103 2465 5158 suis
2502 5102 2640 5173 (Jer.
2680 5102 2788 5173 tv),
2821 5123 2840 5155 ι
2873 5118 2974 5158 nec
3004 5102 3234 5172 pudicus
3268 5101 3322 5154 in
3347 5116 3444 5156 sua
3477 5100 3687 5170 pudici-

2105 5192 2178 5247 tia
2219 5206 2234 5246 :
2276 5193 2454 5247 sciens
2486 5193 2629 5262 quod
2660 5194 2715 5248 in
2744 5194 2998 5249 omnibus
3038 5193 3123 5248 his
3161 5192 3365 5248 Christi
3391 5191 3565 5246 virtus
3597 5189 3689 5256 sit,

2104 5300 2210 5338 non
2238 5299 2424 5338 eorum
2466 5284 2555 5353 qui
2588 5286 2639 5339 in
2667 5286 2781 5341 suis
2803 5284 3099 5341 virtutibus
3125 5285 3449 5356 gloriantur.

2187 5395 2204 5425 ι
2248 5375 2315 5429 Ει
2344 5375 2710 5432 disseminabo
2734 5392 2829 5433 eos
2859 5379 3015 5448 quasi
3047 5377 3299 5448 stipulam
3325 5418 3341 5445 ,
3381 5393 3502 5448 quae
3529 5382 3695 5431 vento

2114 5483 2133 5512 ι
2183 5473 2427 5534 raptatur
2478 5466 2530 5520 in
2573 5467 2807 5522 deserto.
2880 5467 3007 5524 Hmc
3068 5483 3190 5524 sors
3250 5476 3339 5523 tua
3370 5508 3386 5531 ,
3455 5482 3693 5537 parsque

2114 5575 2132 5605 ι
2181 5572 2446 5612 mensura:
2485 5565 2641 5612 lutea
2673 5572 2780 5623 mc,
2813 5558 2945 5614 dicit
2990 5559 3250 5616 Dominus
3299 5560 3424 5632 (sire
3468 5567 3524 5613 cl
3566 5573 3691 5628 pars

2113 5668 2131 5700 ι
2174 5648 2551 5704 inubedicntia:
2599 5660 2702 5704 tua:
2747 5652 3034 5707 adversum
3088 5651 3217 5724 me).
3261 5672 3280 5703 ι
3341 5652 3475 5720 Quia
3521 5649 3688 5704 nimia

2106 5729 2494 5800 consuetudine
2521 5742 2786 5801 malorum
2806 5760 2912 5802 non
2935 5753 3161 5817 potuere
3187 5754 3399 5802 mutare
3416 5750 3689 5805 naturam,
