4022 6186
511 353 618 409 915

1147 359 1209 413 Β.
1251 359 1504 416 MBAN!
1541 361 1763 419 MAURI
1797 362 2086 420 ARCHIEP

2189 365 2464 424 [OGUNT.
2502 368 2790 426 OPERUM
2825 371 3004 428 PARS
3034 362 3122 428 ιιι.

3625 376 3720 436 ωε

511 481 618 522 on
674 467 806 526 vitio
845 471 1175 538 conditoris,
1227 477 1321 530 sed
1367 476 1545 532 studio
1595 476 1768 532 incliti
1824 477 2047 534 sceleris
2074 495 2089 531 :
2120 481 2167 540 Α
2197 478 2273 534 dit
2304 479 2542 536 libiditis
2567 497 2830 550 equarum
2853 499 3161 554 more,qua:
3190 485 3255 540 ad
3276 486 3471 542 coitum
3493 491 3722 560 gestiunt,

508 567 794 632 propterea
819 563 976 634 quasi
1014 565 1268 635 stipulam
1295 577 1457 623 vento
1485 577 1754 640 reptatam
1786 569 2092 640 dispergam

509 669 613 711 eos
634 656 686 710 in
722 657 1090 726 solitudinem,
1117 658 1274 728 juxta
1311 663 1439 718 illud
1481 664 1626 735 quod
1658 663 1786 719 alibi
1831 665 2092 734 scriptum

508 753 594 800 cst
621 763 634 800 :
673 765 690 797 ι
727 746 1005 818 Tanquam
1031 751 1206 820 pulvis
1229 767 1390 822 quem
1418 754 1633 824 proiicit
1671 763 1868 809 ventus
1895 769 1925 808 a
1957 753 2093 808 facie

509 845 670 892 teme
700 836 874 909 (Paul.
917 839 978 913 ι).
1013 859 1032 892 ι
1079 842 1336 914 Facitque
1387 845 1768 915 apostropham
1814 846 1882 900 ad
1920 845 2088 916 ipsam

505 924 830 995 Jerusalem,
863 933 1009 1002 quod
1055 933 1169 989 lucc
1219 936 1291 990 sit
1331 952 1450 992 sors
1503 936 1621 1006 ejus
1649 979 1666 1004 ,
1719 947 1775 994 et
1820 939 1923 993 ista
1963 953 2090 1008 pars

509 1021 638 1089 quia
683 1022 786 1076 sibi
844 1023 961 1092 ipsa
1009 1023 1236 1096 elegerit
1271 1043 1584 1083 mensuram
1629 1028 1958 1084 cumulatam
2009 1036 2092 1082 at-

507 1126 612 1181 que
644 1111 941 1182 perfectam
981 1125 1039 1170 et
1089 1119 1612 1188 superell'undentem
1648 1161 1665 1185 ,
1713 1121 1829 1177 sive
1880 1130 2088 1191 partem

509 1203 889 1261 ieebedicntia:
942 1223 1052 1262 sua:
1081 1225 1185 1279 qua
1240 1211 1467 1266 Domino
1509 1211 1682 1266 noluit
1719 1212 2085 1282 acquiescere.

508 1295 562 1348 lu
589 1311 692 1363 qua
721 1297 865 1351 enim
893 1313 1145 1355 mensura
1200 1304 1614 1368 mensuravcrit,
1669 1303 1984 1358 remetietur
2013 1302 2089 1357 illi

507 1385 656 1456 (Luc.
687 1387 786 1456 vr).

583 1498 602 1527 ι
651 1478 788 1546 Quia
811 1478 980 1536 oblita
1011 1497 1073 1538 es
1105 1484 1210 1538 mei
1248 1493 1306 1538 et
1331 1484 1538 1540 coulisa
1584 1500 1645 1540 es
1670 1485 1796 1556 (sive
1833 1483 2087 1554 sperasti)

511 1589 530 1619 σ
578 1571 634 1624 in
670 1573 983 1640 mendacio,
1027 1575 1170 1630 unde
1208 1584 1264 1630 et
1289 1592 1389 1647 ego
1420 1576 1616 1631 nudavi
1648 1576 1774 1648 (sive
1803 1573 2036 1646 nudabo)
2069 1613 2085 1639 ,

512 1677 533 1709 ο
575 1669 633 1714 et
658 1661 909 1717 rcvelabo
943 1663 1149 1718 femora
1195 1673 1252 1720 et
1287 1665 1586 1735 posteriora
1639 1673 1729 1719 tua
1772 1673 1963 1720 contra
2003 1661 2090 1716 fa-

511 1769 529 1800 ι
576 1751 714 1803 ciem
751 1760 919 1805 tuam.
949 1753 1014 1806 lit
1033 1754 1312 1824 apparebit
1352 1755 1650 1826 ignominia
1683 1763 1794 1820 tua,
1821 1753 2088 1809 adulteria

2195 581 2252 625 ut
2278 580 2361 626 est
2395 571 2524 628 illud
2565 573 2914 644 Virgilianum
2946 589 2962 630 :

2349 685 2796 750 ....Ilippomanes,
2834 700 2952 750 vero
2989 688 3116 750 quod
3141 690 3333 739 nomine
3349 689 3505 742 dicunt

2319 745 2562 808 Pastores,
2588 745 3083 800 lentum'distillat'ab
3105 752 3304 813 inguine
3329 755 3467 802 virus.

2193 849 2466 920 Rogemus
2491 850 2696 916 Jcsum,
2726 861 2786 906 ut
2831 867 2934 906 nec
2960 851 3012 906 in
3038 855 3313 924 pruenti,
3353 871 3451 911 nec
3481 857 3530 912 in
3564 858 3724 916 future

2192 941 2390 994 saeculo
2414 941 2615 995 revolet
2642 942 2918 997 l'cntinalia
2946 953 3002 998 et
3027 946 3322 1015 posteriora
3357 955 3546 1014 nostra,
3572 949 3652 1005 sed
3667 961 3717 1004 ut

2191 1031 2367 1086 deleat
2399 1032 2716 1102 iniquitates
2740 1035 3256 1100 nostras,.etomuia
3283 1035 3478 1092 scelera
3497 1052 3718 1108 apparere

2193 1134 2298 1173 non
2325 1119 2508 1176 l‘aeim.

2268 1230 2285 1262 ι
2330 1211 2506 1282 Super
2529 1213 2693 1270 colles
2731 1214 2786 1268 in
2838 1229 2970 1284 agro
3011 1215 3120 1270 vidi
3155 1215 3564 1272 abominatioues
3603 1226 3716 1271 tuas.

2196 1320 2215 1354 ‹
2257 1301 2350 1357 Va:
2378 1301 2499 1369 tibi,
2523 1302 2844 1368 Jerusalem,
2876 1320 2982 1358 non
3005 1305 3350 1360 mundaberis
3374 1305 3490 1375 (sive
3507 1306 3717 1374 quianon

2196 1411 2213 1441 ι
2258 1407 2318 1447 es
2347 1390 2644 1464 mundata)
2693 1401 2819 1462 post
2859 1409 2964 1458 mc,
3003 1409 3285 1464 usquequo
3333 1394 3530 1450 adhuc!
3563 1414 3580 1446 ι
3624 1393 3718 1448 Non

2189 1483 2362 1539 solum
2391 1483 2444 1538 in
2477 1484 2654 1539 media
2687 1485 2825 1538 urbe
2851 1482 3177 1549 Jerusalem,
3204 1485 3296 1539 sed
3326 1485 3376 1539 in
3411 1484 3547 1538 omni
3587 1482 3718 1548 colle,

2189 1575 2508 1644 cunctisque
2536 1573 2846 1645 regionibus
2875 1574 3037 1630 audio
3073 1573 3216 1628 idola
3255 1583 3366 1628 tua.
3392 1573 3534 1630 Unde
3555 1573 3720 1628 dicitur

2189 1667 2256 1722 ad
2279 1682 2400 1721 eam
2429 1685 2440 1720 :
2471 1664 2594 1722 «Va:
2623 1665 2744 1732 tibi,
2774 1664 3099 1731 Jerusalem,
3125 1663 3256 1734 quia
3293 1679 3396 1718 non
3421 1677 3478 1718 es
3504 1660 3718 1717 mundata

2190 1767 2313 1828 post
2349 1773 2458 1823 me,
2503 1777 2522 1810 ι
2559 1764 2620 1812 ιιι
2651 1771 2780 1812 cum
2811 1771 2930 1811 mea
2964 1753 3282 1823 te_jactares
3320 1751 3465 1822 sequi
3499 1747 3718 1820 vestigia,

513 1858 530 1890 ι
579 1850 688 1906 tua,
718 1849 776 1896 et
805 1842 1048 1902 hinnitus
1082 1853 1239 1910 tuus,
1259 1846 1440 1902 scelus
1469 1847 1569 1919 (vel
1604 1845 1882 1918 alienatio)
1910 1845 2080 1900 l'orni-
2111 1848 2157 1905 B
2183 1857 2238 1902 et
2259 1849 2654 1904 confessionem
2689 1846 2797 1904 mei
2827 1845 3063 1902 nominis
3091 1843 3402 1905 ventilares,
3431 1851 3591 1896 tamen
3611 1853 3722 1893 nun-

512 1950 534 1982 c
572 1934 804 1990 rationis
832 1944 954 1990 tum.
990 1955 1010 1988 ι
1039 1935 1216 1992 Causa
1241 1945 1328 1993 est
1357 1937 1716 2009 dispersuonis
1758 1936 2080 2002 Jerusalem,

507 2023 658 2092 quod.
697 2026 862 2082 oblita
914 2027 988 2083 sit
1017 2027 1112 2084 Dei
1137 2069 1162 2096 ,.
1201 2039 1259 2084 et
1297 2029 1526 2096 conlisa,
1553 2029 1641 2085 vel
1674 2030 1974 2100 speraverit
2027 2031 2084 2084 in

508 2114 824 2172 mendaciis.
854 2116 956 2185 Qui
987 2127 1186 2189 praeter
1217 2121 1386 2176 Deum
1431 2120 1486 2175 in
1525 2121 1688 2176 rebus
1730 2119 1952 2174 conlidit
1979 2135 2081 2175 ste—

507 2203 610 2258 ruli
636 2243 661 2270 ,
707 2205 1044 2264 obliviscitur
1071 2211 1164 2266 Dei
1193 2226 1208 2266 :
1246 2209 1390 2267 unde
1427 2211 1738 2267 revelantur
1767 2211 1970 2266 femora
1998 2211 2084 2266 vel

505 2297 806 2365 posteriora
830 2297 971 2368 eius,
995 2309 1056 2356 ut
1083 2302 1260 2358 videat
1303 2303 1652 2376 ignominiam
1679 2316 1856 2368 suam;
1885 2311 1940 2357 et
1961 2316 2082 2372 qua:

507 2397 663 2445 retro
679 2405 803 2448 esse
831 2393 1092 2450 deberent
1114 2395 1246 2450 ﬁant
1265 2396 1316 2450 in
1332 2397 1626 2466 prioribus,
1651 2405 1946 2465 cernatque
1969 2395 2082 2465 ipsa

507 2481 652 2548 quod
686 2480 832 2548 fecit,
865 2491 919 2538 et
947 2494 1203 2554 appareat
1238 2485 1530 2556 ignominia
1567 2485 1707 2555 eius,
1738 2501 1843 2539 nou
1875 2493 2082 2538 tantum

508 2570 632 2640 ipsi,
671 2573 766 2628 sed
791 2582 847 2628 et
871 2577 1140 2631 omnibus.
1171 2577 1473 2643 Adulteria,
1504 2576 1840 2646 inquit,.tua,
1876 2585 1934 2630 et
1963 2574 2086 2629 hin-

508 2660 653 2717 nitus
679 2671 802 2718 tuus
827 2681 932 2720 non
961 2666 1130 2722 solam
1160 2667 1460 2731 libidinem,
1487 2667 1582 2723 sed
1613 2667 1876 2722 insaniam
1905 2674 2087 2720 osten-

2189 1952 2348 2006 quam
2379 1943 2603 2007 purgata
2628 1935 2706 1990 sis
2730 1976 2746 2002 ,
2793 1935 2920 2005 quia
2953 1933 3122 1989 oblita
3166 1947 3228 1988 es
3267 1932 3408 1996 mei,
3447 1938 3498 1985 et
3528 1925 3720 2000 sperasti

2190 2028 2244 2082 in
2275 2025 2588 2082 mendaciis.
2619 2026 2774 2082 Unde
2801 2026 3045 2096 increpat
3070 2039 3188 2080 eam
3223 2035 3281 2080 et
3305 2023 3430 2079 dicit
3457 2039 3470 2076 :
3502 2039 3520 2072 ι
3548 2020 3720 2089 Usque-

2187 2133 2295 2187 quo
2314 2117 2534 2173 adhuc?
2561 2137 2580 2170 ι
2603 2125 2660 2172 et
2685 2124 2770 2173 est
2798 2131 2993 2177 sensus
3023 2133 3038 2170 :
3065 2115 3318 2183 Quandiu
3343 2125 3392 2169 te
3419 2109 3720 2182 exspectabo,

2188 2209 2425 2278 quandiu
2460 2207 2666 2264 feram?
2688 2223 2970 2278 usquequo
2995 2206 3336 2263 Oblivisceris
3357 2205 3460 2260 mei
3481 2204 3528 2258 in
3565 2201 3720 2262 ﬁnem,

2188 2310 2244 2356 et
2267 2316 2384 2356 mea
2413 2311 2685 2371 praecepta
2722 2297 3024 2356 contemnis
3047 2301 3072 2355 ?
3097 2299 3416 2356 Fornicatur
3454 2297 3506 2352 in
3529 2293 3722 2350 collibus

2186 2403 2242 2448 et
2269 2393 2322 2447 in
2345 2392 2513 2462 agris,
2543 2399 2598 2446 et
2621 2406 2898 2460 nunquam
2939 2391 3240 2446 mundatur
3263 2431 3278 2454 ,
3303 2389 3393 2459 qui
3435 2392 3602 2442 erecta
3623 2395 3720 2437 cer-

2187 2484 2306 2538 vice
2364 2498 2463 2553 per
2516 2481 2825 2551 superbiam
2875 2496 2984 2536 non
3035 2481 3356 2536 humiliatur
3403 2478 3496 2534 sub
3547 2467 3720 2544 polenli

2189 2589 2351 2629 manu
2407 2573 2544 2637 Dei,
2592 2572 2688 2628 sed
2733 2571 2787 2626 in
2829 2571 2944 2628 suis
2976 2571 3284 2627 sceleribus
3331 2569 3564 2638 vitiisque
3609 2574 3720 2618 oon-

2189 2663 2326 2717 ﬁdit.

507 2793 2893 2821 Μ

1628 2901 1930 2981 LIBER
2004 2900 2560 2978 SEPTIMUS.

1983 3063 2291 3079 ——*

586 3153 925 3224 Scripturam
949 3170 1158 3211 sacram
1189 3158 1304 3212 sibi
1330 3173 1450 3213 esse
1471 3174 1764 3214 consonam
1797 3176 1955 3216 nemo
1985 3161 2086 3216 rite
2115 3166 2160 3228 ο
2191 3163 2392 3220 occidit
2417 3167 2660 3229 meridie,
2678 3173 2730 3220 et
2759 3165 2883 3220 luna
2913 3171 3167 3236 astraque
3195 3173 3251 3220 et
3281 3179 3468 3222 uetera
3497 3180 3590 3220 non
3611 3165 3720 3222 dant

509 3248 813 3320 intelligens
838 3249 1080 3316 dubitat,
1117 3251 1239 3320 quia
1267 3252 1528 3324 quidquid
1563 3253 1616 3307 in
1651 3269 1756 3308 uno
1775 3253 1912 3310 libro
1941 3271 2089 3311 assc-

510 3338 674 3404 ritur,
712 3355 1050 3410 nequaquam
1103 3341 1158 3396 in
1197 3341 1368 3397 altero
1418 3343 1736 3414 denegatur,
1785 3345 1874 3401 ubi
1923 3346 2088 3416 iustis

511 3427 759 3498 praimia,
795 3437 850 3484 et
905 3430 1282 3500 peccatoribus
1351 3432 1614 3502 supplicia
1641 3434 1978 3504 pollicentur,
2033 3445 2090 3492 et

510 3517 776 3573 malorum
827 3517 1059 3592 ﬂagella,
1115 3529 1278 3591 atque
1310 3521 1573 3578 bonorum
1625 3525 1816 3580 solatia
1887 3528 2091 3582 deseri-

507 3607 734 3674 buutur,
775 3608 1072 3678 pratsertim
1125 3625 1248 3664 cum
1301 3627 1398 3681 per
1429 3611 1544 3682 ipsa
1594 3612 1858 3668 elementa
1902 3616 2087 3669 mundi

511 3697 806 3754 secundum
833 3702 1096 3756 creatoris
1121 3701 1450 3757 voluntatem
1481 3704 1696 3774 utrique
1718 3705 1895 3761 ordini
1925 3705 2082 3776 digna

511 3791 944 3862 recompensatio
981 3791 1200 3859 collata,
1249 3792 1356 3849 illic
1409 3804 1758 3850 meinoratur.
1785 3796 1938 3852 Unde
1979 3812 2085 3852 non

508 3882 682 3938 solum
699 3883 751 3938 in
783 3883 1012 3940 historia
1051 3892 1320 3950 veterum,
1349 3887 1441 3942 sed
1471 3887 1632 3942 etiam
1670 3889 1722 3942 in
1759 3889 2088 3958 propheticis

509 3975 662 4034 libris
683 3979 800 4035 lucc
825 3979 1014 4036 eadem
1053 3981 1252 4051 scripta
1298 3983 1659 4052 reperiuntur.
1695 3985 1830 4042 Nam
1848 3987 1902 4042 in
1951 3987 2088 4042 libro

510 4067 800 4141 Sapientia:
819 4071 895 4126 ita
919 4071 1145 4143 legitur:
1166 4090 1186 4124 ‹
1217 4073 1788 4132 Armavitcreaturam
1818 4077 1882 4132 ad
1929 4078 2088 4134 ultio-

509 4175 632 4216 nem
655 4160 997 4218 inimicorum
1018 4181 1032 4217 :
1051 4173 1107 4218 et
1124 4166 1516 4238 pugnavitcum
1539 4167 1629 4222 illo
1649 4169 1798 4225 orbis
1819 4181 2084 4226 terrarum

506 4259 694 4305 contra
737 4250 1042 4308 insensatos
1067 4252 1220 4326 (Sap.
1252 4254 1330 4326 v).
1365 4275 1385 4310 ι
1414 4256 1550 4312 Hinc
1579 4273 1792 4328 quoque
1819 4275 1916 4330 per
1940 4259 2088 4314 Psal-

511 4341 726 4396 mistam
751 4341 967 4399 dicitur.
997 4363 1016 4396 ι
1035 4344 1202 4416 Ignis,
1228 4347 1454 4418 grando,
1487 4349 1598 4415 nix,
1628 4351 1844 4422 glacies,
1863 4353 2087 4422 spiritus

506 4432 886 4501 procellarum,
913 4433 1118 4490 faciunt
1139 4439 1361 4494 verbum
1379 4439 1495 4508 ejus
1514 4441 1685 4513 (Paul.
1701 4443 1942 4515 CXLVIII).
1965 4463 1985 4496 ι
2019 4445 2086 4500 Et

2192 3254 2372 3309 lumen
2413 3270 2590 3310 suum.
2634 3255 3044 3324 Putandumque
3091 3263 3176 3310 est
3205 3255 3495 3311 obsidionis
3519 3261 3721 3322 tempore

2188 3345 2401 3414 pluvias
2435 3361 2542 3400 non
2575 3344 2740 3400 luisse
2763 3385 2780 3410 ,
2827 3353 2889 3399 ut
2924 3344 3272 3400 sterilitatem
3304 3343 3498 3400 obsessi
3525 3341 3721 3398 sustine-

2189 3441 2310 3488 rent
2361 3450 2533 3504 aqum.
2595 3433 2715 3489 Uno
2771 3435 2968 3506 quippe
3012 3434 3161 3490 fonte
3209 3434 3360 3490 Siloe
3407 3442 3462 3489 et
3505 3434 3598 3487 hoc
3633 3444 3718 3484 non

2189 3533 2450 3593 perpetuo
2480 3524 2650 3579 utitur
2670 3524 2886 3587 civitas,
2909 3533 2966 3578 et
2991 3539 3160 3594 usque
3193 3525 3248 3578 in
3275 3531 3578 3594 praesentem
3603 3519 3720 3574 diem

2190 3615 2450 3670 sterilitas
2489 3616 2792 3686 pluviarum
2845 3630 2951 3670 non
2989 3615 3163 3670 solum
3211 3617 3443 3688 frugum,
3477 3617 3564 3670 sed
3589 3621 3634 3668 et
3653 3605 3722 3665 bi—

2187 3703 2350 3758 bendi
2379 3703 2614 3774 inopiam
2645 3703 2794 3759 facit.

2263 3811 2282 3842 ι
2325 3793 2486 3846 Luxit
2509 3794 2691 3848 Judaaa
2726 3793 2851 3864 (sive
2884 3793 3045 3866 Juda)
3068 3835 3082 3859 ,
3109 3803 3163 3850 et
3191 3804 3362 3865 porta:
3386 3796 3500 3866 eius
3537 3804 3721 3850 corrue-

2193 3902 2212 3936 ι
2261 3893 2388 3939 runt
2433 3884 2557 3955 (sive
2594 3900 2777 3940 vacuae
2814 3884 2972 3944 facta:
3012 3885 3186 3957 sunt),
3227 3895 3284 3941 et
3317 3879 3723 3951 obscurataepivc

2194 3995 2212 4025 ‹
2256 3973 2681 4046 contenebratm)
2722 3984 2848 4029 sunt
2886 3989 3050 4044 super
3105 3982 3331 4040 terram,
3360 3982 3414 4029 et
3443 3973 3629 4028 clamor
3649 3966 3723 4024 Je-

2195 4085 2214 4116 ο
2257 4065 2489 4122 rusalem
2522 4065 2784 4120 ascendit.
2819 4063 3051 4132 Maiores
3083 4063 3198 4134 ejus
3236 4067 3497 4120 miserunt
3520 4061 3723 4117 minores

2193 4175 2211 4208 ι
2255 4157 2382 4227 (sive
2403 4153 2668 4226 iuniores)
2701 4169 2828 4210 suos
2874 4155 2943 4210 ad
2970 4169 3184 4224 aquam,
3235 4161 3494 4210 venerunt
3525 4153 3586 4207 ad
3612 4152 3723 4205 hau-

2195 4263 2218 4295 ‹
2261 4244 2506 4299 ricndum
2557 4243 2692 4314 (sive
2742 4245 2811 4299 ad
2854 4245 3108 4316 puteos),
3161 4255 3220 4300 et
3267 4261 3372 4300 non
3441 4244 3723 4300 invenerunt

2193 4354 2212 4385 ι
2257 4350 2452 4404 aquam
2478 4375 2493 4400 ,
2550 4343 2962 4405 reportaverunt
3016 4351 3145 4390 vasa
3192 4351 3290 4391 sua
3320 4329 3720 4391 vacua.Conl'usi

2195 4445 2212 4474 ι
2255 4431 2464 4479 suntet
2489 4424 2673 4480 alﬂicti
2718 4425 2857 4496 (sire
2897 4427 3284 4500 crubuer’unt),
3331 4436 3387 4482 et
3425 4426 3724 4496 operuerunt

509 4521 660 4576 item:
696 4522 946 4588 tOmnia,
982 4525 1522 4600 inquit,quaecunque
1545 4531 1660 4586 vult
1687 4533 1834 4598 facit,
1861 4533 1914 4588 iu
1949 4533 2086 4590 coelo

2195 4535 2213 4568 ι
2255 4517 2434 4586 capita
2459 4531 2577 4582 sua,
2604 4525 2830 4586 propter
2855 4524 3015 4572 terra:
3039 4518 3351 4574 vastitatem
3367 4518 3488 4590 (sive
3505 4524 3556 4570 et
3579 4525 3721 4583 opera

507 4619 564 4666 et
596 4611 650 4666 in
682 4619 847 4677 terra,
879 4613 933 4668 in
962 4629 1132 4680 mare,
1163 4618 1290 4672 etin
1319 4619 1570 4674 omnibus
1596 4621 1858 4692 abyssis.»
1895 4622 2085 4677 Proin-

507 4701 576 4757 de
604 4700 858 4772 populum
909 4701 1218 4760 Judaiorum
1252 4707 1583 4764 viriditatem
1624 4717 1785 4765 recta:
1821 4710 1944 4766 lidei
1975 4726 2081 4766 non

507 4793 816 4858 habentem,
838 4801 896 4848 et
921 4793 1186 4849 bonorum
1235 4809 1457 4867 operum
1507 4797 1772 4854 lmctibus
1820 4801 2083 4865 sterilem,

505 4885 668 4940 etiam
719 4884 771 4939 in
804 4895 1069 4956 prmsente
1098 4883 1382 4957 propheta,
1405 4904 1510 4944 non
1533 4897 1743 4946 tantum
1765 4892 1944 4947 hostili
1975 4893 2087 4962 gla-

505 4975 615 5041 dio,
645 4991 832 5030 verum
858 4975 1022 5032 etiam
1048 4978 1192 5032 aeris
1217 4980 1614 5048 permutatione
1655 4980 1850 5051 legitur
1892 4985 2080 5040 verbe-

508 5082 677 5132 rasse,
708 5067 776 5124 de
805 5083 914 5140 quo
943 5083 1086 5125 nunc
1113 5069 1328 5124 dicitur.

1093 5199 1321 5257 CAPUT
1350 5201 1487 5258 XIV.

505 5287 582 5344 De
601 5291 984 5366 iuopiaphrpiw
1002 5309 1098 5348 rex
1119 5295 1474 5366 prcnilentium
1499 5311 1518 5348 :
1544 5295 1817 5350 obstinatis
1840 5312 1942 5349 non
1961 5312 2082 5366 pro-

574 5361 697 5414 sunt
714 5361 924 5482 {ejunia
949 5373 998 5417 et
1039 5361 1214 5434 preces
1235 5381 1256 5432 ,°
1291 5363 1460 5418 luctus
1489 5376 1698 5436 propter
1725 5361 2082 5420 contritio'nem

575 5446 711 5485 norm
739 5433 778 5485 i.
802 5440 910 5485 etc.
2007 5482 2012 5485 -

575 5446 778 5499 populi,
802 5446 910 5485 etc.

1991 5482 2012 5503 Ι

581 5536 600 5568 ε
643 5519 797 5586 Quod
824 5519 1025 5578 factum
1069 5533 1154 5580 est
1184 5527 1408 5582 verbum
1449 5525 1659 5581 Domini
1696 5526 1762 5580 ad
1793 5524 2082 5580 Jcremiam

509 5623 534 5653 ο
575 5606 640 5661 de
675 5611 1020 5668 sermonibus
1053 5615 1335 5672 siccitatis.
1370 5636 1389 5669 ι
1417 5615 1686 5688 (Ηὶενοη.)
1717 5609 1813 5670 irae
1839 5615 1936 5670 Dei
1965 5615 2086 5670 uni-

510 5709 662 5752 versa
709 5702 1075 5768 consentiunt,
1127 5705 1267 5760 unde
1313 5715 1368 5760 ct
1423 5707 1500 5762 sol
1558 5722 1720 5776 super
1770 5715 2088 5776 peccatores

2192 4627 2211 4659 ι
2253 4616 2432 4672 terrae,
2463 4608 2716 4678 quoniam
2759 4607 3092 4681 deiecerunt)
3116 4649 3132 4675 ,
3162 4611 3291 4680 quia
3321 4625 3425 4666 non
3455 4607 3592 4664 venit
3611 4603 3722 4676 (sive

2192 4718 2211 4751 ‹
2251 4715 2358 4755 non
2387 4699 2526 4771 erat)
2576 4699 2756 4771 pluvia
2787 4714 2946 4770 super
2979 4706 3196 4754 terram.
3221 4699 3442 4756 Conlusi
3465 4705 3581 4753 sunt
3599 4693 3722 4766 agri-

2193 4811 2210 4844 ι
2255 4793 2386 4849 colae
2411 4832 2426 4857 ,
2478 4799 2809 4862 operuerunt
2831 4794 3005 4861 capita
3035 4807 3154 4848 sua.
3188 4813 3208 4845 ι
3243 4792 3506 4862 Tempore
3537 4786 3724 4844 siccita-

2188 4882 2257 4938 tis
2283 4922 2298 4948 ,
2326 4881 2540 4951 quando
2594 4879 2790 4935 famem
2835 4881 3040 4950 patitur
3091 4879 3378 4936 multitudo
3411 4875 3645 4934 audiendi
3677 4880 3724 4927 et

2185 4971 2426 5026 discendi
2467 4985 2768 5025 sermonem
2803 4970 2921 5036 Dei,
2973 4969 3120 5042 luget
3153 4969 3358 5032 Judaaa,
3408 4969 3597 5025 cultum
3641 4961 3721 5020 Dei

2185 5060 2336 5130 prius
2364 5061 2563 5115 habere
2589 5075 2647 5115 se
2677 5059 2910 5130 iactans,
2933 5068 2990 5115 et
3021 5059 3414 5116 confessionem
3439 5073 3574 5114 vera:
3595 5053 3718 5111 ﬁdei.

2188 5152 2468 5222 Portaeque
2515 5152 2633 5222 eius
2681 5153 2766 5206 vel
2805 5161 3120 5214 vacuantur,
3157 5153 3242 5208 vel
3284 5163 3537 5207 corruunt
3567 5168 3580 5202 :
3607 5159 3720 5216 quas

2186 5245 2253 5297 ad
2281 5257 2472 5301 sensus
2500 5242 2705 5298 referre
2725 5243 3000 5310 debemus,
3048 5259 3146 5314 per
3189 5259 3327 5312 quos
3355 5244 3542 5297 anima:
3565 5235 3720 5295 conci-

2187 5335 2332 5404 pitur
2356 5331 2658 5402 disciplina.
2713 5331 2862 5387 Tunc
2907 5332 3264 5388 obscurantur
3288 5333 3466 5388 omnia
3494 5339 3546 5384 et
3570 5323 3717 5382 invol-

2188 5435 2387 5480 vuntur
2435 5425 2696 5490 tenebris,
2741 5434 2798 5480 ct
2824 5441 3162 5496 nequaquam
3203 5426 3258 5481 in
3285 5423 3575 5480 Jerusalem
3604 5416 3718 5474 ratio

2185 5527 2376 5590 regnat
2419 5526 2474 5573 et
2512 5533 2691 5572 sermo
2731 5519 3009 5582 doctrinm,
3043 5521 3136 5574 sed
3163 5519 3370 5574 clamor
3406 5526 3460 5571 ct
3485 5509 3712 5570 οοηίιιεὶο·

2185 5610 2415 5681 Maiores
2438 5625 2652 5680 quoque
2685 5611 2796 5680 qui.
2826 5610 3086 5666 deberent
3135 5610 3230 5682 ipsi
3270 5622 3492 5681 pergere
3517 5603 3580 5659 ad
3605 5601 3718 5696 hall:

2187 5705 2404 5766 ricudas
2431 5721 2618 5777 aquas,
2648 5706 2870 5763 mittunt
2897 5704 3163 5774 iuniores,
3207 5703 3260 5758 in
3285 5698 3591 5772 quibusdam
3612 5699 3712 5744 cant
