4022 6186
256 384 375 444 917

1196 386 1556 443 EXl‘OSl'l'lO
1594 388 1813 443 SUPER
1852 383 2219 440 Jl‘lllliMiAM.
2268 414 2330 422 —
2365 383 2488 436 LIB.
2538 382 2642 437 Vll.

3444 386 3552 441 913

255 501 568 572 sapientiae,
614 499 668 554 in
713 498 1033 570 quihusdam
1064 500 1184 552 cani
1235 515 1340 553 non
1388 511 1512 554 sunt
1550 500 1850 570 sapientiai,
1884 504 1931 559 Α
1960 496 2150 565 ceptis,
2182 496 2660 563 compaticutes-in
2692 493 3118 559 infirmitatibus,
3156 493 3207 547 in
3255 495 3411 549 minis
3443 507 3548 551 ter-

252 604 315 650 et
338 594 544 648 idcirco
572 590 891 643 veniuutad
923 596 1112 658 puteos
1148 597 1204 642 et
1232 606 1357 645 non-
1378 590 1662 645 inveniunt
1690 605 1859 658 aquas

253 699 401 754 quas
436 681 783 751 patriarchas
822 679 1094 734 invenisse
1147 688 1333 734 narrat
1374 680 1617 735 historia.
1648 670 1859 749 Repor-

256 780 380 828 tant
409 787 538 825 vasa
589 786 685 825 sua
726 783 920 833 vacua,
960 767 1208 836 iuniores
1253 768 1525 831 videlicet,
1573 784 1674 822 non
1711 768 1857 838 quod

252 879 423 933 aqua?
454 877 564 917 non
606 861 850 923 fuerint,
904 862 997 914 sed
1022 860 1166 928 quod
1205 859 1280 913 illi
1320 859 1561 914 invenire
1600 874 1705 913 non
1757 875 1855 929 po-

256 957 487 1011 tuerint.
511 975 529 1007 ι
560 954 783 1009 Confusi
810 964 933 1009 sunt
968 963 1024 1008 et
1052 954 1258 1015 afﬂicti,
1286 953 1401 1008 sive
1438 954 1774 1007 erulnierunt
1800 958 1854 1005 et

250 1058 593 1119 operuerunt
615 1046 934 1116 capita-sua,
950 1065 967 1092 ι
990 1045 1114 1113 quia
1143 1061 1247 1098 non
1263 1043 1708 1112 poterantdiccrc
1730 1058 1853 1096 eum

251 1138 551 1209 Apostolo:
579 1158 599 1189 ς
620 1137 729 1193 Nos
758 1147 938 1195 autem
969 1152 1160 1190 omnes
1192 1136 1428 1191 revelata
1465 1135 1601 1189 facie
1624 1134 1852 1204 gloriam

256 1231 478 1285 Domini
524 1228 956 1298 contemplan'mr
985 1227 1068 1297 (,II
1098 1227 1219 1282 Cor.
1272 1228 1352 1297 ii).
1390 1249 1406 1277 ι
1442 1226 1669 1296 Propter
1698 1236 1855 1278 tcrr:e

252 1321 596 1384 vastitatem,
627 1321 744 1374 sive
773 1330 829 1374 et
857 1328 1015 1373 terrae
1038 1335 1203 1389 opera
1231 1319 1565 1384 defecerunt,
1604 1335 1698 1387 per
1737 1332 1855 1386 qua:

253 1416 325 1468 ad
365 1415 462 1469 Dei
511 1413 761 1468 notitiam
804 1413 1080 1482 pergimus
1136 1430 1146 1465 :
1202 1427 1477 1480 causaque
1523 1411 1805 1480 perspicua
1837 1450 1851 1469 .

250 1504 387 1574 quia
443 1517 551 1555 non
605 1501 753 1556 venit
789 1501 975 1571 pluvia
1007 1515 1169 1569 super
1210 1510 1429 1553 terram.
1488 1519 1503 1548 ι
1544 1498 1851 1552 Mandatum

252 1604 342 1649 est
383 1596 584 1664 quippe
617 1593 868 1654 nubilms,
903 1608 969 1645 ne
1001 1590 1245 1661 pluercnt
1273 1606 1437 1663 super
1478 1605 1596 1643 eam
1627 1589 1850 1643 imbrem

252 1685 309 1756 (1
316 1703 399 1740 sa.
426 1685 500 1756 v).
524 1704 544 1736 ι
577 1684 839 1754 Agricolae
866 1697 1082 1753 quoque
1106 1723 1119 1745 ,
1144 1697 1375 1752 quorum
1408 1697 1549 1735 unus
1573 1680 1809 1750 loquitur
1835 1698 1847 1731 :

258 1795 277 1827 ι
317 1775 417 1829 Dei
447 1773 777 1842 agricultura
800 1814 814 1835 ,
864 1774 958 1828 Dei
993 1772 1278 1827 mililicatio
1303 1772 1436 1826 estis
1477 1770 1494 1840 (
1522 1769 1542 1822 Ι
1573 1768 1695 1824 Cor.
1725 1770 1807 1837 ιιι)
1835 1785 1849 1833 ;

1964 586 2183 646 ribilcs,
2236 587 2286 639 in
2327 585 2795 640 exhortationibus
2852 585 3067 649 blandi,
3117 586 3169 638 iu
3215 588 3549 643 Ostendendo

1962 678 2271 748 magisterio
2326 678 2591 743 humiles,
2642 678 2695 731 in
2764 693 2941 731 rerum
2993 676 3369 745 temporalium
3420 693 3549 733 cou-

1960 778 2167 837 temptu
2216 770 2569 831 dauuiantcs,
2648 769 2714 822 in.
2772 767 3065 822 tolerandis
3134 768 3549 823 advcrs‘tatilnis

1959 858 2116 930 rigidi
2154 877 2164 912 :
2196 867 2250 913 et
2281 868 2460 913 tamen
2501 860 2627 913 dum
2679 860 2820 912 vires
2872 875 3000 913 suas
3034 857 3253 912 sibimet
3305 876 3409 912 non
3456 859 3547 913 tri-

1958 952 2131 1004 buunt
2171 951 2437 1015 firmiter,
2485 951 2830 1020 quantussit
2876 951 2954 1004 eis
2993 950 3185 1016 dolor,
3232 951 3298 1004 de
3349 952 3545 1005 caden—

1959 1044 2102 1098 tibus
2150 1052 2386 1114 quantus
2429 1044 2493 1099 de
2523 1044 2792 1098 stantibus
2836 1043 2998 1097 timor
3028 1084 3039 1107 ,
3069 1060 3176 1112 quo
3206 1044 3416 1098 fervore
3445 1044 3548 1098 alia

1956 1133 2179 1202 adipisci
2213 1143 2489 1202 appetunt,
2524 1150 2632 1202 quo
2664 1148 2865 1200 pavore
2890 1132 2991 1185 alia
3024 1135 3276 1203 adempta
3323 1150 3546 1188 conscr-

1958 1236 2101 1280 vaut.
2162 1222 2296 1292 Quia
2344 1241 2474 1296 ergo
2535 1240 2925 1296 perpaucorum
2983 1234 3067 1279 cst
3117 1226 3217 1279 ista
3272 1242 3542 1295 [tf‘lls.tt‘n,

1958 1316 2091 1368 bene
2116 1318 2162 1368 ei
2192 1316 2390 1369 dicitur
2417 1333 2429 1369 :
2461 1316 2543 1369 vel
2571 1316 2935 1385 parturientes
2980 1332 3170 1369 cervas
3212 1315 3506 1371 observasti
3532 1320 3547 1369 ἰ

1957 1406 2096 1460 Nihil
2154 1424 2280 1461 vero
2320 1406 2503 1461 obstat
2547 1407 2690 1475 quod
2722 1406 2880 1461 verba
2923 1407 3072 1460 Deus
3110 1407 3176 1461 (l0
3233 1405 3548 1461 doctm'ibits

1959 1495 2160 1551 faciens
2210 1514 2313 1551 non
2362 1513 2677 1561 cervorum,
2732 1497 2826 1550 sed
2874 1511 3157 1550 cervarum
3218 1511 3311 1552 eos
3366 1499 3544 1566 specie

1956 1587 2225 1658 designat,
2252 1588 2378 1656 quia
2409 1587 2663 1640 nimirum
2691 1585 2763 1640 illi
2797 1602 2918 1642 vere
2946 1587 3197 1641 doctores
3239 1599 3363 1641 sunt
3394 1630 3404 1651 ,
3452 1589 3545 1657 qui

1956 1697 2076 1735 cum
2099 1697 2196 1749 per
2219 1678 2456 1750 vigorem
2483 1679 2779 1750 disciplinae
2816 1690 2997 1750 patres
3025 1681 3134 1733 sint
3155 1722 3167 1743 ,
3202 1697 3297 1749 per
3327 1681 3546 1750 pictatis

1955 1774 2160 1828 viscera
2200 1788 2318 1827 esse
2348 1780 2549 1825 matres
2590 1780 2878 1832 noverunt,
2925 1788 3045 1840 qua:
3086 1772 3295 1825 l’tiKH'tES
3340 1781 3541 1828 sancta:

250 1872 316 1917 et
338 1864 397 1918 in
431 1863 537 1916 alio
570 1862 690 1916 loco
719 1880 732 1916 :
771 1882 788 1911 ε
827 1862 921 1916 Dei
946 1871 1326 1930 eooln'ri'atOI'cs
1376 1876 1598 1923 stltmlS.
1640 1880 1657 1911 ι
1714 1875 1847 1929 θριξ-
1884 1854 1923 1912 Β
1952 1864 2319 1934 conecptionis
2351 1862 2600 1926 tolerant,
2631 1871 2685 1916 et
2715 1862 3066 1930 proferendos
3092 1862 3198 1916 Deo
3238 1862 3541 1918 tiliosintra

253 1954 413 2008 riunt
467 1963 633 2023 caput
687 1968 845 2006 suum
883 1962 938 2006 ct
984 1952 1426 2013 confunduntur,
1488 1951 1851 2023 iutelligcntes

249 2045 381 2098 sine
410 2044 500 2097 Dei
525 2043 693 2113 gratia
724 2052 779 2096 et
810 2042 1081 2112 adjutorio
1107 2042 1307 2097 frustra
1335 2057 1394 2096 se
1433 2040 1676 2095 tendere.

333 2153 354 2185 σ
379 2132 510 2187 Nam
528 2143 583 2187 et
605 2149 770 2188 cerva
791 2133 917 2202 (ευρ
940 2133 1139 2202 cerva')
1165 2134 1216 2187 in
1236 2149 1365 2203 agro
1380 2132 1596 2203 peperit
1618 2130 1743 2203 (sive
1756 2147 1850 2201 pe-

250 2225 566 2294 pererunt);
592 2234 655 2278 et
674 2224 889 2292 reliquit
911 2224 1037 2290 (sive
1054 2224 1571 2294 reliquerunt),quia
1601 2239 1706 2278 non
1732 2234 1851 2278 erat

252 2313 483 2366 herba.»
504 2312 710 2384 (Greg.)
741 2313 866 2368 llaec
893 2314 1161 2367 sententia
1195 2314 1260 2367 dc
1296 2313 1614 2369 doctoribus
1642 2313 1851 2383 genitos

251 2404 402 2458 ﬁlios
428 2405 642 2457 incaute
665 2405 1059 2464 deserentibus,
1092 2404 1293 2458 dicitur
1318 2419 1333 2458 :
1357 2405 1493 2459 bene
1520 2419 1649 2473 ergo
1674 2419 1850 2459 cerva:

249 2496 514 2550 doctores
555 2495 939 2549 assimilautur.
986 2495 1117 2550 Nam
1150 2498 1409 2551 doctores
1449 2497 1624 2551 sancti
1651 2537 1666 2557 ,
1702 2510 1851 2550 more

251 2601 551 2640 cervarum
597 2586 936 2656 interemptis
971 2586 1160 2651 vitiis,
1201 2586 1357 2655 quasi
1390 2586 1677 2641 exstinctis
1737 2600 1851 2641 ser-

247 2677 518 2748 pentibus
547 2677 750 2740 vivuut,
779 2688 836 2732 et
864 2679 931 2732 de
961 2678 1073 2747 ipsa
1100 2678 1461 2732 exstinctione
1485 2677 1739 2732 vitiorum
1784 2678 1851 2731 ad

253 2768 468 2821 fontem
517 2767 645 2822 vitai
691 2767 870 2822 aerius
930 2768 1300 2823 inardescunt.
1358 2766 1513 2823 Unde
1563 2768 1850 2823 Psalmista

252 2858 336 2914 ait
370 2876 385 2913 :
422 2877 448 2909 ε
478 2857 629 2913 Sicut
657 2859 933 2914 desiderat
980 2874 1173 2914 cervus
1207 2860 1274 2913 ad
1305 2859 1482 2914 fontes
1535 2875 1798 2927 aquarum
1833 2900 1851 2926 ,

255 2949 336 3003 ita
386 2949 662 3004 desiderat
694 2951 872 3004 anima
912 2966 1033 3004 mea
1055 2951 1122 3006 ad
1156 2960 1227 3017 tc,
1264 2951 1404 3006 Deus
1429 2952 1604 3023 (Paul.
1656 2952 1845 3014 χιιι)...

253 3038 367 3108 Ipsi
407 3039 575 3093 etiam
612 3040 741 3094 dum
782 3039 1017 3095 labentia
1069 3041 1233 3111 hujus
1276 3041 1694 3110 temporalitatis
1731 3057 1848 3097 mo-

253 3137 464 3191 menta,
492 3131 646 3199 quasi
675 3132 1152 3200 quaedamtlumina
1177 3141 1480 3199 transeunt,
1508 3133 1846 3203 eompatien-

1956 1965 2165 2009 uterum
2208 1954 2489 2010 charitatis
2535 1961 2771 2022 portant.
2818 1950 2875 2005 In
2930 1952 3136 2006 edenda
3203 1954 3345 2008 enim
3390 1956 3544 2029 prole.

1956 2044 2184 2114 amplius
2216 2054 2417 2099 matres
2456 2043 2703 2097 laborant
2725 2058 2844 2110 qtae
2880 2049 3213 2096 crescentem
3260 2044 3395 2098 intra
3426 2055 3541 2100 nte.-

1957 2150 2075 2189 rmn
2116 2133 2522 2203 conceptionem
2573 2133 2731 2203 longo
2772 2135 3042 2186 mensium
3092 2143 3331 2201 tempore
3382 2135 3543 2188 susti-

1956 2234 2106 2289 nent,
2131 2233 2185 2280 ct
2212 2240 2331 2293 qua:
2360 2240 2426 2279 ex
2450 2234 2603 2278 utero
2634 2223 3016 2293 procedentem
3050 2240 3154 2277 non
3191 2225 3305 2278 sine
3340 2226 3545 2294 magnis

1957 2318 2231 2373 doloribus
2256 2318 2502 2387 deponat;
2514 2327 2549 2371 t.

2030 2426 2047 2457 ι
2081 2407 2628 2475 Etouagristcteruut
2659 2407 2710 2461 iu
2743 2408 2983 2478 rupibus,
3014 2416 3295 2462 traxerunt
3322 2417 3535 2462 ventum

1955 2497 2108 2566 quasi
2163 2498 2450 2562 dracones,
2510 2499 2824 2554 defecerunt
2863 2500 3003 2555 oculi
3035 2516 3249 2563 eorum,
3281 2501 3402 2569 quia
3438 2518 3540 2554 non

1954 2596 2074 2642 erat
2121 2587 2285 2642 herba
2330 2588 2456 2659 (sire
2494 2588 2720 2659 fcnmu).
2760 2608 2777 2640 ι
2816 2589 3087 2662 (Hieron)
3127 2590 3360 2645 Grandis
3388 2603 3544 2644 sier;-

1958 2678 2101 2743 litas,
2135 2679 2353 2748 quando
2401 2687 2450 2734 et
2490 2695 2666 2734 cervae
2714 2680 2766 2734 in
2811 2695 2939 2751 agro
2974 2682 3233 2751 pariunt,
3266 2690 3317 2734 et
3376 2681 3540 2734 relin-

1955 2782 2127 2843 quunt
2172 2773 2311 2828 fetus
2350 2789 2508 2837 suos,
2556 2773 2812 2841 quianon
2844 2775 2914 2827 sit
2944 2773 3108 2828 herba
3168 2773 3253 2826 vel
3305 2773 3484 2826 fenum
3523 2812 3538 2838 ,

1958 2873 2016 2920 ut
2066 2880 2187 2934 qum
2229 2864 2397 2919 odore
2436 2864 2647 2918 uarium
2696 2870 2978 2934 serpentes
3022 2865 3319 2918 extrahunt
3351 2865 3417 2919 de
3444 2881 3528 2921 ea-

1955 2955 2155 3019 vernis,
2188 2964 2243 3010 et
2274 2966 2533 3010 venenata
2574 2955 2905 3009 interficiunt
2934 2955 3250 3017 animantia,
3273 2955 3398 3009 cibo
3422 2972 3543 3025 gra-

1960 3046 2046 3097 tia:
2076 3060 2181 3097 non
2212 3051 2452 3097 utantur.
2486 3043 2684 3114 Onagri
2718 3059 2951 3113 quoque,
2972 3041 3038 3098 de
3066 3044 3262 3113 quibus
3285 3045 3544 3114 scriptum

1957 3143 2043 3188 est
2078 3153 2088 3186 :
2128 3152 2146 3183 ι
2181 3132 2314 3200 Quis
2342 3133 2547 3187 dimisit
2592 3134 2644 3187 in
2692 3133 2982 3188 solitudine
3016 3149 3279 3205 onagrum
3315 3134 3542 3188 liberum

256 3232 345 3276 tes
371 3197 638 3276 cbaritate
677 3197 841 3277 onera
900 3238 995 3277 sua
1026 3223 1129 3278 sibi
1169 3223 1398 3279 invicem
1438 3197 1805 3294 superponunt
1833 3266 1847 3289 ,
1880 3197 1923 3257 (ἶ
1959 3224 2100 3293 (Job.
2145 3197 2375 3294 xxix“)?
2410 3242 2427 3275 ι
2464 3223 2621 3293 plana
2646 3232 2702 3277 et
2731 3224 3059 3293 campestria
3128 3197 3495 3293 relinquentes
3526 3265 3539 3286 .

254 3310 388 3379 quia
417 3317 577 3365 cauta
623 3312 1005 3368 observatione
1061 3314 1376 3369 custodiunt
1424 3315 1477 3368 id
1520 3316 1667 3384 quod
1715 3331 1851 3370 scri-

253 3408 531 3471 ptum'est
565 3418 579 3454 :
617 3420 635 3452 i
679 3401 914 3457 Invicem
943 3418 1110 3457 onera
1150 3412 1329 3459 vestra
1365 3412 1579 3474 portate
1610 3445 1625 3468 ,
1669 3414 1725 3460 et
1772 3405 1852 3461 sic

254 3494 847 3564 adimplebitis-legcm
905 3496 1103 3550 Christi
1168 3494 1313 3567 (Gal.
1372 3496 1465 3566 vi).
1500 3516 1517 3547 ι
1569 3497 1706 3554 Hinc
1757 3514 1853 3568 per

254 3583 367 3639 Job
402 3585 641 3640 dicitur:
671 3605 689 3637 ι
726 3586 976 3655 Nunquid
1008 3586 1148 3640 nosti
1175 3594 1385 3655 tempus
1412 3595 1600 3656 partus
1621 3588 1692 3643 ibi
1728 3604 1850 3644 cum

255 3680 314 3733 in
354 3686 541 3747 petris,
560 3678 641 3733 vel
672 3679 1037 3748 parturientes
1062 3694 1256 3733 cervas
1278 3680 1619 3734 observasti?
1650 3700 1669 3732 ι
1705 3679 1849 3752 (Job.

256 3768 449 3840 xviii.)
505 3768 797 3823 Meridiana
836 3785 963 3839 pars
1015 3769 1182 3824 ibices
1210 3785 1336 3824 aves
1375 3780 1569 3835 vocat,
1594 3786 1716 3841 quze
1748 3771 1850 3826 Nili

257 3858 488 3912 ﬂuentis
539 3858 883 3912 inhabitant:
918 3859 1201 3914 orientalis
1239 3876 1366 3915 vero
1396 3861 1853 3931 occidentalisquc

253 3946 418 4016 plaga
460 3960 625 4014 parva
666 3946 1037 4016 quadrupedia
1062 3948 1229 4004 ibiccs
1251 3950 1532 4012 nominat,
1558 3950 1756 4017 quibus
1799 3959 1854 4005 et

255 4034 436 4089 moris
459 4041 538 4087 est
572 4034 626 4087 iu
656 4035 826 4102 petris
852 4051 1044 4105 parere
1064 4078 1078 4101 ,
1106 4039 1232 4107 quia
1258 4043 1432 4108 neipie
1452 4039 1631 4093 sciunt
1662 4039 1763 4095 nisi
1797 4040 1851 4095 in

253 4122 437 4192 petris
463 4121 728 4177 habitare.
772 4124 903 4190 Quae
929 4125 973 4179 si
1016 4127 1234 4195 quando
1255 4129 1422 4182 etiam
1451 4129 1519 4183 de
1543 4130 1667 4185 altis
1693 4145 1853 4186 cacu-

259 4213 505 4268 minibus
533 4228 790 4269 saxorum
829 4226 1027 4279 ruunt,
1058 4218 1111 4272 in
1149 4219 1265 4274 suis
1302 4236 1361 4276 se
1401 4221 1661 4277 cornibus
1684 4222 1850 4278 illaesa

257 4307 590 4376 suscipiunt,
622 4317 786 4377 caput
813 4310 1011 4379 quippe
1041 4321 1261 4364 ruentes
1297 4311 1517 4376 feriunt,
1549 4311 1707 4380 cujus
1723 4312 1851 4367 dum

258 4397 441 4466 prima
472 4413 678 4452 cornua
707 4408 1014 4469 opponunt,
1062 4400 1121 4454 lit
1145 4416 1306 4455 omne
1343 4418 1542 4472 corpus
1585 4420 1613 4456 a
1636 4401 1852 4471 jactura

256 4504 428 4543 casus
468 4488 726 4542 alienum.
767 4492 1065 4545 Cervarum
1125 4505 1339 4560 quoque
1370 4492 1535 4546 moris
1583 4502 1667 4548 est
1699 4534 1715 4558 ,
1772 4494 1851 4548 iu-

256 4589 457 4631 ventos
501 4587 780 4647 serpentes
849 4581 1235 4650 exstinguere,
1265 4596 1563 4650 eorumque
1608 4584 1849 4637 membra

259 4670 539 4724 morsibus
583 4670 867 4725 dilaniarc.
907 4670 1099 4726 Fertur
1139 4682 1352 4736 autem,
1388 4673 1511 4740 quia
1545 4673 1590 4727 si
1637 4675 1856 4743 quando

259 4757 486 4813 ﬂumina
539 4767 866 4825 transeunt,
908 4760 1145 4829 capitum
1195 4778 1416 4817 suorum
1462 4780 1629 4819 onera
1677 4765 1856 4822 dorsis

255 4851 687 4920 praecedentium
715 4861 1118 4921 superponunt,
1148 4853 1360 4924 sibique
1402 4853 1630 4910 invicem
1663 4873 1852 4913 succc-

260 4943 459 4997 dentcs
486 4941 725 4996 laborem
755 4944 1010 5012 ponderis
1037 4947 1261 4999 omnino
1290 4962 1397 5001 non
1420 4949 1681 5003 sentiunt.
1718 4947 1851 5003 Par-

261 5031 532 5087 turientes
570 5032 716 5085 enim
765 5049 956 5090 cervas
998 5036 1295 5092 observare
1321 5047 1405 5093 est
1438 5056 1452 5093 :
1485 5039 1605 5094 illos
1643 5040 1855 5096 labores

259 5134 506 5195 patrum,
550 5126 641 5194 qui
686 5127 957 5197 spiritales
997 5130 1137 5185 ﬁlios
1164 5140 1442 5201 generant,
1470 5142 1627 5188 cauta
1674 5135 1853 5188 consi-

258 5219 547 5273 deratione
582 5234 831 5287 pensare.
887 5219 1126 5278 Solerter
1161 5224 1360 5293 quippe
1387 5223 1704 5280 intuendum
1730 5235 1813 5280 est
1837 5268 1850 5287 .

260 5311 413 5379 «illud
441 5311 529 5365 hic
550 5327 731 5366 sermo
761 5320 871 5365 tam
904 5313 1190 5383 vigilanter
1216 5315 1566 5386 imprimitur,
1598 5325 1658 5370 ut
1702 5316 1850 5371 dica-

263 5412 377 5466 tur,
406 5401 745 5457 observasti?
769 5405 907 5470 Quia
946 5405 1132 5474 utique
1175 5420 1567 5477 perpaucorum
1604 5416 1691 5463 est
1725 5424 1853 5477 peu—

261 5508 418 5555 sare,
432 5493 522 5561 qui
549 5493 704 5547 labor
720 5495 792 5548 sit
812 5495 864 5548 in
891 5498 1361 5565 prmdieationibus
1381 5509 1620 5568 patrum,
1639 5502 1854 5569 quantis

261 5582 546 5640 doloribus
583 5587 736 5655 quasi
786 5588 1147 5657 quibusquam
1202 5592 1492 5648 conatibus
1540 5593 1748 5649 animas
1799 5593 1850 5647 in

266 5676 379 5729 fide
406 5684 456 5729 et
492 5680 904 5734 conversatione
959 5682 1268 5748 parturiunt
1314 5702 1325 5734 :
1379 5699 1543 5752 quam
1590 5694 1745 5738 cauta
1798 5700 1853 5738 se

262 5767 649 5823 observatione
676 5771 1137 5840 circumspiciunt,
1184 5782 1240 5826 ut
1282 5774 1388 5827 sint
1432 5774 1599 5831 fortes
1634 5773 1685 5827 in
1714 5791 1851 5841 piac-

1958 3319 2104 3366 stent
2138 3310 2192 3364 in
2222 3311 2445 3381 rupibus
2481 3320 2536 3367 et
2574 3325 2796 3366 currere
2839 3320 3140 3381 nequeant,
3173 3320 3229 3365 et
3269 3311 3546 3365 attrahunt

1955 3410 2175 3457 ventum
2230 3403 2283 3456 in
2341 3403 2636 3458 draconum
2688 3401 3132 3462 similitudinem,
3184 3401 3548 3470 deﬁciantque

1955 3494 2095 3548 oculi
2149 3510 2369 3559 eorum,
2416 3503 2470 3549 et
2512 3494 2721 3549 claram
2777 3493 2950 3547 lucem
2986 3508 3212 3547 cernere
3250 3500 3545 3561 nequeant.

1960 3583 2393 3639 ltationabilibus
2444 3584 2739 3639 subtractis
2783 3583 2947 3648 cibis,
2994 3583 3211 3638 siccitas
3254 3584 3367 3638 luce
3404 3598 3544 3652 δέρμα

1956 3675 2155 3730 accidit
2194 3675 2247 3729 in
2287 3674 2572 3739 ccclesiis,
2619 3674 2836 3744 quando
2867 3682 2921 3729 et
2946 3675 3094 3729 cervi
3139 3682 3193 3729 et
3239 3675 3425 3744 onagri
3465 3676 3547 3728 iii—

1956 3766 2247 3821 veniuntnr
2278 3765 2330 3820 in
2386 3765 2616 3835 populis,
2654 3772 2712 3818 et
2745 3764 3127 3832 magistrorum
3161 3765 3383 3832 penuria
3417 3781 3545 3819 con-

1960 3853 2269 3909 tabescuit.
2365 3854 2504 3910 Sunt
2579 3853 2670 3923 qui
2695 3860 2924 3922 possunt
2946 3852 3181 3915 discere,
3203 3861 3260 3905 et
3287 3867 3391 3906 non
3420 3861 3547 3906 sunt

1955 3944 2046 4014 qui
2078 3944 2290 4013 possint
2317 3943 2533 3998 docere.

2033 4053 2051 4085 ι
2096 4032 2153 4087 Si
2195 4032 2506 4102 iniquitates
2542 4039 2741 4085 nostra:
2794 4032 3173 4101 resliondcrint
3208 4030 3332 4103 (sire
3383 4031 3543 4085 resti-

1962 4146 1978 4175 ι
2025 4125 2206 4179 terintl
2234 4123 2388 4178 nobis
2414 4164 2428 4189 ,
2474 4123 2719 4186 Domine,
2762 4123 2848 4179 fac
2884 4134 3104 4193 propter
3137 4140 3327 4178 nomen
3370 4133 3543 4188 illittl:,

1962 4236 1981 4268 ι
2022 4216 2274 4288 quoniam
2318 4216 2499 4271 multa:
2544 4223 2670 4270 sunt
2700 4216 3016 4271 aversioncs
3052 4224 3250 4272 nostrae
3277 4215 3376 4284 (re!
3425 4232 3547 4284 pec-

1962 4330 1978 4360 ι
2025 4318 2146 4363 cata
2176 4307 2402 4379 nostra).
2435 4307 2552 4361 Tibi
2594 4308 2960 4376 peccavimus,
2991 4308 3324 4378 exspectatio
3357 4293 3540 4367 lsﬁiel,

1962 4419 1978 4450 ι
2022 4400 2257 4455 salvator
2298 4398 2414 4468 eius
2453 4401 2505 4453 in
2557 4406 2802 4468 tempore
2839 4398 3226 4453 tribulationis.
3265 4417 3284 4449 ι
3335 4397 3390 4451 Si
3448 4399 3539 4452 iiu-

1959 4489 2214 4553 bitamus,
2243 4505 2410 4558 quare
2434 4504 2539 4542 non
2565 4487 2903 4543 descendunt
2922 4487 3115 4558 pluviae
3137 4478 3541 4557 superterrani.

1959 4596 2129 4651 quare
2169 4590 2363 4635 cuncta
2399 4581 2652 4636 ariditate
2692 4590 3055 4649 marcescant,
3080 4580 3401 4635 audiamus:
3433 4581 3511 4636 lui

1957 4670 2194 4740 quitatcs
2208 4679 2405 4725 nostra:
2419 4670 2733 4726 restiterunt
2763 4671 2938 4738 nobis,
2968 4680 3273 4743 propterea,
3296 4671 3542 4726 Domine.

1961 4779 2064 4816 non
2104 4763 2398 4818 secundum
2425 4778 2587 4834 opera
2627 4772 2835 4830 nostra,
2878 4763 2972 4819 sed
3008 4765 3305 4820 secundum
3349 4780 3541 4818 nomen

1960 4864 2206 4912 sanctum
2252 4864 2403 4911 tuum
2450 4856 2607 4912 vince
2674 4856 2873 4911 multas
2932 4857 3247 4912 aversioncs
3308 4863 3543 4910 nostras.

1961 4947 2081 5003 Tibi
2125 4947 2270 5003 enim
2315 4949 2695 5017 peccavimus,
2744 4964 2907 5019 quem
2951 4948 3131 5004 cordis
3180 4956 3392 5002 secreta
3438 4961 3544 4998 non

1961 5038 2169 5105 fallunt,
2217 5050 2273 5095 et
2297 5049 2347 5094 te
2370 5040 2746 5110 prarstolamur
2771 5081 2785 5106 ,
2816 5041 2905 5110 qui
2936 5056 3065 5096 vera
3097 5055 3220 5109 spes
3250 5047 3305 5092 et
3348 5050 3512 5105 exspe

1959 5130 2129 5185 elatio
2154 5146 2212 5185 es
2243 5129 2425 5195 Israel,
2468 5138 2523 5184 et
2548 5130 2729 5185 salvas
2754 5146 2849 5186 eos
2875 5131 2928 5184 in
2962 5138 3204 5198 tempore
3237 5126 3542 5182 tribulatio-

1959 5222 2067 5287 nis,
2106 5221 2259 5290 juxta
2290 5220 2419 5274 illud
2447 5222 2588 5289 quod
2639 5222 2897 5292 scriptum
2929 5229 3009 5275 est
3039 5238 3051 5274 :
3084 5238 3100 5269 ι
3136 5220 3216 5274 Ad
3260 5219 3542 5273 Dominum

1960 5328 2082 5367 cum
2108 5310 2396 5367 tribularer
2417 5310 2643 5364 clamavi
2674 5320 2728 5365 et
2753 5309 3028 5365 exaudivit
3056 5306 3539 5379 iuc(l’sal.c,x1x).o

1962 5405 2215 5460 Dicamus
2246 5412 2303 5457 et
2332 5420 2429 5459 nos
2459 5405 2510 5458 in
2558 5416 2802 5474 tempore
2846 5405 3130 5470 siccitatis,
3171 5420 3545 5475 aquarumqu

1961 5498 2227 5571 penuria:
2274 5518 2289 5549 ι
2330 5498 2449 5552 Tibi
2504 5501 2844 5569 peccavimus
2893 5509 2947 5554 ct
3009 5499 3210 5554 malum
3259 5514 3442 5554 coram
3495 5511 3549 5555 te

1964 5592 2189 5648 fecimus
2233 5591 2406 5662 (Psal.
2460 5592 2510 5661 ι.)
2537 5632 2551 5655 ,
2590 5613 2609 5644 ι
2644 5600 2794 5646 tuum
2836 5595 3183 5664 prwtolamur
3230 5595 3543 5660 adventum,

1963 5687 2054 5754 qui
2098 5686 2274 5740 salvas
2307 5684 2490 5749 lsracl,
2548 5702 2652 5739 non
2701 5702 2797 5740 suo
2830 5688 3048 5743 lt’tClllt)
3076 5728 3089 5753 ,
3152 5687 3245 5742 sed
3294 5696 3382 5741 tua
3429 5687 3535 5741 cle~

1968 5777 2165 5830 ruentia
2182 5822 2194 5838 .
