4022 6186
563 404 667 463 319

1196 406 1257 461 Β.
1299 405 1551 463 ΒᾹΒΛΝΙ
1591 405 1808 464 MAURI
1845 402 2163 461 ARCIIIEP.
2204 403 2513 462 MOGUNT.
2554 405 2839 463 OPERIIM
2871 407 3053 464 PARS
3091 408 3178 464 Ill.

3704 414 3816 469 99.0

638 542 656 570 ο
701 520 880 588 Quare
927 518 1139 574 futurus
1179 534 1241 575 es
1280 519 1433 589 quasi
1475 519 1698 575 colonus
1739 520 1794 573 in
1834 527 1978 573 terra
2004 558 2019 581 ,
2075 526 2131 572 ct
2158 517 2204 577 Α
2233 520 2537 583 “inritum,
2573 521 2669 590 qui
2734 521 2891 578 statis
2949 522 3003 577 in
3059 524 3221 579 duino
3270 524 3504 592 Domini,
3538 527 3593 581 in
3646 532 3819 586 atriis

567 633 585 664 ι
625 612 784 683 quasi
807 611 980 665 vitam:
1002 610 1280 665 declinans
1307 609 1374 665 ad
1400 610 1721 665 manendum
1741 611 1765 663 ?
1784 608 1961 676 Quare
1992 608 2135 662 futu-

566 724 584 755 ι
633 720 724 758 rus
749 719 817 759 es
854 702 1002 755 velut;
1050 702 1132 755 vir
1175 716 1345 772 vagus
1374 710 1469 755 aut
1501 700 1673 764 fortis,
1705 702 1794 770 qui
1826 717 1928 755 non
1959 709 2135 771 potest

565 813 582 844 ι
630 794 830 847 salvari
849 793 877 845 ἰ
910 812 927 843 ι
960 791 1308 862 Septuaginta
1344 809 1367 844 :.
1396 812 1414 842 ι
1450 790 1630 858 Quare
1668 788 1844 846 factus
1894 806 1954 846 es
1995 791 2133 845 sicut

564 900 588 934 ι
627 884 832 937 advena
863 883 914 935 in
942 891 1103 940 terra,
1141 890 1197 936 et
1243 880 1405 950 quasi
1453 881 1702 952 indigena
1750 879 2023 936 diverteris
2064 882 2132 937 ad

562 988 585 1023 ι
628 973 987 1028 intuendum?
1014 970 1269 1042 Nunquid
1288 973 1398 1027 eris
1423 972 1579 1043 quasi
1619 974 1780 1027 homo
1811 974 2087 1029 dormiens
2114 1013 2130 1038 ,

560 1082 581 1113 ο
621 1071 675 1117 et
702 1063 859 1133 quasi
883 1063 967 1116 vir
988 1062 1080 1133 qui
1126 1061 1321 1117 salvari
1360 1076 1465 1116 non
1509 1062 1718 1131 possit?
1742 1081 1759 1114 ι
1789 1060 1956 1117 θυιιωὶ
1986 1063 2133 1118 hunc

556 1153 729 1209 locqu
768 1155 848 1209 sic
883 1154 1186 1225 intelligunt
1218 1166 1233 1206 :
1262 1151 1440 1219 Quare
1476 1167 1729 1223 scgregas
1773 1160 1825 1208 te
1863 1168 1893 1205 ιι
1933 1152 2131 1223 papula

553 1256 646 1300 tuo
672 1256 727 1301 et
759 1246 915 1316 quasi
945 1247 1119 1300 viator
1158 1255 1376 1315 propter
1400 1245 1558 1299 unius
1591 1238 1735 1298 hora:
1779 1243 2125 1315 refrigerium

556 1353 659 1391 non
702 1352 859 1391 curas
886 1336 1029 1406 quali
1059 1336 1232 1389 utaris
1273 1335 1526 1405 hospitio,
1571 1334 1665 1389 sed
1700 1334 1767 1387 ad
1797 1334 1902 1388 alia
1950 1343 2129 1388 trans-

553 1431 751 1496 iturus,
799 1445 903 1484 non
933 1429 1109 1484 salvas
1153 1428 1363 1499 plebem
1402 1437 1546 1481 tuam
1583 1436 1637 1482 et
1665 1426 1918 1497 templum
1952 1442 2127 1497 quon-

551 1523 673 1577 dam
704 1522 959 1592 inclytum
980 1520 1222 1576 deseris?
1262 1520 1443 1575 Nostri
1476 1535 1603 1575 vero
1629 1519 1696 1575 de
1723 1519 1901 1574 futura
1925 1518 2127 1574 Christi

552 1616 951 1685 dispensatione
987 1615 1090 1669 diei
1135 1620 1326 1683 putant
1352 1653 1369 1678 ,
1405 1612 1546 1682 quod
1594 1609 1809 1666 futurus
1857 1611 1928 1666 sit
1967 1627 2126 1682 perc-

555 1706 741 1775 grinns
785 1707 836 1759 in
890 1715 1030 1761 terra
1059 1747 1075 1771 ,
1120 1714 1177 1760 et
1217 1720 1382 1775 parvo
1433 1714 1673 1775 tempore
1722 1712 1881 1758 terra:
1934 1719 2130 1758 usurus

555 1797 817 1868 hospitio,
856 1807 910 1851 et
943 1798 1095 1868 quasi
1141 1799 1221 1852 vir
1265 1797 1665 1867 pertransiens,
1715 1812 1779 1851 ac
1829 1797 2080 1851 robustus
2106 1837 2121 1859 ,

2234 608 2425 663 donius
2456 609 2547 663 Dei
2592 610 2762 663 nostri
2793 610 2967 681 (Psal.
2995 612 3239 683 cxxxtv).
3271 632 3290 665 ι

2311 717 2329 749 ι
2374 696 2440 752 Et
2465 700 2599 753 dixit
2626 701 2882 755 Dominus
2911 702 2976 755 ad
3005 717 3091 758 me
3118 719 3134 757 :
3159 703 3277 758 Noli
3302 719 3463 760 orare
3491 721 3591 776 pro
3612 709 3822 779 populo

2238 807 2257 839 ι
2305 789 2406 844 isto
2436 788 2488 843 itt
2519 790 2739 845 bonmn.
2769 789 2903 846 Cum
2932 790 3328 862 jejunaverint,
3377 812 3486 851 non
3528 800 3823 857 exaudiam

2237 899 2255 931 ι
2298 894 2484 950 preces
2511 895 2697 936 eorum
2721 922 2738 948 ,
2768 889 2823 937 et
2851 883 2897 937 si
2940 884 3237 939 obtulerint
3289 887 3733 945 holocnntomata
3764 902 3825 947 ct

2237 987 2256 1021 ι
2303 969 2579 1033 victimas,
2606 985 2708 1024 non
2742 970 3031 1041 suscipiam
3056 987 3188 1036 eas,
3236 976 3493 1044 quoniam
3530 977 3735 1048 gladio,
3765 991 3825 1036 et

2236 1078 2256 1111 ι
2300 1058 2461 1125 fame,
2505 1070 2562 1116 et
2603 1069 2755 1132 peste
2800 1077 2901 1135 ego
2928 1078 3244 1118 consumam
3265 1081 3383 1121 eus.
3413 1086 3432 1119 ι
3464 1067 3706 1124 Stultum
3737 1081 3826 1126 est

2229 1164 2389 1204 orare
2413 1166 2511 1220 pro
2531 1165 2597 1206 eo
2620 1151 2712 1221 qui
2739 1151 2979 1221 peccarit
2998 1152 3064 1207 ad
3085 1161 3335 1219 mortem,
3349 1156 3818 1215 dicenteJoanne:

2237 1258 2254 1289 ι
2294 1240 2388 1294 Est
2415 1249 2694 1310 peccatum
2719 1243 2785 1296 ad
2812 1253 3039 1298 mortem
3066 1285 3082 1308 ,
3113 1261 3220 1299 non
3250 1262 3348 1315 pro
3371 1247 3463 1301 illo
3488 1249 3609 1303 dico
3632 1260 3703 1304 ut
3728 1267 3819 1304 ro-

2230 1339 2319 1401 get
2345 1331 2468 1400 quis
2494 1330 2674 1401 (Joan.
2704 1332 2779 1404 v).
2812 1353 2830 1386 ι
2863 1334 3053 1390 Omnis
3087 1336 3344 1407 iniquitas
3375 1349 3663 1407 peccatum
3688 1350 3778 1396 est
3800 1380 3817 1408 ,

2230 1432 2283 1474 et
2303 1431 2385 1476 est
2414 1433 2692 1491 peccatum
2723 1440 2828 1478 non
2861 1426 2928 1479 ad
2952 1435 3202 1482 mortem.
3232 1427 3440 1496 Jejnnia
3456 1441 3513 1484 et
3538 1447 3741 1500 preces
3764 1443 3821 1488 et

2230 1512 2460 1565 victima:
2489 1526 2543 1567 et
2572 1513 2881 1569 holocausta
2914 1524 3041 1570 tunc
3090 1518 3397 1586 proﬁciunt,
3447 1524 3821 1577 cumcrecedi-

2230 1619 2349 1658 mos
2371 1617 2399 1655 a
2434 1604 2601 1669 vitiis,
2631 1615 2685 1669 et
2718 1605 2908 1661 ﬂemus
2948 1608 3168 1678 antiqua
3217 1620 3437 1679 peccata
3467 1630 3479 1665 :
3514 1614 3595 1666 sin
3624 1623 3817 1669 autem

2231 1692 2283 1747 in
2315 1694 2611 1750 sceleribus
2635 1706 3037 1765 permanentes,
3080 1701 3447 1768 putaverimus
3475 1703 3614 1757 votis
3646 1714 3818 1773 atque

2230 1783 2508 1838 sacriﬁciis
2534 1784 2801 1849 redimere
2830 1802 2927 1841 nos
2956 1802 3114 1842 aures
3139 1788 3251 1851 Dei,
3282 1790 3635 1846 vehementer
3659 1807 3817 1847 erra-

554 1862 741 1943 relicto
787 1862 981 1952 Israel,
1016 1887 1197 1943 tendat
1227 1862 1293 1945 ad
1316 1889 1558 1958 gentium
1587 1886 1982 1941 multitudinem
2004 1927 2019 1951 ,
2067 1895 2127 1940 ut
2156 1862 2199 1920 Β
2226 1889 2346 1929 mus
2368 1915 2383 1939 ι
2442 1875 2683 1944 iniquum
2732 1878 3060 1933 πῖιίιΐίιηιεε
3103 1879 3293 1934 Πειυηο
3342 1880 3445 1946 Qui
3472 1880 3617 1935 enim
3642 1881 3817 1937 δαιὶᾶ

548 1974 615 2031 de
651 1977 768 2033 loco
793 1978 858 2031 ad
888 1979 1060 2033 locum
1079 2020 1095 2043 ,
1126 1979 1192 2032 de
1219 1978 1413 2048 populo
1441 1978 1509 2031 ad
1533 1976 1811 2048 populum,
1835 1977 1900 2031 de
1929 1975 2127 2045 templo

554 2067 618 2120 ad
644 2066 937 2122 Ecclesium
984 2076 1246 2123 transeat.
1291 2066 1444 2135 Quod
1484 2076 1662 2122 autem
1702 2066 1855 2137 juxta
1897 2065 2126 2135 Septua-

551 2156 699 2226 ginta
721 2158 923 2213 dicitur
947 2173 962 2212 :
990 2178 1008 2209 ι
1037 2157 1287 2228 Nunquid
1314 2157 1422 2213 eris
1446 2158 1600 2228 quasi
1632 2159 1795 2213 homo
1830 2157 2123 2221 dormiens,

550 2258 602 2303 et
627 2251 785 2319 quasi
816 2253 897 2306 vir
934 2252 1025 2322 qui
1072 2250 1267 2305 salvari
1299 2267 1406 2306 non
1435 2250 1645 2321 possit?
1670 2270 1687 2301 ι
1719 2250 2123 2305 similitudinem

549 2340 738 2408 ponit,
784 2356 889 2394 non
933 2340 1011 2395 rei
1058 2340 1375 2405 veritatem,
1438 2340 1733 2395 secundum
1798 2341 1927 2395 illud
1981 2340 2122 2410 quod

546 2430 804 2501 scriptum
834 2438 918 2484 est
950 2445 971 2485 :
1002 2450 1020 2481 ι
1052 2429 1245 2501 Surge,
1272 2446 1370 2485 cur
1398 2430 1601 2485 dormis
1627 2470 1642 2494 ,
1670 2431 1893 2486 Domine
1912 2431 1983 2485 ἲ»
2016 2447 2122 2486 ιιοη

546 2521 689 2589 ιιιιοιΙ
728 2521 988 2577 Dominus
1024 2521 1279 2586 dormiat,
1306 2521 1372 2577 de
1393 2537 1501 2592 quo
1520 2522 1720 2578 dicitur
1751 2537 1766 2577 :
1809 2541 1827 2573 ι
1865 2522 1980 2578 Non
2005 2524 2125 2579 dor-

547 2610 759 2665 mitabit
815 2626 990 2680 neque
1025 2612 1272 2675 dormiet,
1304 2612 1394 2681 qui
1435 2612 1672 2666 custodit
1733 2612 1896 2667 Israel
1946 2612 2118 2684 (Paul.

546 2701 693 2773 cui)
713 2741 735 2766 ,
763 2721 781 2753 ι
824 2702 917 2757 sed
944 2703 1088 2772 quod
1114 2702 1201 2758 bis
1222 2702 1465 2757 videatur
1482 2702 1717 2758 dormire
1739 2719 1873 2773 quos
1897 2704 2118 2759 deserit.

548 2791 787 2863 Denique
812 2800 867 2846 et
901 2792 953 2847 in
983 2793 1436 2864 consequentibus
1471 2808 1579 2849 non
1630 2795 1922 2851 scribitur:
1967 2813 1986 2845 ι
2028 2796 2123 2850 Vir

546 2881 820 2937 dormiens
839 2882 931 2952 qui
958 2881 1151 2937 salvari
1197 2897 1303 2938 non
1338 2884 1508 2954 possit
1533 2934 1546 2950 ,
1581 2903 1601 2938 ι
1636 2885 1729 2940 sed
1757 2902 1775 2936 ι
1798 2884 1949 2956 quasi
1980 2885 2062 2941 vir
2094 2905 2113 2939 ι

546 2970 601 3028 in
638 2981 865 3044 utroque
896 2976 1295 3051 ἁνθρωποπὰθως
1323 2975 1596 3033 scribitur.
1734 2973 1741 2977 “

620 3128 641 3163 ι
674 3111 752 3167 'l'n
772 3120 952 3167 autem
999 3111 1053 3167 in
1094 3112 1250 3169 nobis
1277 3127 1354 3177 es,
1387 3112 1634 3177 Domine,
1667 3120 1720 3168 et
1747 3127 1940 3169 nomen
1971 3122 2117 3168 Ιιιιιῐη

2228 1965 2405 2036 gladio
2429 1974 2484 2021 et
2511 1965 2651 2021 fame
2676 1974 2731 2021 et
2752 1976 2903 2038 peste
2932 1966 3095 2022 fuerit
3120 1968 3419 2024 destinatus
3436 2010 3452 2033 ,
3504 1970 3673 2025 nullis
3694 1988 3807 2033 pre.

2226 2055 2379 2110 cibus
2407 2054 2525 2110 erui
2574 2065 2772 2126 potest.
2830 2057 2983 2114 Unde
3028 2067 3083 2113 et
3125 2059 3400 2128 propheta:
3454 2060 3699 2127 dicitur,
3739 2074 3808 2115 no

2226 2143 2426 2200 frustra
2456 2155 2606 2216 roget
2627 2147 2768 2216 quod
2799 2148 3092 2217 impetrare
3109 2165 3219 2203 non
3251 2151 3441 2219 possit.

2302 2255 2321 2287 ι
2364 2237 2431 2291 Ει
2479 2238 2591 2292 dixi
2624 2239 2883 2303 :Ah,ah,
2906 2240 2996 2304 ab,
3037 2241 3264 2296 Domine
3299 2241 3440 2296 Dens
3462 2242 3586 2312 (sive
3604 2242 3706 2313 qui
3732 2258 3813 2309 es,

2230 2347 2249 2377 ι
2292 2328 2515 2382 Domine
2536 2328 2719 2401 Dens).
2747 2328 3028 2399 Prophetze
3055 2330 3244 2384 dicunt
3266 2331 3347 2385 eis
3371 2350 3389 2384 :
3409 2330 3524 2385 Non
3555 2331 3814 2389 videbitis

2230 2438 2252 2470 ι
2295 2419 2547 2488 gladium,
2591 2427 2647 2474 et
2690 2420 2864 2475 fames
2907 2435 3012 2474 non
3062 2419 3170 2474 erit
3210 2421 3260 2474 in
3294 2421 3470 2486 vobis,
3499 2422 3810 2491 sedpaoen

2229 2526 2248 2560 ι
2291 2523 2475 2564 veram
2507 2509 2656 2564 dabit
2683 2510 2837 2564 vobis
2867 2510 2918 2563 in
2948 2509 3067 2564 loco
3110 2509 3232 2565 isto.
3284 2510 3349 2565 Et
3386 2511 3522 2566 dixit
3548 2512 3812 2568 Dominus

2229 2616 2253 2650 ο
2289 2600 2357 2653 ad
2382 2613 2468 2654 me
2509 2617 2522 2652 :
2563 2598 2724 2654 Falsa
2768 2600 3045 2670 propheta:
3091 2600 3454 2655 vaticinantur
3488 2601 3542 2655 in
3589 2602 3809 2656 nomine

2228 2708 2249 2741 ι
2290 2704 2432 2744 meo.
2463 2689 2579 2746 Non
2608 2690 2731 2745 misi
2757 2705 2871 2755 eos,
2896 2700 2951 2745 et
2984 2706 3088 2745 non
3117 2691 3346 2760 praecepi
3375 2692 3493 2756 eis,
3521 2706 3706 2760 neque
3730 2691 3807 2745 loc

2226 2799 2246 2832 ι
2291 2788 2447 2836 cutus
2473 2795 2591 2836 sum
2620 2781 2688 2837 ad
2720 2796 2815 2836 eos
2838 2798 2852 2812 ·
2876 2782 3138 2837 visionem
3186 2782 3501 2837 mendacem
3525 2822 3541 2846 ,
3583 2790 3641 2838 et
3672 2781 3807 2838 divi-

2226 2889 2247 2923 ι
2288 2871 2562 2927 nationem
2607 2871 2998 2927 fraudulentam
3027 2911 3044 2937 ,
3090 2879 3147 2927 et
3192 2872 3571 2928 seductiouem
3621 2871 3804 2929 cordis

2227 2979 2245 3013 ι
2290 2961 2374 3016 sui
2418 2960 2742 3032 prophetam
2775 2962 2951 3018 vobis.
2983 2980 3002 3015 ι
3055 2962 3296 3017 Audiant
3347 2962 3468 3018 haec
3509 2961 3799 3032 magistri,

2222 3052 2313 3123 qui
2363 3053 2710 3124 peccantibus
2738 3092 2755 3118 ,
2809 3061 2869 3108 et
2896 3054 2974 3108 ‘in
3022 3052 3137 3108 suis
3179 3053 3325 3108 vitiis
3362 3053 3803 3124 permanentibus

2220 3156 2481 3212 prospera
2518 3142 2864 3212 pollicentur,
2896 3143 2986 3214 qui
3018 3144 3205 3198 dicunt
3241 3143 3540 3198 divitibus:
3576 3143 3693 3197 Non
3722 3143 3799 3196 vi-

552 3220 572 3253 ⁶
603 3203 908 3300 in“???
939 3211 1207 3300 es‘_5"per
1230 3219 1349 3300 "95’
1372 3204 1842 3300 “Pnfgerelhfmf's
1866 3220 1968 3259 ¹¹⁰⁸
1992 3204 2117 3300 (‘5’?
2144 3209 2189 3272 Ο
2221 3203 2416 3287 debitis
2444 3203 2677 3300 gladium
2706 3203 3093 3288 tormentorum
3117 3232 3234 3297 Dei,
3260 3241 3316 3288 et
3339 3230 3511 3287 fames
3545 3248 3654 3287 non
3702 3233 3800 3288 erit

556 3314 577 3342 ο
611 3310 715 3350 non
744 3294 1078 3351 obliviscaris
1105 3294 1317 3368 nostri).
1350 3313 1369 3346 ι
1398 3293 1498 3361 Qui
1530 3295 1669 3365 apud
1694 3292 1925 3357 Judteos.
1966 3296 2117 3364 quasi

543 3387 745 3441 advena
773 3386 986 3442 funtrus
1012 3401 1091 3451 es,
1120 3395 1176 3441 et
1194 3385 1388 3451 viator,
1415 3394 1472 3441 et
1504 3385 1588 3440 vir
1613 3401 1809 3456 vagus.
1840 3388 2117 3457 antiquunm

544 3480 799 3531 deserens
846 3476 1195 3539 mansionem,
1246 3476 1299 3530 in
1328 3475 1488 3531 nobis
1518 3476 1767 3541 habitas,
1817 3485 1871 3532 et
1923 3492 2115 3531 nomen

545 3577 697 3621 tuum
719 3583 884 3637 super
916 3584 1014 3623 nos
1051 3570 1353 3624 invocatum
1378 3578 1490 3634 est,
1525 3578 1585 3624 ut
1608 3570 1937 3639 appellemur
1964 3570 2120 3626 Chri-

541 3658 699 3713 stiani
734 3674 751 3712 :
788 3659 988 3714 idcirco
1029 3675 1098 3715 ne
1154 3659 1494 3731 derelinquas
1534 3677 1662 3725 nos,
1721 3677 1893 3731 neque
1931 3661 2120 3717 oblivi-

542 3749 713 3804 scaris
740 3750 931 3814 nostri,
960 3751 1156 3820 quibus
1182 3751 1247 3806 de
1274 3749 1459 3806 futuro
1483 3751 1715 3807 adventu
1763 3760 1853 3807 tuo
1876 3752 2117 3806 omnium

541 3838 925 3909 prophetarum
954 3853 1049 3894 ora
1080 3840 1410 3895 cecinerunt.

616 3987 635 4019 ι
678 3968 805 4026 ηερε
828 3970 962 4025 dicit
991 3969 1248 4024 Dominus
1290 3968 1485 4040 popqu
1542 3968 1667 4023 huic
1708 3986 1720 4021 :
1765 3968 1900 4035 Quia
1929 3968 2117 4023 dilexit

547 4079 565 4110 ι
613 4057 742 4130 (sive
761 4059 1085 4131 dilexerunt)
1102 4075 1320 4115 movere
1355 4061 1517 4129 pedes
1539 4075 1684 4124 suos,
1704 4069 1759 4114 ct
1787 4075 1891 4112 non
1915 4059 2119 4128 quievit

547 4168 565 4201 ι
612 4149 740 4221 (sive
790 4165 895 4204 non
946 4148 1351 4220 pepercerunt),
1400 4158 1455 4203 et
1498 4149 1724 4204 Domino
1775 4166 1879 4205 non
1918 4149 2119 4219 placuit

545 4262 564 4289 ι
611 4241 737 4311 (sire
786 4247 840 4294 et
890 4237 1034 4294 Dens
1074 4255 1181 4293 non
1227 4238 1551 4309 complacuit
1583 4239 1682 4293 sibi
1713 4239 1765 4293 in
1807 4240 1941 4309 eis),
1974 4255 2117 4297 nunc

547 4351 563 4380 ι
612 4329 983 4385 recordabitur
1019 4328 1359 4400 iuiquitatum
1395 4343 1580 4384 eorum
1600 4369 1615 4392 ,
1645 4340 1701 4384 ct
1726 4330 1961 4385 visitabit
1988 4347 2115 4400 pec-

544 4442 561 4471 ‹
607 4430 725 4477 cata
752 4436 961 4477 eorum.
1002 4441 1019 4472 ι
1055 4421 1273 4477 Dicente
1297 4422 1521 4493 pupillo:
1556 4423 1734 4490 Quare
1765 4422 1936 4476 factus
1968 4437 2028 4477 es
2059 4432 2118 4477 ut

2218 3325 2272 3381 in
2300 3325 2471 3380 vobis.
2503 3323 2893 3380 Saturabimini
2942 3323 3141 3395 quippe
3186 3324 3529 3379 sermonibus
3565 3323 3705 3388 Dei,
3747 3334 3801 3378 et

2215 3429 2405 3488 pacem
2445 3414 2595 3470 dabit
2620 3414 2776 3470 vobis
2800 3414 3059 3469 Dominus
3084 3413 3423 3470 verissimam
3456 3414 3515 3468 in
3555 3413 3675 3470 loco
3705 3414 3795 3469 Ec-

2217 3504 2414 3569 clesiae,
2442 3505 2556 3560 sive
2575 3502 2896 3560 Jerusalem.
2925 3503 3080 3571 Quod
3106 3512 3287 3559 autem
3332 3503 3473 3558 dixit
3504 3504 3662 3574 juxta
3692 3503 3784 3558 Hc~

2218 3596 2454 3651 braicam
2483 3596 2644 3651 tertio
2680 3595 2770 3659 alt,
2801 3594 2896 3660 ah,
2921 3595 3011 3659 ah,
3051 3595 3117 3649 ad
3156 3594 3336 3666 priora
3366 3594 3672 3663 respondit,
3709 3591 3794 3646 ubi

2218 3686 2475 3740 Dominus
2499 3684 3066 3749 fueratcomminatus,
3087 3685 3273 3739 dicens
3294 3701 3309 3738 :
3332 3702 3351 3733 ι
3372 3684 3564 3739 Gladio
3582 3692 3638 3739 et
3658 3683 3794 3737 fante

2217 3785 2273 3831 et
2303 3785 2452 3847 peste
2486 3792 2586 3848 ego
2608 3791 2920 3832 consumam
2956 3791 3068 3832 eos.
3108 3796 3127 3828 ι
3150 3776 3285 3844 Quia
3309 3776 3476 3847 igitur
3495 3777 3789 3847 Pmphetae,

2220 3870 2327 3924 imo
2364 3870 2847 3941 pseudoprOphetzn
2872 3869 3003 3925 falsa
3041 3870 3262 3941 polliciti
3298 3874 3444 3937 Sunt,
3472 3872 3595 3928 ideo
3615 3872 3789 3927 Domi-

2216 3976 2318 4015 nus
2347 3961 2557 4016 locutus
2580 3970 2666 4016 est
2691 3977 2789 4032 per
2814 3959 3104 4017 Jeremiam
3140 3980 3154 4017 :
3193 3961 3367 4017 Nolite
3400 3963 3592 4019 audire
3632 3963 3789 4019 verba

2216 4048 2825 4123 pseudoprophctaium,
2858 4052 2949 4123 qui
2982 4068 3088 4108 non
3124 4067 3155 4106 a
3191 4067 3277 4107 me
3315 4052 3465 4107 missi
3514 4062 3672 4117 sunt,
3701 4051 3790 4108 sed

2216 4157 2312 4196 sua
2333 4141 2608 4197 voluntate
2630 4152 2916 4197 venerunt.
2961 4141 3116 4198 Unde
3137 4158 3477 4212 nequaquam
3501 4144 3786 4214 prophetat,

2216 4234 2307 4289 sed
2334 4234 2500 4288 divini
2531 4244 2656 4289 sunt
2698 4234 3021 4305 appellandi.
3064 4235 3156 4305 qni
3199 4234 3568 4291 seductionem
3601 4235 3789 4306 populo

2216 4325 2525 4396 loquuntur.
2558 4324 2726 4380 Multo
2753 4325 2897 4379 enim
2944 4325 3138 4381 melius
3177 4336 3262 4379 est
3292 4327 3487 4381 timore
3514 4340 3786 4397 pinnarum

2215 4420 2503 4475 emendare
2543 4429 2763 4489 peccata
2786 4459 2802 4483 ,
2852 4435 3015 4489 quam
3053 4433 3148 4490 spe
3179 4434 3564 4491 prosperorum
3601 4419 3788 4476 dirius

542 4511 767 4576 advena,
800 4522 854 4567 et
882 4513 1075 4577 viator,
1117 4521 1172 4569 et
1195 4529 1362 4583 vagus
1382 4554 1398 4580 ,
1426 4525 1484 4569 ut
1513 4522 1656 4569 tuam
1688 4516 1906 4570 deseras
1965 4530 2115 4569 man—
2140 4555 2193 4616 Β
2217 4511 2497 4566 sententia:
2525 4510 2830 4581 subjaccre.

537 4600 786 4655 sionem?
813 4604 1096 4672 respondet
1149 4603 1406 4658 Dominus
1454 4605 1719 4674 quondam
1744 4606 1937 4676 populo
1970 4622 2068 4663 suo
2097 4624 2111 4662 :

542 4689 633 4744 \‘is
681 4705 840 4745 nosse
890 4692 1186 4758 rationem,
1239 4693 1478 4749 ausculta
1524 4695 1665 4763 quod
1712 4697 1945 4752 dicitur:
1980 4697 2114 4765 Quia

538 4776 729 4832 dilexit
770 4778 998 4849 populus
1028 4795 1244 4835 movere
1274 4782 1437 4850 pedes
1484 4799 1632 4849 suos,
1670 4793 1726 4840 et
1763 4802 1868 4840 non
1896 4787 2118 4841 abstulit

536 4884 633 4924 cos
679 4868 745 4924 de
774 4871 1031 4940 compede
1061 4879 1434 4940 peccatorum,
1477 4874 1590 4929 sive
1632 4891 1733 4928 non
1767 4876 1972 4944 quievit
1998 4916 2013 4940 ,
2060 4885 2116 4932 et

534 4970 681 5017 stare
727 4976 834 5016 non
880 4962 1098 5032 potuit:
1130 4962 1332 5019 idcirco
1385 4973 1440 5019 ct
1490 4982 1588 5036 ego
1617 4967 1826 5022 deserui
1865 4984 2007 5033 eum,
2058 4979 2115 5024 et

537 5053 678 5109 nulla
724 5054 853 5110 mihi
901 5054 955 5110 in
1001 5056 1092 5110 illo
1135 5065 1219 5112 est
1252 5058 1661 5128 complaccntia.
1703 5062 1801 5128 Qui
1834 5063 1995 5133 igitur
2020 5063 2110 5118 diu

534 5145 766 5211 distulit,
796 5155 851 5202 et
875 5162 974 5218 per
997 5148 1313 5219 patientiam
1358 5149 1527 5204 noluit
1571 5152 1761 5220 punire
1788 5162 2074 5215 peccantes
2097 5194 2111 5217 ,

534 5235 659 5304 quia
711 5235 763 5291 in
804 5238 1011 5295 scelere
1053 5252 1488 5311 permanserunt,
1518 5244 1893 5297 recordabitur
1924 5244 2117 5313 iniqui-

536 5334 707 5381 tatum
737 5343 946 5395 eorum,
992 5337 1049 5386 et
1095 5330 1248 5401 quasi
1286 5333 1683 5402 tegi-uiantium,
1718 5343 1773 5387 et
1803 5333 1969 5389 Deum
2012 5351 2116 5388 non

533 5416 884 5471 sentientium
915 5428 1136 5488 peccata
1193 5421 1434 5476 visitabit
1457 5462 1471 5487 ,
1500 5430 1559 5475 ut
1585 5421 1724 5475 ultra
1751 5438 1979 5492 peccare
2023 5424 2116 5477 de-

536 5506 752 5563 sistant.
784 5509 1089 5568 Notandum
1111 5521 1291 5569 autcm
1322 5513 1375 5568 in
1407 5513 1702 5584 Scripturis
1727 5514 1949 5579 sanctis,
1974 5514 2116 5584 quod

538 5610 1119 5671 semperpeccatornm
1153 5614 1475 5661 moveantur
1502 5606 1686 5676 pedes,
1710 5614 1765 5661 ct
1789 5605 1992 5661 sanctis
2037 5606 2118 5660 di-

542 5699 696 5743 catur
748 5704 870 5746 cunt
926 5692 1109 5764 Moyse
1164 5712 1178 5749 :
1236 5714 1254 5747 ι
1311 5694 1391 5750 'l'n
1437 5712 1565 5751 vero
1634 5697 1722 5752 hic
1766 5705 1847 5751 sta
1903 5712 2115 5752 mecum

533 5778 722 5847 (Deut.
761 5782 838 5856 ν).
871 5803 889 5835 ι
919 5784 987 5839 Ει
1015 5785 1141 5842 alibi
1166 5786 1429 5859 scriptum
1458 5790 1528 5846 sit
1554 5808 1566 5845 :
1597 5808 1615 5845 t
1651 5788 1921 5857 Laudine,
1952 5789 2115 5858 servi,

2295 4621 2314 4653 ι
2359 4602 2482 4657 Ideo
2511 4603 2626 4657 lucc
2670 4603 2801 4658 dicit
2844 4601 3104 4657 Dominus
3137 4602 3204 4657 de
3241 4603 3521 4673 prophetis
3559 4603 3647 4673 qui
3671 4615 3787 4672 pro-

2222 4713 2241 4744 ι
2283 4695 2508 4764 phetant
2536 4693 2589 4747 in
2617 4693 2837 4747 nomine
2875 4707 2997 4747 meo
3025 4732 3041 4757 ,
3072 4708 3207 4762 quos
3235 4706 3336 4763 ego
3366 4708 3474 4747 non
3504 4692 3626 4747 misi
3649 4730 3669 4756 ,
3711 4689 3786 4745 di-

2223 4796 2241 4835 t
2286 4792 2510 4839 centes:
2543 4783 2766 4839 Gladius
2793 4794 2847 4839 et
2872 4783 3043 4839 fames
3088 4799 3193 4837 non
3235 4785 3342 4838 erit
3389 4785 3443 4838 in
3478 4793 3619 4839 terra
3648 4784 3779 4838 hac:

2222 4894 2239 4923 ι
2284 4874 2482 4930 Gladio
2504 4884 2559 4929 et
2580 4874 2722 4929 fame
2748 4883 3133 4930 consumantur
3158 4875 3438 4946 propheta:
3466 4874 3541 4929 illi
3568 4891 3584 4940 ;
3616 4882 3670 4929 et
3696 4886 3782 4943 po-

2222 4983 2240 5014 ι
2284 4964 2390 5034 puli
2421 4965 2615 5034 quibus
2642 4965 3104 5035 prophetaverunt
3143 4972 3306 5018 erunt
3346 4962 3574 5033 projecti
3611 4963 3663 5017 in
3689 4959 3780 5014 riis

2220 5073 2238 5102 ι
2286 5052 2614 5118 Jerusalem,
2649 5068 2761 5123 prce
2793 5052 2936 5107 fame
2981 5061 3037 5107 et
3082 5053 3288 5123 gladio,
3337 5060 3391 5107 et
3434 5067 3541 5106 non
3564 5051 3673 5113 erit
3695 5047 3777 5118 qui

2223 5162 2241 5193 ι
2290 5144 2515 5213 sepeliat
2563 5160 2677 5209 eos,
2722 5145 2821 5215 ipsi
2870 5155 2926 5199 et
2975 5159 3175 5200 uxores
3221 5159 3434 5208 eorum,
3465 5144 3560 5198 ﬁlii
3587 5151 3640 5198 et
3668 5140 3778 5195 lilia:

2223 5256 2240 5285 ι
2287 5253 2472 5291 eorum
2507 5255 2520 5291 :
2550 5248 2607 5293 ct
2635 5237 2903 5292 edundam
2932 5252 3095 5306 super
3119 5253 3215 5293 eos
3253 5238 3454 5291 malum
3484 5252 3635 5292 suum
3663 5234 3777 5304 (sin

2225 5346 2243 5377 ι
2291 5329 2474 5399 mala).
2515 5348 2532 5380 ι
2563 5328 2802 5385 Caveant
2838 5330 3320 5405 pseudoprophette
3344 5369 3361 5394 ,
3401 5330 3495 5399 qui
3539 5339 3775 5400 prospera

2221 5417 2584 5490 promittendo
2633 5420 2979 5491 supplantant
3020 5420 3276 5490 populant
3314 5420 3435 5483 Dei,
3477 5435 3547 5474 nc
3590 5426 3643 5473 et
3684 5413 3777 5484 ipsi

2220 5520 2467 5581 pereant,
2493 5521 2549 5567 et
2570 5512 2827 5583 deceptus
2847 5512 3078 5583 populus
3099 5512 3263 5567 simili
3289 5512 3533 5567 deleatur
3552 5508 3772 5570 interitu.

2218 5603 2542 5674 jaccantqne
2592 5604 2643 5659 in
2668 5605 2772 5659 viis
2793 5602 3091 5659 Jerusalem
3118 5644 3134 5669 ,
3179 5612 3236 5659 et
3281 5604 3492 5658 Domini
3531 5605 3771 5673 praecth

2224 5695 2518 5761 calcantes,
2541 5696 2684 5751 fame
2709 5705 2765 5751 ct
2793 5695 2973 5767 gladio
3002 5704 3245 5767 pereant,
3274 5704 3334 5750 et
3360 5711 3468 5750 non
3499 5696 3571 5750 sit
3593 5693 3675 5763 qui
3694 5704 3769 5744 sc-

2224 5789 2389 5862 peliat
2440 5804 2558 5859 cos,
2609 5804 2709 5846 nec
2755 5789 3104 5861 ignominiam
3129 5802 3316 5846 eorum
3338 5788 3548 5861 aperiat
3570 5784 3768 5859 pulvere
