4022 6186
354 391 455 449 ﬁl

1248 389 1606 449 EXPOSITIO
1643 388 1873 449 SUPER
1907 387 2278 446 JERESIIAM.
2315 422 2385 433 —
2420 392 2548 470 LlB.
2592 391 2699 449 Vl].

3517 388 3626 448 922

353 503 710 578 paenitentim.
733 502 800 558 Et
820 502 927 573 ipsi
944 501 1099 558 enim-
1118 503 1417 574 prophetae,
1443 512 1500 559 et
1526 503 1776 576 populus,
1804 505 2015 564 uxo-A
2043 508 2198 575 mini,
2239 517 2296 565 et
2328 520 2614 579 peceatum
2654 508 2846 565 matris
2869 505 2988 577 ejus
3023 524 3131 563 non
3165 507 3411 563 deleatur
3444 525 3460 563 :
3487 508 3622 568 flant

354 612 555 667 resque
579 610 788 657 eorum,
840 604 896 650 et
948 593 1045 648 filii
1085 602 1141 649 et
1190 593 1334 660 filiae.
1358 595 1641 665 omnisque
1663 593 1942 666 generatio

351 688 567 757 absque
590 685 701 741 ullo
738 684 1056 755 pollinctore
1095 684 1149 739 in
1175 685 1574 756 sterquiliniutn
1596 687 1720 741 erit.
1745 684 1941 752 Quanti

352 775 541 849 iacent
588 777 643 831 in
698 777 804 831 viis
828 774 1163 831 Jerusalem!
1226 785 1361 847 quot
1403 777 1677 833 cernimus
1705 774 1943 845 insepul-

353 877 447 923 tos
473 866 717 937 recipere
744 866 887 921 mala
912 879 1034 931 sua,
1053 880 1195 935 quas,
1221 866 1451 921 Domine
1486 864 1819 931 ell'undente,
1849 878 1947 935 pa-

355 960 569 1015 tiuntur
590 960 605 1013 l

437 1069 458 1102 ι
502 1049 571 1104 Et
594 1049 747 1105 dices
769 1047 837 1104 ad
858 1062 952 1104 eos
977 1047 1201 1104 verbum
1244 1047 1388 1103 istud
1429 1062 1445 1102 :
1488 1047 1769 1103 Deducant
1804 1044 1946 1102 oculi

359 1158 382 1192 ε
428 1142 534 1196 mei
564 1140 859 1210 lacrymam
903 1138 1029 1211 (sive
1077 1140 1347 1195 deducant
1388 1139 1531 1195 oeuli
1560 1138 1726 1195 vestri
1772 1138 1945 1208 lacryg-

361 1252 383 1283 ι
432 1231 605 1303 mas),
642 1247 741 1302 per
767 1231 910 1286 diem
956 1238 1013 1285 et
1062 1238 1275 1285 uectem
1301 1269 1317 1294 ,
1356 1238 1413 1286 et
1437 1245 1543 1285 non
1577 1236 1793 1285 taceant
1818 1228 1946 1300 (sive

361 1346 382 1375 ι
431 1341 540 1380 non
571 1322 845 1393 cessent),
867 1323 1129 1393 quoniam
1153 1324 1476 1378 contritione
1496 1336 1689 1394 magna
1708 1320 1944 1377 contrita

360 1434 382 1466 ι
430 1423 517 1469 est
566 1414 719 1483 virgo
770 1413 875 1466 lilia
913 1412 1092 1481 populi
1134 1413 1270 1476 mei,
1302 1411 1454 1482 plaga
1503 1412 1737 1481 pessima
1783 1409 1948 1465 vehe-

363 1523 386 1557 ι
436 1513 668 1560 menter.
703 1523 724 1556 ι
774 1502 1072 1573 Dupliciter
1099 1502 1188 1557 hic
1218 1502 1367 1557 locus
1411 1502 1728 1571 intelligitur
1756 1541 1772 1566 ,
1802 1502 1947 1572 quod

355 1594 446 1651 vel
483 1594 599 1665 ipse
633 1593 777 1649 Deus
805 1592 1024 1663 plangat
1064 1590 1315 1661 populum
1350 1606 1531 1655 suun),
1572 1600 1627 1645 et
1661 1589 1805 1654 oculi
1831 1588 1948 1657 ejus

354 1688 491 1743 ﬂere
520 1702 625 1742 non
660 1695 895 1750 cessent,
946 1684 1029 1740 vel
1070 1693 1220 1740 certe
1258 1684 1487 1755 imperet
1517 1692 1577 1738 ut
1626 1683 1945 1754 populorum

352 1778 501 1834 oculi
528 1777 782 1849 lacrymis
810 1776 995 1838 fluant,
1012 1792 1114 1832 nec
1138 1776 1253 1831 leve
1274 1791 1394 1831 esse
1414 1776 1555 1847 quod
1586 1776 1945 1848 plangendum

355 1870 455 1933 sit,
498 1884 621 1924 cum
645 1847 800 1938 virgo
846 1867 951 1921 tilia
980 1866 1158 1937 pepuli
1214 1866 1296 1921 sui
1349 1866 1673 1921 contritione
1710 1847 1943 1919 maxima
1976 1847 2021 1906 Β

356 1970 420 2016 et
442 1961 594 2032 plaga
644 1960 968 2016 intolerabili
1014 1974 1271 2029 percussa
1318 1960 1410 2013 sit.
1458 1959 1562 2013 Alii
1604 1974 1672 2014 ex
1711 1972 1942 2029 persona

356 2051 638 2122 propheta:
663 2050 779 2105 haec
809 2050 915 2105 dici
946 2048 1304 2107 arbitrantur.

438 2160 459 2190 ι
506 2139 564 2195 Si
596 2154 851 2210 egressus
880 2137 1034 2194 fuere
1059 2138 1128 2192 ad
1153 2152 1311 2205 agros
1332 2178 1348 2201 ,
1377 2152 1503 2193 ecce
1531 2137 1694 2194 occisi
1718 2137 1898 2209 gladio
1926 2156 1940 2191 :

366 2250 386 2282 ι
433 2240 489 2284 et
518 2230 565 2285 si
592 2229 852 2284 introiere
888 2228 942 2282 in
985 2228 1300 2291 civitatem,
1330 2241 1459 2282 ecce
1492 2227 1753 2281 attenuati
1801 2225 1945 2281 fame

363 2340 383 2372 ι
431 2321 559 2393 (sire
588 2322 772 2376 dolore
802 2318 1301 2387 famis).Prophetm
1320 2331 1533 2386 quoque
1560 2325 1614 2371 et
1639 2315 1947 2371 sacerdotes

364 2431 384 2463 ι
432 2411 687 2467 abierunt
732 2411 786 2464 in
845 2417 1048 2463 terram
1110 2422 1272 2476 quam
1333 2406 1672 2478 ignorabant.
1705 2423 1724 2456 ι
1792 2402 1945 2458 Justa

357 2519 526 2560 causa
560 2501 868 2574 plaegendi,
897 2500 1041 2570 quod
1087 2500 1241 2570 virgo
1288 2498 1520 2553 contrita
1545 2498 1656 2560 sit,
1692 2495 1800 2550 filia
1825 2510 1948 2565 per-

360 2612 545 2659 cussa,
576 2593 910 2664 populusque
963 2591 1194 2647 deletus.
1243 2590 1300 2645 Si
1346 2590 1489 2646 enim
1516 2631 1529 2652 ,
1566 2590 1761 2659 inquit,
1800 2588 1949 2643 feras

359 2686 514 2741 exire
551 2683 769 2737 voluero
792 2720 808 2746 ,
850 2681 1167 2735 interfectos
1209 2680 1403 2734 videbo
1434 2695 1447 2732 :
1481 2678 1524 2733 si
1571 2677 1779 2749 ingredi
1818 2677 1949 2732 civi-

362 2787 565 2838 tatein,
620 2783 924 2829 attenuatos
964 2780 1021 2827 et
1066 2771 1280 2827 ossibus
1326 2771 1415 2824 vix
1465 2770 1750 2832 brerentes,
1777 2766 1951 2821 .fatuis

363 2868 694 2924 necessitate
714 2866 1064 2935 censpiciam.
1088 2864 1155 2918 Et
1175 2862 1303 2932 quid
1333 2862 1528 2917 mirmn
1556 2861 1660 2917 hoc
1691 2862 1758 2915 de
1795 2859 1950 2931 plebe

358 2971 417 3013 σοι
454 2955 673 3023 ignobili
702 2954 860 3026 vulgo
892 2955 1071 3009 dicere
1098 2991 1114 3016 ,
1154 2967 1277 3008 cum
1327 2950 1602 3021 propheta:
1638 2965 1854 3020 quoque
1894 2956 1951 3003 et

361 3046 678 3105 sacerdotes
703 3045 795 3115 qui
830 3044 951 3100 aliis
995 3057 1252 3114 prospera
1300 3041 1728 3112 prophetabaut,
1765 3048 1822 3095 et
1857 3039 1949 3110 qui

362 3142 414 3190 tt.
436 3140 638 3193 hebant
658 3138 792 3208 legis
817 3135 1030 3206 aperire
1053 3136 1326 3197 mandata,
1352 3134 1451 3203 ipsi
1483 3132 1642 3186 ierint
1669 3132 1722 3186 in
1747 3141 1948 3186 terram

2046 609 2234 656 contra
2268 601 2555 656 Dominum
2605 615 2848 670 semper,
2908 608 2965 656 et
3009 600 3284 669 dispereat
3347 599 3417 655 de
3475 609 3623 658 terra

2046 691 2309 746 memoria
2333 706 2524 746 eorum
2552 688 2725 763 (Psal.
2756 690 2932 759 cvm).
2972 709 2991 742 ι

2122 801 2144 833 ο
2178 780 2255 837 Ne
2275 797 2375 837 nos
2402 782 2496 838 des
2522 782 2577 836 in
2604 781 2950 853 opprobrium
2976 791 3200 852 propter
3226 796 3422 837 nomen
3450 790 3624 847 tuum,

2052 890 2079 924 ο
2115 887 2291 942 neque
2328 872 2497 928 facias
2538 872 2695 928 nobis
2716 873 3116 927 contumeliam.
3162 872 3291 927 Selii
3319 872 3628 944 gleriaetna'

2051 979 2077 1013 ι
2119 964 2426 1025 recordare.
2469 979 2538 1020 ne
2583 964 2797 1018 irritttm
2822 962 2990 1019 facias
3036 963 3212 1020 fmdus
3255 972 3405 1018 tuum
3449 966 3615 1022 nobis

2052 1071 2071 1106 ι
2113 1070 2256 1110 cum.
2301 1074 2320 1107 ι
2357 1054 2560 1110 Selium
2601 1054 2785 1126 gloria:
2826 1054 2918 1109 Dei
2951 1070 3057 1109 non
3095 1055 3267 1111 solum
3302 1057 3632 1113 arbitremur

2048 1145 2305 1215 templum
2334 1144 2709 1217 Judazze,qued
2732 1160 2874 1215 scepe
2900 1146 3232 1201 destructum
3254 1155 3358 1211 est,
3383 1148 3476 1203 sed
3502 1163 3623 1203 em-

2047 1249 2169 1289 nem
2194 1243 2437 1289 sanctum
2462 1235 2516 1289 in
2551 1251 2677 1305 quo,
2706 1234 2862 1303 juxta
2892 1235 3021 1289 illud
3045 1236 3185 1304 quod
3217 1237 3477 1306 scriptum
3505 1246 3626 1291 est:

2048 1323 2323 1378 Thronum
2347 1324 2463 1394 ejus
2501 1324 2553 1378 in
2586 1332 2786 1379 terram
2829 1324 3058 1380 allisisti.
3093 1324 3245 1380 Tunc
3269 1326 3508 1380 alliditur
3537 1336 3624 1381 at—

2047 1429 2153 1483 que
2180 1414 2508 1478 destruitur,
2541 1414 2756 1483 quando
2791 1414 3133 1469 multitudine
3170 1424 3514 1484 peccatorum
3547 1416 3631 1470 ef-

2049 1504 2281 1558 fenderit
2314 1505 2503 1559 Deum.
2540 1503 2647 1559 Sed
2683 1512 2862 1560 tamen
2889 1506 2980 1574 qui
3004 1521 3102 1560 sua
3130 1506 3286 1575 culpa
3314 1508 3497 1577 periit,
3526 1508 3632 1563 Do—

2049 1593 2179 1647 mini
2209 1592 2493 1647 clementia
2538 1601 2899 1657 sustentatur,
2923 1608 3045 1662 qua:
3076 1603 3320 1649 mutatur
3344 1597 3635 1653 severitate

2050 1685 2354 1750 sententiaz,
2410 1686 2454 1739 si
2484 1685 2696 1740 irritum
2727 1684 2891 1740 faciat
2922 1685 3180 1740 Dominus
3207 1694 3423 1756 pactum
3449 1703 3629 1754 suum,

2050 1790 2159 1845 quo
2190 1790 2288 1829 nos
2316 1775 2495 1830 salvos
2521 1774 2732 1829 futuros
2751 1791 2872 1830 esse
2898 1775 3166 1845 pollicitus
3185 1785 3286 1833 est.

2125 1884 2144 1917 ι
2191 1865 2441 1936 Nunquid
2517 1875 2642 1920 sunt
2720 1867 2774 1921 iu
2832 1868 3173 1936 sculptilihus
3242 1870 3481 1939 gentium
3539 1869 3631 1939 qui

2049 1980 2069 2011 ι
2114 1959 2331 2030 pluant,
2365 1965 2457 2011 aut
2494 1957 2615 2011 coeli
2660 1966 2885 2027 possunt
2912 1957 3045 2013 dare
3073 1959 3316 2014 imbres?
3356 1959 3542 2015 Nonne
3571 1967 3627 2014 ιιι

2050 2069 2070 2103 ι
2115 2064 2196 2115 es,
2212 2048 2438 2103 Domine
2450 2048 2615 2113 Deus,
2640 2062 2799 2117 quem
2823 2050 3288 2118 exspectavimus?
3309 2059 3362 2104 tu
3387 2052 3532 2105 enim
3549 2050 3652 2107 Γρο-

2051 2164 2070 2196 ‹
2118 2143 2239 2199 cisti
2277 2141 2457 2197 omnia
2489 2141 2623 2196 hmo.
2672 2159 2691 2193 ι
2723 2139 2852 2195 Post
2880 2140 3079 2195 multos
3106 2140 3395 2211 variosque
3418 2157 3630 2197 sermo-

2047 2251 2146 2291 nes
2172 2234 2313 2289 redit
2350 2234 2416 2288 ad
2441 2231 2658 2287 titulum
2678 2233 2994 2304 prophetiae,
3015 2232 3068 2287 in
3091 2248 3198 2303 quo
3225 2234 3486 2303 scriptum
3507 2242 3624 2291 est:

2052 2344 2071 2377 ‹
2106 2324 2256 2392 Quod
2289 2321 2487 2378 factum
2524 2330 2608 2377 cst
2646 2322 2870 2377 verbum
2897 2321 3108 2376 Domini
3149 2323 3215 2377 ad
3240 2320 3531 2378 Jeremiam
3562 2324 3631 2380 de

2048 2415 2391 2471 sermonibus
2408 2412 2692 2469 siccitatis.
2724 2431 2742 2463 ι
2770 2412 2912 2484 Ergo
2931 2413 3074 2483 quod
3093 2414 3245 2479 dicit,
3261 2415 3364 2470 hoc
3379 2423 3482 2479 est,
3503 2416 3632 2485 quia

2046 2505 2350 2561 dmmenum
2395 2504 2682 2560 simulacra
2728 2518 2834 2558 non
2878 2513 3102 2575 possunt
3139 2504 3356 2574 pluere,
3388 2521 3487 2562 nec
3508 2506 3632 2562 eali

2047 2611 2144 2666 per
2163 2610 2222 2651 se
2243 2595 2373 2650 dare
2392 2595 2616 2650 imbrem
2644 2609 2821 2657 suum,
2851 2594 2972 2649 ideo
2999 2604 3075 2658 tu,
3106 2594 3333 2649 Domine
3359 2596 3501 2651 Deus
3530 2610 3626 2650 ne-

2048 2694 2179 2747 ster,
2226 2699 2387 2754 quem
2437 2698 2654 2754 semper
2699 2684 3152 2752 exspectavimus,
3198 2684 3250 2738 in
3304 2698 3463 2753 quem
3508 2699 3633 2755 spes

2051 2783 2267 2830 nostras
2294 2784 2352 2830 et
2372 2782 2515 2830 votax
2535 2774 2923 2839 convertimus,
2958 2783 3040 2840 tu,
3068 2776 3133 2830 da
3167 2774 3401 2845 pluviam
3430 2784 3579 2831 tuam
3608 2793 3623 2830 :

2051 2873 2141 2918 tua
2168 2863 2314 2919 enim
2358 2872 2483 2918 sunt
2514 2864 2715 2919 omnia.
2746 2864 2816 2920 Et
2840 2865 3098 2936 quidquid
3126 2865 3253 2920 boni
3285 2875 3399 2931 est,
3429 2867 3552 2922 sine
3573 2875 3629 2922 te

2049 2953 2203 3023 cujus
2246 2963 2359 3021 est,
2396 2955 2512 3011 dari
2550 2971 2658 3011 non
2691 2964 2889 3027 potest.
2945 2955 3198 3012 Dicamus
3222 2965 3278 3012 et
3308 2958 3411 3012 hoc
3440 2967 3632 3015 contra

2053 3052 2357 3115 haereticos,
2403 3050 2493 3119 qui
2538 3048 2773 3119 pluviam
2821 3049 3188 3105 doctrinarum
3240 3050 3477 3105 tribuere
3521 3065 3628 3105 non

2051 3148 2323 3213 possunt:
2356 3147 2414 3195 et
2457 3154 2580 3195 cum
2627 3153 2686 3194 se
2725 3138 2895 3195 caelos
2936 3153 3056 3194 esse
3082 3138 3423 3209 promittant,
3468 3146 3525 3194 et
3564 3140 3633 3195 de

364 3245 531 3294 quam
564 3230 913 3300 ignorabant,
951 3238 1008 3282 et
1054 3226 1383 3297 captivitatis
1428 3226 1784 3282 sustinuerint
1830 3240 1946 3279 ma-
1974 3224 2020 3285 C
2050 3246 2110 3286 se
2148 3231 2409 3301 scriptum
2457 3230 2757 3301 glorientur
2793 3246 2809 3284 :
2852 3247 2872 3281 ι
2923 3228 3058 3284 lei
3101 3237 3363 3283 enarrant
3402 3228 3631 3300 gloriam

366 3321 513 3375 lum?
535 3320 766 3375 Audiant
790 3319 893 3374 hoc
925 3319 1201 3390 propheta:
1224 3317 1417 3380 nostri,
1438 3326 1493 3373 et
1511 3317 1655 3387 quod
1680 3330 1777 3371 nec
1802 3316 1947 3371 intus

369 3427 471 3466 nec
503 3410 637 3465 feris
662 3418 883 3480 propter
905 3408 1283 3480 negligentiam
1326 3423 1513 3464 eorum
1554 3411 1627 3464 sit
1657 3408 1773 3462 ulla
1792 3423 1950 3463 secu-

372 3501 552 3554 ritas:
579 3500 722 3570 quod
757 3508 814 3554 et
860 3513 955 3553 eos
982 3497 1385 3562 scandalizent,
1414 3498 1506 3566 qui
1546 3497 1680 3553 foris
1719 3507 1870 3563 sunt,
1895 3505 1951 3551 et

366 3606 465 3646 eos
489 3592 581 3661 qui
608 3593 776 3653 intus,
798 3590 938 3646 fame
973 3589 1197 3645 interire
1221 3598 1527 3658 patiantur;
1553 3598 1608 3643 et
1646 3589 1741 3659 qui
1764 3598 1952 3643 aucto-

369 3699 463 3740 res
502 3684 702 3739 fuerint
733 3684 1022 3754 peccandi,
1054 3683 1164 3738 sint
1190 3682 1525 3737 cruciatuum
1554 3681 1710 3737 socii.

450 3794 470 3827 ι
517 3775 762 3845 Nunquid
812 3775 1101 3847 projiciens
1149 3771 1397 3843 abjecisti
1443 3773 1656 3839 Judam,
1694 3782 1789 3829 aut
1823 3773 1952 3833 Sion

377 3886 401 3919 ε
448 3866 755 3921 abominata
788 3874 873 3921 est
898 3867 1079 3921 anima
1114 3866 1247 3922 tua?
1272 3864 1451 3933 Quare
1477 3881 1609 3936 ergo
1636 3864 1951 3935 percussisti

375 3974 397 4005 ι
444 3970 575 4020 nos,
620 3955 692 4008 ita
734 3964 793 4007 ut
823 3954 964 4009 nulla
989 3955 1062 4010 sit
1090 3954 1339 4010 sanitas?
1371 3953 1819 4022 Exspectavimns
1859 3967 1953 4021 pa-

378 4064 398 4097 ι
448 4062 586 4110 tem,
629 4053 685 4099 et
719 4060 825 4099 non
854 4053 940 4099 est
984 4045 1181 4099 bonum
1226 4062 1239 4098 :
1277 4052 1333 4099 et
1370 4051 1582 4114 tempus
1621 4043 1952 4107 curationis,

377 4160 397 4189 ι
445 4148 502 4192 et
526 4153 653 4193 ecce
682 4137 941 4191 turbatio.
977 4155 996 4188 ι
1032 4136 1257 4190 Miratur
1276 4137 1541 4206 prepheta
1579 4134 1720 4205 quod
1761 4132 1954 4188 Judam

373 4242 431 4286 et
466 4229 788 4291 Jerusalem,
812 4236 867 4282 et
891 4226 1119 4282 duarum
1154 4227 1407 4282 videlicet
1431 4226 1668 4281 tribuum
1706 4240 1952 4295 regmun,

374 4321 432 4376 in
458 4334 566 4389 quo
595 4326 790 4373 eratet
816 4317 1003 4388 religio
1029 4316 1148 4382 Dei,
1176 4324 1231 4371 et
1257 4316 1439 4386 templi
1462 4314 1820 4379 caeremonite,
1853 4315 1957 4369 Do-

372 4411 557 4465 minus
589 4419 696 4462 tam
740 4415 960 4477 repente
989 4406 1276 4477 projecerit
1304 4444 1320 4471 ,
1345 4416 1402 4460 et
1430 4414 1577 4459 tanta
1628 4404 1959 4474 percusserit

372 4502 554 4577 plaga,
577 4510 638 4556 ut
658 4501 800 4555 nulla
823 4500 993 4570 possit
1022 4499 1269 4555 adhiberi
1293 4498 1580 4554 medicina.
1616 4519 1634 4548 ς
1665 4497 1956 4566 Exspecta-

2050 3325 2142 3380 Dei
2169 3323 2342 3394 (Ρεαι.
2364 3321 2538 3393 (VIII),
2559 3342 2579 3375 ι
2608 3335 2786 3377 tamen
2814 3337 2919 3378 non
2947 3329 3174 3392 possunt
3199 3320 3400 3376 imbres
3427 3321 3632 3377 donare

2049 3416 2328 3472 dectrime.
2365 3413 2526 3469 Solus
2564 3421 2649 3468 est
2682 3413 2827 3467 enim
2861 3413 3020 3476 Deus,
3069 3412 3160 3481 qui
3201 3427 3358 3466 suum
3398 3412 3634 3468 instruat

2051 3505 2332 3577 populum,
2377 3512 2435 3560 et
2467 3504 2810 3560 diversitates
2850 3503 3038 3574 gratiae
3082 3503 3281 3559 tribuat
3313 3512 3639 3573 exspectan-

2054 3598 2201 3655 tibus
2226 3614 2305 3653 se.

2650 3686 2879 3744 CAPUT
2924 3685 3041 3741 XV.

2057 3799 2186 3855 Non
2236 3799 2384 3854 audit
2429 3797 2684 3853 Dominus
2739 3813 2912 3867 preces
2962 3795 3177 3867 Moysis
3204 3803 3288 3867 ct_
3318 3792 3578 3867 Samuelis
3615 3809 3638 3849 :

2123 3871 2444 3939 prmiicatur
2477 3869 2653 3939 passio
2682 3863 2891 3939 Domini
2922 3876 2971 3919 et
3001 3863 3132 3920 ultio
3160 3865 3215 3918 in
3251 3863 3507 3929 Iudices;
3540 3864 3635 3918 de-

2126 3938 2297 4009 fertur
2328 3954 2427 3993 vox
2447 3938 2521 3994 ad
2550 3938 2968 4008 prwdicatorem.

2134 4069 2153 4100 ι
2195 4051 2262 4104 Et
2306 4050 2442 4103 dixit
2472 4050 2732 4103 Dominus
2773 4047 2841 4101 ad
2872 4060 2958 4101 me
2990 4063 3005 4099 :
3038 4045 3096 4101 Si
3139 4045 3394 4101 steterint
3425 4045 3638 4116 Moyses

2062 4161 2082 4193 ι
2126 4151 2182 4197 et
2215 4141 2432 4196 Samuel
2474 4154 2660 4196 ceram
2689 4153 2775 4193 me
2817 4138 2944 4204 (sire
2970 4146 3160 4200 contra
3208 4136 3340 4207 me),
3395 4153 3502 4192 non
3548 4145 3638 4194 est

2065 4250 2082 4282 ι
2118 4231 2296 4285 anima
2324 4244 2442 4284 mea
2465 4228 2532 4283 ad
2560 4227 2813 4298 populutn
2840 4227 3021 4281 istum.
3050 4244 3070 4277 ι
3104 4225 3215 4281 llos
3234 4225 3376 4281 enim
3404 4226 3637 4297 legimus

2054 4322 2152 4377 im
2180 4319 2386 4376 Domini
2422 4335 2520 4389 pro
2551 4318 2747 4389 populo
2772 4318 3068 4381 restitisse,
3097 4325 3151 4373 et
3182 4315 3292 4384 jam
3322 4317 3637 4387 impenden-

2062 4423 2167 4467 tem
2198 4412 2455 4467 avertisse
2494 4410 2836 4466 sententiam.
2871 4409 3014 4472 Etsi,
3058 4408 3254 4478 inquit,
3283 4408 3357 4462 illi
3390 4410 3639 4466 steterint

2058 4506 2140 4559 vrl
2171 4506 2222 4559 in
2253 4490 2540 4573 conspectu
2576 4517 2732 4567 meo,
2766 4502 2849 4557 vel
2878 4511 3064 4558 contra
3107 4515 3193 4555 me
3238 4519 3253 4554 :
3291 4515 3519 4571 quorum
3545 4502 3637 4557 uni

373 4568 574 4658 huius.
622 4568 838 4663 ἱιιιιιιὶῑν-
872 4606 1061 4662 Pacem
1115 4598 1173 4647 θι
1214 4598 1427 4661 tempus
1476 4590 1795 4657 ουνθιίοηίε,
1833 4609 1852 4642 ι
1899 4598 1954 4644 et
1984 4568 2033 4628 ι)
2061 4598 2197 4651 dixit
2229 4568 2402 4649 Deus‘l
2439 4614 2459 4645 ι
2496 4593 2712 4648 Dimitte
2738 4607 2845 4657 me,
2877 4600 2933 4646 et
2955 4592 3253 4661 percutiam
3276 4568 3529 4662 populum
3560 4591 3638 4647 is-

372 4683 585 4741 nullum
641 4692 725 4739 est
779 4682 1015 4747 bonum,
1066 4682 1161 4737 sed
1223 4680 1526 4737 econtrarie
1577 4680 1855 4736 turbatio:
1896 4689 1957 4735 ut

375 4776 468 4845 ubi
502 4776 656 4846 prius
697 4775 876 4829 fuerat
903 4774 1083 4829 cultus
1110 4773 1203 4829 Dei
1231 4781 1395 4843 atque
1425 4772 1789 4842 tranquillitas
1817 4812 1832 4835 ,
1880 4771 1952 4827 ibi

374 4869 737 4924 seditionibus
758 4875 814 4921 et
845 4866 1026 4922 hostili
1054 4864 1273 4920 fremitu
1310 4865 1493 4920 omnia
1529 4865 1951 4935 complerentur.

376 4960 439 5014 Si
469 4959 683 5029 quando
713 4974 843 5028 ergo
870 4967 928 5013 et
954 4970 1139 5013 nostra
1171 4956 1323 5021 Sion,
1350 4966 1644 5027 nosterque
1678 4954 1815 5010 Juda
1863 4956 1959 5011 ab-

371 5053 565 5127 jicitur
591 5093 607 5117 ,
651 5062 709 5108 et
757 5052 1157 5107 abominabitur
1195 5050 1343 5105 illum
1381 5041 1558 5104 anima
1593 5050 1725 5113 Dei,
1754 5064 1959 5119 nequa-

378 5163 542 5219 qua'n
582 5147 862 5211 miremur,
913 5146 1006 5201 sed
1035 5144 1203 5216 magis
1233 5144 1479 5199 dicamus
1502 5144 1641 5214 quod
1664 5144 1910 5211 sequitur
1943 5160 1956 5197 :

458 5259 477 5290 ι
510 5238 891 5309 Cognovimus,
922 5236 1170 5294 Domine.
1200 5234 1507 5304 impietates
1535 5242 1746 5288 uestras
1775 5242 1830 5288 et
1860 5233 1964 5287 iui-

388 5348 409 5382 ι
453 5331 686 5399 quitates
710 5336 924 5399 patrum
953 5336 1282 5390 nostrorum,
1298 5326 1422 5395 quia
1446 5326 1789 5394 peccavimus
1809 5325 1957 5381 tibi.»

382 5419 455 5477 Et
478 5434 598 5483 nos,
631 5419 828 5486 inquit,
854 5426 911 5472 et
933 5425 1114 5486 patres
1137 5417 1306 5471 nostri
1329 5417 1517 5471 eadem
1542 5416 1811 5471 dementia
1841 5432 1963 5487 per-

382 5516 541 5579 cepta
572 5508 907 5579 negleximus
931 5546 948 5569 ,
977 5514 1034 5562 et
1056 5506 1275 5575 impleta
1311 5516 1397 5562 est
1427 5506 1477 5560 in
1513 5506 1669 5563 nobis
1708 5523 1962 5564 mensura

385 5599 674 5667 majorum.
710 5607 769 5653 ut
794 5598 1056 5668 quidquid
1083 5598 1188 5652 illis
1212 5595 1492 5661 defuerat,
1518 5608 1706 5653 nostro
1748 5600 1964 5653 cumulo

385 5687 768 5757 compleretur.
820 5686 972 5742 Unde
1003 5694 1057 5740 et
1103 5686 1170 5741 de
1206 5686 1341 5741 Iuda
1368 5687 1601 5741 dicitur:
1634 5706 1652 5735 ι
1682 5686 1739 5741 lu
1763 5704 1965 5742 memo-

388 5780 530 5835 riam
560 5778 743 5834 redcat
787 5775 1046 5848 iniquitas
1072 5785 1286 5846 patrum
1308 5775 1425 5847 ejus
1450 5777 1505 5832 in
1534 5789 1821 5849 conspectu
1864 5779 1963 5835 Do-

2060 4699 2194 4752 tum,
2232 4708 2250 4739 ι
2286 4696 2463 4741 tamen
2492 4702 2596 4740 non
2630 4683 2936 4746 exaudiam,
2971 4682 3224 4753 quoniam
3265 4692 3639 4739 consummata

2061 4790 2185 4837 sunt
2205 4778 2409 4835 scelera
2430 4776 2608 4847 populi
2627 4773 3001 4844 delinquentis.
3024 4772 3163 4839 Quid
3182 4780 3287 4830 est.
3309 4773 3453 4842 quod
3471 4771 3638 4826 inter-

2062 4873 2243 4929 missis
2269 4871 2576 4939 relictisque
2603 4876 2681 4923 tet
2708 4867 2954 4938 patrihus
2976 4864 3073 4919 soli
3104 4864 3314 4935 Moyses
3334 4874 3389 4917 et
3419 4861 3634 4918 Samuel

2064 4963 2131 5015 al
2184 4960 2416 5015 medium
2466 4958 2845 5019 deducuntur,
2899 4970 3128 5025 querttm
3180 4953 3315 5007 mira
3365 4949 3638 5004 obtinendi

2065 5052 2235 5104 virtus
2261 5049 2563 5105 ostenditur
2580 5089 2595 5112 ,
2620 5048 2746 5102 dum
2776 5062 2875 5102 nec
2899 5045 2997 5115 ipsi
3024 5058 3180 5114 posse
3212 5041 3542 5096 intercedere
3566 5038 3637 5093 di-

2062 5149 2278 5205 cuntur,
2314 5156 2378 5194 ac
2405 5140 2451 5193 si
2480 5148 2664 5209 aperte
2691 5138 2950 5192 Dominus
2969 5135 3111 5189 dicat
3136 5150 3151 5186 :
3174 5130 3286 5186 Nec
3313 5130 3431 5183 illos
3453 5129 3637 5191 audio,

2063 5249 2200 5304 quos
2241 5242 2461 5303 propter
2497 5246 2747 5300 magnum
2790 5227 3063 5300 petitionis
3101 5240 3212 5279 sua:
3253 5223 3501 5277 meritum
3540 5223 3638 5277 mi-

2065 5326 2212 5379 nime
2249 5325 2576 5379 contemne?
2603 5323 2741 5389 Quid
2778 5334 2909 5391 ergo
2935 5326 3019 5373 est
3057 5317 3200 5386 quod
3234 5316 3443 5386 Moyses
3464 5325 3520 5371 el
3545 5316 3644 5372 Sa-

2066 5415 2207 5470 muel
2235 5413 2446 5471 exteris
2478 5413 2722 5482 patrihus
2760 5411 2812 5465 in
2843 5408 3205 5479 postulatione
3249 5406 3644 5477 prmferunturi

2064 5506 2167 5561 nisi
2197 5504 2337 5574 quod
2360 5504 2465 5557 duo
2490 5503 2577 5556 isti
2604 5499 2973 5555 tantummodo
3008 5498 3062 5552 in
3088 5506 3281 5553 cuncta
3311 5497 3643 5553 Testameuti

2070 5594 2277 5650 Veteris
2309 5593 2449 5648 serie
2482 5592 2646 5646 etiam
2689 5605 2787 5659 pro
2830 5588 3061 5644 inimicis
3098 5587 3213 5643 suis
3257 5587 3507 5659 leguntur
3549 5602 3646 5641 ex-

2062 5702 2268 5740 orasse.
2299 5684 2449 5739 linus
2473 5698 2502 5736 a
2526 5681 2723 5753 populo
2746 5666 3012 5750 lapidibus
3033 5678 3337 5748 impetitur,
3373 5689 3420 5730 et
3462 5686 3639 5733 tamen

2065 5794 2163 5848 pro
2190 5776 2580 5848 lapidaterihus
2600 5774 2712 5831 suis
2741 5772 3024 5830 Dominam
3052 5771 3640 5843 deprecaturmlters:
3670 5797 3674 5800 ‹
