4022 6186
1129 356 1191 411 Β.
1231 354 1484 410 RABANI
1525 352 1742 410 MAURI
1781 333 2106 408 ARCHIEP.
2149 346 2458 404 MOGUNT.
2497 344 2782 404 OPERUH
2818 344 3000 400 PARS
3036 343 3122 399 ΙΙΙ.
3647 353 3736 408 ω

491 479 798 554 principatu
825 475 1100 546 dejicitur,
1141 483 1198 530 et
1236 483 1417 529 tamen
1461 475 1686 544 petitus,
1719 483 1778 528 ut
1805 477 2081 532 eveniret,
2113 470 2162 529 Α
2190 483 2296 522 non
2347 467 2634 530 liberavit,
2669 465 2764 520 sed
2809 472 3020 518 tantum
3059 463 3196 519 filias
3241 479 3368 534 qum
3391 466 3610 522 forsitan
3649 489 3742 528 nou

491 571 727 632 fatetur,
765 568 952 622 dicens
984 566 1180 621 :Absi'.
1209 581 1239 618 ει
1271 581 1362 619 me
1408 565 1510 618 hoc
1557 571 1836 634 peccatum
1873 564 1926 617 in
1981 563 2084 617 Do-

498 661 669 723 mino,
693 658 980 727 quominus
1014 669 1222 709 cessem
1273 668 1431 708 orare
1460 669 1560 723 pro
1587 654 1761 709 vobis.
1803 671 1821 705 ι
1852 654 1908 708 Si
1937 653 2084 724 Moy-

499 765 614 814 ses,
647 747 848 817 inquit,
887 755 944 801 ct
977 743 1196 800 Samuel
1225 745 1480 799 steterint
1503 758 1688 800 coram
1725 758 1832 808 me,
1863 760 1968 798 non
1998 751 2084 797 est

499 841 679 896 anima
709 853 826 893 mea
846 838 914 892 ad
937 836 1187 906 pupulum
1214 836 1412 897 istum;
1462 855 1480 888 ι
1519 851 1583 890 ac
1611 835 1657 890 si
1681 846 1866 904 aperte
1887 835 2035 889 dicat
2066 852 2079 887 :

502 931 616 988 Nec
642 931 760 985 illos
782 929 946 983 modo
969 943 1069 998 pro
1097 927 1287 982 amicis
1307 926 1487 991 audio,
1513 941 1650 996 quos
1681 940 1892 996 magna:
1914 924 2084 979 virtu-

501 1024 574 1078 tis
599 1023 792 1078 merito
813 1036 972 1076 orare
1001 1020 1165 1074 etiam
1193 1034 1291 1090 pro
1321 1019 1554 1074 inimicis
1582 1018 1717 1073 scio.
1748 1017 1934 1073 Virtus
1953 1032 2084 1088 ergo

500 1126 644 1166 vera:
693 1109 958 1164 orationis
1008 1117 1118 1171 est,
1173 1107 1437 1163 celsitudo
1489 1107 1776 1162 ebaritatis
1804 1125 1816 1160 :
1847 1115 1905 1161 et
1952 1115 2082 1162 tunc

501 1202 730 1272 quisque
765 1200 909 1270 quod
942 1209 1086 1254 recte
1116 1200 1247 1269 petit
1277 1199 1597 1268 adipiscitur
1619 1237 1635 1260 ,
1672 1215 1794 1253 cum
1820 1197 1936 1266 ejus
1961 1199 2084 1252 ani-

500 1306 624 1347 mus
647 1291 700 1345 in
741 1291 1004 1360 petitione
1034 1304 1134 1344 nec
1165 1289 1372 1344 inimici
1401 1289 1524 1342 odio
1546 1287 1812 1342 fuscatur.
1847 1288 1982 1342 lluic
2007 1287 2083 1343 si-

501 1383 630 1438 mile
665 1393 749 1437 cst
804 1382 956 1445 illud,
1003 1381 1145 1451 quod
1201 1381 1256 1434 in
1289 1380 1570 1435 Ezechiele
1619 1378 1818 1450 legitur
1865 1378 2083 1451 (Eucti.

503 1476 616 1544 xlv)
656 1491 670 1527 :
714 1491 732 1524 ι
770 1473 836 1527 Et
861 1472 1035 1528 factus
1069 1479 1154 1527 est
1176 1487 1356 1526 sermo
1397 1469 1607 1525 Domini
1644 1470 1708 1522 ad
1742 1485 1828 1524 me
1856 1469 2084 1524 dicens:

501 1562 606 1618 Fili
635 1563 897 1627 hominis,
931 1572 1074 1616 terra
1105 1578 1226 1616 cum
1250 1561 1556 1632 peccaverit
1601 1559 1756 1624 mihi,
1787 1567 1846 1612 ιιι
1883 1573 2088 1628 prteva-

501 1655 707 1710 ricetur
734 1653 1114 1725 pnevaricans,
1143 1663 1198 1708 et
1219 1654 1506 1708 extendam
1535 1669 1754 1707 manum
1786 1667 1960 1707 meam
1991 1666 2084 1705 su-

501 1760 600 1816 per
627 1760 746 1800 eam
765 1785 778 1806 ,
806 1752 860 1799 et
891 1753 1169 1799 conteram
1200 1745 1404 1814 virgam
1437 1743 1591 1813 panis
1626 1741 1764 1810 ejus,
1799 1749 1854 1796 ct
1882 1741 2084 1796 immit-

2188 568 2586 629 peecaveraut;
2614 566 2672 613 et
2685 555 2895 620 Josias,
2928 557 3011 610 vir
3035 566 3277 619 sanctus.
3311 573 3420 614 non
3447 559 3611 616 solum
3633 579 3742 634 pec-

2185 660 2426 706 catorem
2448 649 2703 720 pupulum
2736 648 2850 703 suis
2877 647 3171 704 virtutibus
3191 663 3302 704 non
3329 650 3572 712 salvavit,
3597 655 3745 711 sedet

2186 746 2301 815 ipse
2318 745 2370 798 in
2387 745 2624 815 peccatis
2645 745 2790 800 illius
2805 749 3053 798 mortuus
3069 753 3155 798 est
3168 743 3219 814 (Ι
3240 741 3276 796 ν
3297 743 3601 813 chxxuet
3619 750 3740 815 sui).

2183 837 2340 905 Quod
2359 837 2405 892 si
2430 837 2724 907 aliquando
2750 845 2972 908 propter
2991 835 3267 890 Abraham
3297 837 3359 891 'et
3395 838 3560 892 David
3589 841 3638 893 in
3663 857 3746 909 po-

2187 940 2362 987 stcros
2387 945 2577 985 eorum
2610 929 3038 984 misericordiam
3072 944 3226 984 suam
3267 929 3528 984 Dominus
3552 932 3743 1000 pollice-

2187 1030 2296 1086 tur,
2351 1020 2645 1076 notandum
2683 1019 2810 1090 quia
2839 1035 2944 1074 non
2971 1019 3058 1074 bis
3088 1027 3300 1090 pareat,
3339 1022 3432 1090 qui
3463 1021 3514 1074 in
3549 1023 3744 1077 sceleti-

2186 1111 2288 1167 bus
2334 1117 2697 1181 perseverent.
2746 1109 2840 1164 sed
2892 1109 2986 1178 qui
3035 1120 3200 1180 agunt
3241 1111 3651 1180 paenitudinem,
3695 1122 3742 1166 ut

2187 1202 2380 1257 merita
2404 1209 2618 1271 patrum
2649 1199 2882 1254 ﬁliortttn
2913 1197 3134 1267 adjuvet
3161 1199 3468 1253 conversio.
3504 1201 3648 1260 Cum,
3673 1202 3743 1254 in-

2187 1295 2323 1364 quit,
2370 1295 2486 1348 haec
2529 1307 2590 1348 se
2621 1292 2692 1347 ita
2737 1292 2991 1355 habeant,
3022 1298 3078 1345 et
3119 1301 3323 1346 terram
3352 1294 3687 1360 peccatricem
3719 1310 3744 1347 τι

2189 1379 2415 1455 singulis
2447 1384 2621 1454 plagis
2654 1391 2924 1437 tantorum
2979 1381 3218 1436 virorum
3249 1397 3356 1435 non
3385 1381 3554 1435 salvrt
3579 1383 3732 1450 drprc

2187 1478 2353 1540 catio,
2406 1477 2488 1532 sic
2522 1477 2652 1532 dicit
2707 1475 2968 1528 Dominus
2997 1475 3159 1537 Deus,
3194 1473 3289 1540 qui
3327 1471 3623 1528 Jerusalem
3670 1489 3746 1525 3m-

2190 1566 2348 1620 fanda
2379 1565 2649 1635 peccavit,
2687 1573 2923 1635 quatuor
2951 1563 3114 1618 simul
3143 1563 3336 1633 plagas
3364 1571 3644 1624 Lautorum,
3673 1561 3741 1615 ia-

2186 1657 2381 1712 ducam
2423 1670 2586 1726 super
2622 1669 2745 1710 eam
2776 1652 3035 1723 gladium,
3071 1668 3182 1722 quo
3225 1653 3298 1706 ab
3345 1651 3583 1706 hostibus
3607 1651 3745 1704 truci-

2191 1749 2370 1814 datur,
2399 1756 2456 1801 et
2485 1747 2718 1809 famem,
2744 1760 2906 1815 quam
2935 1743 2987 1798 in
3015 1742 3302 1798 obsidione
3331 1743 3574 1801 sustinet.
3600 1751 3647 1794 et
3665 1741 3744 1794 bc-

506 1834 686 1888 tamin
707 1848 823 1886 eam
843 1833 1060 1896 famem,
1089 1841 1145 1886 et
1173 1831 1494 1886 interﬁciant
1519 1832 1585 1886 de
1615 1845 1678 1886 ea
1711 1830 2006 1895 hominem,
2031 1840 2088 1886 et
2118 1819 2164 1878 Β
2190 1839 2357 1901 stias,
2392 1836 2588 1906 quibus
2626 1834 2894 1904 fugientes
2927 1834 2980 1886 in
3007 1831 3245 1888 desertis
3271 1841 3329 1887 et
3357 1831 3578 1886 saltibus
3611 1831 3742 1883 deve-

499 1926 741 1996 jumenta
769 1939 786 1978 :
821 1932 876 1980 et
898 1925 945 1978 si
980 1923 1180 1978 fuerint
1228 1931 1340 1978 tres
1369 1923 1466 1977 viri
1517 1923 1606 1977 isti
1649 1923 1708 1976 in
1745 1923 1922 1978 medio
1948 1922 2085 1994 ejus,

505 2017 638 2082 Noe,
663 2025 718 2071 et
765 2015 971 2078 Daniel,
1018 2024 1072 2070 et
1112 2014 1215 2070 Job
1237 2055 1251 2076 ,
1286 2014 1386 2084 ipsi
1411 2013 1624 2084 justitia
1650 2030 1747 2069 sua
1781 2014 2089 2069 liberabant

505 2109 716 2164 animas
766 2121 910 2170 suas,
952 2105 1026 2161 ait
1077 2105 1338 2160 Dominus
1371 2104 1730 2159 exercituum.
1759 2104 1914 2171 Quod
1948 2105 1994 2160 si
2031 2112 2090 2158 et

508 2201 708 2257 bestias
751 2199 1015 2270 pessimos
1060 2198 1324 2252 induxcro
1350 2212 1514 2268 super
1543 2206 1744 2252 terram
1780 2204 1840 2252 ut
1883 2206 2087 2251 vastem

505 2305 646 2353 eam,
675 2296 730 2342 et
774 2287 940 2343 fuerit
979 2287 1124 2341 invia
1147 2326 1162 2350 ,
1202 2301 1270 2342 eo
1297 2287 1441 2355 quod
1482 2301 1590 2342 non
1617 2287 1692 2341 sit
1717 2287 2092 2356 pertransicns

508 2388 729 2450 propter
761 2378 965 2434 bestias
984 2417 1000 2441 ,
1027 2385 1136 2432 tres
1162 2376 1264 2430 viri
1295 2377 1382 2430 isti
1413 2376 1506 2445 qui
1547 2376 1746 2431 fuerint
1768 2377 1821 2431 in
1849 2391 1938 2439 ea.
1969 2376 2088 2430 vivo

507 2483 630 2540 ego,
660 2467 790 2524 dicit
827 2467 1104 2530 Dominus,
1140 2466 1266 2536 quia
1295 2479 1396 2520 nec
1429 2465 1570 2520 ﬁlios
1596 2481 1696 2521 nec
1726 2466 1870 2522 ﬁlias
1896 2467 2092 2522 libera-

510 2561 643 2615 bunt
669 2577 682 2612 :
709 2559 806 2614 sed
837 2557 937 2627 ipsi
967 2557 1067 2612 soli
1096 2555 1500 2622 liberabuntur,
1534 2565 1679 2612 terra
1715 2565 1898 2612 autem
1933 2557 2090 2612 deso-

512 2648 736 2702 labitur.
753 2647 850 2702 Vel
861 2647 905 2702 si
925 2646 1158 2716 gladium
1178 2645 1442 2702 induxere
1461 2661 1624 2716 super
1639 2655 1840 2702 terram
1855 2646 2021 2714 illam,
2035 2655 2094 2702 et

511 2739 700 2796 dixero
723 2737 933 2808 gladio:
953 2737 1141 2792 Transi
1167 2751 1414 2808 peream,
1441 2736 1832 2794 etintcrfecero
1845 2738 1984 2794 dcea
2001 2738 2094 2794 bo-

511 2831 714 2885 miuem
735 2837 791 2885 et
805 2827 1135 2897 jumentum,
1162 2837 1219 2884 et
1240 2837 1350 2884 tres
1371 2827 1472 2883 viri
1501 2828 1591 2884 isti
1618 2827 1820 2885 fuerint
1840 2829 1894 2884 in
1917 2831 2094 2886 medio

511 2917 651 2988 ejus,
685 2919 805 2972 vivo
843 2933 964 2989 ego,
997 2917 1127 2973 dicit
1156 2917 1416 2973 Dominus
1443 2917 1585 2972 Deus
1606 2957 1622 2983 ,
1653 2933 1759 2972 non
1789 2918 2095 2974 liberabant

513 3007 652 3064 ﬁlios
695 3023 795 3062 nec
836 3007 993 3072 ﬁlias,
1043 3007 1138 3062 sed
1181 3007 1281 3077 ipsi
1324 3007 1424 3063 soli
1471 3007 1866 3074 liberabuntur,
1920 3027 1940 3061 ι
1986 3017 2092 3064 etc.

513 3097 786 3164 Quint-itur
811 3112 933 3151 cum
967 3104 1023 3151 et
1043 3095 1338 3162 Abraham,
1366 3105 1422 3152 et
1447 3096 1620 3164 Isaae,
1652 3106 1708 3153 et
1732 3096 1920 3163 Jacob,
1946 3097 2094 3170 Moy-

513 3206 604 3248 ses
633 3206 850 3261 quoque
895 3198 953 3245 et
1002 3189 1180 3244 caeteri
1224 3190 1548 3260 patriarcha:
1582 3199 1638 3246 et
1667 3191 1944 3260 prophetae
1959 3164 2092 3262 justi
2119 3164 2164 3226 C

515 3283 734 3346 fuerint,
764 3298 864 3338 cur
910 3283 1102 3336 borum
1153 3283 1527 3356 tantummodo
1568 3283 1662 3337 ﬁat
1698 3283 1923 3349 ruentia,
1949 3283 2093 3354 quod

515 3371 672 3426 facile
707 3371 952 3426 solvitur.
999 3370 1113 3426 Nec
1141 3371 1288 3426 enim
1321 3371 1610 3428 imminens
1636 3372 1786 3430 orbis
1823 3381 2092 3428 terrarmn

513 3463 794 3525 diluvium,
837 3463 962 3532 quia
1007 3462 1186 3516 omnis
1233 3470 1377 3516 terra
1404 3461 1669 3532 polluerat
1705 3462 1820 3518 vias
1855 3463 2092 3528 Domini,

515 3555 730 3611 dilierre
765 3571 869 3608 non
910 3555 1108 3623 potuit,
1150 3554 1245 3608 sed
1291 3555 1427 3608 ﬁlios
1455 3554 1547 3624 qui
1577 3553 1808 3610 forsitan
1850 3553 2094 3624 ejusdem

516 3653 733 3705 virtutis
753 3658 926 3714 erant,
959 3659 1014 3703 c'.
1041 3649 1112 3704 ob
1137 3649 1488 3704 seminarium
1512 3649 1730 3704 butnani
1761 3649 1974 3719 generis
1996 3651 2092 3704 ha-

517 3742 634 3800 buit
673 3749 996 3796 reservatus.
1031 3739 1215 3794 Daniel
1254 3755 1466 3809 quoque
1511 3739 1884 3794 imminentem
1928 3739 2097 3809 capti-

517 3835 741 3888 vitatem
781 3831 958 3903 populi
1007 3831 1313 3886 Iudaeorum
1353 3831 1512 3884 nullis
1550 3830 1764 3886 ﬂetibus
1805 3829 2092 3900 mitigavit.

517 3926 624 3982 Sed
647 3923 749 3978 .lob
775 3940 880 3978 non
905 3924 974 3978 ob
1006 3929 1246 3994 peccata,
1277 3924 1372 3976 sed
1393 3922 1462 3976 ob
1489 3922 1859 3992 probationem
1883 3935 1984 3976 nec
2004 3922 2098 3976 do-

517 4033 663 4074 mum
693 4032 792 4072 nec
822 4016 961 4072 ﬁlios
990 4015 1254 4070 liberavit.
1283 4013 1386 4067 Alii
1422 4022 1602 4067 autem
1632 4013 1816 4069 dicunt
1845 4030 1859 4068 :
1884 4012 2010 4082 quia
2041 4012 2096 4067 bi

519 4118 726 4167 tantum
767 4118 876 4164 tres
903 4107 1006 4162 viri
1029 4115 1086 4161 et
1125 4121 1382 4176 prospera
1424 4115 1480 4160 et
1514 4105 1763 4171 adversa,
1794 4113 1851 4159 et
1881 4121 2098 4160 rursum

517 4215 772 4273 prospera
799 4205 1215 4268 conspexerunt,
1241 4195 1442 4250 idcirco
1465 4195 1667 4264 pariter
1692 4195 2021 4257 nominatos,
2044 4201 2100 4248 et

517 4293 622 4348 hoc
669 4292 900 4346 latenter
948 4286 1265 4360 signiﬁcari,
1325 4294 1384 4340 ut
1421 4287 1692 4356 quomodo
1734 4285 1811 4340 illi
1851 4286 1992 4343 bona
2044 4295 2101 4340 et

519 4384 684 4450 mala,
733 4390 788 4437 et
842 4393 1054 4436 rursum
1106 4377 1228 4433 laeta
1277 4377 1550 4442 viderunt,
1613 4376 1694 4432 sic
1735 4385 1793 4432 et
1841 4377 2098 4447 populum

452 4478 456 4484 ’
519 4475 704 4538 Israel,
727 4472 816 4543 qui
839 4471 990 4542 prius
1015 4469 1170 4526 bonis
1193 4467 1392 4523 fruitus
1419 4468 1618 4532 fuerat,
1641 4477 1696 4524 et
1719 4477 1903 4540 postea
1929 4468 2102 4538 capti-

521 4565 703 4620 vitatis
729 4564 985 4620 sustinuit
1004 4560 1215 4632 jugum,
1245 4560 1486 4630 si-egcrit
1503 4559 1896 4630 pmnitentiam,
1923 4561 2102 4616 redire

521 4653 692 4724 possit
715 4653 783 4706 ad
820 4651 1106 4720 pristinam
1134 4649 1464 4704 felicitatem.
1493 4648 1644 4714 Quod
1670 4649 1714 4703 si
1753 4647 1886 4713 Nec,
1913 4658 1969 4704 ct
1995 4649 2099 4704 Da-

523 4743 652 4810 niel,
679 4753 734 4799 et
762 4742 883 4806 Job,
913 4743 1119 4811 pariter
1161 4741 1467 4811 congregati
1513 4749 1570 4794 et
1598 4739 1652 4795 in
1693 4757 1800 4795 uno
1845 4742 1964 4797 loco
2011 4757 2102 4812 po-

520 4838 633 4903 siti,
675 4835 1031 4906 peccatricem
1079 4841 1304 4897 terram,
1352 4835 1454 4888 hoc
1481 4841 1588 4898 cst,
1618 4849 1713 4889 eos
1738 4837 1829 4905 qui
1863 4835 1916 4890 in
1955 4844 2100 4892 terra

523 4930 796 4992 habitant,
825 4941 930 4981 non
963 4932 1191 4996 possunt
1218 4923 1312 4979 ira:
1350 4925 1442 4979 Dei
1466 4925 1786 4981 subtrahere
1818 4943 1831 4979 :
1860 4927 1988 4995 quid
2016 4927 2098 4982 di-

520 5021 748 5079 cendum
795 5027 882 5074 est
920 5019 989 5073 de
1025 5017 1110 5072 bis
1136 5014 1227 5088 qui
1262 5025 1451 5086 putant
1484 5016 1682 5072 tnerito
1701 5026 1986 5086 parentum
2014 5029 2100 5074 at-

520 5127 628 5184 que
671 5110 960 5166 virtutibus
1004 5123 1164 5179 posse
1209 5107 1348 5162 ﬁlios
1392 5116 1707 5178 peccatores
1738 5108 1804 5164 de
1842 5110 2100 5181 gehennze

521 5207 736 5280 ignibus
781 5203 1036 5260 liberari?
1073 5200 1227 5258 Unde
1262 5216 1370 5263 nec,
1411 5200 1882 5269 prevaricatorem
1935 5203 2100 5256 ﬁlium

519 5306 678 5366 pater
715 5295 913 5364 poterit
970 5293 1222 5355 liberare,
1268 5305 1370 5346 nec
1417 5303 1620 5348 sanctae
1675 5293 2103 5349 conversationis

527 5397 699 5440 mater
751 5382 1036 5449 inpudicae
1073 5381 1196 5436 ﬁlia:
1233 5382 1384 5438 dabit
1429 5383 1649 5452 prannia
1689 5385 2006 5453 pudicitia):
2046 5395 2103 5438 et

513 5473 829 5538 ,eeontrario
876 5480 1164 5542 parentum
1199 5472 1331 5526 vitia
1365 5473 1491 5528 filiis
1524 5488 1629 5527 non
1671 5475 1959 5538 nocebunt,
2011 5475 2104 5529 sed

523 5565 702 5618 anima
741 5579 862 5632 qua:
899 5563 1207 5632 peccaverit
1257 5563 1368 5632 ipsa
1401 5565 1682 5619 morietur.
1712 5565 1810 5618 Lot
1839 5565 1889 5618 iit
1932 5565 2102 5618 Sudo—

527 5657 631 5710 tuis
657 5657 912 5711 habitans
935 5653 1088 5726 (Gen.
1119 5656 1234 5723 six)
1254 5695 1268 5718 ,
1308 5656 1402 5710 sed
1432 5665 1484 5711 et
1517 5657 1708 5725 spiritu
1735 5667 1788 5708 rt
1817 5673 1978 5709 μευ-ιη’
2007 5673 2099 5724 pe-

532 5749 813 5815 regrinus,
863 5759 1082 5800 uxorem
1137 5761 1258 5815 quas
1314 5759 1431 5814 post
1486 5757 1694 5817 tergunt
1755 5759 2098 5816 respexerat,

2191 1939 2362 1995 ratur,
2373 1940 2426 1984 et
2441 1927 2802 1999 pestilentiam
2812 1967 2827 1990 ,
2843 1941 2963 1996 qua:
2973 1940 3189 1996 seraper
3206 1926 3408 1980 famem
3422 1941 3484 1980 ac
3498 1925 3742 1995 penuriam

2189 2017 2453 2087 sequitur,
2485 2033 2582 2086 pro
2617 2031 2723 2084 qua
2769 2015 2979 2087 vulgata
3019 2015 3189 2069 editio
3217 2025 3450 2069 mortem
3479 2018 3739 2068 transtulit.

2191 2107 2336 2172 Hice,
2370 2107 2566 2176 inquit,
2603 2106 2855 2160 inducam
2880 2120 3043 2175 super
3061 2120 3208 2168 eam,
3233 2113 3295 2160 ut
3319 2119 3421 2159 uec
3449 2103 3632 2159 homin:
3651 2118 3674 2157 s
3701 2101 3742 2155 in

2189 2215 2254 2256 ea
2283 2205 2624 2262 remaneant,
2645 2197 3027 2267 nccjumenta.

2264 2305 2284 2340 ι
2329 2286 2475 2357 Ejice
2504 2285 2842 2358 (vel'cmittc)
2874 2285 2993 2341 illos
3019 2301 3052 2340 a
3084 2285 3230 2341 facie
3257 2297 3472 2351 mea,ct
3489 2285 3740 2356 egredian-

2197 2396 2214 2431 I
2245 2385 2352 2432 tur.
2375 2396 2395 2429 ι
2422 2376 2542 2432 Non
2564 2375 2683 2432 loco
2709 2375 2970 2431 recedunt
2989 2391 3020 2429 a
3051 2377 3158 2431 Deo
3184 2385 3528 2446 peceatores,
3559 2381 3644 2429 sed
3666 2389 3744 2426 vo-

2191 2469 2419 2534 luntate,
2445 2483 2754 2540 quanquam
2787 2468 3026 2540 legamus
3050 2475 3106 2524 et
3127 2467 3306 2522 Adam
3331 2476 3387 2523 et
3416 2467 3542 2522 Cain
3572 2466 3746 2536 ejeetos

2189 2577 2310 2618 esse
2331 2577 2363 2616 a
2387 2560 2529 2617 faeie
2556 2561 2649 2616 Dei
2678 2559 2832 2634 (Gen.
2867 2559 2971 2631 tu).

2266 2670 2287 2704 ι
2330 2652 2481 2720 Quod
2517 2653 2561 2708 si
2587 2652 2826 2709 dixerint
2855 2652 2922 2706 ad
2953 2662 3006 2707 te
3031 2669 3044 2705 :
3073 2650 3194 2719 Quo
3225 2650 3600 2724 egrediantur?
3621 2648 3746 2702 dices

2197 2762 2216 2794 ι
2261 2742 2332 2798 ad
2371 2757 2465 2798 eos
2491 2756 2506 2796 :
2538 2740 2665 2798 Haec
2695 2741 2829 2798 dicit
2857 2741 3120 2797 Dominus
3148 2755 3165 2796 :
3193 2742 3303 2810 Qui
3332 2742 3400 2798 ad
3429 2750 3665 2802 mortem,
3690 2741 3744 2793 ad

2199 2855 2218 2888 ι
2265 2845 2535 2903 mortem;
2575 2845 2635 2892 et
2681 2836 2778 2906 qui
2806 2835 2875 2891 ad
2908 2835 3177 2908 gladium,
3209 2837 3282 2891 ad
3315 2837 3576 2908 gladium;
3603 2844 3654 2888 et
3669 2832 3744 2902 qui

2199 2945 2222 2978 ι
2262 2927 2331 2983 ad
2363 2925 2583 2990 famem,
2630 2926 2700 2981 ad
2723 2925 2955 2992 famem;
2983 2933 3042 2981 et
3065 2925 3160 2996 qui
3187 2927 3260 2982 ad
3293 2927 3662 2997 captivitatem,
3689 2925 3746 2977 ad

2201 3037 2220 3070 ι
2259 3018 2655 3089 captivitatem.
2680 3017 2750 3072 [tt
2763 3017 2998 3074 visitabo
3012 3031 3290 3088 supereos
3308 3027 3537 3086 quatuor
3547 3015 3742 3084 species,

2200 3128 2220 3161 ι
2259 3107 2391 3164 dicit
2426 3107 2724 3162 Dominus:
2758 3104 2996 3178 gladium
3033 3107 3103 3160 ad
3130 3106 3486 3169 occisionem,
3528 3112 3580 3159 et
3609 3114 3744 3156 mnis

2199 3219 2220 3251 ι
2263 3199 2331 3255 ad
2373 3198 2744 3265 lacerandum,
2774 3207 2831 3255 et
2870 3197 3108 3254 volatilia
3133 3197 3266 3255 cmli
3295 3205 3354 3253 et
3389 3196 3584 3253 bestias
3617 3204 3746 3248 terra:

2201 3309 2220 3342 ι
2264 3291 2333 3345 ad
2357 3289 2722 3346 devorandum
2745 3299 2803 3346 et
2828 3289 3227 3360 dissipaudum.
3260 3309 3281 3343 ι
3314 3291 3552 3358 Quatuor
3571 3285 3742 3358 plagas.

2195 3381 2394 3451 quibus
2419 3380 2650 3436 traditus
2671 3388 2758 3436 est
2793 3379 3022 3452 populus
3057 3378 3394 3446 Judieorum,
3443 3377 3596 3434 etiam
3633 3373 3744 3428 Ete-

2195 3470 2387 3525 chielis
2413 3469 2694 3540 prophetia
2713 3469 3053 3526 demonstrat
3079 3461 3306 3541 (Εκεὴ.
3335 3469 3450 3540 λιιι)
3479 3486 3492 3523 :
3522 3464 3745 3538 gladium.

2197 3561 2580 3632 pestilentiam,
2621 3560 2841 3628 famem,
2884 3561 3088 3618 bestias
3132 3569 3190 3618 et
3223 3561 3604 3632 captivitatem.
3629 3556 3748 3609 Inter

2198 3651 2399 3708 bestias
2446 3661 2630 3707 autem
2674 3667 2840 3708 canes
2887 3667 3104 3723 quoque
3147 3661 3204 3710 et
3245 3653 3481 3709 volatilia
3525 3648 3744 3716 intelligo,

2197 3742 2395 3812 quibus
2423 3743 2491 3798 ad
2521 3743 2808 3798 laceranda
2836 3751 2892 3798 et
2915 3743 3227 3800 devoranda
3260 3753 3318 3798 et
3339 3742 3630 3812 dissnpanda
3647 3751 3747 3792 coro

2197 3847 2330 3903 pora
2363 3831 2558 3887 tradita
2588 3839 2733 3888 sunt.
2764 3832 2950 3904 Neque
2970 3833 3116 3889 enim
3133 3833 3253 3888 ﬁeri
3286 3840 3496 3904 poterat
3519 3841 3592 3892 ut,
3613 3843 3744 3883 crea-

2201 3934 2317 3980 tore
2342 3923 2605 3996 neglecto,
2645 3941 2751 3982 non
2777 3925 3030 3982 universa
3058 3933 3309 3981 creatura
3345 3929 3671 3994 consurgeret
3703 3919 3746 3970 in

2199 4025 2536 4087 peccatores.

2275 4126 2295 4160 ι
2338 4107 2409 4162 Ει
2429 4107 2568 4163 dabo
2594 4122 2690 4164 eos
2713 4109 2770 4164 in
2799 4108 3068 4164 fervorem
3098 4107 3226 4182 (sire
3251 4103 3670 4173 commotionem)
3704 4110 3747 4154 ct

2207 4216 2226 4249 ι
2271 4197 2547 4270 angustias
2568 4198 2839 4254 universis
2873 4199 3053 4269 regnis
3075 4207 3238 4254 terrm
3257 4207 3478 4268 propter
3503 4195 3748 4250 Manassen

2206 4305 2226 4340 ι
2272 4286 2438 4342 ﬁlium
2464 4287 2712 4344 Ezechim
2747 4288 2892 4358 regis
2912 4285 3048 4342 Juda
3068 4327 3084 4352 ,
3110 4303 3276 4358 super
3297 4289 3542 4344 omnibus
3561 4297 3668 4353 qme
3683 4278 3749 4334 fe-

2209 4394 2229 4428 ι
2271 4377 2346 4433 cit
2373 4377 2428 4433 in
2456 4376 2780 4434 Jerusalem.
2830 4397 2850 4432 ι
2885 4379 3140 4450 Legimus
3170 4379 3226 4433 in
3269 4378 3486 4434 Dierum
3510 4373 3748 4431 volumine

2207 4471 2486 4526 Manassen
2501 4471 2997 4542 postcaptivitatem
3021 4481 3077 4528 et
3103 4471 3474 4542 pmnitentiam
3503 4476 3746 4524 reversum

2210 4561 2262 4616 in
2300 4560 2601 4617 Jerusalem
2624 4602 2641 4628 ,
2682 4570 2848 4633 atque
2893 4577 3169 4634 regnasse,
3217 4561 3314 4618 sed
3345 4559 3605 4632 quomodo
3641 4568 3746 4610 san-

2207 4659 2420 4708 ctorum
2449 4653 2642 4709 merita
2673 4654 3012 4710 descendunt
3033 4654 3102 4710 ad
3129 4663 3400 4723 posteros,
3423 4644 3744 4705 sient-David.

2207 4753 2264 4799 et
2287 4753 2605 4800 cmterorum
2639 4763 2652 4800 :
2693 4745 2773 4802 sic
2792 4753 3137 4816 peccatorum
3165 4745 3390 4816 ﬂagitia,
3439 4743 3483 4796 si
3513 4738 3652 4794 liberi
3677 4749 3749 4788 nc-

2209 4849 2471 4912 potesque
2503 4835 2700 4891 similia
2725 4834 3015 4905 gesserint,
3059 4835 3127 4890 ad
3165 4842 3410 4904 posteros
3442 4828 3745 4902 perveniunt.

2209 4933 2361 4999 Quod
2383 4937 2564 4984 autem
2579 4926 2760 4992 dicit,c
2781 4927 2919 4982 dabo
2939 4941 3034 4980 eos
3055 4925 3108 4980 in
3129 4925 3393 4980 fervorem
3408 4923 3520 4977 sive
3537 4929 3745 4974 commo-

2209 5026 2430 5084 tionem,
2474 5029 2529 5075 et
2559 5018 2838 5090 angustias
2881 5017 3147 5072 universa:
3185 5025 3362 5079 teme,
3401 5021 3456 5068 et
3488 5011 3582 5066 sub
3605 5007 3746 5073 Baby-

2209 5113 2366 5168 loniis
2388 5127 2455 5166 ex
2486 5119 2639 5180 parte
2675 5107 3003 5177 completum
3039 5115 3145 5169 est,
3183 5114 3239 5160 et
3281 5119 3426 5160 nunc
3453 5100 3682 5170 expletur
3701 5094 3746 5146 in

2208 5214 2342 5268 toto,
2396 5203 2611 5272 quando
2659 5199 2954 5270 pessimum
3010 5213 3191 5268 regem
3247 5205 3304 5251 et
3355 5195 3447 5264 qui
3498 5184 3745 5261 repleverit

2206 5292 2502 5350 Jerusalem
2527 5309 2555 5345 a
2581 5301 2735 5361 porta
2755 5304 2924 5359 usque
2943 5290 3012 5344 ad
3033 5296 3242 5357 portam
3273 5298 3466 5340 cruore
3485 5279 3744 5351 justotum.

2209 5383 2437 5456 populus
2465 5383 2706 5438 imitatus
2733 5391 2818 5437 ιιι-ι
2845 5379 3062 5449 inpius,
3089 5394 3156 5434 ex
3185 5392 3290 5446 quo
3317 5375 3566 5430 disciums
3586 5375 3742 5456 regnat

2207 5454 2274 5530 ac
2311 5474 2610 5546 principum
2647 5481 2702 5528 et
2737 5471 3147 5543 pratpoititorum
3178 5466 3378 5524 scelere
3405 5461 3616 5536 pinnatus
3643 5454 3741 5528 ple-

2210 5579 2435 5634 rumque
2467 5564 2658 5619 deleri.

2283 5674 2300 5705 ι
2348 5656 2478 5722 Quis
2525 5655 2667 5708 etiim
2723 5651 3065 5707 miserebitur
3122 5655 3195 5706 tui
3223 5691 3238 5712 ,
3295 5640 3611 5702 Jemsalem?
3645 5637 3722 5686 ἒιυι

2215 5768 2231 5800 ι
2278 5749 2399 5819 quis
2421 5747 2828 5802 ronttistabitur
2851 5760 2954 5815 pro
2983 5748 3076 5802 te?
3104 5755 3194 5799 aut
3217 5743 3335 5813 quis
3371 5740 3466 5794 ibit
3489 5737 3549 5790 ad
3577 5740 3744 5798 rogat!-
