4022 6186
261 339 385 396 925

1162 337 1524 396 EXPOSITIO
1560 340 1784 398 SUPER
1822 342 2193 398 JEREMIAMJ
2232 375 2304 387 —
2340 344 2468 400 LIB.
2510 346 2619 402 VII.

3432 352 3542 412 996

265 469 293 503 ς
341 450 472 506 dum
500 462 599 519 pro
627 459 762 517 pace
792 446 917 501 tua?
952 467 970 497 ι
1004 445 1199 518 (Ονὶςι.)
1232 449 1546 519 Exemplum
1571 451 1852 521 accipiam.
1885 459 1928 516 Λ
1960 454 2163 521 posteri
2186 454 2768 525 traduntinterprctari
2799 457 3190 513 Conculcatam.
3209 461 3375 519 Jebus
3403 478 3534 535 ergo

262 539 459 595 Bostis
485 539 757 609 quispiam
789 537 1007 593 rebellis
1037 552 1101 593 ac
1139 542 1431 608 perduellis
1464 551 1650 597 contra
1683 545 1853 613 ἱηιροτ

261 641 512 684 ratorcm
544 628 701 698 hujus
729 638 887 684 terra:
930 628 1268 700 adjudieatus
1295 642 1375 686 est
1405 648 1420 685 :
1449 634 1518 685 alt
1558 635 1659 688 hoc
1681 636 1858 690 omnis

259 720 645 775 misericordia
669 718 950 774 aufertur:
976 720 1206 785 scilicet,
1230 737 1303 775 ne
1319 721 1445 779 dum
1463 722 1721 778 damnato
1733 725 1856 793 quis

259 814 580 877 miseretur,
612 812 837 881 incipiat
878 810 1153 867 offendere
1191 814 1666 868 condemnantem.
1715 814 1855 867 Sunt

260 915 449 961 autem
494 904 735 959 nonnulli
765 904 856 973 qui
884 904 1143 974 adjiciunt
1175 905 1243 959 ad
1282 906 1649 965 severitatem,
1684 915 1743 959 ut
1788 920 1855 960 ne

256 994 660 1049 contristentur
709 994 924 1061 quidem
961 1008 1124 1063 super
1178 1009 1265 1058 eo,
1318 996 1371 1049 id
1411 1011 1738 1065 magnopere
1762 996 1855 1050 de-

259 1092 524 1153 vitantes,
576 1104 645 1145 ne
673 1104 769 1160 per
814 1102 1106 1143 meat-orent
1152 1090 1330 1145 vultus
1359 1098 1615 1159 putentur
1648 1091 1853 1161 judicio

259 1181 412 1251 regis
462 1180 684 1235 offendi.
740 1181 795 1235 Si
853 1180 1149 1235 iutellixisti
1192 1183 1517 1251 exemptum,
1568 1184 1852 1238 considera

260 1280 397 1326 tunc
432 1272 503 1326 ob
533 1281 753 1343 peccata
802 1272 967 1326 utulta
997 1288 1026 1326 a
1062 1274 1173 1327 Deo
1213 1275 1628 1329 condemnatum
1660 1290 1851 1344 pecea-

262 1370 463 1427 torem,
492 1372 548 1417 et
571 1362 693 1417 vide
718 1363 987 1431 quomodo
1010 1363 1495 1420 innumerabilibus
1517 1367 1723 1436 angelis
1753 1366 1851 1421 ltu-

261 1467 430 1508 mano
456 1454 643 1524 generi
681 1455 1126 1524 prtesidentibus,
1157 1471 1227 1511 ne
1250 1457 1322 1511 ab
1350 1472 1458 1512 uno
1490 1458 1707 1527 quidem
1746 1460 1848 1513 mi-

262 1543 565 1599 sericordia
599 1543 793 1615 dignus
832 1544 1125 1614 iudicetur.
1165 1546 1373 1615 Singuli
1407 1550 1605 1619 quippe
1633 1551 1852 1620 angelo»

261 1648 386 1690 rum
414 1636 821 1704 perspicientes,
853 1638 977 1708 quia
1009 1638 1150 1694 Deus
1200 1649 1284 1694 est
1325 1641 1417 1710 qui
1447 1642 1847 1704 condemnavit,

262 1727 393 1797 quia
421 1739 638 1784 creator
660 1738 744 1785 est
767 1730 859 1800 qui
885 1746 1010 1785 eum
1032 1741 1337 1797 aversatur,
1368 1743 1425 1788 et
1457 1733 1562 1787 tale
1583 1748 1701 1789 esse
1726 1749 1848 1804 pec-

1955 542 2295 609 coneulcata,
2323 558 2353 597 a
2376 543 2786 600 fortitudinibus
2811 549 3121 612 contrariis,
3149 551 3327 605 anima
3351 562 3535 608 nostra

1957 640 2316 685 transmutata
2344 642 2458 697 est,
2494 642 2549 687 et
2576 634 2718 687 facta
2745 645 2828 691 est
2859 635 3159 692 Jerusalem
3196 638 3339 694 i’isio
3370 657 3533 710 ρίεσιε.

1957 722 2013 777 Si
2065 723 2137 777 ita
2196 732 2318 793 post
2358 724 2766 781 diminutionem
2813 744 2842 781 a
2891 728 3089 794 Jebus,
3142 732 3195 785 in
3238 732 3537 790 Jentsalcm

1954 814 2294 883 peccaveris,
2332 824 2385 869 et
2415 816 2733 887 sanguinem
2781 822 3110 883 testamenti,
3153 822 3294 876 sicut
3316 825 3534 892 quidam

1953 912 2009 957 et
2050 913 2104 957 tu
2136 920 2479 959 communem
2528 906 2953 971 existimaveris,
2998 910 3208 964 dicetur
3231 922 3286 965 et
3332 913 3398 967 de
3437 925 3528 970 te:

1959 1012 1978 1044 ι
2014 993 2146 1060 Quis
2170 1002 2358 1063 parcet
2386 1009 2550 1063 super
2574 1003 2645 1060 te,
2661 994 2985 1061 Jerusalem,
3023 1008 3079 1054 ct
3104 1000 3225 1068 quis
3250 1003 3539 1056 contrista-

1953 1083 2099 1138 bitur
2125 1100 2287 1154 super
2328 1085 2423 1139 te?
2458 1105 2479 1137 ι
2512 1086 2643 1153 Quis
2670 1088 2815 1141 cnim
2866 1089 3275 1145 contristabitur
3297 1131 3311 1156 ,
3344 1093 3388 1145 si
3418 1094 3537 1148 talis

1953 1174 2163 1237 fueris,
2224 1184 2284 1228 ut
2336 1176 2519 1232 tradas
2574 1175 2796 1231 Jesum?
2856 1179 3232 1249 Unusquisque
3265 1190 3533 1246 nostrum,

1951 1268 2169 1335 quando
2197 1276 2405 1337 peccat,
2457 1270 2694 1323 maxime
2720 1270 3028 1339 quicunque
3059 1281 3244 1339 peccat
3277 1272 3532 1341 ingentia,

1954 1356 2006 1409 itt
2034 1354 2216 1410 Jesunt
2256 1367 2444 1424 peccat
2471 1376 2484 1411 :
2516 1358 2560 1412 si
2585 1369 2764 1413 autem
2792 1368 2845 1413 et
2878 1363 3166 1416 recesserit
3192 1378 3222 1415 a
3256 1362 3390 1427 title,
3423 1364 3537 1418 Ita‘e

1954 1446 2085 1501 facit
2121 1447 2442 1515 spiritaliter
2468 1448 2709 1514 Christo,
2743 1466 2864 1519 quat
2891 1450 3247 1518 corporaliter
3290 1450 3419 1505 fecit
3444 1451 3534 1504 Jev

1953 1535 2209 1590 rusalem.
2240 1536 2601 1602 Quamobrem
2639 1556 2656 1588 ι
2693 1547 2894 1607 quanto
2920 1538 3039 1607 plus
3065 1540 3405 1593 arbitramini
3444 1541 3537 1593 de-

1950 1626 2150 1681 teriora
2177 1628 2374 1682 tttcrcri
2398 1628 2656 1697 supplicia
2677 1642 2820 1691 eum,
2849 1630 2939 1696 qui
2967 1628 3160 1682 Filium
3194 1628 3285 1683 Dei
3311 1630 3531 1684 concul-

1952 1721 2179 1787 caverit,
2228 1730 2284 1775 et
2333 1722 2648 1790 sanguinem
2708 1718 2842 1774 Novi
2893 1719 3225 1775 Tcstameuti
3278 1720 3534 1789 pollutum

260 1830 533 1887 catum.ut
545 1823 855 1879 misericors
866 1831 922 1878 et
939 1822 1178 1879 clemens
1190 1826 1333 1879 Deus
1347 1826 1741 1894 quodammodo
1759 1842 1847 1880 ne-

1954 1813 2169 1868 duxerit
2217 1813 2271 1867 in
2297 1827 2407 1881 quo
2450 1810 2821 1867 sanctificattts
2860 1820 2961 1873 est,
2996 1821 3050 1865 et
3091 1810 3316 1879 Spiritui
3352 1812 3537 1879 gratia:

258 1912 575 1968 cessitatem
589 1929 779 1985 passus
801 1915 894 1979 sit,
917 1923 977 1970 ut
991 1931 1153 1986 super
1171 1931 1294 1971 eum
1311 1917 1627 1971 sen’entiam
1642 1930 1855 1986 promc-

261 2010 384 2058 ret:
409 2017 516 2058 non
543 2015 795 2074 parcunt,
822 2022 929 2061 non
945 2006 1351 2071 contristantur,
1374 2022 1479 2061 non
1503 2007 1849 2071 miserentur,

260 2108 376 2152 non
409 2106 756 2152 revertuntur
787 2105 847 2152 ut
881 2106 1072 2168 rogent
1104 2113 1202 2168 pro
1238 2114 1303 2153 eo
1338 2112 1548 2168 pacem.
1581 2095 1849 2168 (ιιὶενοη.)

259 2184 456 2243 Nullus
466 2187 612 2242 enim
636 2186 843 2242 offenso
864 2188 976 2243 Deo
992 2195 1167 2256 potest
1179 2202 1276 2257 pro
1288 2185 1504 2256 ﬂagitiis
1521 2201 1710 2257 rogare
1724 2201 1849 2256 pec—

258 2277 531 2342 cantium,
560 2276 687 2346 quia
710 2291 808 2332 nec
829 2285 939 2331 tam
968 2275 1205 2332 clemens
1246 2287 1424 2347 potest
1451 2286 1702 2332 creatura
1732 2290 1851 2331 esse

260 2383 428 2438 quatn
455 2368 725 2432 conditor,
761 2382 861 2423 nec
886 2368 960 2422 ita
1010 2368 1221 2423 alienus
1268 2368 1528 2432 externis,
1578 2368 1853 2437 quomodo

260 2458 528 2513 Dominus
567 2458 680 2513 suis
703 2473 947 2527 parcere.
972 2457 1173 2529 (0rig.)
1199 2457 1495 2514 Jerusalem
1525 2458 1689 2528 igitur
1730 2474 1851 2526 qua:

260 2549 333 2603 ad
362 2550 546 2619 priora
586 2548 790 2604 scelera
819 2549 981 2603 etiam
1017 2548 1118 2604 hoc
1156 2548 1382 2617 adjecit,
1415 2557 1473 2602 ut
1510 2547 1854 2619 crucifigeret

259 2640 551 2695 Dominum
596 2654 776 2695 meum
818 2638 1024 2704 Jesum,
1059 2647 1115 2695 et
1152 2640 1204 2694 in
1250 2648 1460 2694 tantum
1509 2640 1851 2694 consurrexit
1918 2694 1922 2701 ,

259 2729 465 2794 scelus,
495 2740 557 2785 ut
582 2729 649 2786 de
672 2743 737 2785 ea
762 2729 964 2785 diceret
989 2729 1106 2799 ipse
1132 2727 1385 2785 Salvator
1410 2745 1424 2782 :

341 2841 363 2874 α
405 2820 740 2886 Jerusalem,
787 2819 1089 2875 Jerusalem
1122 2859 1138 2886 ,
1194 2833 1318 2889 qua:
1360 2818 1566 2874 occidis
1621 2818 1851 2890 prophe-

268 2931 290 2963 ι
340 2920 444 2977 tas,
473 2921 529 2965 et
556 2910 763 2981 lapidas
797 2910 990 2966 missus
1012 2911 1079 2963 ad
1122 2917 1202 2975 te;
1228 2910 1438 2978 quoties
1460 2910 1605 2965 volui
1627 2925 1850 2979 congre-

274 3024 295 3058 ι
344 3020 474 3075 gare
504 3004 642 3059 filios
668 3013 790 3059 tuos
815 3004 956 3059 sicut
979 3003 1179 3075 gallina
1202 3013 1500 3076 congregat
1523 3004 1697 3074 pullos
1722 3019 1849 3059 suos

268 3114 291 3147 ι
332 3095 433 3150 sub
463 3095 577 3150 alas
614 3110 773 3159 suas,
815 3104 872 3149 et
906 3095 1125 3149 noluisti
1156 3112 1170 3149 :
1201 3109 1327 3150 ecce
1354 3095 1658 3149 dimittetur
1693 3095 1847 3150 vobis
1877 3139 1918 3159 ,,

1901 3178 1920 3197 ⁴
1952 3172 2107 3227 nobis
2131 3172 2375 3227 dicatur:
2398 3190 2416 3222 ‹
2449 3169 2580 3237 Quis
2599 3179 2785 3241 parcet
2808 3185 2971 3241 super
2996 3179 3068 3233 te,
3091 3168 3416 3235 Jerusalem,
3438 3180 3529 3224 aut

271 3201 292 3234 ι
337 3185 527 3238 domus
575 3193 753 3239 vestra
792 3185 1005 3240 deserta
1040 3184 1251 3256 (Matth.
1295 3186 1472 3256 χχιιι).
1514 3206 1532 3239 t
1583 3185 1707 3240 Ideo
1756 3187 1841 3239 (Zi-

265 3275 435 3330 tnissa
475 3283 581 3340 est,
611 3290 664 3330 et
698 3291 868 3345 usque
913 3274 980 3330 ad
1026 3291 1263 3345 prmsens
1305 3289 1513 3348 tempus
1564 3277 1840 3332 destituta.

272 3368 456 3439 Angeli
488 3370 579 3439 qui
613 3383 827 3438 semper
856 3368 1257 3424 auxiliabantur
1280 3370 1349 3434 ci,
1392 3385 1488 3440 per
1519 3384 1655 3438 quos
1680 3370 1841 3423 etiam

268 3459 356 3515 lex
380 3459 553 3531 Moysi
578 3461 772 3515 tradita
797 3468 910 3525 est,
940 3476 1038 3530 per
1058 3461 1279 3531 angelos
1312 3461 1363 3514 in
1397 3477 1554 3514 manu
1582 3460 1841 3515 mediato-

264 3553 367 3618 ris,
391 3553 733 3607 destruerunt
752 3565 872 3605 eam
916 3559 970 3605 et
995 3551 1247 3605 dixerunt
1274 3569 1289 3605 ;
1320 3551 1496 3605 Multis
1517 3550 1844 3606 facinoribus

262 3656 523 3712 oppressa
549 3650 654 3706 est,
686 3640 867 3695 Jesum
893 3640 1182 3705 interfecit,
1217 3641 1267 3694 itt
1292 3641 1574 3695 Dominum
1598 3650 1842 3695 nostrum

264 3734 414 3789 misit
462 3736 672 3787 manus.
723 3730 969 3797 Quandiu
1018 3732 1226 3786 minora
1271 3732 1531 3801 peccavit,
1573 3733 1842 3801 potuimus

264 3839 458 3895 rogare
480 3839 577 3893 pro
600 3839 683 3888 ea,
716 3823 991 3892 potuimus
1014 3824 1303 3878 obsecrare
1336 3822 1641 3885 Dominum,
1666 3822 1843 3890 potui-

264 3929 387 3968 tnus
410 3928 632 3982 parcere
659 3913 707 3966 ei
734 3929 749 3968 :
778 3927 939 3982 super
966 3912 1068 3966 isto
1095 3928 1223 3967 vero
1246 3912 1368 3981 quis
1391 3912 1610 3981 parcat?
1633 3911 1689 3965 Si
1719 3927 1843 3981 pec-

261 4019 396 4059 cans
423 4003 729 4072 peccaverit
771 4002 855 4056 vir
885 4002 939 4056 in
967 4002 1175 4064 virum,
1220 4001 1520 4057 exorabant
1547 4015 1647 4068 pro
1673 4017 1757 4064 eo;
1791 4000 1837 4054 si

264 4106 448 4151 autem
495 4096 546 4150 in
582 4096 867 4149 Doutinum
917 4095 1243 4165 peccaverit,
1290 4094 1412 4163 quis
1462 4092 1706 4147 exorabit
1744 4107 1842 4162 pro

260 4185 363 4240 eo?
390 4204 407 4235 ι
436 4183 650 4240 Grande
679 4183 945 4252 piaculum
972 4184 1242 4238 commisit
1272 4182 1570 4238 Jerusalem
1598 4202 1610 4236 :
1639 4183 1840 4253 grande

260 4275 595 4348 perpetravit
622 4273 793 4329 nefas.
825 4294 843 4325 t
871 4274 980 4329 Deo
995 4275 1045 4329 in
1083 4274 1559 4329 comminationem
1590 4273 1729 4328 facta
1752 4282 1837 4327 est

264 4375 324 4423 et
347 4368 546 4421 dicitur
575 4366 638 4419 ad
662 4381 781 4420 eam
804 4383 817 4419 :
848 4365 979 4433 Quis
1001 4374 1187 4436 parcet
1211 4380 1376 4435 super
1403 4375 1474 4430 te,
1520 4364 1838 4429 Jerusalem,

1953 1904 2337 1960 contumeliam
2381 1902 2618 1958 fecerit?
2663 1900 2721 1956 Si
2761 1901 3092 1956 conculcasti
3138 1899 3320 1954 Jesum
3369 1900 3536 1953 lilium

1954 1998 2073 2062 Dei,
2104 1997 2148 2052 si
2173 1995 2349 2051 fecisti
2378 1994 2680 2050 convicium
2706 1993 2933 2063 Spiritui
2962 1992 3170 2062 gratim,
3211 1992 3332 2060 quis
3355 2006 3516 2060 parce

1955 2103 2120 2158 super
2154 2089 2240 2141 te?
2268 2086 2392 2156 quis
2430 2084 2844 2160 contristabitur
2871 2098 3037 2153 super
3074 2084 3174 2137 te?
3204 2082 3325 2151 quis
3357 2097 3539 2137 rever-

1955 2187 2101 2233 tetur
2126 2192 2317 2248 rogare
2339 2191 2403 2231 ea
2426 2192 2546 2247 qua:
2569 2177 2621 2230 itt
2647 2190 2780 2246 pace
2806 2184 2935 2231 sunt
2960 2175 3100 2229 tibi?
3125 2175 3303 2245 ipsum
3329 2172 3536 2236 Jesum,

1952 2269 2045 2339 qui
2093 2268 2338 2339 rogabat,
2384 2267 2595 2338 pariter
2634 2276 2688 2321 et
2728 2266 3020 2336 pnestabat
3068 2281 3132 2320 ea
3161 2280 3280 2335 qua:
3300 2272 3458 2320 erant
3484 2264 3536 2316 in

1952 2376 2102 2430 pace,
2131 2359 2367 2430 prodidit
2416 2358 2595 2412 anima
2646 2357 2969 2428 peccatrix:
3021 2358 3143 2426 quis
3187 2364 3366 2425 potest
3392 2354 3534 2408 ultra

1886 2458 1891 2464 ‘
1952 2464 2164 2521 rogare,
2183 2463 2481 2503 conversus
2504 2447 2573 2502 ad
2601 2463 2662 2501 ea
2685 2461 2804 2517 quae
2829 2454 2957 2501 sunt
2977 2447 3070 2501 tibi
3096 2446 3148 2500 in
3171 2445 3327 2516 pace?
3348 2444 3527 2501 Scien-

1953 2550 2034 2595 tes
2055 2555 2186 2610 ergo
2207 2540 2331 2610 quia
2359 2536 2689 2609 impossibile
2704 2545 2789 2593 cst
2803 2552 2919 2602 eos,
2933 2537 3024 2606 qui
3044 2557 3061 2588 ι
3091 2535 3257 2591 semel
3278 2534 3509 2590 suntillu
3524 2567 3536 2574 -

1951 2630 2171 2694 minati,
2201 2637 2554 2698 gustavernnt
2582 2627 2745 2681 etiam
2787 2626 2987 2682 donum
3016 2625 3260 2690 cmleste,
3282 2633 3336 2680 et
3365 2624 3537 2694 parti--

1949 2721 2098 2790 cipes
2122 2729 2250 2775 sunt
2289 2718 2415 2773 facti
2464 2717 2702 2788 Spiritus
2742 2717 2938 2783 sancti,
2979 2725 3336 2785 gustavcrunt
3377 2714 3531 2769 ttiltil-

1949 2813 2165 2869 ominus
2190 2812 2389 2867 bonum
2422 2809 2517 2865 Dei
2541 2809 2786 2874 verbum,
2818 2808 3153 2878 virtutesque
3183 2806 3364 2862 saeculi
3400 2820 3533 2861 vcn-

1951 2905 2081 2970 turi,
2107 2913 2161 2958 et
2206 2902 2439 2975 prolapsi
2470 2910 2613 2963 sunt,
2645 2901 2897 2957 renovari
2925 2915 3139 2955 rursum
3164 2901 3232 2955 ad
3264 2899 3531 2970 poeniten-

1952 2995 2103 3057 tiatn,
2137 2994 2332 3048 iterum
2372 2991 2750 3063 crucifigentcs
2797 2990 3146 3061 sibimetipsis
3178 2990 3372 3046 Filium
3412 2989 3532 3054 Dei,

1950 3092 2006 3137 et
2034 3082 2269 3137 ostentui
2292 3082 2553 3136 habentes
2580 3099 2592 3134 :
2624 3080 2772 3135 omni
2807 3080 2996 3135 labore
3020 3081 3259 3134 nitantur
3287 3095 3354 3135 ne
3381 3088 3437 3133 et
3464 3080 3531 3134 de

1950 3265 2074 3333 quis
2108 3262 2516 3317 contristabitur
2542 3277 2707 3332 super
2736 3270 2812 3329 te,
2842 3273 2936 3316 aut
2962 3261 3087 3331 quis
3116 3270 3415 3317 revertetur
3444 3278 3530 3317 ro-

1949 3371 2078 3427 gare
2100 3356 2154 3410 itt
2186 3369 2373 3424 pacem
2401 3353 2495 3408 tibi
2516 3354 2539 3406 ?
2578 3372 2594 3404 t

2024 3486 2040 3517 ι
2088 3465 2166 3519 Ttt
2208 3463 2473 3533 reliquisti
2522 3476 2642 3527 me,
2697 3462 2829 3517 dicit
2870 3461 3175 3517 Dominus:
3228 3470 3529 3516 retrorsum

1953 3575 1971 3606 ι
2017 3554 2218 3609 abiisti.
2259 3573 2277 3604 ι
2319 3552 2589 3625 (Ηὶενοη.)
2635 3552 2809 3607 Causa
2842 3553 3103 3617 redditur,
3146 3567 3314 3621 quare
3352 3553 3531 3607 nullus

1947 3646 2267 3701 misereatur
2313 3642 2632 3707 Jerusalem,
2665 3657 2763 3697 nec
2787 3642 3142 3698 contristetur
3169 3658 3266 3711 pro
3303 3659 3393 3705 ea,
3428 3658 3530 3698 nee

1945 3753 2043 3807 pro
2064 3751 2199 3807 pace
2220 3736 2363 3789 illius
2376 3736 2642 3789 obsecret.
2682 3733 2833 3800 Quod
2851 3749 2992 3796 eum,
3018 3732 3170 3803 juxta
3188 3732 3527 3803 Apostolunt,

1946 3827 2305 3897 posteriorum
2332 3824 2688 3887 oblivisceus,
2720 3823 2786 3876 ad
2822 3822 3002 3891 priora
3032 3835 3092 3874 sc
3113 3822 3404 3875 extendere
3434 3821 3531 3875 de-

1945 3919 2146 3983 buerit,
2175 3917 2480 3972 econtrario
2509 3925 2811 3970 retroversa
2832 3916 2903 3969 sit
2927 3923 2981 3969 et
3025 3913 3312 3982 Egyptias
3333 3929 3529 3969 carnes

1945 4008 2284 4064 desiderarit.
2315 4006 2454 4073 Quid
2481 4015 2661 4060 autem
2696 4006 2768 4060 sit
2797 4014 2943 4060 retro
2970 4005 3267 4067 ambulare,
3299 4005 3415 4059 sive
3438 4020 3531 4059 cx-

1947 4102 2089 4157 lendi
2115 4102 2166 4156 itt
2192 4100 2396 4171 priora,
2426 4098 2731 4154 considera.
2771 4096 2969 4168 (θήῃ.)
2992 4094 3176 4150 Justus
3198 4110 3384 4151 eorum
3411 4110 3529 4163 qna'

1946 4200 2092 4245 retro
2118 4197 2244 4244 sunt
2272 4188 2596 4244 oblivisccns
2619 4228 2634 4251 ,
2665 4187 2715 4240 in
2744 4186 2924 4257 priora
2947 4185 3255 4239 extendi.ur
3282 4202 3296 4237 :
3332 4199 3526 4253 pecea-

1946 4292 2030 4338 tor
2067 4281 2427 4350 posteriorum
2457 4278 2726 4343 meminit,
2774 4277 2956 4347 priora
2981 4289 3086 4329 non
3116 4284 3391 4343 appetens.
3425 4275 3525 4340 Qui

1943 4379 2121 4425 autem
2182 4369 2539 4440 posteriorum
2603 4366 2846 4422 meminit
2910 4365 3295 4436 pnevaricatur
3344 4366 3395 4418 itt
3454 4365 3525 4419 lc-

264 4466 358 4511 aut
384 4457 507 4527 quis
545 4456 957 4511 contristabitur
978 4471 1141 4525 super
1165 4464 1217 4510 te
1236 4456 1261 4508 ?
1281 4454 1389 4509 Nos
1416 4470 1521 4509 non
1554 4455 1840 4510 eontrista-
1867 4479 1915 4536 υ
1942 4476 2060 4531 gem
2080 4456 2204 4513 Jesu
2229 4456 2458 4512 dicentis
2489 4473 2501 4508 :
2534 4472 2554 4505 ι
2591 4453 2668 4508 Ne
2700 4464 3050 4509 convertatur
3090 4463 3382 4508 retrorsum
3427 4453 3527 4508 tol-

266 4546 446 4599 bimur
472 4560 634 4614 super
678 4544 977 4600 Jerusalem
999 4585 1015 4609 ,
1061 4551 1116 4598 et
1155 4543 1557 4599 calamitatibus
1586 4542 1737 4611 ejus,
1779 4553 1835 4598 ct

262 4639 446 4693 omnis
465 4638 644 4709 populi
683 4638 864 4694 illius:
897 4638 1107 4693 illoruut
1135 4638 1332 4707 quippe
1357 4638 1554 4694 delicto
1577 4639 1723 4694 salus
1748 4655 1836 4694 no-

261 4730 348 4785 bis
368 4729 510 4784 facta
531 4738 613 4783 εει
634 4730 700 4783 ad
721 4728 1080 4784 aemulandum
1103 4743 1214 4783 eos.
1246 4727 1447 4797 thuia
1471 4729 1550 4783 sic
1575 4730 1837 4798 peccavit,

259 4829 321 4874 ut
347 4832 479 4873 voce
508 4818 718 4873 Domini
744 4819 1031 4884 diceretur,
1062 4817 1192 4884 Quis
1213 4825 1399 4886 parcet
1431 4833 1592 4887 super
1634 4829 1705 4881 te.
1750 4818 1837 4874 Je-

260 4908 498 4964 rusalem
522 4909 546 4962 ?
568 4923 668 4980 ego
691 4924 906 4979 quoque
928 4909 1048 4963 dico
1074 4908 1141 4962 ad
1177 4906 1595 4964 interfectricem
1625 4909 1837 4964 Domini

259 5002 367 5055 mei
399 5014 414 5053 :
443 4999 576 5066 Quis
609 5008 795 5070 parcat
816 5015 976 5069 super
998 5009 1068 5065 te,
1095 4998 1620 5069 Jerusalem,etquis
1638 5002 1843 5055 contri-

259 5089 494 5143 stabitur
517 5104 678 5157 super
699 5090 787 5143 te?
811 5089 1212 5143 Transcendam
1250 5096 1429 5142 autem
1451 5090 1519 5143 ad
1544 5089 1839 5159 spiritalem

260 5178 595 5233 intellectum
631 5178 700 5232 ab
744 5178 1048 5233 humilitate
1096 5178 1312 5243 litterat,
1354 5178 1496 5232 viam
1533 5179 1662 5233 milti
1708 5195 1840 5249 pan-

258 5269 423 5324 dente
449 5267 674 5330 ratione,
696 5277 755 5322 ut
774 5268 987 5323 videam
1012 5268 1280 5337 quomodo
1304 5283 1638 5337 unaquatque
1660 5270 1835 5323 anima
1856 5268 1861 5273 ’

263 5359 425 5428 digna
471 5372 602 5427 pace
631 5358 724 5413 Dei
762 5357 1059 5412 Jerusalem
1112 5367 1468 5427 nuncupetur.
1508 5358 1636 5414 Post
1674 5361 1836 5415 disci-

263 5449 467 5519 plinam
519 5449 714 5519 quippe
762 5449 996 5504 divinam
1042 5448 1217 5504 factus
1261 5458 1346 5503 est
1388 5449 1706 5513 Jerusalem,
1742 5453 1832 5520 qui

263 5539 416 5609 prius
440 5538 618 5593 fuerat
647 5538 830 5593 Jebus.
876 5539 1109 5592 Historia
1138 5538 1321 5601 refert,
1360 5540 1485 5607 quia
1511 5555 1703 5593 nomen
1731 5542 1832 5595 loci

262 5630 424 5685 istius
465 5630 640 5684 fuerat
682 5629 866 5693 Jebus,
907 5639 963 5685 et
1000 5640 1183 5699 postea
1210 5642 1544 5686 commutato
1570 5635 1831 5689 vocabulo

264 5730 571 5791 nuncupata
601 5721 670 5775 sit
694 5719 1044 5775 Hierusalem.
1079 5719 1241 5776 Jcbus
1275 5728 1454 5775 autem
1482 5720 1829 5777 liebncorutn

1941 4550 2051 4605 lere
2080 4549 2454 4604 vestimentum
2482 4561 2668 4610 suum,
2710 4564 2729 4596 t
2761 4546 3076 4600 inobediens
3105 4554 3188 4600 est
3218 4546 3362 4601 dicto
3386 4544 3522 4614 ejus.

1942 4641 2262 4696 Mementote
2275 4639 2459 4694 uxoris
2482 4637 2585 4694 Lot
2610 4656 2623 4691 :
2649 4637 2944 4691 contemnit
2966 4637 3249 4708 Imperium
3275 4637 3520 4692 Salvato-

1942 4733 2049 4787 ris:
2090 4749 2108 4782 ι
2146 4730 2312 4786 Nemo
2344 4730 2564 4784 mittens
2597 4743 2758 4799 super
2790 4737 3027 4782 aratrum
3058 4744 3268 4794 manus,
3292 4738 3347 4783 et
3382 4730 3524 4799 aspi-

1944 4823 2092 4877 ciens
2130 4831 2451 4884 retrorsum,
2483 4827 2639 4889 aptus
2658 4828 2741 4875 est
2769 4834 2935 4891 regno
2959 4820 3051 4874 Dei
3076 4819 3228 4890 (an.
3257 4819 3354 4886 ts).
3392 4837 3412 4870 ι

2020 4932 2039 4963 ‹
2086 4912 2151 4965 Ει
2174 4911 2461 4966 extendam
2490 4925 2706 4964 manum
2733 4924 2907 4963 meant
2935 4924 3097 4978 super
3127 4918 3200 4973 te,
3222 4916 3285 4962 et
3313 4908 3521 4962 interii:

1939 5003 2077 5057 ciant
2116 5012 2187 5056 te.
2238 5000 2499 5055 Laboravi
2531 5008 2748 5070 rogatus
2775 4999 2900 5069 (sive
2931 4998 3170 5068 rogans).
3206 5015 3224 5047 ι
3272 4995 3376 5050 Pro
3406 5010 3513 5064 quo

1943 5109 1961 5142 ι
2010 5091 2360 5161 Septuaginta
2409 5080 2849 5150 transtulerunt,
2903 5105 2922 5138 ι
2978 5101 3313 5156 nequaquam
3375 5086 3512 5140 ultra

1945 5202 1964 5234 ι
2008 5182 2274 5236 dimittam
2303 5196 2416 5235 eos.
2465 5199 2484 5231 ι
2528 5178 2821 5247 (Ηὶει-υη.)
2860 5177 3046 5230 Manus
3074 5183 3290 5229 extenta
3322 5191 3514 5245 percu.

1939 5272 2118 5326 tientis
2146 5270 2400 5323 iudicium
2416 5276 2500 5323 est
2529 5287 2542 5322 :
2572 5267 2892 5330 interfectio,
2909 5274 3252 5334 peccatorum
3280 5264 3414 5320 iram
3440 5267 3514 5321 si-

1941 5365 2618 5433 gniticatconsutmnatam.
2645 5357 2796 5425 Quod
2825 5366 3003 5410 autem
3036 5355 3216 5409 itttttlit
3242 5372 3257 5411 :
3294 5373 3313 5406 ι
3344 5356 3514 5415 Labo-

1941 5452 2053 5505 ravi
2085 5460 2302 5519 rogatus
2328 5450 2452 5519 (sire
2497 5447 2732 5517 rogans),
2781 5466 2800 5497 ι
2850 5444 3115 5513 duplicem
3162 5461 3380 5501 sensum
3417 5449 3514 5503 Ita-

1939 5541 2053 5604 bet,
2082 5540 2222 5609 quod
2236 5538 2348 5607 jam
2379 5536 2633 5594 defecerit
2665 5538 2827 5599 Deus,
2849 5538 3040 5590 crebro
3059 5536 3139 5591 eis
3161 5536 3509 5607 ignoscendo,

1937 5643 1993 5687 ct
2022 5632 2192 5687 lassus
2216 5630 2310 5692 sit,
2339 5641 2552 5699 semper
2576 5644 2671 5683 eos
2699 5642 2998 5697 provocans
3025 5629 3090 5681 ad
3118 5628 3364 5684 salutem.

2012 5740 2030 5773 ι
2076 5720 2142 5775 Ει
2186 5720 2491 5789 dispergam
2534 5732 2626 5773 eos
2678 5716 2974 5773 ventilabro
3031 5718 3083 5771 in
3138 5719 3306 5787 portis
3354 5731 3511 5777 terra:
