4022 6186
587 351 693 411 9'27

1229 348 1292 404 Β.
1331 345 1584 404 RABANI
1623 344 1841 402 MAURl
1879 337 2199 400 ARCllﬂiP.
2241 339 2550 398 MOGUNT.
2592 339 2877 398 OPERUM
2916 338 3098 395 PARS
3135 338 3222 395 Ill.

593 481 617 516 ι
655 464 782 535 (sive
834 459 1014 533 populi
1061 457 1210 530 mei).
1264 455 1522 512 lnterfeci
1568 463 1624 510 et
1666 454 1874 526 perdidi
1923 452 2174 524 populum
2204 453 2252 512 Α
2283 449 2358 506 De
2384 459 2540 506 nocte
2565 451 2762 507 etenim
2803 459 2990 508 custos
3027 451 3192 517 venit,
3219 451 3350 523 quia
3379 452 3590 510 humani
3635 457 3808 525 generis

595 571 616 604 ι
663 565 862 614 meum,
906 558 963 604 et
1002 557 1181 602 tamen
1213 545 1373 602 aviis
1409 545 1525 600 suis
1567 560 1674 600 non
1719 551 1846 599 sunt
1892 542 2118 598 reversi.
2157 561 2175 593 ι

589 641 729 710 Quid
749 640 970 711 prodest
997 637 1198 706 saepius
1229 652 1316 692 me
1344 636 1546 706 rogari,
1577 651 1702 690 cum
1729 650 1759 689 a
1789 633 1894 688 viis
1917 633 2028 688 suis
2052 647 2180 702 pes-

590 732 745 788 simis
771 746 876 785 non
919 736 1280 792 revertantur,
1314 741 1418 782 nec
1442 733 1608 797 agant
1631 724 2053 796 ptenitentiam?
2094 723 2183 777 Di-

592 823 765 894 spersi
815 820 959 876 enim
1014 834 1128 880 eos.
1193 817 1348 889 quasi
1401 815 1728 880 ventilabro,
1783 823 1844 870 ut
1891 829 2180 886 purgarem

591 927 775 967 aream
803 925 1000 971 alumni,
1032 918 1085 963 et
1111 907 1340 979 dispersi
1373 907 1426 961 in
1468 907 1638 977 portis
1665 914 1844 971 terrm,
1885 914 1944 960 ut
1982 903 2180 959 inferni

591 1002 988 1074 quodannnolo
1029 1001 1304 1056 calcareut
1337 999 1564 1055 limina:
1599 1007 1656 1054 et
1692 997 1938 1054 interfeci
1967 1007 2025 1054 et
2057 1014 2184 1069 per-

591 1097 698 1151 didi
729 1095 983 1165 pupulum
1009 1109 1187 1148 meum
1209 1134 1223 1158 ,
1262 1103 1319 1146 ut
1347 1093 1521 1149 coacti
1555 1093 1820 1147 malorum
1847 1093 2182 1148 necessitate

593 1186 959 1258 impendentia
993 1186 1231 1240 vitarent
1273 1185 1438 1238 mala.
1777 1183 1781 1186 ⁴

645 1287 686 1329 ἐ
727 1277 1085 1346 Multiplicatar
1109 1285 1237 1331 sunt
1263 1276 1396 1330 mihi
1426 1274 1598 1329 vidua:
1624 1275 1742 1344 ejus
1770 1290 1933 1345 super
1958 1289 2181 1330 arenam

599 1388 618 1422 ι
667 1370 852 1424 maris.
888 1369 1072 1422 Induxi
1094 1368 1172 1422 eis
1197 1383 1360 1436 super
1377 1377 1602 1422 matrem
1625 1367 1984 1424 adolescentis
2005 1378 2184 1422 vasta-

599 1477 620 1510 ι
671 1469 841 1512 torem
875 1457 1096 1512 meridie
1129 1474 1143 1510 :
1177 1457 1298 1510 misi
1341 1471 1504 1525 super
1541 1456 1789 1511 civitates
1828 1465 2047 1526 repente
2079 1465 2184 1510 ter-

599 1569 620 1600 σ
669 1565 865 1604 rorem.
907 1569 926 1600 ι
972 1547 1210 1602 Diversis
1239 1545 1689 1600 medicaminilms
1727 1547 1875 1616 cupit
1901 1545 2042 1601 Dens
2077 1546 2184 1600 sal-

595 1657 726 1695 vare
752 1648 1061 1710 peccantes,
1095 1648 1154 1690 ut
1187 1637 1278 1706 qui
1313 1645 1755 1706 contempserant
1795 1635 2180 1700 blandientem,

595 1733 824 1786 timeant
847 1729 1296 1784 comminantem.
1331 1729 1516 1781 Vidua:
1541 1727 1908 1796 multiplicate
1943 1734 2070 1782 sunt
2092 1742 2184 1780 su-

2280 553 2579 617 protector,
2603 555 2658 600 et
2687 545 3004 600 manifestus
3031 545 3086 600 in
3111 559 3277 600 carne
3303 546 3569 616 apparuit,
3593 555 3644 602 ct
3668 559 3809 604 ιτιιιηιιι

2281 637 2426 694 hunc
2478 652 2661 706 pressa
2703 636 2940 706 perﬁdia:
2983 651 3096 693 sua:
3147 635 3387 692 tenebris
3433 635 3606 692 Judzca
3633 639 3811 694 minime

2281 728 2550 799 cognovit.
2579 727 2678 784 Ubi
2700 727 2836 783 bene
2863 741 2928 784 ex
2956 743 3090 783 voce
3117 728 3361 784 custodis
3387 728 3636 784 additur:
3663 749 3680 780 ι
3702 733 3813 786 venit

2281 835 2386 874 tua.
2409 834 2441 872 e
2468 826 2521 872 et
2545 834 2670 874 nos.
2699 837 2718 869 ι
2745 817 2880 886 Quia
2911 833 3010 888 per
3035 818 3155 888 ejus
3180 819 3590 893 pnescientiam.
3617 830 3667 874 et
3701 837 3810 875 nm:

2282 909 2371 964 lux
2405 925 2530 964 mun
2555 911 2604 962 In
2647 908 2921 971 inclaruit,
2953 918 3010 964 et
3043 917 3221 964 tamen
3272 909 3327 964 in
3359 909 3522 964 corde
3565 909 3810 966 inﬁdelium

2283 1010 2493 1056 vetusta
2521 1001 2739 1056 caecitas
2769 1001 3048 1056 remansit.
3079 1001 3223 1057 Bene
3247 1011 3435 1056 autem
3458 1003 3663 1065 dicitur,
3689 1007 3809 1074 quasi

2283 1092 2337 1148 in
2369 1100 2526 1146 nocte
2554 1092 2635 1147 sic
2657 1091 2952 1162 palpabunt
2977 1091 3031 1146 in
3071 1091 3320 1147 meridie.
3354 1092 3468 1148 Hoc
3497 1109 3695 1165 quoque
3725 1096 3811 1165 pal-

2281 1185 2465 1254 pando
2493 1184 2832 1253 exquirimus
2869 1183 3011 1254 quod
3048 1183 3222 1239 oculis
3265 1201 3374 1241 non
3403 1186 3652 1240 videmus.
3675 1186 3806 1243 Judaei

2282 1285 2464 1333 autem
2490 1287 2675 1347 aperta
2708 1277 2827 1347 ejus
2865 1277 3124 1333 miracula
3149 1278 3422 1344 viderant,
3456 1288 3511 1336 et
3542 1282 3700 1336 adhuc
3717 1298 3809 1336 eum

2283 1367 2435 1438 quasi
2469 1367 2752 1437 palpantes
2782 1368 3146 1438 inquirebant.
3175 1385 3301 1424 cum
3329 1371 3568 1426 dicerent
3601 1387 3614 1426 :
3644 1374 3810 1440 Quous-

2283 1471 2389 1526 que
2425 1455 2567 1510 tollis
2613 1457 2850 1511 animam
2892 1459 3174 1512 nostram?
3213 1459 3274 1514 Si
3305 1468 3363 1513 tu
3400 1476 3460 1515 es
3485 1460 3811 1526 Christus,dic

2285 1550 2440 1604 nobis
2485 1553 2685 1618 palam.

2363 1657 2380 1688 ι
2420 1638 2513 1692 Va:
2579 1639 2748 1704 mihi,
2801 1649 2976 1694 mater
3018 1655 3138 1696 mea
3165 1681 3180 1706 ,
3225 1657 3417 1712 quare
3455 1643 3668 1714 genuisti
3717 1656 3808 1709 me,

2292 1751 2310 1782 ι
2350 1732 2524 1786 virum
2552 1733 2680 1786 rixae
2706 1732 2833 1804 (sive
2853 1731 3092 1804 judicii),
3115 1734 3294 1788 virum
3319 1733 3591 1789 discordiae
3609 1735 3718 1804 (sire
3737 1734 3807 1805 qui

591 1839 692 1892 per
729 1835 948 1876 arenam
975 1821 1140 1873 maris
1166 1818 1510 1874 :interl'eetis
1538 1817 1685 1882 viris,
1710 1827 1930 1883 matres,
1959 1818 2184 1888 perditis
2214 1835 2260 1894 Β
2295 1839 2312 1870 ι
2345 1819 2614 1893 judicer),
2641 1823 2693 1876 in
2731 1823 2984 1877 universa
3013 1832 3182 1878 terra.
3216 1844 3236 1876 ι
3267 1823 3534 1896 (Ηὶενοη.)
3557 1827 3716 1884 Potest
3733 1826 3810 1882 hoc

596 1913 804 1976 liberis,
845 1927 1066 1966 sensere
1093 1919 1420 1975 vastantem,
1450 1911 1638 1965 nonin
1664 1918 1822 1965 nocte
1847 1920 1906 1966 et
1927 1925 2022 1980 per
2052 1909 2182 1964 insi-

595 2004 737 2064 dias,
777 2004 869 2056 sed
912 2003 1059 2057 clara
1107 2001 1225 2056 lucc
1259 2019 1272 2055 :
1307 2012 1366 2054 ut
1399 2001 1652 2055 ostendat
1679 2007 1920 2068 apertam
1950 2000 2056 2053 vim
2081 2000 2180 2054 ad-

597 2094 824 2148 versarii
873 2093 1130 2147 fortioris.
1171 2111 1196 2144 ι.
1236 2091 1372 2156 Misi,
1409 2092 1599 2160 inquit,
1639 2106 1800 2160 super
1843 2090 2113 2145 civitates.
2157 2109 2176 2142 ι

598 2185 750 2238 llaud
774 2185 993 2238 dubium
1027 2185 1154 2254 quin
1181 2183 1318 2238 Juda
1345 2191 1400 2237 et
1429 2183 1606 2253 populi
1635 2183 1938 2253 peccatoris
1965 2190 2184 2251 repente

599 2289 887 2340 terrorem,
905 2287 1181 2347 utquantn
1201 2277 1300 2331 fuit
1321 2277 1558 2332 subitum
1579 2276 1802 2336 malum.
1829 2284 1980 2330 tanto
1995 2273 2185 2330 diﬂici—

598 2373 703 2425 tius
730 2379 873 2424 esset
912 2369 1188 2440 eli‘ugium.
1562 2439 1565 2442 _

678 2481 696 2512 ι
738 2460 1016 2514 lnlirmata
1059 2467 1144 2514 est
1180 2458 1306 2530 (sive
1327 2457 1568 2531 abjecit),
1599 2467 1687 2512 aut
1711 2473 1880 2512 vacua
1909 2457 2051 2512 facta
2078 2465 2182 2522 est,

605 2570 624 2600 ι
671 2567 790 2620 qua:
813 2551 1016 2620 peperit
1043 2558 1247 2619 septem
1271 2549 1400 2621 (sive
1427 2548 1712 2621 plurimos)
1741 2567 1755 2602 :
1783 2548 1980 2604 defecit
2005 2549 2185 2604 anima

607 2663 626 2694 ι
669 2641 812 2712 ejus,
854 2640 1053 2696 occidit
1102 2641 1151 2696 ei
1190 2641 1303 2706 sol,
1339 2656 1463 2696 cum
1499 2641 1676 2695 adlmc
1725 2650 1868 2696 esset
1913 2641 2028 2695 dies
2071 2639 2185 2710 (aut

608 2750 628 2784 ι
673 2732 884 2788 medius
907 2731 1045 2802 dies)
1085 2749 1100 2785 :
1129 2731 1355 2786 confusa
1384 2740 1468 2786 est
1495 2739 1551 2786 et
1576 2732 1812 2790 erubuit.
1847 2731 1910 2786 Et
1943 2732 2188 2787 residuos

608 2841 627 2874 ι
674 2823 792 2892 ejus
847 2824 899 2878 in
949 2823 1186 2895 gladium
1243 2823 1420 2889 dabo,
1481 2822 1534 2876 in
1591 2831 1885 2892 conspectu
1941 2823 2188 2877 inimico-

607 2935 628 2966 c
675 2930 793 2969 nun
816 2930 1029 2975 eorum,
1058 2913 1136 2967 ait
1160 2913 1436 2967 Dominus.
1475 2932 1492 2963 ι
1519 2911 1676 2982 Sa-pc
1703 2911 1940 2966 diximus
1964 2911 2187 2967 verbum

605 3008 926 3064 Ilehraicum
955 3017 1084 3071 nam
1121 3005 1204 3059 vel
1235 2991 1449 3076 septem,
1477 3004 1562 3060 vel
1579 3004 1941 3074 juramcntum
1969 3019 2186 3066 sonare,

603 3099 686 3154 vel
736 3097 1010 3169 pluritnm.
1063 3096 1214 3152 Unde
1267 3105 1322 3151 ct
1363 3095 1576 3150 diversa
1611 3103 1706 3149 est
1757 3093 2181 3162 interpretatio:

2285 1911 2670 1983 συνεκδοχικῶς
2700 1913 2767 1966 de
2800 1911 3035 1968 Ieremia
3077 1913 3328 1986 intelligi,
3361 1915 3500 1985 quod
3531 1916 3698 1971 nonin
3723 1925 3807 1970 toto

2283 2002 2414 2055 orbe
2431 2003 2817 2066 terrarum,sed
2834 2004 2886 2056 in
2902 2012 3042 2057 terra
3057 2003 3240 2059 Judaza
3257 2004 3807 2074 sitjudicatuchreau-

2285 2100 2391 2146 tem
2425 2092 2650 2146 Domino
2673 2094 2929 2162 competit
2947 2092 3243 2158 Salvatori,
3259 2096 3350 2166 qui
3372 2095 3656 2166 loqmturiu
3671 2096 3806 2150 Evan-

2283 2181 2423 2252 geiio
2439 2182 2620 2252 (Jomt.
2638 2184 2714 2254 ιι)
2735 2201 2748 2236 :
2767 2183 2823 2237 ln
2841 2183 3102 2252 judicium
3115 2199 3218 2256 ego
3236 2187 3290 2241 in
3313 2187 3568 2242 mundum
3581 2189 3721 2242 istum
3740 2203 3807 2241 ve-

2284 2275 2363 2340 ni,
2378 2283 2436 2328 ttt
2455 2275 2546 2346 qui
2570 2292 2675 2330 non
2699 2276 2882 2331 vident
2904 2278 3218 2345 vidcant,.et
3237 2281 3330 2351 qui
3356 2281 3531 2336 vident
3551 2281 3662 2356 caeci
3687 2281 3800 2336 ﬁant.

2285 2363 2363 2419 De
2411 2379 2518 2436 quo
2562 2367 2822 2437 scriptum
2869 2376 2998 2424 est:
3035 2390 3053 2420 ι
3103 2369 3250 2427 Ecce
3297 2373 3500 2442 positus
3543 2381 3621 2427 est
3655 2373 3726 2427 hic
3763 2373 3802 2425 in

2286 2454 2498 2508 ruinam
2537 2463 2592 2510 ct
2631 2455 2686 2510 in
2731 2458 3186 2514 resurrectionem
3231 2461 3520 2516 multorum
3561 2461 3611 2516 in
3647 2457 3800 2522 Israel,

2285 2554 2342 2601 et
2391 2545 2445 2600 in
2495 2546 2708 2616 signum
2754 2546 2842 2600 cui
2881 2547 3288 2604 contradicetur
3337 2550 3356 2621 (
3379 2549 3501 2603 Luc.
3535 2549 3624 2621 tt).
3653 2569 3668 2600 ι
3705 2548 3802 2614 Quis

2284 2637 2429 2692 enim
2486 2637 2960 2708 philosophorum?
3006 2639 3130 2709 quis
3181 2641 3332 2696 enim
3381 2641 3672 2712 gentilium?
3713 2637 3802 2709 quis

2287 2731 2668 2787 haereticorum
2701 2747 2805 2786 non
2834 2729 3042 2802 judicat
3087 2732 3370 2789 Christum
3390 2774 3406 2800 ,
3453 2733 3742 2804 ponentium
3763 2729 3800 2786 ei

2285 2822 2433 2895 leges
2463 2822 2783 2888 nativitatis,
2802 2831 2860 2878 et
2885 2823 3174 2894 passionis,
3196 2825 3686 2894 resurrectionisque
3702 2835 3799 2884 sna.

2285 2923 2343 2968 et
2379 2914 2740 2970 snbstantim?
2767 2912 2880 2970 Nec
2923 2915 3119 2970 mirum
3144 2916 3308 2985 juxta
3336 2917 3583 2986 assumpti
3608 2912 3798 2984 corporis

2286 3003 2570 3058 veritatem
2589 3003 2862 3058 Christum
2894 3005 3102 3060 dicere:
3127 3024 3144 3056 ι
3169 3005 3270 3061 Va:
3293 3005 3421 3060 mihi
3439 3045 3456 3068 .
3482 3013 3636 3059 mater
3659 3016 3796 3063 tnta,-

2287 3107 2409 3146 cum
2451 3098 2508 3145 ct
2550 3091 2603 3145 in
2646 3089 2752 3146 alio
2782 3090 2898 3147 loco
2942 3093 3232 3164 perspicue
3260 3111 3498 3166 persona:
3523 3092 3625 3160 ejus
3649 3102 3798 3146 conve-

601 3189 820 3258 Aquila,
851 3189 1205 3258 Septuaginta
1244 3194 1301 3240 et
1330 3185 1699 3240 Theodotione
1726 3193 1920 3252 septem
1956 3183 2185 3238 transl'c-
2210 3189 2258 3252 C
2291 3182 2420 3246 niat,
2447 3181 2590 3250 quod
2621 3181 2823 3238 dicitur
2844 3223 2859 3236 .
2897 3202 2916 3235 ι
2951 3184 3042 3239 Va:
3067 3185 3375 3255 mihi,.quia
3401 3185 3564 3240 lactus
3581 3198 3682 3238 sum
3695 3181 3797 3235 sicut

603 3279 866 3341 rentibus,
899 3276 1224 3346 Symmacho
1252 3273 1526 3344 plurimos.
1549 3274 1678 3340 Qua:
1705 3273 1873 3342 igitur
1893 3280 2010 3327 crat
2033 3273 2186 3328 dives

606 3367 810 3432 liberis,
833 3366 964 3422 orba
1003 3368 1182 3420 subito
1214 3365 1357 3420 facta
1384 3375 1486 3430 est,
1515 3375 1570 3419 ct
1597 3365 1742 3419 clara
1770 3363 1888 3420 luce
1919 3365 2184 3434 disperiit,

603 3467 659 3512 ct
685 3457 907 3511 confusa
939 3465 1024 3512 est
1064 3457 1119 3510 in
1160 3455 1450 3510 solitudine
1491 3453 1596 3509 sui.
1647 3453 1934 3522 Reliquum
1981 3465 2184 3517 autem,

604 3551 700 3611 ait,
735 3545 987 3616 populum
1022 3545 1228 3600 tradatn
1256 3543 1454 3614 gladio,
1480 3552 1539 3598 ιιι
1568 3529 1899 3607 ιιιοι·ιθιιι,ὀι
1929 3543 2063 3597 iram
2093 3543 2185 3599 Dei

603 3639 781 3693 tmllus
807 3637 1044 3708 cll'ugial.
1085 3636 1186 3691 Alii
1213 3637 1281 3690 ad
1310 3651 1634 3707 synagogant
1684 3634 1926 3689 referunt
1963 3650 2083 3704 qua:
2109 3635 2189 3688 itt-

609 3733 820 3783 lit-mata
863 3737 966 3792 est,
1012 3737 1070 3782 ιιι
1101 3727 1354 3782 Ecclesia:
1399 3735 1673 3781 cresceret
1709 3723 2013 3790 multitudo,
2034 3724 2187 3794 juxta

605 3818 734 3874 illml
765 3816 908 3888 quod
951 3817 1212 3887 scriptum
1253 3825 1375 3871 est:
1413 3833 1432 3866 ι
1489 3815 1703 3870 Stcrilis
1733 3814 1943 3884 peperit
1982 3823 2189 3885 septem

609 3911 737 3977 (sire
787 3909 1120 3981 plurimos),
1172 3917 1228 3962 et
1287 3925 1407 3980 qua-
1458 3908 1656 3962 nmlms
1714 3907 1946 3962 habebat
1989 3907 2191 3962 liberos

608 4003 882 4058 infirmata
911 4011 995 4057 est
1029 4001 1090 4070 (1
1131 4000 1256 4072 llcg.
1295 4001 1377 4072 tt),
1409 4020 1426 4052 ι
1473 3999 1613 4054 unde
1655 4009 1708 4054 et
1765 4001 1964 4056 occidit
2003 3999 2051 4054 ei
2111 3997 2192 4055 sol

600 4092 848 4162 justitite,
904 4091 957 4146 in
1009 4089 1164 4158 cujus
1202 4091 1394 4160 pennis
1426 4098 1507 4144 est
1541 4090 1746 4144 sanitas
1789 4089 2046 4161 (.lialarlt.
2081 4091 2188 4149 tv):

603 4193 660 4238 ct
708 4183 910 4238 idcirco
977 4191 1180 4236 aeterna
1239 4179 1558 4234 confusione
1614 4187 1866 4250 cooperta
1919 4188 2021 4242 est,
2071 4195 2195 4250 per-

604 4277 740 4332 deus
767 4273 1190 4344 populmnsumn
1214 4270 1390 4342 gladio
1405 4267 1694 4338 spirituali.
1719 4266 1925 4341 (αι-ορ.)
1949 4269 2082 4324 lliuc
2111 4278 2196 4325 est

603 4367 747 4437 quod
791 4365 840 4419 in
885 4363 984 4418 Joh
1033 4363 1268 4435 legitur:
1307 4381 1324 4412 ‹
1375 4360 1477 4415 l‘er
1526 4361 1666 4415 die.n
1706 4360 1993 4414 incurrant.
2043 4369 2195 4416 tene-

607 4458 764 4521 bras,
813 4467 870 4510 et
897 4455 1048 4525 quasi
1105 4455 1157 4508 in
1203 4463 1380 4517 nocte,
1415 4453 1494 4506 sic
1526 4450 1822 4522 palpabunt
1859 4450 1912 4504 in
1965 4451 2189 4506 meridie

2289 3275 2379 3346 qui
2410 3273 2614 3343 colligit
2642 3273 2908 3343 stipulam.
2929 3274 2982 3328 in
3013 3291 3190 3332 messe
3211 3316 3230 3340 ,
3267 3287 3326 3330 et
3363 3277 3502 3331 sicut
3531 3287 3734 3329 racemus
3755 3270 3792 3323 iu

2289 3365 2557 3420 vindemia
2585 3381 2690 3418 non
2721 3365 2926 3421 habens
2951 3366 3154 3436 Spicum
3171 3407 3194 3427 ..
3221 3375 3282 3422 ιιι
3304 3368 3539 3422 comedat
3563 3361 3795 3436 pritnitiva.

2289 3455 2356 3510 Et
2381 3471 2448 3510 ne
2465 3463 2715 3526 putemus
2733 3455 3028 3526 gemitnum
3048 3456 3338 3512 utilitatem
3363 3456 3538 3512 referri
3553 3455 3612 3509 ad
3629 3451 3796 3506 verbum

2289 3548 2406 3612 Dei,
2450 3548 2541 3617 qui
2573 3548 2642 3601 sit.
2669 3547 2796 3611 iste,
2823 3547 2912 3617 qui
2943 3547 3188 3618 plangat,
3211 3550 3396 3604 statim
3417 3549 3662 3618 sequitur:
3691 3561 3707 3591 ι
3735 3541 3796 3592 Vae

2290 3639 2450 3695 mihi.
2487 3639 2698 3702 anima,
2737 3639 2866 3708 quia
2893 3639 3054 3708 periit
3097 3649 3378 3696 revertens
3413 3654 3444 3693 a
3475 3648 3599 3692 terra
3633 3653 3645 3688 :
3677 3653 3692 3685 ι
3719 3645 3795 3684 non

2263 3729 2430 3800 .qnod
2462 3728 2766 3784 dividamus
2793 3744 3083 3798 personas,
3103 3739 3166 3784 ut
3185 3729 3335 3800 impii
3362 3729 3552 3784 faciunt
3572 3725 3676 3779 :sed
3689 3716 3794 3790 quod

2289 3836 2434 3876 unus
2451 3830 2613 3890 atque
2633 3820 2773 3874 idem
2803 3819 2841 3873 Ρ
2848 3819 2969 3875 ilius
2993 3819 3112 3885 Dei,
3131 3836 3277 3874 tmnc
3290 3819 3438 3890 juxta
3461 3831 3668 3876 carnem,
3690 3825 3793 3866 nunc

2284 3910 2438 3980 juxta
2469 3911 2689 3964 verbum
2716 3909 2968 3980 loquatur
2994 3909 3148 3981 Dei.(
3171 3909 3356 3982 Orig.)
3379 3909 3548 3978 Neque
3572 3905 3694 3960 enim
3717 3913 3796 3954 scr-

2291 4015 2380 4054 nm
2430 3999 2521 4054 Dei
2564 4000 2796 4054 sustinet
2839 4009 3104 4067 mortem,
3149 4003 3246 4056 sed
3289 4003 3465 4066 homo,
3493 3998 3576 4068 qui
3601 3996 3711 4051 istos
3732 4005 3797 4062 pa-

2295 4089 2430 4144 titttr
2474 4089 2739 4154 allectus,
2783 4099 2844 4143 ut
2885 4105 3027 4158 saepe
3069 4091 3436 4160 exposuimus.
3469 4089 3520 4144 Si
3549 4084 3798 4141 consideres

2294 4180 2492 4250 ubique.
2521 4190 2790 4251 martyres
2817 4181 3206 4236 condemnatos
3225 4221 3242 4248 ,
3271 4191 3326 4236 et
3359 4183 3424 4234 de
3450 4176 3650 4247 singulis
3669 4169 3798 4226 eccle-

2295 4271 2389 4326 siis
2415 4271 2686 4327 exhibitos
2715 4273 2782 4326 ad
2811 4272 3042 4326 tribunal
3069 4313 3084 4338 ,
3107 4273 3317 4328 videbis
3343 4269 3594 4343 quomodo
3619 4281 3700 4336 per
3719 4261 3798 4316 sin-

2292 4361 2448 4434 gulos
2495 4372 2763 4433 martyres
2799 4361 2957 4418 Jesus
2999 4365 3250 4420 Christus
3295 4365 3667 4418 condemnetur.
3710 4353 3796 4421 Ipse

2295 4454 2440 4508 enim
2474 4461 2576 4518 est,
2603 4454 2693 4523 qtti
2724 4453 2776 4508 in
2811 4455 3217 4524 perhibentibus
3257 4454 3464 4508 veritati
3500 4445 3794 4506 testimonium

607 4544 772 4610 (Job.
805 4543 880 4614 v).
911 4565 929 4595 ι
969 4544 1072 4598 Per
1103 4543 1244 4597 dicm
1287 4541 1538 4596 tenebras
1577 4541 1920 4595 incurrerunt
1951 4558 1966 4593 :
1993 4539 2084 4610 qui
2136 4539 2188 4593 in
2221 4539 2564 4612 Djudicatur
2593 4563 2606 4598 :
2639 4545 2822 4600 ethoc
2863 4545 3092 4599 ﬁdeliter
3115 4547 3358 4616 suscipe,
3387 4544 3551 4599 sciens
3577 4538 3683 4609 quia
3717 4547 3795 4586 nou

611 4635 724 4703 ipsa
753 4635 1000 4690 veritatis
1024 4633 1332 4704 praesentia,
1361 4631 1598 4703 pcrtidia:
1617 4646 1802 4686 errore
1825 4632 2012 4686 caecati
2043 4639 2188 4696 sunt.

605 4728 768 4782 Clare
813 4727 1010 4796 quippe
1052 4741 1150 4794 per
1179 4726 1320 4780 diem
1363 4725 1626 4788 cernitur,
1667 4738 1764 4793 per
1809 4732 1967 4777 nocte
1992 4739 2022 4776 ιι
2067 4737 2194 4776 vero

611 4828 794 4876 nostra
823 4818 969 4872 acies
987 4817 1331 4872 obscuratur.
1364 4816 1748 4870 Pcrsecutores
1779 4813 1942 4884 igitur
1962 4813 2194 4868 Redem-

609 4914 782 4988 ptoris
813 4913 1007 4976 nostri,
1057 4912 1183 4966 dum
1228 4911 1423 4966 divina:
1462 4912 1678 4965 virtutis
1721 4911 1979 4966 miracula
2010 4926 2198 4966 cerne-

609 5015 752 5073 rent,
799 5014 854 5062 et
881 5015 1060 5061 tamen
1087 5004 1154 5059 de
1179 5003 1297 5072 ejus
1337 5003 1619 5058 divinitate
1644 5001 1977 5068 dubitarent,
2028 5004 2078 5056 in
2110 5003 2196 5058 die

611 5100 864 5154 tenebras
887 5096 1029 5168 passi
1059 5104 1202 5158 sunt,
1227 5095 1352 5165 quia
1383 5095 1556 5149 visum
1591 5094 1642 5148 in
1674 5093 1791 5148 luce
1821 5095 2191 5163 perdiderunt.

612 5193 747 5247 llvnc
774 5207 868 5245 eos
894 5191 1006 5260 ipsa
1039 5189 1150 5244 Lux
1177 5189 1430 5243 admonet
1458 5187 1643 5242 dicens
1667 5205 1680 5239 :
1711 5203 1730 5235 ι
1759 5185 2044 5240 Amlmlate
2066 5187 2193 5241 dum

616 5281 790 5336 lucem
855 5281 1106 5344 habetis,
1166 5297 1234 5337 ne
1294 5295 1391 5334 vos
1443 5279 1678 5333 tenebra:
1739 5281 2198 5347 comprehendant

613 5372 798 5442 (Juan.
832 5373 950 5440 xu).
982 5392 1000 5423 ι
1037 5372 1172 5426 llinc
1202 5382 1282 5427 est
1307 5371 1448 5441 quod
1495 5384 1680 5426 vocem
1723 5370 2096 5439 pmnitentium
2139 5372 2193 5426 in

617 5477 677 5516 se
706 5465 964 5532 propheta
985 5464 1182 5518 iterum
1199 5463 1429 5535 sumpsit
1448 5463 1665 5518 dicens;
1689 5481 1705 5512 ι
1730 5461 2051 5532 lmpcgimus
2077 5477 2192 5515 me-

617 5555 778 5620 ridie,
807 5557 961 5625 quasi
993 5557 1047 5611 in
1089 5559 1354 5624 tenebris;
1393 5567 1450 5612 et
1471 5555 1780 5628 caliginosis
1807 5554 1962 5625 quasi
1999 5553 2198 5609 mortui

620 5645 760 5717 (Im.
777 5649 913 5718 xxi).
938 5669 956 5702 ι
977 5649 1112 5704 llinc
1133 5651 1327 5705 iterum
1351 5651 1516 5704 dixit:
1550 5650 1772 5705 :Custos
1785 5649 1912 5718 quid
1935 5647 2002 5702 de
2021 5653 2200 5710 nocte,

621 5743 807 5794 custos
819 5741 946 5810 quid
962 5743 1027 5797 de
1045 5743 1232 5798 nocte?
1255 5741 1402 5797 Dixit
1423 5740 1780 5808 custos,veuit
1792 5755 1946 5796 tuane
1959 5745 2014 5794 et
2028 5753 2152 5792 nos.
2177 5755 2196 5790 ι

2297 4648 2349 4695 te
2373 4639 2570 4693 dixerit
2591 4655 2712 4693 esse
2739 4639 2792 4692 iu
2819 4653 3058 4701 carcere,
3076 4653 3201 4694 cum
3227 4638 3392 4693 fueris
3417 4637 3468 4690 in
3489 4645 3696 4690 carccrc.
3718 4637 3794 4678 ιι⁰¹¹

2297 4738 2351 4786 te
2375 4731 2585 4786 esurire
2613 4746 2736 4786 cum
2761 4731 3022 4786 esui-ieris
3043 4771 3066 4797 ,
3096 4746 3220 4786 cum
3246 4730 3444 4786 sitieris
3472 4743 3566 4781 non
3595 4734 3640 4777 te
3656 4718 3795 4774 sitire.

2296 4821 2392 4878 sed
2408 4823 2776 4892 semetipsum.
2805 4844 2822 4872 ι
2849 4823 2902 4876 ιιι
2919 4822 3370 4893 carcere,inquit,
3399 4819 3466 4874 l‘ui
3492 4805 3794 4872 ctvenistisatl

2299 4928 2404 4978 me,
2431 4912 2630 4966 esui-ivi
2656 4921 2714 4966 et
2737 4911 2960 4967 dedistis
2988 4913 3120 4967 mihi
3145 4912 3492 4972 manducare,
3515 4903 3641 4962 sitivi
3663 4910 3708 4956 ει
3726 4911 3794 4966 Ρ⁰⁴

2301 5002 2454 5057 lastis
2481 5017 2566 5057 me
2597 5001 2810 5074 (Matth.
2839 5003 2988 5074 xxv).
3018 5003 3204 5072 Itaque
3228 5004 3386 5058 etiam
3413 4999 3455 5056 si
3479 4995 3796 5054 condemnatur

2298 5095 2658 5159 Christianus,
2674 5110 2777 5150 non
2801 5111 2898 5165 pro
2917 5095 3021 5150 alia
3053 5106 3230 5150 tamen
3246 5113 3321 5158 re,
3345 5106 3506 5161 neque
3518 5105 3611 5159 pro
3627 5077 3796 5138 sceleri.

2258 5185 2261 5187 ’
2303 5186 2403 5240 bus
2427 5185 2560 5246 suis.
2591 5185 2684 5240 sed
2711 5201 2810 5255 pro
2837 5187 2940 5241 hoc
2971 5194 3200 5251 tantum,
3232 5185 3369 5256 quod
3399 5180 3695 5240 Christianus
3715 5176 3790 5229 esi.

2302 5277 2550 5334 Christus
2571 5287 2676 5344 est,
2699 5279 2790 5348 qui
2811 5279 3232 5335 condentnatur.:
3253 5296 3318 5334 ex
3343 5293 3443 5348 quo
3461 5273 3676 5332 ellicitur,
3691 5271 3736 5318 ul
3752 5261 3791 5313 in

2300 5371 2446 5424 omni
2469 5380 2613 5426 terra
2637 5373 3024 5428 condemnetur
3043 5371 3200 5428 Jcsus
3215 5414 3230 5438 ,
3253 5372 3639 5442 quotiescunque
3669 5357 3706 5412 is
3727 5350 3794 5404 nd-

2296 5462 2520 5537 gdicitur,
2557 5463 2650 5532 qui
2687 5477 2786 5533 pro
2811 5479 2876 5519 eo
2901 5464 3306 5519 condemnatur.
3335 5461 3444 5516 Non
3471 5456 3621 5514 solum
3653 5453 3790 5540 allici“

2302 5553 2444 5622 apud
2468 5551 2679 5621 judices
2706 5553 2889 5610 seculi
2928 5561 2985 5610 et
3031 5553 3369 5610 tribunalium
3393 5550 3656 5621 ροιθειειιοε
3674 5534 3790 5622 CMT

2303 5655 2420 5700 stus
2449 5644 2683 5710 auditur,
2712 5645 2808 5700 sed
2835 5645 2998 5700 etiam
3023 5646 3072 5701 si
3097 5616 3408 5701 calumniam
3430 5632 3718 5696 Christianus
3737 5616 3788 5670 ab

2306 5735 2486 5806 aliquo
2508 5735 2731 5806 patitur,
2757 5745 2810 5792 et
2858 5747 3185 5808 provocatur
3211 5737 3276 5792 ad
3303 5735 3470 5790 litem:
3494 5738 3602 5783 tunc
3622 5719 3786 5790 ⁶ι¹¹⁰⁴1¹¹⁶
