4022 6186
201 313 319 370 9‘29

200 426 465 481 Christus
481 423 716 492 dijudica
726 432 808 479 tut
823 426 1043 497 injuste.
1062 428 1276 497 Ubique
1289 429 1540 485 Christus
1556 432 1806 485 condem-

203 526 399 576 natur,
417 529 579 582 atque
592 514 942 580 discernitur,
958 525 1013 569 ct
1028 519 1095 570 ab
1111 519 1231 571 aliis
1246 520 1463 587 quidem
1481 522 1803 574 condemna-

203 615 325 668 tur,
340 606 411 660 ab
430 605 552 659 aliis
576 621 682 659 non
708 607 1123 672 condemnatur,
1149 610 1192 664 si
1219 620 1398 664 autem
1429 628 1533 665 non
1559 612 1807 666 condent-

205 705 403 767 natur,
428 696 721 767 excipitur.
751 697 945 768 Aperis
968 699 1020 753 ei
1047 701 1244 755 ostium
1265 743 1279 764 ,
1303 703 1600 771 ingreditur
1621 704 1687 756 ad
1716 713 1802 758 te:

205 790 399 844 credis
428 790 481 843 in
512 805 671 854 eum,
706 791 945 844 vescitur
968 799 1173 846 tecum.
1206 792 1260 846 Si
1297 808 1423 847 vero
1454 794 1520 847 de
1552 794 1805 864 teligione

207 883 449 936 audiens
485 880 795 935 Christiana
836 897 941 935 non
979 885 1282 954 susceperis
1316 898 1459 947 cam,
1497 884 1629 939 nihil
1661 886 1805 938 alittd

209 971 387 1034 facis,
439 985 601 1039 quant
638 969 966 1025 condemnas
1010 971 1232 1037 iesum,
1267 983 1324 1026 ttt
1356 975 1665 1028 mendacem
1691 1016 1705 1039 ,
1749 985 1808 1028 ut

209 1062 561 1118 seductorem
580 1063 901 1129 hominum,
933 1074 995 1118 ut
1034 1064 1084 1118 in
1122 1080 1361 1119 errorem
1399 1068 1656 1120 muniunt
1693 1078 1806 1120 tra-

214 1155 523 1207 hentem“
546 1154 702 1222 quasi
730 1168 887 1222 quem
922 1155 1155 1225 genuisti
1187 1156 1383 1219 virum,
1413 1156 1503 1224 qui
1531 1154 1811 1223 judicerct

212 1248 508 1302 discernar
533 1247 679 1300 omni
715 1255 890 1301 teme.
938 1246 1312 1317 rQuicunque
1358 1248 1570 1317 penitus
1613 1249 1660 1301 ei
1702 1265 1807 1302 non

214 1337 486 1399 caedunt,
514 1337 879 1391 condemnant
909 1353 1068 1402 eum;
1104 1338 1193 1406 qui
1236 1346 1415 1392 autem
1449 1338 1720 1403 credunt,
1756 1346 1811 1392 ct

216 1431 405 1485 adhuc
437 1429 750 1500 ambigunt,
782 1428 1085 1498 diiudicant
1124 1430 1291 1484 illttnt.
1336 1433 1451 1485 Duo
1481 1431 1642 1502 igitur
1670 1430 1811 1501 apud

217 1523 475 1577 homines
506 1522 757 1575 Christus
784 1523 1086 1591 perpetitur
1110 1538 1123 1575 :
1156 1523 1223 1576 ab
1251 1523 1539 1577 incredulis
1565 1523 1816 1577 condem-

216 1621 410 1674 natur,
443 1612 510 1664 ab
541 1610 944 1681 antl‘igcntibus
973 1610 1316 1665 discernitur.
1349 1610 1405 1666 Si
1449 1620 1634 1682 portas
1676 1612 1813 1665 ima-

218 1705 405 1775 ginem
456 1702 728 1768 caelestis,
781 1702 1023 1773 deposita
1076 1704 1307 1773 imagine
1340 1704 1569 1766 terreni,
1620 1720 1725 1757 non
1755 1719 1816 1759 es

1115 313 1477 371 EXPOSITIO
1515 314 1741 371 SUPER
1779 313 2139 371 JEREMIAM.
2187 346 2255 355 -
2283 314 2418 371 LIB.
2462 315 2571 372 γη.

3381 324 3488 382 950

1985 452 2001 479 ι
2041 432 2178 485 Dicit
2204 431 2502 487 Dominus:
2537 432 2594 487 Si
2631 449 2735 487 non
2768 434 3144 505 reliqttizc'tum
3172 435 3225 491 itt
3258 437 3488 503 bonum,

1915 544 1933 574 ι
1974 522 2017 576 si
2061 540 2164 576 non
2200 524 2410 578 occurri
2454 525 2546 578 tilzi
2584 525 2636 579 in
2679 534 2916 596 tempore
2956 527 3296 593 alllictionis,
3339 539 3392 584 et
3438 530 3494 584 in

1913 633 1930 664 ι
1973 624 2214 682 tempore
2246 614 2611 669 tribulationis
2639 623 2693 669 et
2719 617 2978 686 angustim
3007 617 3291 673 adversum
3317 619 3494 672 inimi-

1913 722 1932 753 ι
1958 719 2111 758 cum.
2146 704 2435 777 (llieron.)
2478 704 2709 759 Possunt
2738 706 2850 761 lucc
2889 717 2943 760 et
2972 723 3035 761 ex
3068 724 3294 778 persona
3342 706 3497 764 Jcre-

1909 792 2028 845 mite
2044 793 2225 863 accipi
2247 835 2261 857 ,
2284 794 2376 863 qui
2403 795 2637 863 pessimo
2668 804 2925 864 tempore,
2957 806 3011 851 et
3037 799 3148 866 jatn
3182 798 3495 854 inuninente

1909 883 2223 952 captivitate
2240 885 2568 953 prophetare
2590 885 2900 954 compulsus
2921 895 3023 949 est,
3048 895 3102 938 ct
3127 887 3259 939 dura
3285 887 3494 956 perpeti

1910 988 1939 1025 a
1966 974 2166 1042 papula
2195 990 2299 1027 non
2331 975 2615 1040 credente,
2667 976 2732 1027 ad
2766 975 2837 1038 iJ,
2870 976 3011 1044 quod
3042 992 3201 1045 supra
3236 978 3448 1030 dixerat
3475 994 3491 1032 :

1914 1081 1933 1111 ί
1971 1062 2061 1116 Va:
2092 1050 2239 1125 mihi,
2266 1074 2456 1126 tnatcr,
2478 1072 2535 1116 ιιι
2560 1064 2688 1132 quid
2706 1081 2791 1116 tne
2812 1065 3039 1133 genuisti
3066 1066 3262 1128 virum,
3288 1065 3377 1133 qui
3399 1062 3496 1133 ju-

1909 1150 2062 1205 dicer
2081 1161 2136 1204 et
2162 1151 2443 1205 discernar
2469 1153 2615 1205 omni
2645 1162 2903 1221 tempore,
2928 1161 2981 1205 ct
3010 1153 3210 1221 reliqua
3241 1172 3253 1205 :
3281 1169 3499 1224 respon-

1911 1243 1989 1296 dit
2018 1243 2276 1297 Dominus
2304 1262 2316 1296 :
2352 1244 2465 1297 Noli
2496 1244 2845 1299 considerare
2876 1250 3161 1315 praascntia
3181 1287 3194 1307 ,
3230 1250 3324 1301 sed
3356 1247 3496 1302 futu-

1914 1351 1992 1399 ra,
2021 1334 2263 1404 rcliquim
2289 1336 2432 1388 enim
2464 1345 2566 1390 tua:
2591 1347 2645 1390 et
2670 1338 2963 1391 novissima
2993 1348 3151 1391 erunt
3179 1340 3229 1391 in
3254 1339 3453 1393 bonum
3480 1356 3493 1392 :

1915 1427 2153 1497 Denique
2188 1436 2242 1481 et
2268 1429 2318 1481 itt
2343 1430 2748 1497 pncsculiarum
2781 1446 2901 1484 cum
2935 1439 2987 1484 te
3011 1441 3269 1502 cuperent
3292 1432 3499 1487 inimici

1913 1520 2241 1589 Oppritnct-c,
2301 1520 2426 1572 atl'ui
2464 1520 2593 1585 tibi,
2628 1530 2683 1574 ct
2714 1536 2832 1574 meo
2861 1532 3143 1591 protectus
3178 1539 3238 1577 es
3271 1524 3493 1578 auxilio.

1915 1609 2029 1665 Hoc
2059 1619 2237 1664 autem
2273 1619 2378 1664 tam
2409 1610 2473 1663 ad
2505 1609 2830 1676 Jercmiam,
2877 1629 3036 1681 quam
3069 1616 3361 1667 secundum
3393 1615 3502 1670 dis-

1915 1703 2284 1773 pensationem
2312 1703 2491 1757 caruis
2518 1714 2808 1773 assumpta:
2828 1705 2894 1760 ad
2942 1704 3279 1760 Salvatoretu
3308 1706 3500 1761 referri

223 1806 375 1850 terra
434 1796 800 1850 condemnatis
859 1810 981 1849 cum
1003 1835 1017 1860 ,
1076 1810 1248 1864 neque
1290 1803 1432 1850 terra
1454 1836 1468 1862 ,
1501 1795 1554 1849 itt
1595 1812 1697 1865 qua
1721 1792 1812 1864 ju-
1842 1828 1889 1887 Β
1917 1803 2112 1865 potest.
2148 1795 2252 1850 Pro
2281 1810 2346 1849 co
2378 1795 2519 1864 quod
2573 1811 2670 1849 nos
2693 1793 2846 1862 juxta
2881 1796 3199 1852 Helgraicum
3242 1799 3504 1868 interpre-

219 1887 444 1940 tiicatnr
470 1896 634 1955 atque
664 1886 1009 1940 discernitur.

299 1996 319 2026 ς
363 1974 480 2030 Non
530 1975 803 2039 feueravi,
851 1991 953 2030 nec
1000 1974 1265 2029 frttcravit
1314 1975 1443 2030 tttilti
1486 1975 1811 2045 quisquam:

216 2087 246 2117 1
282 2082 479 2121 omnes
529 2066 851 2121 malediccnt
883 2067 1034 2122 tttilti.
1073 2086 1090 2117 ι
1121 2066 1226 2121 Pro
1277 2084 1384 2138 quo
1431 2068 1570 2122 LXX
1602 2086 1614 2121 :
1646 2088 1663 2119 ι
1701 2068 1816 2122 Non

230 2155 469 2226 rprofui
492 2197 508 2220 ,
534 2172 708 2225 neque
731 2156 933 2226 profuit
958 2157 1087 2211 tttilti
1116 2158 1422 2227 quisquam.
1450 2178 1468 2209 ι
1494 2159 1816 2225 Thcodotio,

229 2272 248 2300 ι
290 2249 406 2303 Non
441 2249 623 2313 debui,
659 2265 832 2319 neque
853 2250 1038 2305 debuit
1070 2252 1198 2305 mihi
1223 2252 1530 2320 quisquam.
1563 2272 1579 2302 t
1614 2251 1816 2306 Pr:cdi-

149 2323 156 2329 ﬁ
224 2341 378 2395 cavit
440 2339 705 2395 ὕει-θυήεις,
771 2341 1024 2395 mandata
1088 2341 1290 2395 divina.
1336 2340 1503 2396 Nemo
1552 2342 1669 2406 his,
1726 2340 1817 2410 qui

226 2432 671 2503 ptvedical'antur
699 2432 965 2486 attendit:
1001 2433 1349 2502 quamobrem
1393 2433 1545 2501 quasi
1582 2433 1821 2488 medicus

228 2527 411 2580 libens
451 2534 544 2578 aut
582 2533 864 2594 promptus
913 2525 1270 2580 medicamina
1318 2524 1696 2594 languentibus
1727 2525 1822 2578 tri-

228 2615 397 2677 buat,
429 2624 484 2669 et
513 2614 616 2668 illis
646 2629 750 2667 non
783 2629 842 2668 sc
871 2622 1080 2668 castum
1108 2614 1395 2668 artificium
1426 2615 1700 2677 curantis,
1728 2614 1820 2667 scd

224 2705 385 2772 juxta
419 2706 747 2759 voluntatem
780 2720 934 2759 suam
965 2705 1248 2775 agentibus
1278 2704 1456 2758 dicat:
1486 2704 1599 2757 Non
1624 2699 1820 2773 profui,

235 2795 663 2865 tthne‘profttit
704 2792 833 2848 mihi
878 2793 1186 2863 quisquam.
1236 2793 1641 2860 Quodammodo
1678 2792 1822 2845 ettittt

234 2885 965 2956 beneficium‘conscquitur
1009 2885 1122 2954 ipse
1158 2885 1247 2954 qui
1288 2891 1472 2946 curat,
1506 2883 1549 2937 si
1591 2881 1823 2936 fructum

235 2978 557 3032 laboris-sui
590 2978 974 3047 inagrotan‘te
1003 2974 1341 3044 conspiciat:
1374 2983 1428 3026 et
1457 2989 1553 3042 per
1584 2972 1823 3026 laetitiam

237 3071 444 3123 mentis
473 3069 633 3123 etiam
667 3068 779 3137 ipse
807 3067 1156 3136 consequitur
1184 3065 1470 3118 utilitatcnt
1488 3106 1502 3127 ,
1531 3064 1825 3118 secundum

1923 1884 2020 1937 tati
2052 1900 2278 1937 sumus:
2315 1904 2332 1934 ι
2368 1884 2568 1938 Omnes
2601 1884 2927 1938 maledicunt
2965 1887 3128 1951 mihi,
3156 1906 3184 1938 σθ
3221 1904 3391 1958 usque
3435 1891 3501 1944 ad

1920 1993 2043 2031 cum
2075 1977 2250 2031 locum
2272 2017 2287 2041 ,
2320 1977 2408 2031 ubi
2437 1977 2697 2046 scriptum
2729 1987 2849 2031 est:
2881 1997 2899 2028 ί
2919 1977 2986 2032 ἰιι
3006 1988 3259 2050 tempore
3282 1982 3504 2037 tribula-

1922 2069 2083 2123 tionis
2112 2071 2399 2122 adversum
2435 2067 2719 2122 inimicum
2738 2108 2752 2131 ,
2778 2086 2802 2119 »ι
2830 2067 2885 2121 itt
2910 2068 3151 2124 editione
3182 2071 3392 2141 vulgata
3426 2074 3501 2127 ita

1919 2160 2182 2228 scriptum
2214 2158 2388 2228 reperi
2418 2172 2433 2211 :
2468 2178 2484 2207 ι
2514 2155 2797 2213 Fortitudo
2824 2173 2942 2213 mea
2968 2159 3163 2214 defecit
3193 2161 3246 2216 in
3280 2163 3361 2217 his
3408 2163 3500 2232 qui

1921 2254 2250 2308 maledicunt
2278 2252 2408 2306 mihi
2438 2250 2597 2317 ;‘liat,
2630 2251 2874 2315 Domine,
2907 2252 3261 2322 diligentibus
3291 2251 3427 2318 illis,
3457 2252 3504 2306 si

1922 2360 2027 2399 non
2062 2343 2211 2397 astiti
2242 2342 2336 2397 tibi
2368 2344 2422 2396 in
2456 2351 2699 2411 tempore
2740 2340 3047 2395 alliictionis
3087 2356 3310 2403 eorum,
3349 2349 3404 2395 et
3449 2341 3505 2395 in

1924 2443 2167 2504 tempore
2199 2431 2565 2486 tribulationis
2592 2446 2780 2486 eorum
2802 2471 2817 2496 ,
2848 2432 2900 2485 itt
2929 2432 3069 2485 bona
3101 2440 3287 2485 contra
3331 2430 3507 2484 inimi-

1922 2541 2065 2579 cmn.
2103 2544 2121 2574 ι
2159 2524 2225 2578 Ει
2259 2532 2344 2578 cst
2379 2538 2572 2577 sensus
2605 2541 2617 2576 :
2656 2543 2672 2574 ι
2713 2522 3008 2577 ‘Fertiut'do
3061 2538 3178 2576 mea
3220 2521 3419 2577 defecit
3453 2522 3507 2577 in

1924 2616 2009 2671 his
2047 2631 2167 2684 quae
2207 2615 2537 2668 maledicunt
2569 2612 2700 2667 mihi
2735 2630 2748 2667 :
2778 2632 2808 2663 υ»
2851 2627 2958 2667 non
3010 2613 3154 2668 enim
3206 2612 3511 2684 intelligunt

1922 2708 2178 2762 virtutem
2242 2722 2419 2762 meam
2446 2747 2465 2782 ..
2497 2721 2618 2775 qum
2672 2706 2723 2759 in
2762 2703 3078 2758 infirmitate
3112 2703 3416 2774 perficitur,
3452 2712 3510 2757 et

1925 2807 2128 2868 quanto
2160 2798 2284 2867 plus
2320 2797 2451 2851 mihi
2486 2796 2900 2860 ma’lcdlxcrint,
2946 2804 3097 2851 tanto
3133 2811 3251 2850 mea
3300 2796 3351 2849 in
3405 2793 3504 2848 illis

1927 2892 2156 2961 amplius
2185 2890 2381 2944 defecit
2404 2888 2689 2943 fortitudo.
2724 2887 2741 2958 (
2759 2888 2944 2959 orig.)
2972 2887 3266 2943 Videamus
3287 2898 3508 2953 autem,

1928 2981 1970 3034 si
2005 2980 2118 3049 ipso
2151 2980 2304 3033 nobis
2337 2980 2604 3034 tribuente
2631 2995 2793 3034 sensu
2835 2988 2888 3033 ct
2938 2993 3189 3033 sermone
3219 2993 3507 3048 possumus

1928 3082 1983 3126 et
2031 3072 2176 3127 aliud
2223 3072 2351 3142 quid
2401 3070 2737 3125 manifestius
2799 3071 2988 3125 abhis
3045 3086 3165 3140 qu:c
3200 3072 3342 3125 dicta
3375 3079 3507 3125 sunt

240 3162 376 3217 illttd
410 3160 569 3231 quod
599 3159 723 3214 :flibi
752 3160 989 3214 dicitur:
1020 3157 1219 3212 Beatus
1265 3159 1353 3226 qui
1388 3156 1624 3225 loquitur
1654 3156 1705 3208 itt
1738 3171 1826 3208 au-
1854 3191 1898 3251 C
1931 3162 2152 3218 dicere:
2185 3180 2203 3212 ‹
2235 3160 2370 3214 Erat
2415 3159 2505 3214 lux
2540 3176 2663 3214 vera
2697 3176 2816 3229 qua:
2851 3159 3118 3213 illuminat
3150 3175 3364 3213 onmem
3400 3160 3507 3226 1,0-

243 3269 336 3308 res
365 3253 717 3307 audientium.
753 3250 903 3304 lianc
930 3250 1096 3321 igitur
1123 3249 1408 3303 utilitatem
1436 3262 1603 3300 ovans
1633 3261 1824 3300 consc-

242 3345 430 3413 quitur
465 3342 720 3413 magister
749 3340 815 3395 ab
843 3340 1178 3395 auditoribus
1207 3340 1321 3394 Suis
1350 3338 1393 3393 si
1428 3337 1712 3408 proficiant
1741 3352 1826 3388 att-

243 3434 464 3496 diendo,
498 3432 624 3484 duttt
661 3429 961 3484 fructusex
995 3429 1169 3484 salute
1207 3445 1393 3484 eorum
1433 3427 1831 3499 qum'ammozlo

242 3525 424 3579 metit.
455 3523 720 3578 Jcrcntias
765 3523 818 3577 itt
850 3522 1051 3577 ludatis
1082 3538 1187 3577 non
1220 3523 1307 3576 hal
1327 3538 1417 3576 ere.
1449 3538 1507 3577 se
1547 3521 1721 3576 locmn
1753 3521 1832 3574 di-

241 3619 351 3679 cit,
381 3619 549 3681 ’.i.lco,
599 3617 806 3687 inquit,
850 3631 954 3670 non
1000 3614 1200 3686 profuit
1245 3614 1376 3668 ntilti
1421 3613 1727 3683 quisquam.
1773 3611 1829 3667 Si

242 3709 391 3762 enim
426 3707 585 3760 debet
616 3707 955 3761 auditoribus
975 3706 1261 3779 prodesse,
1295 3703 1436 3774 quod
1471 3703 1700 3773 loquor:
1732 3718 1830 3756 au-

242 3798 453 3851 tlitores
500 3814 622 3851 vero
655 3813 715 3851 ea
740 3840 753 3864 ,
785 3813 906 3868 qua:
936 3797 1189 3852 dicuntur
1219 3795 1499 3864 abjiciunt,
1532 3806 1587 3849 ct
1624 3808 1723 3864 ego
1753 3792 1835 3847 di-

243 3904 315 3941 co
340 3903 355 3939 :
384 3885 501 3939 Non
532 3888 729 3955 profui,
764 3902 936 3956 neque
964 3885 1165 3956 profuit
1195 3885 1321 3938 mihi
1350 3875 1634 3954 quisquam
1660 3903 1673 3937 :
1705 3883 1833 3953 quia

243 3979 391 4032 hanc
421 3978 707 4033 utilitatem
755 3993 861 4032 non
906 3994 1024 4032 sum
1060 3985 1415 4041 consecutus,
1461 3990 1621 4045 quam
1648 3990 1832 4029 conse-

247 4073 438 4144 quitur
464 4073 514 4126 is
542 4073 632 4142 qui
663 4072 855 4127 beatus
880 4071 1129 4136 efficitur,
1176 4071 1302 4124 dum
1334 4070 1385 4124 itt
1414 4085 1573 4123 aures
1601 4068 1836 4137 loquitur

249 4164 612 4217 audientium.
660 4162 1111 4235 (.Ilieron.')‘Sed
1145 4164 1270 4234 quia
1314 4163 1539 4217 diversa:
1573 4162 1837 4218 editiones

246 4256 464 4309 diversa
495 4255 580 4309 hic
608 4256 808 4310 habent
832 4257 992 4311 verba
1012 4296 1027 4320 ,
1055 4256 1245 4311 horum
1275 4266 1451 4310 tamen
1479 4255 1717 4309 omnium
1748 4255 1838 4309 hic

245 4361 446 4399 sensus
487 4353 599 4410 cst,
629 4362 693 4400 ex
715 4362 952 4417 persona
994 4346 1236 4401 Christi:
1271 4346 1456 4400 Nullus
1498 4361 1556 4401 se
1611 4345 1840 4415 przcbuit

253 4437 341 4510 qui
382 4438 539 4508 digna
573 4453 691 4491 mea
733 4454 839 4492 aera
884 4439 1182 4509 susciperet
1221 4457 1233 4493 :
1266 4454 1364 4493 nec
1403 4437 1667 4492 feucravit
1706 4436 1836 4490 mihi

1935 3252 2133 3307 minent
2168 3252 2555 3306 vcnientem'tn
2592 3252 2733 3306 hunc
2760 3252 3020 3305 mundum
3066 3250 3246 3317 (Joun.
3279 3250 3454 3324 svnt).
3487 3272 3505 3302 ι

1938 3363 1955 3395 ι
1983 3343 2100 3398 Lux
2128 3360 2259 3398 vera
2296 3365 2313 3396 ι
2337 3342 2503 3399 Filius
2531 3351 2615 3398 est
2638 3344 2738 3398 Dei
2772 3364 2789 3394 ι
2811 3359 2930 3413 qua:
2957 3343 3271 3397 illuminavit
3300 3359 3513 3397 onmem

1933 3439 2208 3494 lt0tttittcnt
2241 3438 2545 3493 venientem
2568 3438 2634 3493 ‘iu
2666 3438 2811 3492 hunc
2839 3438 3117 3492 mundum.
3154 3457 3171 3487 ›
3201 3436 3520 3506 Quicunque

1933 3530 2213 3585 rationalis
2246 3540 2329 3585 est
2363 3532 2630 3601 particeps
2677 3546 2817 3585 vera:
2850 3530 2995 3585 lucis
3038 3528 3285 3585 efficitur.
3334 3531 3520 3586 Ratio-

1935 3621 2133 3675 uabilis
2173 3630 2256 3675 est
2298 3631 2475 3674 autem
2517 3622 2693 3675 onmis
2732 3621 2921 3675 homo.
2958 3620 3091 3676 Cum
3130 3622 3296 3692 igitur
3327 3636 3518 3678 omnes

1936 3711 2185 3767 homines
2220 3709 2569 3766 rationabiles
2607 3712 2750 3775 sint,
2781 3712 2843 3766 'itt
2881 3711 3199 3780 quibusdam
3237 3713 3517 3767 minuitur.

1937 3802 1994 3858 Si
2040 3804 2240 3858 videris
2289 3804 2522 3857 animam
2570 3803 2714 3856 vitiis
2756 3812 2810 3857 et
2859 3803 3363 3872 perturbalimtilms'
3403 3819 3522 3857 ser-

1937 3894 2205 3957 vientem,
2258 3893 2469 3946 viﬁchis
2508 3893 2780 3961 quomodo
2823 3893 2995 3946 virtus
3036 3892 3182 3945 verbi
3220 3892 3435 3946 deficiat
3465 3893 3520 3946 itt

1936 3998 2000 4037 ea
2031 4000 2045 4035 :
2082 3984 2125 4036 Si
2160 3981 2359 4035 videris
2407 3988 2649 4035 sanctam
2700 3988 2753 4032 et
2792 3979 3028 4049 justam,
3074 3978 3282 4032 videbis
3327 3987 3383 4031 ttt
3426 3992 3523 4048 per

1938 4071 2178 4143 singulos
2209 4070 2325 4125 ilics
2355 4072 2525 4125 virtus
2554 4069 2646 4123 Dei
2687 4069 2935 4139 proficiat
2971 4078 3025 4122 ct
3059 4078 3297 4135 crescat,
3334 4080 3389 4123 et
3417 4070 3522 4124 hoc

1939 4168 2081 4239 quod
2114 4166 2372 4223 scribitur
2400 4167 2465 4222 de
2495 4164 2621 4221 Iesu
2654 4166 2866 4237 aptabis
2895 4165 2966 4219 ci.
3009 4163 3193 4235 Neque
3223 4166 3365 4221 enim
3398 4175 3518 4220 tan-

1943 4260 2221 4315 tummodo
2240 4260 2304 4313 in
2343 4276 2401 4315 se
2431 4257 2590 4313 Iesus
2614 4256 2939 4328 proficiebat
2976 4256 3238 4326 sapientia
3261 4297 3276 4317 ,
3305 4265 3357 4311 et
3389 4265 3521 4311 tcta-

1943 4359 1996 4405 tc
2022 4390 2035 4415 ,
2066 4358 2122 4404 ct
2151 4350 2322 4419 gratia
2358 4348 2498 4419 apud
2530 4348 2698 4402 Deum
2737 4356 2793 4402 ct
2826 4347 3074 4402 homines
3103 4365 3117 4401 :
3150 4362 3336 4402 verum
3377 4360 3432 4402 et
3466 4347 3521 4402 itt

1941 4439 2167 4507 singulis
2216 4436 2519 4508 profectum
2557 4437 2835 4506 sapienti-.1:
2867 4444 2922 4491 et
2954 4436 3162 4501 aetatis,
3208 4443 3262 4490 et
3304 4436 3520 4505 gratiae,

251 4529 536 4599 quisquam
573 4529 630 4582 in
675 4529 878 4584 sanctis
918 4539 1078 4600 atque
1118 4530 1445 4600 pauperibus
1488 4528 1836 4583 confovendis
1863 4542 1916 4602 D
1947 4529 2365 4598 recipientibus,
2414 4526 2629 4598 proficit
2675 4525 2833 4581 Jcsus
2881 4525 3151 4597 sapientia
3193 4535 3247 4587 et
3280 4534 3439 4581 actate
3469 4537 3527 4581 ct

251 4634 341 4670 me
372 4618 472 4671 sibi
502 4617 709 4674 faciens
738 4620 1033 4676 debitorem
1053 4661 1068 4684 ,
1103 4621 1215 4676 sive
1245 4638 1350 4675 non
1376 4621 1558 4691 profui
1595 4635 1692 4674 nec
1721 4635 1841 4690 pro-

252 4706 359 4759 .l'uit
387 4708 520 4762 mihi
551 4709 859 4778 quisquam.
908 4709 1094 4766 Nullus
1120 4712 1262 4766 enim
1299 4718 1502 4765 tantum
1546 4709 1711 4763 voluit
1744 4724 1837 4763 ac—

251 4797 469 4865 cipere,
527 4799 788 4867 quantum
817 4814 917 4871 ego
946 4800 1186 4855 tribuere
1215 4800 1538 4856 desideravi.
1579 4798 1687 4855 Nec
1717 4814 1840 4869 pro-

252 4888 358 4942 fuit
396 4889 529 4943 mihi
569 4890 897 4961 quisquam:
930 4892 1078 4947 salus
1107 4892 1250 4947 enim
1293 4901 1581 4954 creaturae,
1622 4891 1837 4945 lucrmn

250 4988 341 5032 est
368 4981 653 5035 creatoris.
687 4981 795 5036 Aut
822 4992 972 5037 certe
1001 5000 1107 5038 non
1139 4983 1336 5049 debui,
1368 4999 1467 5038 nec
1495 4984 1680 5038 debuit
1707 4982 1838 5037 mihi

250 5070 563 5141 quisquam.
614 5071 783 5127 Nemo
825 5075 955 5129 mihi
987 5075 1133 5130 dedit
1176 5084 1436 5145 quantum
1473 5075 1722 5145 accipere
1750 5090 1843 5129 cu-

256 5160 472 5232 piebam
492 5202 508 5228 ,
533 5178 633 5219 nec
653 5180 739 5219 me
760 5165 862 5219 sibi
888 5166 1015 5221 fecit
1038 5166 1090 5221 iu
1117 5166 1298 5238 aliquo
1319 5166 1638 5221 debitorem.
1664 5165 1845 5232 Quod-

256 5271 366 5325 que
406 5254 572 5311 infert
594 5297 608 5322 ,
640 5272 741 5312 nec
771 5257 954 5313 debuit
983 5259 1113 5314 mihi
1146 5259 1433 5329 quisquam
1464 5277 1480 5312 :
1514 5259 1657 5312 hunc
1685 5256 1849 5311 habet

259 5364 503 5404 sensum.
530 5348 808 5417 Quomodo
829 5351 971 5406 enim
992 5361 1206 5423 poterat
1231 5352 1359 5406 ntihi
1383 5366 1601 5406 usuram
1627 5349 1843 5411 debere,

260 5440 356 5512 qui
383 5440 540 5497 fenus
562 5457 667 5497 non
690 5451 774 5497 est
798 5442 1049 5514 dignatus
1074 5442 1354 5513 accipere?
1391 5441 1613 5505 Omnes,
1641 5439 1844 5510 inquit,

264 5532 598 5589 maledicunt
625 5534 780 5590 mihi.
811 5532 947 5601 Quis
989 5535 1133 5589 enim
1163 5534 1541 5589 htCl‘ﬂttCOl‘Ulll
1578 5540 1739 5601 atque
1762 5547 1848 5585 cr-

266 5627 504 5681 rantiutn
537 5643 644 5682 non
676 5627 954 5683 maledicit
981 5627 1239 5683 Christo?
1268 5626 1526 5684 Pcrvcrsa
1553 5624 1845 5689 credendo,

266 5726 322 5772 et
349 5717 688 5789 perversiora
720 5718 1138 5792 blaspltcmans?

1945 4622 2147 4693 gratia.
2179 4620 2316 4690 apud
2342 4621 2512 4675 Deum
2539 4627 2593 4674 et
2620 4618 2887 4674 homines.
2923 4614 3204 4688 (Hieron.)
3235 4615 3528 4688 iungitque

1946 4711 2030 4767 vel
2060 4712 2321 4781 propheta
2354 4709 2436 4762 vel
2467 4709 2761 4772 Dominus,
2792 4715 2849 4763 et
2879 4708 2996 4762 ait:
3033 4726 3049 4757 ι
3080 4707 3234 4771 Fiat,
3270 4707 3525 4772 Domine,

1946 4800 2299 4873 dirigentibus
2328 4799 2462 4863 illis,
2496 4819 2516 4851 ι
2548 4798 2650 4853 hoc
2679 4806 2792 4860 est,
2819 4806 2874 4851 et
2901 4797 3121 4851 veniant
3149 4797 3273 4852 utilti
3308 4795 3529 4852 maledi-

1948 4902 2068 4953 cta,
2101 4890 2191 4961 qui
2224 4891 2515 4960 loquuntur
2546 4889 2780 4951 inimici,
2810 4897 2866 4942 et
2894 4888 2967 4942 illi
3004 4888 3306 4958 dirigantur
3342 4889 3394 4942 itt
3435 4887 3530 4941 Lo-

1946 4997 2109 5048 num,
2131 4981 2177 5034 si
2206 4996 2311 5034 non
2337 4980 2393 5033 in
2424 4990 2662 5048 tempore
2687 4978 3046 5033 tribulationis
3068 4993 3255 5033 eorum
3282 4986 3336 5032 et
3361 4991 3533 5044 angu~

1945 5074 2062 5127 sliat
2087 5072 2306 5141 quando
2333 5084 2427 5125 eos
2454 5069 2703 5123 vastabat
2733 5068 2983 5124 inimicus
3011 5076 3065 5123 ct
3093 5082 3285 5136 capere
3310 5064 3534 5120 festina-

1945 5165 2070 5230 bat,
2098 5163 2225 5217 steti
2252 5162 2309 5217 in
2349 5168 2639 5231 conspectu
2682 5169 2801 5222 tuo,
2844 5168 2901 5214 et
2933 5159 3112 5231 rogavi
3163 5170 3216 5211 te
3254 5174 3353 5226 pro
3386 5156 3527 5220 illis,

1947 5263 2002 5311 ct
2043 5255 2198 5311 dixi:
2234 5275 2251 5306 ι
2280 5253 2464 5319 Pater,
2506 5253 2726 5321 ignosce
2764 5252 2875 5315 eis,
2916 5251 3057 5322 quod
3097 5249 3243 5303 enim
3286 5248 3528 5314 facittnt,

1949 5350 2197 5407 nesciunt
2224 5348 2391 5421 (Luc.
2416 5364 2549 5402 xxnt
2640 5365 2659 5398 ›
2686 5344 2709 5420 [
2733 5344 2881 5415 Orig.
2906 5343 2926 5416 ]
2956 5343 3145 5398 Astitit
3169 5342 3314 5399 Patri
3344 5342 3530 5413 propi-

1954 5440 2107 5496 tiatio
2150 5453 2251 5509 pro
2295 5436 2534 5507 peccatis
2572 5434 2801 5499 nostris,
2845 5443 2898 5488 et
2938 5433 3257 5503 deprecatus
3296 5445 3379 5487 est
3405 5447 3533 5485 cum

1955 5530 2007 5586 in
2040 5540 2279 5598 tempore
2307 5526 2568 5581 malorum
2601 5534 2927 5580 nostrorum.
2977 5521 3159 5593 Neque
3190 5523 3331 5577 cnim
3365 5522 3539 5578 astitit

1954 5629 2077 5691 post
2108 5626 2320 5688 tempus
2348 5612 2653 5669 alllictioms
2681 5621 2903 5678 nosti-:2,
2934 5613 3029 5668 sed
3056 5628 3176 5667 cum
3206 5614 3382 5667 adhuc
3410 5627 3534 5682 pec-

1957 5721 2170 5767 catores
2200 5723 2467 5775 essemus,
2502 5705 2658 5763 Jcsus
2691 5704 2940 5762 Christus
2967 5721 3064 5777 pro
3106 5703 3259 5759 nobis
3289 5711 3534 5761 mortuus
