  <div class='ocr_page' id='page_1' title='image "/cluster/home/n/w/nwhite01/storage/ocr_20150623/111/hvd.32044054759766/469.png"; bbox 0 0 4022 6186; ppageno 0'>
   <div class='ocr_carea' id='block_1_1' title="bbox 591 287 686 354">
    <p class='ocr_par' dir='ltr' id='par_1_1' title="bbox 591 287 686 354">
     <span class='ocr_line' id='line_1_1' title="bbox 591 287 686 354; baseline 0 -14"><span class='ocrx_word' id='word_1_1' title='bbox 591 287 686 354; x_wconf 68' lang='lat' dir='ltr'><strong>ast</strong></span> 
     </span>
    </p>
   </div>
   <div class='ocr_carea' id='block_1_2' title="bbox 1236 256 2161 338">
    <p class='ocr_par' dir='ltr' id='par_1_2' title="bbox 1236 257 2159 328">
     <span class='ocr_line' id='line_1_2' title="bbox 1236 257 2159 328; baseline -0.014 -1"><span class='ocrx_word' id='word_1_2' title='bbox 1236 276 1292 328; x_wconf 67' lang='lat' dir='ltr'><strong>li.</strong></span> <span class='ocrx_word' id='word_1_3' title='bbox 1337 271 1586 326; x_wconf 63' lang='lat' dir='ltr'><strong>llAliANl</strong></span> <span class='ocrx_word' id='word_1_4' title='bbox 1627 262 1842 320; x_wconf 72' lang='lat' dir='ltr'><strong>MAURI</strong></span> <span class='ocrx_word' id='word_1_5' title='bbox 1879 257 2159 316; x_wconf 65' lang='lat' dir='ltr'><strong>AliCllllil</strong></span> 
     </span>
    </p>
   </div>
   <div class='ocr_carea' id='block_1_3' title="bbox 2263 256 3773 338">
    <p class='ocr_par' dir='ltr' id='par_1_3' title="bbox 2263 256 3773 338">
     <span class='ocr_line' id='line_1_3' title="bbox 2263 256 3773 338; baseline 0.009 -28"><span class='ocrx_word' id='word_1_6' title='bbox 2263 258 2547 314; x_wconf 67' lang='lat' dir='ltr'><strong>dOGUNT.</strong></span> <span class='ocrx_word' id='word_1_7' title='bbox 2587 256 2870 316; x_wconf 78' lang='lat' dir='ltr'><strong>OPERUM</strong></span> <span class='ocrx_word' id='word_1_8' title='bbox 2901 260 3080 317; x_wconf 67' lang='lat' dir='ltr'><strong>rans</strong></span> <span class='ocrx_word' id='word_1_9' title='bbox 3117 263 3199 319; x_wconf 87' lang='grc' dir='ltr'><strong>ιιι.</strong></span> <span class='ocrx_word' id='word_1_10' title='bbox 3689 282 3773 338; x_wconf 60' lang='grc' dir='ltr'><strong>πί</strong></span> 
     </span>
    </p>
   </div>
   <div class='ocr_carea' id='block_1_4' title="bbox 588 381 3772 462">
    <p class='ocr_par' dir='ltr' id='par_1_4' title="bbox 588 381 3772 462">
     <span class='ocr_line' id='line_1_4' title="bbox 588 381 3772 462; baseline -0.002 -8"><span class='ocrx_word' id='word_1_11' title='bbox 588 409 694 454; x_wconf 90' lang='lat' dir='ltr'><strong>est.</strong></span> <span class='ocrx_word' id='word_1_12' title='bbox 741 394 874 462; x_wconf 78' lang='lat' dir='ltr'><strong>Quis</strong></span> <span class='ocrx_word' id='word_1_13' title='bbox 923 401 1102 446; x_wconf 88' lang='lat' dir='ltr'><strong>autem</strong></span> <span class='ocrx_word' id='word_1_14' title='bbox 1149 398 1231 444; x_wconf 88' lang='lat' dir='ltr'><strong>cst</strong></span> <span class='ocrx_word' id='word_1_15' title='bbox 1275 387 1552 447; x_wconf 83' lang='lat' dir='ltr'><strong>inimicus,</strong></span> <span class='ocrx_word' id='word_1_16' title='bbox 1598 389 1700 443; x_wconf 86' lang='lat' dir='ltr'><strong>nisi</strong></span> <span class='ocrx_word' id='word_1_17' title='bbox 1743 389 2022 444; x_wconf 76' lang='lat' dir='ltr'><strong>diabolus.</strong></span> <span class='ocrx_word' id='word_1_18' title='bbox 2070 383 2158 434; x_wconf 83' lang='lat' dir='ltr'><strong>ani</strong></span> <span class='ocrx_word' id='word_1_19' title='bbox 2195 381 2235 438; x_wconf 77' lang='grc' dir='ltr'><strong>Α</strong></span> <span class='ocrx_word' id='word_1_20' title='bbox 2267 390 2384 430; x_wconf 58' lang='lat' dir='ltr'><strong>vel&quot;</strong></span> <span class='ocrx_word' id='word_1_21' title='bbox 2429 382 2488 430; x_wconf 69' lang='grc' dir='ltr'><strong>οι</strong></span> <span class='ocrx_word' id='word_1_22' title='bbox 2519 388 2840 458; x_wconf 86' lang='lat' dir='ltr'><strong>prophetas.</strong></span> <span class='ocrx_word' id='word_1_23' title='bbox 2875 387 3078 441; x_wconf 83' lang='lat' dir='ltr'><strong>habent</strong></span> <span class='ocrx_word' id='word_1_24' title='bbox 3111 387 3378 443; x_wconf 72' lang='lat' dir='ltr'><strong>volumina</strong></span> <span class='ocrx_word' id='word_1_25' title='bbox 3407 389 3680 449; x_wconf 79' lang='lat' dir='ltr'><strong>divinarum</strong></span> <span class='ocrx_word' id='word_1_26' title='bbox 3701 395 3772 452; x_wconf 87' lang='lat' dir='ltr'><strong>lit-</strong></span> 
     </span>
    </p>
   </div>
   <div class='ocr_carea' id='block_1_5' title="bbox 589 476 2157 548">
    <p class='ocr_par' dir='ltr' id='par_1_5' title="bbox 589 476 2157 548">
     <span class='ocr_line' id='line_1_5' title="bbox 589 476 2157 548; baseline -0.009 -6"><span class='ocrx_word' id='word_1_27' title='bbox 589 486 879 544; x_wconf 86' lang='lat' dir='ltr'><strong>tribnlabat</strong></span> <span class='ocrx_word' id='word_1_28' title='bbox 933 499 1062 544; x_wconf 87' lang='lat' dir='ltr'><strong>nos,</strong></span> <span class='ocrx_word' id='word_1_29' title='bbox 1114 491 1169 534; x_wconf 90' lang='lat' dir='ltr'><strong>et</strong></span> <span class='ocrx_word' id='word_1_30' title='bbox 1208 479 1338 548; x_wconf 83' lang='lat' dir='ltr'><strong>jngo</strong></span> <span class='ocrx_word' id='word_1_31' title='bbox 1380 478 1654 533; x_wconf 67' lang='lat' dir='ltr'><strong>servitutis</strong></span> <span class='ocrx_word' id='word_1_32' title='bbox 1702 478 2015 548; x_wconf 88' lang='lat' dir='ltr'><strong>premebat?</strong></span> <span class='ocrx_word' id='word_1_33' title='bbox 2053 476 2157 529; x_wconf 72' lang='lat' dir='ltr'><strong>Ad-</strong></span> 
     </span>
    </p>
   </div>
   <div class='ocr_carea' id='block_1_6' title="bbox 587 567 2158 644">
    <p class='ocr_par' dir='ltr' id='par_1_6' title="bbox 587 567 2158 644">
     <span class='ocr_line' id='line_1_6' title="bbox 587 567 2158 644; baseline -0.008 -12"><span class='ocrx_word' id='word_1_34' title='bbox 587 592 804 634; x_wconf 80' lang='lat' dir='ltr'><strong>versum</strong></span> <span class='ocrx_word' id='word_1_35' title='bbox 834 590 993 644; x_wconf 87' lang='lat' dir='ltr'><strong>quem</strong></span> <span class='ocrx_word' id='word_1_36' title='bbox 1025 571 1196 626; x_wconf 91' lang='lat' dir='ltr'><strong>astitit</strong></span> <span class='ocrx_word' id='word_1_37' title='bbox 1226 568 1490 634; x_wconf 73' lang='lat' dir='ltr'><strong>Salvator,</strong></span> <span class='ocrx_word' id='word_1_38' title='bbox 1527 576 1581 623; x_wconf 87' lang='lat' dir='ltr'><strong>et</strong></span> <span class='ocrx_word' id='word_1_39' title='bbox 1609 568 1674 622; x_wconf 91' lang='lat' dir='ltr'><strong>de</strong></span> <span class='ocrx_word' id='word_1_40' title='bbox 1709 567 2021 637; x_wconf 90' lang='lat' dir='ltr'><strong>captivitate</strong></span> <span class='ocrx_word' id='word_1_41' title='bbox 2061 581 2158 619; x_wconf 89' lang='lat' dir='ltr'><strong>nos</strong></span> 
     </span>
    </p>
   </div>
   <div class='ocr_carea' id='block_1_7' title="bbox 589 653 2160 725">
    <p class='ocr_par' dir='ltr' id='par_1_7' title="bbox 589 653 2160 725">
     <span class='ocr_line' id='line_1_7' title="bbox 589 653 2160 725; baseline -0.011 0"><span class='ocrx_word' id='word_1_42' title='bbox 589 667 828 725; x_wconf 77' lang='lat' dir='ltr'><strong>liberans</strong></span> <span class='ocrx_word' id='word_1_43' title='bbox 858 660 1086 716; x_wconf 67' lang='lat' dir='ltr'><strong>reddidit</strong></span> <span class='ocrx_word' id='word_1_44' title='bbox 1115 658 1386 722; x_wconf 88' lang='lat' dir='ltr'><strong>libertati,</strong></span> <span class='ocrx_word' id='word_1_45' title='bbox 1411 659 1528 712; x_wconf 64' lang='lat' dir='ltr'><strong>ha‘c</strong></span> <span class='ocrx_word' id='word_1_46' title='bbox 1554 655 1870 725; x_wconf 79' lang='lat' dir='ltr'><strong>prophetico</strong></span> <span class='ocrx_word' id='word_1_47' title='bbox 1899 653 2160 708; x_wconf 85' lang='lat' dir='ltr'><strong>Dominus</strong></span> 
     </span>
    </p>
   </div>
   <div class='ocr_carea' id='block_1_8' title="bbox 591 744 2158 823">
    <p class='ocr_par' dir='ltr' id='par_1_8' title="bbox 591 744 2158 823">
     <span class='ocr_line' id='line_1_8' title="bbox 591 744 2158 823; baseline -0.008 -15"><span class='ocrx_word' id='word_1_48' title='bbox 591 755 807 808; x_wconf 80' lang='lat' dir='ltr'><strong>dixerit.</strong></span> <span class='ocrx_word' id='word_1_49' title='bbox 850 751 1156 823; x_wconf 75' lang='grc' dir='ltr'><strong>(ΙΙὶει-οη.)</strong></span> <span class='ocrx_word' id='word_1_50' title='bbox 1199 749 1304 804; x_wconf 86' lang='lat' dir='ltr'><strong>Sed</strong></span> <span class='ocrx_word' id='word_1_51' title='bbox 1349 757 1406 802; x_wconf 89' lang='lat' dir='ltr'><strong>et</strong></span> <span class='ocrx_word' id='word_1_52' title='bbox 1449 746 1737 803; x_wconf 72' lang='lat' dir='ltr'><strong>Jeremiam</strong></span> <span class='ocrx_word' id='word_1_53' title='bbox 1779 759 1922 814; x_wconf 67' lang='lat' dir='ltr'><strong>szrpe</strong></span> <span class='ocrx_word' id='word_1_54' title='bbox 1962 744 2158 814; x_wconf 73' lang='lat' dir='ltr'><strong>depre-</strong></span> 
     </span>
    </p>
   </div>
   <div class='ocr_carea' id='block_1_9' title="bbox 589 836 2010 910">
    <p class='ocr_par' dir='ltr' id='par_1_9' title="bbox 589 836 2010 910">
     <span class='ocr_line' id='line_1_9' title="bbox 589 836 2010 910; baseline -0.008 -10"><span class='ocrx_word' id='word_1_55' title='bbox 589 845 874 900; x_wconf 77' lang='lat' dir='ltr'><strong>hendimus</strong></span> <span class='ocrx_word' id='word_1_56' title='bbox 905 845 955 896; x_wconf 87' lang='lat' dir='ltr'><strong>in</strong></span> <span class='ocrx_word' id='word_1_57' title='bbox 988 843 1088 896; x_wconf 89' lang='lat' dir='ltr'><strong>hoc</strong></span> <span class='ocrx_word' id='word_1_58' title='bbox 1121 839 1389 893; x_wconf 87' lang='lat' dir='ltr'><strong>volumine</strong></span> <span class='ocrx_word' id='word_1_59' title='bbox 1419 852 1634 910; x_wconf 73' lang='lat' dir='ltr'><strong>rogasse</strong></span> <span class='ocrx_word' id='word_1_60' title='bbox 1661 851 1758 906; x_wconf 88' lang='lat' dir='ltr'><strong>pro</strong></span> <span class='ocrx_word' id='word_1_61' title='bbox 1797 836 2010 906; x_wconf 88' lang='lat' dir='ltr'><strong>populo.</strong></span> 
     </span>
    </p>
   </div>
   <div class='ocr_carea' id='block_1_10' title="bbox 666 926 2161 1002">
    <p class='ocr_par' dir='ltr' id='par_1_10' title="bbox 666 926 2161 1002">
     <span class='ocr_line' id='line_1_10' title="bbox 666 926 2161 1002; baseline -0.005 -16"><span class='ocrx_word' id='word_1_62' title='bbox 666 953 684 986; x_wconf 78' lang='grc' dir='ltr'><strong>ι</strong></span> <span class='ocrx_word' id='word_1_63' title='bbox 715 932 964 1002; x_wconf 80' lang='lat' dir='ltr'><strong>Nunquid</strong></span> <span class='ocrx_word' id='word_1_64' title='bbox 1005 931 1355 986; x_wconf 79' lang='lat' dir='ltr'><strong>fmdcrahitur</strong></span> <span class='ocrx_word' id='word_1_65' title='bbox 1388 927 1596 982; x_wconf 89' lang='lat' dir='ltr'><strong>ferrum</strong></span> <span class='ocrx_word' id='word_1_66' title='bbox 1627 926 1772 982; x_wconf 90' lang='lat' dir='ltr'><strong>ferro</strong></span> <span class='ocrx_word' id='word_1_67' title='bbox 1801 927 1870 980; x_wconf 88' lang='lat' dir='ltr'><strong>ab</strong></span> <span class='ocrx_word' id='word_1_68' title='bbox 1899 926 2161 996; x_wconf 81' lang='lat' dir='ltr'><strong>Aquilone</strong></span> 
     </span>
    </p>
   </div>
   <div class='ocr_carea' id='block_1_11' title="bbox 595 1017 2159 1092">
    <p class='ocr_par' dir='ltr' id='par_1_11' title="bbox 595 1017 2159 1092">
     <span class='ocr_line' id='line_1_11' title="bbox 595 1017 2159 1092; baseline -0.003 -18"><span class='ocrx_word' id='word_1_69' title='bbox 595 1045 615 1074; x_wconf 73' lang='lat'><strong>1</strong></span> <span class='ocrx_word' id='word_1_70' title='bbox 652 1033 707 1079; x_wconf 91' lang='lat' dir='ltr'><strong>et</strong></span> <span class='ocrx_word' id='word_1_71' title='bbox 733 1023 850 1078; x_wconf 69' lang='lat' dir='ltr'><strong>(BS?</strong></span> <span class='ocrx_word' id='word_1_72' title='bbox 886 1045 904 1074; x_wconf 80' lang='grc' dir='ltr'><strong>ι</strong></span> <span class='ocrx_word' id='word_1_73' title='bbox 940 1021 1300 1092; x_wconf 83' lang='lat' dir='ltr'><strong>Symmachus</strong></span> <span class='ocrx_word' id='word_1_74' title='bbox 1330 1037 1343 1073; x_wconf 93' lang='lat'><strong>:</strong></span> <span class='ocrx_word' id='word_1_75' title='bbox 1378 1046 1396 1070; x_wconf 81' lang='grc' dir='ltr'><strong>ι</strong></span> <span class='ocrx_word' id='word_1_76' title='bbox 1433 1017 1682 1088; x_wconf 83' lang='lat' dir='ltr'><strong>Nunquid</strong></span> <span class='ocrx_word' id='word_1_77' title='bbox 1713 1018 1931 1073; x_wconf 73' lang='lat' dir='ltr'><strong>nocebit</strong></span> <span class='ocrx_word' id='word_1_78' title='bbox 1959 1017 2159 1072; x_wconf 88' lang='lat' dir='ltr'><strong>ferrum</strong></span> 
     </span>
    </p>
   </div>
   <div class='ocr_carea' id='block_1_12' title="bbox 593 1106 2160 1182">
    <p class='ocr_par' dir='ltr' id='par_1_12' title="bbox 593 1106 2160 1182">
     <span class='ocr_line' id='line_1_12' title="bbox 593 1106 2160 1182; baseline -0.004 -15"><span class='ocrx_word' id='word_1_79' title='bbox 593 1137 612 1167; x_wconf 73' lang='grc' dir='ltr'><strong>ι</strong></span> <span class='ocrx_word' id='word_1_80' title='bbox 647 1115 790 1170; x_wconf 89' lang='lat' dir='ltr'><strong>ferro</strong></span> <span class='ocrx_word' id='word_1_81' title='bbox 817 1115 884 1168; x_wconf 91' lang='lat' dir='ltr'><strong>ab</strong></span> <span class='ocrx_word' id='word_1_82' title='bbox 909 1113 1169 1182; x_wconf 76' lang='lat' dir='ltr'><strong>Aquilone</strong></span> <span class='ocrx_word' id='word_1_83' title='bbox 1195 1119 1250 1165; x_wconf 90' lang='lat' dir='ltr'><strong>et</strong></span> <span class='ocrx_word' id='word_1_84' title='bbox 1277 1127 1370 1165; x_wconf 77' lang='lat' dir='ltr'><strong>tes.</strong></span> <span class='ocrx_word' id='word_1_85' title='bbox 1392 1129 1410 1161; x_wconf 71' lang='grc' dir='ltr'><strong>ο</strong></span> <span class='ocrx_word' id='word_1_86' title='bbox 1441 1108 1581 1163; x_wconf 72' lang='lat' dir='ltr'><strong>LXX</strong></span> <span class='ocrx_word' id='word_1_87' title='bbox 1611 1117 1666 1162; x_wconf 92' lang='lat' dir='ltr'><strong>et</strong></span> <span class='ocrx_word' id='word_1_88' title='bbox 1694 1108 1994 1162; x_wconf 77' lang='lat' dir='ltr'><strong>&#39;l‘heodotio</strong></span> <span class='ocrx_word' id='word_1_89' title='bbox 2017 1126 2029 1160; x_wconf 91' lang='lat'>:</span> <span class='ocrx_word' id='word_1_90' title='bbox 2061 1127 2080 1157; x_wconf 70' lang='grc' dir='ltr'><strong>ι</strong></span> <span class='ocrx_word' id='word_1_91' title='bbox 2104 1106 2160 1160; x_wconf 91' lang='lat' dir='ltr'><strong>Si</strong></span> 
     </span>
    </p>
   </div>
   <div class='ocr_carea' id='block_1_13' title="bbox 595 1197 2160 1275">
    <p class='ocr_par' dir='ltr' id='par_1_13' title="bbox 595 1197 2160 1275">
     <span class='ocr_line' id='line_1_13' title="bbox 595 1197 2160 1275; baseline -0.004 -19"><span class='ocrx_word' id='word_1_92' title='bbox 595 1225 614 1256; x_wconf 74' lang='grc' dir='ltr'><strong>ι</strong></span> <span class='ocrx_word' id='word_1_93' title='bbox 650 1213 936 1275; x_wconf 88' lang='lat' dir='ltr'><strong>cognoscet</strong></span> <span class='ocrx_word' id='word_1_94' title='bbox 963 1203 1160 1256; x_wconf 89' lang='lat' dir='ltr'><strong>ferrum</strong></span> <span class='ocrx_word' id='word_1_95' title='bbox 1189 1209 1243 1255; x_wconf 92' lang='lat' dir='ltr'><strong>et</strong></span> <span class='ocrx_word' id='word_1_96' title='bbox 1257 1200 1650 1269; x_wconf 85' lang='lat' dir='ltr'><strong>operimentum</strong></span> <span class='ocrx_word' id='word_1_97' title='bbox 1665 1198 1908 1252; x_wconf 55' lang='lat' dir='ltr'><strong>aeneum?</strong></span> <span class='ocrx_word' id='word_1_98' title='bbox 1928 1197 2160 1250; x_wconf 87' lang='lat' dir='ltr'><strong>varieta-</strong></span> 
     </span>
    </p>
   </div>
   <div class='ocr_carea' id='block_1_14' title="bbox 595 1288 2162 1362">
    <p class='ocr_par' dir='ltr' id='par_1_14' title="bbox 595 1288 2162 1362">
     <span class='ocr_line' id='line_1_14' title="bbox 595 1288 2162 1362; baseline -0.005 -14"><span class='ocrx_word' id='word_1_99' title='bbox 595 1317 612 1348; x_wconf 72' lang='grc' dir='ltr'><strong>ι</strong></span> <span class='ocrx_word' id='word_1_100' title='bbox 651 1297 721 1350; x_wconf 89' lang='lat' dir='ltr'><strong>tis</strong></span> <span class='ocrx_word' id='word_1_101' title='bbox 749 1309 912 1350; x_wconf 84' lang='lat' dir='ltr'><strong>causa</strong></span> <span class='ocrx_word' id='word_1_102' title='bbox 959 1293 1260 1362; x_wconf 89' lang='lat' dir='ltr'><strong>perspicua.</strong></span> <span class='ocrx_word' id='word_1_103' title='bbox 1307 1311 1325 1342; x_wconf 72' lang='grc' dir='ltr'><strong>ι</strong></span> <span class='ocrx_word' id='word_1_104' title='bbox 1361 1291 1588 1346; x_wconf 66' lang='lat' dir='ltr'><strong>Vcrhun</strong></span> <span class='ocrx_word' id='word_1_105' title='bbox 1612 1289 1756 1343; x_wconf 89' lang='lat' dir='ltr'><strong>enim</strong></span> <span class='ocrx_word' id='word_1_106' title='bbox 1790 1297 1914 1353; x_wconf 50' lang='lat' dir='ltr'><strong>mn?</strong></span> <span class='ocrx_word' id='word_1_107' title='bbox 1936 1288 2079 1357; x_wconf 87' lang='lat' dir='ltr'><strong>quod</strong></span> <span class='ocrx_word' id='word_1_108' title='bbox 2109 1288 2162 1341; x_wconf 94' lang='lat' dir='ltr'><strong>in</strong></span> 
     </span>
    </p>
   </div>
   <div class='ocr_carea' id='block_1_15' title="bbox 587 1378 2165 1456">
    <p class='ocr_par' dir='ltr' id='par_1_15' title="bbox 587 1378 2165 1456">
     <span class='ocr_line' id='line_1_15' title="bbox 587 1378 2165 1456; baseline -0.007 -15"><span class='ocrx_word' id='word_1_109' title='bbox 587 1385 840 1456; x_wconf 60' lang='lat' dir='ltr'><strong>persenti</strong></span> <span class='ocrx_word' id='word_1_110' title='bbox 865 1387 980 1438; x_wconf 92' lang='lat' dir='ltr'><strong>loco</strong></span> <span class='ocrx_word' id='word_1_111' title='bbox 999 1383 1253 1452; x_wconf 91' lang='lat' dir='ltr'><strong>scriptum</strong></span> <span class='ocrx_word' id='word_1_112' title='bbox 1276 1389 1360 1436; x_wconf 90' lang='lat' dir='ltr'><strong>est</strong></span> <span class='ocrx_word' id='word_1_113' title='bbox 1379 1421 1393 1444; x_wconf 94' lang='lat'><strong>,</strong></span> <span class='ocrx_word' id='word_1_114' title='bbox 1419 1395 1516 1450; x_wconf 92' lang='lat' dir='ltr'><strong>pro</strong></span> <span class='ocrx_word' id='word_1_115' title='bbox 1543 1378 1894 1449; x_wconf 81' lang='lat' dir='ltr'><strong>ambiguitate</strong></span> <span class='ocrx_word' id='word_1_116' title='bbox 1917 1378 2165 1430; x_wconf 87' lang='lat' dir='ltr'><strong>enuntia-</strong></span> 
     </span>
    </p>
   </div>
   <div class='ocr_carea' id='block_1_16' title="bbox 591 1466 2164 1539">
    <p class='ocr_par' dir='ltr' id='par_1_16' title="bbox 591 1466 2164 1539">
     <span class='ocr_line' id='line_1_16' title="bbox 591 1466 2164 1539; baseline -0.006 -10"><span class='ocrx_word' id='word_1_117' title='bbox 591 1476 784 1539; x_wconf 86' lang='lat' dir='ltr'><strong>tionis,</strong></span> <span class='ocrx_word' id='word_1_118' title='bbox 839 1485 894 1527; x_wconf 89' lang='lat' dir='ltr'><strong>ct</strong></span> <span class='ocrx_word' id='word_1_119' title='bbox 941 1473 1228 1526; x_wconf 83' lang='lat' dir='ltr'><strong>amicitiam</strong></span> <span class='ocrx_word' id='word_1_120' title='bbox 1277 1479 1436 1524; x_wconf 90' lang='lat' dir='ltr'><strong>sonat</strong></span> <span class='ocrx_word' id='word_1_121' title='bbox 1480 1479 1534 1522; x_wconf 87' lang='lat' dir='ltr'><strong>et</strong></span> <span class='ocrx_word' id='word_1_122' title='bbox 1593 1469 1870 1522; x_wconf 78' lang='lat' dir='ltr'><strong>maiitiam.</strong></span> <span class='ocrx_word' id='word_1_123' title='bbox 1913 1466 2066 1534; x_wconf 85' lang='lat' dir='ltr'><strong>Quod</strong></span> <span class='ocrx_word' id='word_1_124' title='bbox 2118 1467 2164 1521; x_wconf 87' lang='lat' dir='ltr'><strong>si</strong></span> 
     </span>
    </p>
   </div>
   <div class='ocr_carea' id='block_1_17' title="bbox 589 1557 2164 1636">
    <p class='ocr_par' dir='ltr' id='par_1_17' title="bbox 589 1557 2164 1636">
     <span class='ocr_line' id='line_1_17' title="bbox 589 1557 2164 1636; baseline 0.001 -22"><span class='ocrx_word' id='word_1_125' title='bbox 589 1581 688 1636; x_wconf 83' lang='lat' dir='ltr'><strong>pro</strong></span> <span class='ocrx_word' id='word_1_126' title='bbox 711 1582 750 1614; x_wconf 79' lang='grc' dir='ltr'>-ι</span> <span class='ocrx_word' id='word_1_127' title='bbox 776 1565 975 1628; x_wconf 89' lang='lat' dir='ltr'><strong>littera,</strong></span> <span class='ocrx_word' id='word_1_128' title='bbox 1006 1578 1125 1631; x_wconf 70' lang='lat' dir='ltr'><strong>qum</strong></span> <span class='ocrx_word' id='word_1_129' title='bbox 1151 1572 1187 1622; x_wconf 77' lang='grc' dir='ltr'><strong>’τ</strong></span> <span class='ocrx_word' id='word_1_130' title='bbox 1213 1559 1404 1614; x_wconf 70' lang='lat' dir='ltr'><strong>littera:</strong></span> <span class='ocrx_word' id='word_1_131' title='bbox 1432 1559 1622 1614; x_wconf 91' lang='lat' dir='ltr'><strong>similis</strong></span> <span class='ocrx_word' id='word_1_132' title='bbox 1648 1567 1751 1620; x_wconf 87' lang='lat' dir='ltr'><strong>est,</strong></span> <span class='ocrx_word' id='word_1_133' title='bbox 1783 1557 1988 1628; x_wconf 87' lang='lat' dir='ltr'><strong>legatur</strong></span> <span class='ocrx_word' id='word_1_134' title='bbox 2023 1567 2164 1622; x_wconf 61' lang='grc' dir='ltr'><strong>Ἐπ’,</strong></span> 
     </span>
    </p>
   </div>
   <div class='ocr_carea' id='block_1_18' title="bbox 585 1648 2168 1720">
    <p class='ocr_par' dir='ltr' id='par_1_18' title="bbox 585 1648 2168 1720">
     <span class='ocr_line' id='line_1_18' title="bbox 585 1648 2168 1720; baseline -0.003 -14"><span class='ocrx_word' id='word_1_135' title='bbox 585 1654 857 1708; x_wconf 72' lang='lat' dir='ltr'><strong>scientiam</strong></span> <span class='ocrx_word' id='word_1_136' title='bbox 889 1652 1334 1720; x_wconf 73' lang='lat' dir='ltr'><strong>cognitionemque</strong></span> <span class='ocrx_word' id='word_1_137' title='bbox 1365 1649 1648 1720; x_wconf 78' lang='lat' dir='ltr'><strong>siguilicat.</strong></span> <span class='ocrx_word' id='word_1_138' title='bbox 1689 1648 1839 1714; x_wconf 87' lang='lat' dir='ltr'><strong>Quod</strong></span> <span class='ocrx_word' id='word_1_139' title='bbox 1885 1657 2063 1702; x_wconf 83' lang='lat' dir='ltr'><strong>autem</strong></span> <span class='ocrx_word' id='word_1_140' title='bbox 2094 1648 2168 1702; x_wconf 86' lang='lat' dir='ltr'><strong>tli-</strong></span> 
     </span>
    </p>
   </div>
   <div class='ocr_carea' id='block_1_19' title="bbox 2263 477 3776 558">
    <p class='ocr_par' dir='ltr' id='par_1_19' title="bbox 2263 477 3776 558">
     <span class='ocr_line' id='line_1_19' title="bbox 2263 477 3776 558; baseline 0.007 -31"><span class='ocrx_word' id='word_1_141' title='bbox 2263 484 2497 528; x_wconf 88' lang='lat' dir='ltr'><strong>terarmn</strong></span> <span class='ocrx_word' id='word_1_142' title='bbox 2519 517 2534 539; x_wconf 89' lang='lat'><strong>,</strong></span> <span class='ocrx_word' id='word_1_143' title='bbox 2563 477 2656 530; x_wconf 86' lang='lat' dir='ltr'><strong>sed</strong></span> <span class='ocrx_word' id='word_1_144' title='bbox 2681 478 2882 546; x_wconf 86' lang='lat' dir='ltr'><strong>absque</strong></span> <span class='ocrx_word' id='word_1_145' title='bbox 2907 477 3254 546; x_wconf 79' lang='lat' dir='ltr'><strong>intelligentia</strong></span> <span class='ocrx_word' id='word_1_146' title='bbox 3275 519 3290 544; x_wconf 94' lang='lat'><strong>,</strong></span> <span class='ocrx_word' id='word_1_147' title='bbox 3315 488 3474 550; x_wconf 89' lang='lat' dir='ltr'><strong>atque</strong></span> <span class='ocrx_word' id='word_1_148' title='bbox 3499 484 3566 537; x_wconf 90' lang='lat' dir='ltr'><strong>ita</strong></span> <span class='ocrx_word' id='word_1_149' title='bbox 3594 500 3776 558; x_wconf 72' lang='lat' dir='ltr'><strong>regnum</strong></span> 
     </span>
    </p>
   </div>
   <div class='ocr_carea' id='block_1_20' title="bbox 2263 564 3776 645">
    <p class='ocr_par' dir='ltr' id='par_1_20' title="bbox 2263 564 3776 645">
     <span class='ocr_line' id='line_1_20' title="bbox 2263 564 3776 645; baseline 0.011 -28"><span class='ocrx_word' id='word_1_150' title='bbox 2263 565 2359 618; x_wconf 89' lang='lat' dir='ltr'><strong>Dei</strong></span> <span class='ocrx_word' id='word_1_151' title='bbox 2395 564 2634 619; x_wconf 86' lang='lat' dir='ltr'><strong>ablatum</strong></span> <span class='ocrx_word' id='word_1_152' title='bbox 2669 575 2754 622; x_wconf 90' lang='lat' dir='ltr'><strong>est</strong></span> <span class='ocrx_word' id='word_1_153' title='bbox 2786 567 2855 621; x_wconf 87' lang='lat' dir='ltr'><strong>ab</strong></span> <span class='ocrx_word' id='word_1_154' title='bbox 2891 568 2971 645; x_wconf 82' lang='lat' dir='ltr'><strong>eis</strong></span> <span class='ocrx_word' id='word_1_155' title='bbox 2991 607 3006 632; x_wconf 89' lang='lat'><strong>,</strong></span> <span class='ocrx_word' id='word_1_156' title='bbox 3038 567 3163 622; x_wconf 85' lang='lat' dir='ltr'><strong>dum</strong></span> <span class='ocrx_word' id='word_1_157' title='bbox 3194 569 3482 639; x_wconf 71' lang='lat' dir='ltr'><strong>Scriptum</strong></span> <span class='ocrx_word' id='word_1_158' title='bbox 3507 589 3677 632; x_wconf 78' lang='lat' dir='ltr'><strong>sensus</strong></span> <span class='ocrx_word' id='word_1_159' title='bbox 3698 592 3776 632; x_wconf 61' lang='lat' dir='ltr'><strong>an.</strong></span> 
     </span>
    </p>
   </div>
   <div class='ocr_carea' id='block_1_21' title="bbox 2260 655 3780 734">
    <p class='ocr_par' dir='ltr' id='par_1_21' title="bbox 2260 655 3780 734">
     <span class='ocr_line' id='line_1_21' title="bbox 2260 655 3780 734; baseline 0.009 -24"><span class='ocrx_word' id='word_1_160' title='bbox 2260 655 2434 712; x_wconf 81' lang='lat' dir='ltr'><strong>fertur</strong></span> <span class='ocrx_word' id='word_1_161' title='bbox 2469 658 2702 712; x_wconf 79' lang='lat' dir='ltr'><strong>cessavit</strong></span> <span class='ocrx_word' id='word_1_162' title='bbox 2737 658 2876 728; x_wconf 88' lang='lat' dir='ltr'><strong>apud</strong></span> <span class='ocrx_word' id='word_1_163' title='bbox 2910 673 3036 724; x_wconf 88' lang='lat' dir='ltr'><strong>eos;</strong></span> <span class='ocrx_word' id='word_1_164' title='bbox 3094 659 3226 732; x_wconf 88' lang='lat' dir='ltr'><strong>legis</strong></span> <span class='ocrx_word' id='word_1_165' title='bbox 3256 671 3312 716; x_wconf 88' lang='lat' dir='ltr'><strong>et</strong></span> <span class='ocrx_word' id='word_1_166' title='bbox 3338 665 3690 734; x_wconf 86' lang='lat' dir='ltr'><strong>prophetarum</strong></span> <span class='ocrx_word' id='word_1_167' title='bbox 3715 671 3780 724; x_wconf 87' lang='lat' dir='ltr'><strong>in-</strong></span> 
     </span>
    </p>
   </div>
   <div class='ocr_carea' id='block_1_22' title="bbox 2265 747 3780 823">
    <p class='ocr_par' dir='ltr' id='par_1_22' title="bbox 2265 747 3780 823">
     <span class='ocr_line' id='line_1_22' title="bbox 2265 747 3780 823; baseline 0.011 -25"><span class='ocrx_word' id='word_1_168' title='bbox 2265 749 2596 817; x_wconf 90' lang='lat' dir='ltr'><strong>terpretatio.</strong></span> <span class='ocrx_word' id='word_1_169' title='bbox 2640 747 2850 817; x_wconf 85' lang='lat' dir='ltr'><strong>Legunt</strong></span> <span class='ocrx_word' id='word_1_170' title='bbox 2885 751 3068 804; x_wconf 86' lang='lat' dir='ltr'><strong>omnia</strong></span> <span class='ocrx_word' id='word_1_171' title='bbox 3109 759 3166 806; x_wconf 90' lang='lat' dir='ltr'><strong>et</strong></span> <span class='ocrx_word' id='word_1_172' title='bbox 3205 767 3312 806; x_wconf 90' lang='lat' dir='ltr'><strong>non</strong></span> <span class='ocrx_word' id='word_1_173' title='bbox 3353 753 3665 823; x_wconf 80' lang='lat' dir='ltr'><strong>intelligunt,</strong></span> <span class='ocrx_word' id='word_1_174' title='bbox 3705 775 3780 814; x_wconf 74' lang='lat' dir='ltr'><strong>ex-</strong></span> 
     </span>
    </p>
   </div>
   <div class='ocr_carea' id='block_1_23' title="bbox 2260 832 3777 914">
    <p class='ocr_par' dir='ltr' id='par_1_23' title="bbox 2260 832 3777 914">
     <span class='ocr_line' id='line_1_23' title="bbox 2260 832 3777 914; baseline 0.007 -27"><span class='ocrx_word' id='word_1_175' title='bbox 2260 835 2398 905; x_wconf 87' lang='lat' dir='ltr'><strong>pleta</strong></span> <span class='ocrx_word' id='word_1_176' title='bbox 2429 832 2540 903; x_wconf 87' lang='lat' dir='ltr'><strong>jam</strong></span> <span class='ocrx_word' id='word_1_177' title='bbox 2583 836 2700 898; x_wconf 89' lang='lat' dir='ltr'><strong>illa,</strong></span> <span class='ocrx_word' id='word_1_178' title='bbox 2732 848 2852 908; x_wconf 91' lang='lat' dir='ltr'><strong>post</strong></span> <span class='ocrx_word' id='word_1_179' title='bbox 2889 839 3178 894; x_wconf 87' lang='lat' dir='ltr'><strong>adventum</strong></span> <span class='ocrx_word' id='word_1_180' title='bbox 3220 840 3462 906; x_wconf 86' lang='lat' dir='ltr'><strong>Domini,</strong></span> <span class='ocrx_word' id='word_1_181' title='bbox 3498 846 3777 914; x_wconf 67' lang='lat' dir='ltr'><strong>prophetia:</strong></span> 
     </span>
    </p>
   </div>
   <div class='ocr_carea' id='block_1_24' title="bbox 2267 924 3780 995">
    <p class='ocr_par' dir='ltr' id='par_1_24' title="bbox 2267 924 3780 995">
     <span class='ocr_line' id='line_1_24' title="bbox 2267 924 3780 995; baseline 0.009 -21"><span class='ocrx_word' id='word_1_182' title='bbox 2267 943 2284 974; x_wconf 77' lang='grc' dir='ltr'><strong>ι</strong></span> <span class='ocrx_word' id='word_1_183' title='bbox 2320 924 2414 980; x_wconf 89' lang='lat' dir='ltr'><strong>Dic</strong></span> <span class='ocrx_word' id='word_1_184' title='bbox 2443 925 2640 995; x_wconf 91' lang='lat' dir='ltr'><strong>populo</strong></span> <span class='ocrx_word' id='word_1_185' title='bbox 2669 928 2796 982; x_wconf 91' lang='lat' dir='ltr'><strong>huic</strong></span> <span class='ocrx_word' id='word_1_186' title='bbox 2825 945 2839 980; x_wconf 88' lang='lat'><strong>:</strong></span> <span class='ocrx_word' id='word_1_187' title='bbox 2871 927 3161 982; x_wconf 81' lang='lat' dir='ltr'><strong>Auditione</strong></span> <span class='ocrx_word' id='word_1_188' title='bbox 3189 929 3422 985; x_wconf 84' lang='lat' dir='ltr'><strong>audietis</strong></span> <span class='ocrx_word' id='word_1_189' title='bbox 3449 940 3502 986; x_wconf 90' lang='lat' dir='ltr'><strong>et</strong></span> <span class='ocrx_word' id='word_1_190' title='bbox 3529 947 3626 987; x_wconf 88' lang='lat' dir='ltr'><strong>non</strong></span> <span class='ocrx_word' id='word_1_191' title='bbox 3652 933 3780 988; x_wconf 74' lang='lat' dir='ltr'><strong>intel-</strong></span> 
     </span>
    </p>
   </div>
   <div class='ocr_carea' id='block_1_25' title="bbox 2263 1013 3783 1085">
    <p class='ocr_par' dir='ltr' id='par_1_25' title="bbox 2263 1013 3783 1085">
     <span class='ocr_line' id='line_1_25' title="bbox 2263 1013 3783 1085; baseline 0.011 -21"><span class='ocrx_word' id='word_1_192' title='bbox 2263 1013 2472 1085; x_wconf 85' lang='lat' dir='ltr'><strong>ligetis,</strong></span> <span class='ocrx_word' id='word_1_193' title='bbox 2516 1025 2570 1071; x_wconf 93' lang='lat' dir='ltr'><strong>et</strong></span> <span class='ocrx_word' id='word_1_194' title='bbox 2617 1030 2902 1073; x_wconf 87' lang='lat' dir='ltr'><strong>cernentes</strong></span> <span class='ocrx_word' id='word_1_195' title='bbox 2944 1019 3196 1076; x_wconf 84' lang='lat' dir='ltr'><strong>videbitis</strong></span> <span class='ocrx_word' id='word_1_196' title='bbox 3235 1030 3291 1076; x_wconf 89' lang='lat' dir='ltr'><strong>et</strong></span> <span class='ocrx_word' id='word_1_197' title='bbox 3333 1037 3437 1076; x_wconf 92' lang='lat' dir='ltr'><strong>non</strong></span> <span class='ocrx_word' id='word_1_198' title='bbox 3469 1024 3676 1079; x_wconf 85' lang='lat' dir='ltr'><strong>scietis:</strong></span> <span class='ocrx_word' id='word_1_199' title='bbox 3718 1027 3783 1080; x_wconf 86' lang='lat' dir='ltr'><strong>in-</strong></span> 
     </span>
    </p>
   </div>
   <div class='ocr_carea' id='block_1_26' title="bbox 2262 1107 3783 1181">
    <p class='ocr_par' dir='ltr' id='par_1_26' title="bbox 2262 1107 3783 1181">
     <span class='ocr_line' id='line_1_26' title="bbox 2262 1107 3783 1181; baseline 0.009 -25"><span class='ocrx_word' id='word_1_200' title='bbox 2262 1114 2563 1160; x_wconf 74' lang='lat' dir='ltr'><strong>crassatum</strong></span> <span class='ocrx_word' id='word_1_201' title='bbox 2590 1115 2673 1160; x_wconf 88' lang='lat' dir='ltr'><strong>est</strong></span> <span class='ocrx_word' id='word_1_202' title='bbox 2697 1107 2841 1161; x_wconf 90' lang='lat' dir='ltr'><strong>enim</strong></span> <span class='ocrx_word' id='word_1_203' title='bbox 2864 1122 2960 1161; x_wconf 91' lang='lat' dir='ltr'><strong>cor</strong></span> <span class='ocrx_word' id='word_1_204' title='bbox 2979 1109 3157 1179; x_wconf 88' lang='lat' dir='ltr'><strong>populi</strong></span> <span class='ocrx_word' id='word_1_205' title='bbox 3182 1109 3342 1178; x_wconf 86' lang='lat' dir='ltr'><strong>hujus</strong></span> <span class='ocrx_word' id='word_1_206' title='bbox 3365 1109 3507 1180; x_wconf 68' lang='lat' dir='ltr'><strong>(lea.</strong></span> <span class='ocrx_word' id='word_1_207' title='bbox 3533 1127 3579 1167; x_wconf 72' lang='grc' dir='ltr'>γι</span> <span class='ocrx_word' id='word_1_208' title='bbox 3600 1113 3636 1181; x_wconf 83' lang='lat'><strong>).</strong></span> <span class='ocrx_word' id='word_1_209' title='bbox 3663 1113 3783 1170; x_wconf 66' lang='grc' dir='ltr'><strong>»Νη</strong></span> 
     </span>
    </p>
   </div>
   <div class='ocr_carea' id='block_1_27' title="bbox 2263 1195 3784 1265">
    <p class='ocr_par' dir='ltr' id='par_1_27' title="bbox 2263 1195 3784 1265">
     <span class='ocr_line' id='line_1_27' title="bbox 2263 1195 3784 1265; baseline 0.008 -18"><span class='ocrx_word' id='word_1_210' title='bbox 2263 1210 2369 1249; x_wconf 85' lang='lat' dir='ltr'><strong>non</strong></span> <span class='ocrx_word' id='word_1_211' title='bbox 2398 1203 2454 1249; x_wconf 90' lang='lat' dir='ltr'><strong>ct</strong></span> <span class='ocrx_word' id='word_1_212' title='bbox 2484 1195 2612 1249; x_wconf 90' lang='lat' dir='ltr'><strong>illud</strong></span> <span class='ocrx_word' id='word_1_213' title='bbox 2639 1197 2781 1265; x_wconf 88' lang='lat' dir='ltr'><strong>quod</strong></span> <span class='ocrx_word' id='word_1_214' title='bbox 2811 1197 2878 1251; x_wconf 91' lang='lat' dir='ltr'><strong>ab</strong></span> <span class='ocrx_word' id='word_1_215' title='bbox 2907 1197 3042 1251; x_wconf 89' lang='lat' dir='ltr'><strong>Isaia</strong></span> <span class='ocrx_word' id='word_1_216' title='bbox 3087 1199 3324 1254; x_wconf 87' lang='lat' dir='ltr'><strong>dicitur:</strong></span> <span class='ocrx_word' id='word_1_217' title='bbox 3357 1219 3377 1252; x_wconf 70' lang='grc' dir='ltr'>ί</span> <span class='ocrx_word' id='word_1_218' title='bbox 3406 1201 3611 1256; x_wconf 80' lang='lat' dir='ltr'><strong>Auferet</strong></span> <span class='ocrx_word' id='word_1_219' title='bbox 3643 1203 3784 1258; x_wconf 86' lang='lat' dir='ltr'><strong>Domi-</strong></span> 
     </span>
    </p>
   </div>
   <div class='ocr_carea' id='block_1_28' title="bbox 2266 1285 3781 1356">
    <p class='ocr_par' dir='ltr' id='par_1_28' title="bbox 2266 1285 3781 1356">
     <span class='ocr_line' id='line_1_28' title="bbox 2266 1285 3781 1356; baseline 0.005 -17"><span class='ocrx_word' id='word_1_220' title='bbox 2266 1301 2364 1339; x_wconf 91' lang='lat' dir='ltr'><strong>nus</strong></span> <span class='ocrx_word' id='word_1_221' title='bbox 2401 1301 2431 1339; x_wconf 90' lang='lat' dir='ltr'><strong>a</strong></span> <span class='ocrx_word' id='word_1_222' title='bbox 2460 1285 2644 1341; x_wconf 67' lang='lat' dir='ltr'><strong>Juda‘a</strong></span> <span class='ocrx_word' id='word_1_223' title='bbox 2678 1296 2733 1341; x_wconf 87' lang='lat' dir='ltr'><strong>et</strong></span> <span class='ocrx_word' id='word_1_224' title='bbox 2767 1286 2837 1341; x_wconf 91' lang='lat' dir='ltr'><strong>ab</strong></span> <span class='ocrx_word' id='word_1_225' title='bbox 2863 1285 3162 1344; x_wconf 75' lang='lat' dir='ltr'><strong>Jerusalem</strong></span> <span class='ocrx_word' id='word_1_226' title='bbox 3204 1290 3438 1345; x_wconf 86' lang='lat' dir='ltr'><strong>validum</strong></span> <span class='ocrx_word' id='word_1_227' title='bbox 3479 1300 3532 1346; x_wconf 88' lang='lat' dir='ltr'><strong>et</strong></span> <span class='ocrx_word' id='word_1_228' title='bbox 3565 1293 3781 1356; x_wconf 85' lang='lat' dir='ltr'><strong>validam,</strong></span> 
     </span>
    </p>
   </div>
   <div class='ocr_carea' id='block_1_29' title="bbox 2264 1377 3784 1450">
    <p class='ocr_par' dir='ltr' id='par_1_29' title="bbox 2264 1377 3784 1450">
     <span class='ocr_line' id='line_1_29' title="bbox 2264 1377 3784 1450; baseline 0.008 -23"><span class='ocrx_word' id='word_1_229' title='bbox 2264 1377 2534 1446; x_wconf 81' lang='lat' dir='ltr'><strong>gigantem</strong></span> <span class='ocrx_word' id='word_1_230' title='bbox 2576 1387 2632 1432; x_wconf 92' lang='lat' dir='ltr'><strong>et</strong></span> <span class='ocrx_word' id='word_1_231' title='bbox 2671 1378 2943 1434; x_wconf 86' lang='lat' dir='ltr'><strong>hominem</strong></span> <span class='ocrx_word' id='word_1_232' title='bbox 2971 1380 3311 1445; x_wconf 84' lang='lat' dir='ltr'><strong>bellatorem,</strong></span> <span class='ocrx_word' id='word_1_233' title='bbox 3339 1392 3395 1436; x_wconf 91' lang='lat' dir='ltr'><strong>et</strong></span> <span class='ocrx_word' id='word_1_234' title='bbox 3431 1381 3666 1450; x_wconf 78' lang='lat' dir='ltr'><strong>judicent,</strong></span> <span class='ocrx_word' id='word_1_235' title='bbox 3708 1396 3784 1439; x_wconf 73' lang='lat' dir='ltr'><strong>«et</strong></span> 
     </span>
    </p>
   </div>
   <div class='ocr_carea' id='block_1_30' title="bbox 2265 1467 3782 1540">
    <p class='ocr_par' dir='ltr' id='par_1_30' title="bbox 2265 1467 3782 1540">
     <span class='ocr_line' id='line_1_30' title="bbox 2265 1467 3782 1540; baseline 0.008 -22"><span class='ocrx_word' id='word_1_236' title='bbox 2265 1467 2605 1536; x_wconf 86' lang='lat' dir='ltr'><strong>prophetam,</strong></span> <span class='ocrx_word' id='word_1_237' title='bbox 2636 1476 2690 1522; x_wconf 87' lang='lat' dir='ltr'><strong>et</strong></span> <span class='ocrx_word' id='word_1_238' title='bbox 2718 1468 3004 1535; x_wconf 90' lang='lat' dir='ltr'><strong>arbitrum,</strong></span> <span class='ocrx_word' id='word_1_239' title='bbox 3031 1479 3086 1526; x_wconf 90' lang='lat' dir='ltr'><strong>et</strong></span> <span class='ocrx_word' id='word_1_240' title='bbox 3111 1473 3428 1540; x_wconf 88' lang='lat' dir='ltr'><strong>prudentem</strong></span> <span class='ocrx_word' id='word_1_241' title='bbox 3447 1475 3782 1538; x_wconf 84' lang='lat' dir='ltr'><strong>architectum,</strong></span> 
     </span>
    </p>
   </div>
   <div class='ocr_carea' id='block_1_31' title="bbox 2266 1557 3781 1634">
    <p class='ocr_par' dir='ltr' id='par_1_31' title="bbox 2266 1557 3781 1634">
     <span class='ocr_line' id='line_1_31' title="bbox 2266 1557 3781 1634; baseline 0.009 -27"><span class='ocrx_word' id='word_1_242' title='bbox 2266 1561 2324 1608; x_wconf 79' lang='lat' dir='ltr'><strong>et</strong></span> <span class='ocrx_word' id='word_1_243' title='bbox 2369 1557 2664 1624; x_wconf 84' lang='lat' dir='ltr'><strong>sapientem</strong></span> <span class='ocrx_word' id='word_1_244' title='bbox 2716 1559 3018 1615; x_wconf 86' lang='lat' dir='ltr'><strong>auditorem</strong></span> <span class='ocrx_word' id='word_1_245' title='bbox 3066 1560 3224 1632; x_wconf 77' lang='lat' dir='ltr'><strong>(lsa.</strong></span> <span class='ocrx_word' id='word_1_246' title='bbox 3258 1561 3386 1634; x_wconf 90' lang='grc' dir='ltr'>ιιι).</span> <span class='ocrx_word' id='word_1_247' title='bbox 3425 1583 3444 1614; x_wconf 76' lang='grc' dir='ltr'><strong>ι</strong></span> <span class='ocrx_word' id='word_1_248' title='bbox 3483 1565 3598 1620; x_wconf 64' lang='lat' dir='ltr'><strong>Haec</strong></span> <span class='ocrx_word' id='word_1_249' title='bbox 3639 1568 3781 1621; x_wconf 82' lang='lat' dir='ltr'><strong>omnia</strong></span> 
     </span>
    </p>
   </div>
   <div class='ocr_carea' id='block_1_32' title="bbox 2267 1647 3784 1726">
    <p class='ocr_par' dir='ltr' id='par_1_32' title="bbox 2267 1647 3784 1726">
     <span class='ocr_line' id='line_1_32' title="bbox 2267 1647 3784 1726; baseline 0.007 -26"><span class='ocrx_word' id='word_1_250' title='bbox 2267 1647 2489 1702; x_wconf 86' lang='lat' dir='ltr'><strong>abstulit</strong></span> <span class='ocrx_word' id='word_1_251' title='bbox 2525 1651 2592 1705; x_wconf 92' lang='lat' dir='ltr'><strong>ab</strong></span> <span class='ocrx_word' id='word_1_252' title='bbox 2625 1650 2729 1706; x_wconf 93' lang='lat' dir='ltr'><strong>illis</strong></span> <span class='ocrx_word' id='word_1_253' title='bbox 2753 1652 3042 1718; x_wconf 83' lang='lat' dir='ltr'><strong>Dominus,</strong></span> <span class='ocrx_word' id='word_1_254' title='bbox 3073 1663 3128 1708; x_wconf 88' lang='lat' dir='ltr'><strong>et</strong></span> <span class='ocrx_word' id='word_1_255' title='bbox 3158 1654 3348 1720; x_wconf 87' lang='lat' dir='ltr'><strong>nobis,</strong></span> <span class='ocrx_word' id='word_1_256' title='bbox 3381 1655 3471 1725; x_wconf 88' lang='lat' dir='ltr'><strong>qui</strong></span> <span class='ocrx_word' id='word_1_257' title='bbox 3499 1671 3559 1712; x_wconf 77' lang='lat' dir='ltr'><strong>ex</strong></span> <span class='ocrx_word' id='word_1_258' title='bbox 3585 1657 3784 1726; x_wconf 77' lang='lat' dir='ltr'><strong>gentibus</strong></span> 
     </span>
    </p>
   </div>
   <div class='ocr_carea' id='block_1_33' title="bbox 588 1733 3784 1814">
    <p class='ocr_par' dir='ltr' id='par_1_33' title="bbox 588 1733 3784 1814">
     <span class='ocr_line' id='line_1_33' title="bbox 588 1733 3784 1814; baseline 0.001 -16"><span class='ocrx_word' id='word_1_259' title='bbox 588 1745 746 1807; x_wconf 81' lang='lat' dir='ltr'><strong>citur,</strong></span> <span class='ocrx_word' id='word_1_260' title='bbox 777 1744 855 1797; x_wconf 77' lang='lat' dir='ltr'><strong>sic</strong></span> <span class='ocrx_word' id='word_1_261' title='bbox 882 1751 966 1795; x_wconf 88' lang='lat' dir='ltr'><strong>est</strong></span> <span class='ocrx_word' id='word_1_262' title='bbox 995 1740 1396 1811; x_wconf 79' lang='lat' dir='ltr'><strong>intelligendum</strong></span> <span class='ocrx_word' id='word_1_263' title='bbox 1427 1757 1439 1792; x_wconf 89' lang='lat'>:</span> <span class='ocrx_word' id='word_1_264' title='bbox 1477 1737 1553 1792; x_wconf 82' lang='lat' dir='ltr'><strong>Ne</strong></span> <span class='ocrx_word' id='word_1_265' title='bbox 1583 1738 1794 1802; x_wconf 86' lang='lat' dir='ltr'><strong>doleas,</strong></span> <span class='ocrx_word' id='word_1_266' title='bbox 1828 1739 1970 1807; x_wconf 91' lang='lat' dir='ltr'><strong>quod</strong></span> <span class='ocrx_word' id='word_1_267' title='bbox 1999 1752 2160 1808; x_wconf 89' lang='lat' dir='ltr'><strong>popu-</strong></span> <span class='ocrx_word' id='word_1_268' title='bbox 2190 1733 2235 1791; x_wconf 89' lang='lat' dir='ltr'><strong>B</strong></span> <span class='ocrx_word' id='word_1_269' title='bbox 2263 1753 2465 1803; x_wconf 89' lang='lat' dir='ltr'><strong>sumus,</strong></span> <span class='ocrx_word' id='word_1_270' title='bbox 2498 1740 2542 1794; x_wconf 91' lang='lat' dir='ltr'><strong>si</strong></span> <span class='ocrx_word' id='word_1_271' title='bbox 2575 1750 2752 1796; x_wconf 88' lang='lat' dir='ltr'><strong>tamen</strong></span> <span class='ocrx_word' id='word_1_272' title='bbox 2786 1744 3034 1814; x_wconf 85' lang='lat' dir='ltr'><strong>accipere.</strong></span> <span class='ocrx_word' id='word_1_273' title='bbox 3058 1745 3408 1810; x_wconf 81' lang='lat' dir='ltr'><strong>voluerimus,</strong></span> <span class='ocrx_word' id='word_1_274' title='bbox 3441 1748 3674 1803; x_wconf 87' lang='lat' dir='ltr'><strong>tradidit:</strong></span> <span class='ocrx_word' id='word_1_275' title='bbox 3699 1768 3714 1799; x_wconf 89' lang='grc' dir='ltr'><strong>ι</strong></span> <span class='ocrx_word' id='word_1_276' title='bbox 3743 1759 3784 1802; x_wconf 80' lang='lat' dir='ltr'><strong>et</strong></span> 
     </span>
    </p>
   </div>
   <div class='ocr_carea' id='block_1_34' title="bbox 593 1827 2164 1889">
    <p class='ocr_par' dir='ltr' id='par_1_34' title="bbox 593 1827 2164 1889">
     <span class='ocr_line' id='line_1_34' title="bbox 593 1827 2164 1889; baseline -0.004 -2"><span class='ocrx_word' id='word_1_277' title='bbox 593 1835 678 1888; x_wconf 91' lang='lat' dir='ltr'><strong>lus</strong></span> <span class='ocrx_word' id='word_1_278' title='bbox 711 1833 959 1886; x_wconf 78' lang='lat' dir='ltr'><strong>inimicus</strong></span> <span class='ocrx_word' id='word_1_279' title='bbox 991 1839 1113 1884; x_wconf 90' lang='lat' dir='ltr'><strong>tuus</strong></span> <span class='ocrx_word' id='word_1_280' title='bbox 1140 1830 1210 1883; x_wconf 88' lang='lat' dir='ltr'><strong>sit</strong></span> <span class='ocrx_word' id='word_1_281' title='bbox 1249 1847 1261 1882; x_wconf 80' lang='grc' dir='ltr'><strong><em>τ</em></strong></span> <span class='ocrx_word' id='word_1_282' title='bbox 1297 1840 1346 1882; x_wconf 88' lang='lat' dir='ltr'><strong>te</strong></span> <span class='ocrx_word' id='word_1_283' title='bbox 1374 1828 1518 1882; x_wconf 88' lang='lat' dir='ltr'><strong>enim</strong></span> <span class='ocrx_word' id='word_1_284' title='bbox 1549 1828 1680 1881; x_wconf 88' lang='lat' dir='ltr'><strong>dura</strong></span> <span class='ocrx_word' id='word_1_285' title='bbox 1715 1827 2028 1889; x_wconf 86' lang='lat' dir='ltr'><strong>nuntiante,</strong></span> <span class='ocrx_word' id='word_1_286' title='bbox 2061 1841 2164 1880; x_wconf 88' lang='lat' dir='ltr'><strong>non</strong></span> 
     </span>
    </p>
   </div>
   <div class='ocr_carea' id='block_1_35' title="bbox 591 1914 2163 1991">
    <p class='ocr_par' dir='ltr' id='par_1_35' title="bbox 591 1914 2163 1991">
     <span class='ocr_line' id='line_1_35' title="bbox 591 1914 2163 1991; baseline -0.004 -15"><span class='ocrx_word' id='word_1_287' title='bbox 591 1930 763 1991; x_wconf 81' lang='lat' dir='ltr'><strong>potest</strong></span> <span class='ocrx_word' id='word_1_288' title='bbox 795 1932 977 1974; x_wconf 88' lang='lat' dir='ltr'><strong>amare</strong></span> <span class='ocrx_word' id='word_1_289' title='bbox 1008 1927 1088 1982; x_wconf 89' lang='lat' dir='ltr'><strong>te,</strong></span> <span class='ocrx_word' id='word_1_290' title='bbox 1121 1917 1211 1986; x_wconf 90' lang='lat' dir='ltr'><strong>qui</strong></span> <span class='ocrx_word' id='word_1_291' title='bbox 1243 1917 1406 1972; x_wconf 88' lang='lat' dir='ltr'><strong>durus</strong></span> <span class='ocrx_word' id='word_1_292' title='bbox 1435 1925 1555 1970; x_wconf 86' lang='lat' dir='ltr'><strong>est:</strong></span> <span class='ocrx_word' id='word_1_293' title='bbox 1589 1916 1702 1970; x_wconf 83' lang='lat' dir='ltr'><strong>sive</strong></span> <span class='ocrx_word' id='word_1_294' title='bbox 1729 1914 2006 1986; x_wconf 78' lang='lat' dir='ltr'><strong>Babylonii</strong></span> <span class='ocrx_word' id='word_1_295' title='bbox 2029 1955 2041 1976; x_wconf 90' lang='lat'><strong>,</strong></span> <span class='ocrx_word' id='word_1_296' title='bbox 2074 1916 2163 1985; x_wconf 89' lang='lat' dir='ltr'><strong>qtti</strong></span> 
     </span>
    </p>
   </div>
   <div class='ocr_carea' id='block_1_36' title="bbox 588 2008 2164 2082">
    <p class='ocr_par' dir='ltr' id='par_1_36' title="bbox 588 2008 2164 2082">
     <span class='ocr_line' id='line_1_36' title="bbox 588 2008 2164 2082; baseline -0.001 -17"><span class='ocrx_word' id='word_1_297' title='bbox 588 2015 653 2066; x_wconf 89' lang='lat' dir='ltr'><strong>ab</strong></span> <span class='ocrx_word' id='word_1_298' title='bbox 691 2013 955 2082; x_wconf 82' lang='lat' dir='ltr'><strong>Aquilone</strong></span> <span class='ocrx_word' id='word_1_299' title='bbox 997 2011 1221 2063; x_wconf 84' lang='lat' dir='ltr'><strong>veniunt</strong></span> <span class='ocrx_word' id='word_1_300' title='bbox 1253 2028 1265 2063; x_wconf 89' lang='lat'>:</span> <span class='ocrx_word' id='word_1_301' title='bbox 1300 2019 1530 2079; x_wconf 87' lang='lat' dir='ltr'><strong>suntque</strong></span> <span class='ocrx_word' id='word_1_302' title='bbox 1573 2008 1774 2063; x_wconf 80' lang='lat' dir='ltr'><strong>ferrum</strong></span> <span class='ocrx_word' id='word_1_303' title='bbox 1817 2009 2164 2064; x_wconf 87' lang='lat' dir='ltr'><strong>durissimum</strong></span> 
     </span>
    </p>
   </div>
   <div class='ocr_carea' id='block_1_37' title="bbox 591 2101 2162 2177">
    <p class='ocr_par' dir='ltr' id='par_1_37' title="bbox 591 2101 2162 2177">
     <span class='ocr_line' id='line_1_37' title="bbox 591 2101 2162 2177; baseline -0.003 -17"><span class='ocrx_word' id='word_1_304' title='bbox 591 2108 716 2161; x_wconf 87' lang='lat' dir='ltr'><strong>huic</strong></span> <span class='ocrx_word' id='word_1_305' title='bbox 745 2105 940 2177; x_wconf 86' lang='lat' dir='ltr'><strong>populo</strong></span> <span class='ocrx_word' id='word_1_306' title='bbox 967 2103 1204 2167; x_wconf 84' lang='lat' dir='ltr'><strong>duriori,</strong></span> <span class='ocrx_word' id='word_1_307' title='bbox 1235 2112 1290 2158; x_wconf 92' lang='lat' dir='ltr'><strong>et</strong></span> <span class='ocrx_word' id='word_1_308' title='bbox 1321 2103 1372 2156; x_wconf 91' lang='lat' dir='ltr'><strong>in</strong></span> <span class='ocrx_word' id='word_1_309' title='bbox 1403 2102 1525 2156; x_wconf 74' lang='lat' dir='ltr'><strong>teris</strong></span> <span class='ocrx_word' id='word_1_310' title='bbox 1551 2101 1957 2156; x_wconf 87' lang='lat' dir='ltr'><strong>similitudinem</strong></span> <span class='ocrx_word' id='word_1_311' title='bbox 2005 2101 2162 2156; x_wconf 80' lang='lat' dir='ltr'><strong>indo-</strong></span> 
     </span>
    </p>
   </div>
   <div class='ocr_carea' id='block_1_38' title="bbox 588 2192 2163 2264">
    <p class='ocr_par' dir='ltr' id='par_1_38' title="bbox 588 2192 2163 2264">
     <span class='ocr_line' id='line_1_38' title="bbox 588 2192 2163 2264; baseline -0.003 -13"><span class='ocrx_word' id='word_1_312' title='bbox 588 2199 740 2258; x_wconf 88' lang='lat' dir='ltr'><strong>tnito,</strong></span> <span class='ocrx_word' id='word_1_313' title='bbox 783 2212 890 2250; x_wconf 88' lang='lat' dir='ltr'><strong>non</strong></span> <span class='ocrx_word' id='word_1_314' title='bbox 929 2203 1184 2264; x_wconf 87' lang='lat' dir='ltr'><strong>poterunt</strong></span> <span class='ocrx_word' id='word_1_315' title='bbox 1225 2193 1466 2248; x_wconf 77' lang='lat' dir='ltr'><strong>amicitia</strong></span> <span class='ocrx_word' id='word_1_316' title='bbox 1502 2193 1774 2263; x_wconf 86' lang='lat' dir='ltr'><strong>copulari;</strong></span> <span class='ocrx_word' id='word_1_317' title='bbox 1818 2193 1931 2248; x_wconf 84' lang='lat' dir='ltr'><strong>sive</strong></span> <span class='ocrx_word' id='word_1_318' title='bbox 1962 2192 2163 2246; x_wconf 88' lang='lat' dir='ltr'><strong>ferrum</strong></span> 
     </span>
    </p>
   </div>
   <div class='ocr_carea' id='block_1_39' title="bbox 586 2281 2160 2352">
    <p class='ocr_par' dir='ltr' id='par_1_39' title="bbox 586 2281 2160 2352">
     <span class='ocr_line' id='line_1_39' title="bbox 586 2281 2160 2352; baseline -0.002 -13"><span class='ocrx_word' id='word_1_319' title='bbox 586 2287 964 2348; x_wconf 85' lang='lat' dir='ltr'><strong>durissimum,</strong></span> <span class='ocrx_word' id='word_1_320' title='bbox 999 2285 1099 2338; x_wconf 89' lang='lat' dir='ltr'><strong>hoc</strong></span> <span class='ocrx_word' id='word_1_321' title='bbox 1125 2291 1206 2337; x_wconf 89' lang='lat' dir='ltr'><strong>est</strong></span> <span class='ocrx_word' id='word_1_322' title='bbox 1231 2323 1246 2346; x_wconf 90' lang='lat'><strong>,</strong></span> <span class='ocrx_word' id='word_1_323' title='bbox 1277 2283 1504 2352; x_wconf 88' lang='lat' dir='ltr'><strong>populus</strong></span> <span class='ocrx_word' id='word_1_324' title='bbox 1534 2281 1696 2336; x_wconf 86' lang='lat' dir='ltr'><strong>Israel</strong></span> <span class='ocrx_word' id='word_1_325' title='bbox 1727 2282 1822 2335; x_wconf 88' lang='lat' dir='ltr'><strong>Dei</strong></span> <span class='ocrx_word' id='word_1_326' title='bbox 1852 2282 2160 2352; x_wconf 81' lang='lat' dir='ltr'><strong>cognitione</strong></span> 
     </span>
    </p>
   </div>
   <div class='ocr_carea' id='block_1_40' title="bbox 587 2373 2165 2448">
    <p class='ocr_par' dir='ltr' id='par_1_40' title="bbox 587 2373 2165 2448">
     <span class='ocr_line' id='line_1_40' title="bbox 587 2373 2165 2448; baseline -0.003 -16"><span class='ocrx_word' id='word_1_327' title='bbox 587 2379 838 2448; x_wconf 78' lang='lat' dir='ltr'><strong>indignus</strong></span> <span class='ocrx_word' id='word_1_328' title='bbox 873 2386 989 2441; x_wconf 89' lang='lat' dir='ltr'><strong>est,</strong></span> <span class='ocrx_word' id='word_1_329' title='bbox 1034 2375 1126 2446; x_wconf 88' lang='lat' dir='ltr'><strong>qui</strong></span> <span class='ocrx_word' id='word_1_330' title='bbox 1171 2376 1223 2429; x_wconf 88' lang='lat' dir='ltr'><strong>itt</strong></span> <span class='ocrx_word' id='word_1_331' title='bbox 1273 2383 1474 2428; x_wconf 88' lang='lat' dir='ltr'><strong>tantam</strong></span> <span class='ocrx_word' id='word_1_332' title='bbox 1509 2374 1752 2443; x_wconf 86' lang='lat' dir='ltr'><strong>pervenit</strong></span> <span class='ocrx_word' id='word_1_333' title='bbox 1783 2373 2074 2440; x_wconf 86' lang='lat' dir='ltr'><strong>malitiam,</strong></span> <span class='ocrx_word' id='word_1_334' title='bbox 2105 2382 2165 2428; x_wconf 90' lang='lat' dir='ltr'><strong>ut</strong></span> 
     </span>
    </p>
   </div>
   <div class='ocr_carea' id='block_1_41' title="bbox 585 2464 1700 2522">
    <p class='ocr_par' dir='ltr' id='par_1_41' title="bbox 585 2464 1700 2522">
     <span class='ocr_line' id='line_1_41' title="bbox 585 2464 1700 2522; baseline -0.005 0"><span class='ocrx_word' id='word_1_335' title='bbox 585 2469 790 2522; x_wconf 84' lang='lat' dir='ltr'><strong>duriori</strong></span> <span class='ocrx_word' id='word_1_336' title='bbox 822 2467 1037 2520; x_wconf 79' lang='lat' dir='ltr'><strong>metallo</strong></span> <span class='ocrx_word' id='word_1_337' title='bbox 1063 2480 1171 2519; x_wconf 74' lang='lat' dir='ltr'><strong>tere</strong></span> <span class='ocrx_word' id='word_1_338' title='bbox 1213 2464 1582 2519; x_wconf 86' lang='lat' dir='ltr'><strong>circumdatus</strong></span> <span class='ocrx_word' id='word_1_339' title='bbox 1609 2465 1700 2518; x_wconf 89' lang='lat' dir='ltr'><strong>sit.</strong></span> 
     </span>
    </p>
   </div>
   <div class='ocr_carea' id='block_1_42' title="bbox 663 2555 2162 2624">
    <p class='ocr_par' dir='ltr' id='par_1_42' title="bbox 663 2555 2162 2624">
     <span class='ocr_line' id='line_1_42' title="bbox 663 2555 2162 2624; baseline 0 -16"><span class='ocrx_word' id='word_1_340' title='bbox 663 2577 681 2608; x_wconf 75' lang='grc' dir='ltr'><strong>ι</strong></span> <span class='ocrx_word' id='word_1_341' title='bbox 719 2557 943 2610; x_wconf 80' lang='lat' dir='ltr'><strong>Divitias</strong></span> <span class='ocrx_word' id='word_1_342' title='bbox 982 2564 1100 2610; x_wconf 89' lang='lat' dir='ltr'><strong>tuas</strong></span> <span class='ocrx_word' id='word_1_343' title='bbox 1140 2564 1197 2609; x_wconf 90' lang='lat' dir='ltr'><strong>et</strong></span> <span class='ocrx_word' id='word_1_344' title='bbox 1236 2556 1522 2610; x_wconf 87' lang='lat' dir='ltr'><strong>thesauros</strong></span> <span class='ocrx_word' id='word_1_345' title='bbox 1561 2563 1682 2609; x_wconf 91' lang='lat' dir='ltr'><strong>tuos</strong></span> <span class='ocrx_word' id='word_1_346' title='bbox 1723 2555 1775 2609; x_wconf 90' lang='lat' dir='ltr'><strong>in</strong></span> <span class='ocrx_word' id='word_1_347' title='bbox 1806 2555 2162 2624; x_wconf 85' lang='lat' dir='ltr'><strong>direptionem</strong></span> 
     </span>
    </p>
   </div>
   <div class='ocr_carea' id='block_1_43' title="bbox 593 2643 2165 2716">
    <p class='ocr_par' dir='ltr' id='par_1_43' title="bbox 593 2643 2165 2716">
     <span class='ocr_line' id='line_1_43' title="bbox 593 2643 2165 2716; baseline 0.001 -19"><span class='ocrx_word' id='word_1_348' title='bbox 593 2666 611 2697; x_wconf 76' lang='grc' dir='ltr'><strong>ι</strong></span> <span class='ocrx_word' id='word_1_349' title='bbox 651 2645 789 2699; x_wconf 87' lang='lat' dir='ltr'><strong>dabo</strong></span> <span class='ocrx_word' id='word_1_350' title='bbox 814 2646 984 2712; x_wconf 79' lang='lat' dir='ltr'><strong>gratis</strong></span> <span class='ocrx_word' id='word_1_351' title='bbox 1011 2645 1157 2716; x_wconf 66' lang='lat' dir='ltr'><strong>(sine</strong></span> <span class='ocrx_word' id='word_1_352' title='bbox 1184 2643 1390 2712; x_wconf 66' lang='grc' dir='ltr'><strong>αὶιοῳε</strong></span> <span class='ocrx_word' id='word_1_353' title='bbox 1416 2643 1636 2714; x_wconf 74' lang='lat' dir='ltr'><strong>pretio)</strong></span> <span class='ocrx_word' id='word_1_354' title='bbox 1677 2643 1734 2696; x_wconf 84' lang='lat' dir='ltr'><strong>in</strong></span> <span class='ocrx_word' id='word_1_355' title='bbox 1762 2643 2017 2698; x_wconf 71' lang='lat' dir='ltr'><strong>omnibus</strong></span> <span class='ocrx_word' id='word_1_356' title='bbox 2043 2658 2165 2712; x_wconf 84' lang='lat' dir='ltr'><strong>pec-</strong></span> 
     </span>
    </p>
   </div>
   <div class='ocr_carea' id='block_1_44' title="bbox 591 2731 2161 2790">
    <p class='ocr_par' dir='ltr' id='par_1_44' title="bbox 591 2731 2161 2790">
     <span class='ocr_line' id='line_1_44' title="bbox 591 2731 2161 2790; baseline 0.001 -4"><span class='ocrx_word' id='word_1_357' title='bbox 591 2756 618 2786; x_wconf 75' lang='lat' dir='ltr'><strong>e</strong></span> <span class='ocrx_word' id='word_1_358' title='bbox 649 2734 786 2790; x_wconf 77' lang='lat' dir='ltr'><strong>catis</strong></span> <span class='ocrx_word' id='word_1_359' title='bbox 815 2734 920 2789; x_wconf 87' lang='lat' dir='ltr'><strong>tuis</strong></span> <span class='ocrx_word' id='word_1_360' title='bbox 957 2742 1012 2787; x_wconf 90' lang='lat' dir='ltr'><strong>et</strong></span> <span class='ocrx_word' id='word_1_361' title='bbox 1037 2734 1089 2788; x_wconf 92' lang='lat' dir='ltr'><strong>in</strong></span> <span class='ocrx_word' id='word_1_362' title='bbox 1121 2734 1329 2788; x_wconf 91' lang='lat' dir='ltr'><strong>cunctis</strong></span> <span class='ocrx_word' id='word_1_363' title='bbox 1358 2732 1602 2787; x_wconf 87' lang='lat' dir='ltr'><strong>terminis</strong></span> <span class='ocrx_word' id='word_1_364' title='bbox 1653 2731 1776 2785; x_wconf 86' lang='lat' dir='ltr'><strong>tuis.</strong></span> <span class='ocrx_word' id='word_1_365' title='bbox 1806 2731 1874 2784; x_wconf 85' lang='lat' dir='ltr'><strong>Et</strong></span> <span class='ocrx_word' id='word_1_366' title='bbox 1901 2731 2161 2787; x_wconf 84' lang='lat' dir='ltr'><strong>adducam</strong></span> 
     </span>
    </p>
   </div>
   <div class='ocr_carea' id='block_1_45' title="bbox 589 2821 2162 2894">
    <p class='ocr_par' dir='ltr' id='par_1_45' title="bbox 589 2821 2162 2894">
     <span class='ocr_line' id='line_1_45' title="bbox 589 2821 2162 2894; baseline 0 -16"><span class='ocrx_word' id='word_1_367' title='bbox 589 2847 612 2878; x_wconf 68' lang='grc'><strong><em>4</em></strong></span> <span class='ocrx_word' id='word_1_368' title='bbox 653 2826 898 2881; x_wconf 90' lang='lat' dir='ltr'><strong>inimicos</strong></span> <span class='ocrx_word' id='word_1_369' title='bbox 927 2835 1048 2879; x_wconf 89' lang='lat' dir='ltr'><strong>tuos</strong></span> <span class='ocrx_word' id='word_1_370' title='bbox 1077 2824 1220 2894; x_wconf 78' lang='lat' dir='ltr'><strong>(sive</strong></span> <span class='ocrx_word' id='word_1_371' title='bbox 1247 2823 1454 2878; x_wconf 85' lang='lat' dir='ltr'><strong>servire</strong></span> <span class='ocrx_word' id='word_1_372' title='bbox 1485 2832 1534 2876; x_wconf 91' lang='lat' dir='ltr'><strong>te</strong></span> <span class='ocrx_word' id='word_1_373' title='bbox 1567 2821 1759 2878; x_wconf 83' lang='lat' dir='ltr'><strong>faciam</strong></span> <span class='ocrx_word' id='word_1_374' title='bbox 1793 2821 2064 2892; x_wconf 89' lang='lat' dir='ltr'><strong>inimicis)</strong></span> <span class='ocrx_word' id='word_1_375' title='bbox 2095 2823 2162 2878; x_wconf 91' lang='lat' dir='ltr'><strong>de</strong></span> 
     </span>
    </p>
   </div>
   <div class='ocr_carea' id='block_1_46' title="bbox 584 2912 2164 2984">
    <p class='ocr_par' dir='ltr' id='par_1_46' title="bbox 584 2912 2164 2984">
     <span class='ocr_line' id='line_1_46' title="bbox 584 2912 2164 2984; baseline -0.001 -16"><span class='ocrx_word' id='word_1_376' title='bbox 584 2937 609 2968; x_wconf 63' lang='lat'><strong>1</strong></span> <span class='ocrx_word' id='word_1_377' title='bbox 648 2926 810 2980; x_wconf 85' lang='lat' dir='ltr'><strong>terra,</strong></span> <span class='ocrx_word' id='word_1_378' title='bbox 836 2931 994 2984; x_wconf 90' lang='lat' dir='ltr'><strong>quam</strong></span> <span class='ocrx_word' id='word_1_379' title='bbox 1020 2915 1235 2970; x_wconf 88' lang='lat' dir='ltr'><strong>nescis:</strong></span> <span class='ocrx_word' id='word_1_380' title='bbox 1264 2914 1390 2984; x_wconf 88' lang='lat' dir='ltr'><strong>quia</strong></span> <span class='ocrx_word' id='word_1_381' title='bbox 1417 2913 1556 2984; x_wconf 86' lang='lat' dir='ltr'><strong>ignis</strong></span> <span class='ocrx_word' id='word_1_382' title='bbox 1582 2927 1872 2967; x_wconf 73' lang='lat' dir='ltr'><strong>succwsus</strong></span> <span class='ocrx_word' id='word_1_383' title='bbox 1896 2924 1978 2968; x_wconf 88' lang='lat' dir='ltr'><strong>est</strong></span> <span class='ocrx_word' id='word_1_384' title='bbox 2003 2913 2055 2967; x_wconf 86' lang='lat' dir='ltr'><strong>in</strong></span> <span class='ocrx_word' id='word_1_385' title='bbox 2079 2912 2164 2966; x_wconf 89' lang='lat' dir='ltr'><strong>fu-</strong></span> 
     </span>
    </p>
   </div>
   <div class='ocr_carea' id='block_1_47' title="bbox 591 3002 2156 3078">
    <p class='ocr_par' dir='ltr' id='par_1_47' title="bbox 591 3002 2156 3078">
     <span class='ocr_line' id='line_1_47' title="bbox 591 3002 2156 3078; baseline -0.001 -18"><span class='ocrx_word' id='word_1_386' title='bbox 591 3030 610 3060; x_wconf 81' lang='grc'><strong>«</strong></span> <span class='ocrx_word' id='word_1_387' title='bbox 647 3023 768 3062; x_wconf 92' lang='lat' dir='ltr'><strong>rore</strong></span> <span class='ocrx_word' id='word_1_388' title='bbox 795 3023 955 3072; x_wconf 85' lang='lat' dir='ltr'><strong>meo;</strong></span> <span class='ocrx_word' id='word_1_389' title='bbox 997 3022 1160 3078; x_wconf 86' lang='lat' dir='ltr'><strong>super</strong></span> <span class='ocrx_word' id='word_1_390' title='bbox 1194 3021 1290 3061; x_wconf 81' lang='lat' dir='ltr'><strong>vos</strong></span> <span class='ocrx_word' id='word_1_391' title='bbox 1325 3005 1554 3060; x_wconf 78' lang='lat' dir='ltr'><strong>ardebit.</strong></span> <span class='ocrx_word' id='word_1_392' title='bbox 1591 3023 1608 3056; x_wconf 74' lang='grc' dir='ltr'><strong>ι</strong></span> <span class='ocrx_word' id='word_1_393' title='bbox 1641 3002 1901 3069; x_wconf 87' lang='lat' dir='ltr'><strong>Omnem,</strong></span> <span class='ocrx_word' id='word_1_394' title='bbox 1947 3004 2156 3074; x_wconf 78' lang='lat' dir='ltr'><strong>inquit,</strong></span> 
     </span>
    </p>
   </div>
   <div class='ocr_carea' id='block_1_48' title="bbox 587 3071 2230 3164">
    <p class='ocr_par' dir='ltr' id='par_1_48' title="bbox 587 3071 2230 3164">
     <span class='ocr_line' id='line_1_48' title="bbox 587 3071 2230 3164; baseline -0.004 -11"><span class='ocrx_word' id='word_1_395' title='bbox 587 3097 942 3154; x_wconf 83' lang='lat' dir='ltr'><strong>substantiam</strong></span> <span class='ocrx_word' id='word_1_396' title='bbox 975 3071 1184 3151; x_wconf 77' lang='lat' dir='ltr'><strong>tradant</strong></span> <span class='ocrx_word' id='word_1_397' title='bbox 1215 3095 1450 3150; x_wconf 89' lang='lat' dir='ltr'><strong>inimicis</strong></span> <span class='ocrx_word' id='word_1_398' title='bbox 1481 3095 1586 3148; x_wconf 89' lang='lat' dir='ltr'><strong>tuis</strong></span> <span class='ocrx_word' id='word_1_399' title='bbox 1617 3095 1822 3164; x_wconf 82' lang='lat' dir='ltr'><strong>absque</strong></span> <span class='ocrx_word' id='word_1_400' title='bbox 1851 3093 1958 3149; x_wconf 90' lang='lat' dir='ltr'><strong>ullo</strong></span> <span class='ocrx_word' id='word_1_401' title='bbox 1987 3071 2158 3164; x_wconf 77' lang='lat' dir='ltr'><strong>pretio</strong></span> <span class='ocrx_word' id='word_1_402' title='bbox 2179 3071 2230 3138; x_wconf 69' lang='grc' dir='ltr'>ο</span> 
     </span>
    </p>
   </div>
   <div class='ocr_carea' id='block_1_49' title="bbox 587 3187 2161 3263">
    <p class='ocr_par' dir='ltr' id='par_1_49' title="bbox 587 3187 2161 3263">
     <span class='ocr_line' id='line_1_49' title="bbox 587 3187 2161 3263; baseline -0.003 -16"><span class='ocrx_word' id='word_1_403' title='bbox 587 3201 808 3263; x_wconf 85' lang='lat' dir='ltr'><strong>propter</strong></span> <span class='ocrx_word' id='word_1_404' title='bbox 855 3200 1114 3262; x_wconf 89' lang='lat' dir='ltr'><strong>peccata,</strong></span> <span class='ocrx_word' id='word_1_405' title='bbox 1163 3205 1284 3260; x_wconf 64' lang='lat' dir='ltr'><strong>quae</strong></span> <span class='ocrx_word' id='word_1_406' title='bbox 1333 3189 1506 3244; x_wconf 84' lang='lat' dir='ltr'><strong>fecisti</strong></span> <span class='ocrx_word' id='word_1_407' title='bbox 1555 3189 1608 3243; x_wconf 92' lang='lat' dir='ltr'><strong>in</strong></span> <span class='ocrx_word' id='word_1_408' title='bbox 1657 3188 1868 3243; x_wconf 86' lang='lat' dir='ltr'><strong>cunctis</strong></span> <span class='ocrx_word' id='word_1_409' title='bbox 1917 3187 2161 3244; x_wconf 84' lang='lat' dir='ltr'><strong>terminis</strong></span> 
     </span>
    </p>
   </div>
   <div class='ocr_carea' id='block_1_50' title="bbox 587 3279 2160 3352">
    <p class='ocr_par' dir='ltr' id='par_1_50' title="bbox 587 3279 2160 3352">
     <span class='ocr_line' id='line_1_50' title="bbox 587 3279 2160 3352; baseline -0.004 -14"><span class='ocrx_word' id='word_1_410' title='bbox 587 3284 714 3339; x_wconf 85' lang='lat' dir='ltr'><strong>tuis.</strong></span> <span class='ocrx_word' id='word_1_411' title='bbox 744 3283 1036 3352; x_wconf 87' lang='lat' dir='ltr'><strong>Propterea</strong></span> <span class='ocrx_word' id='word_1_412' title='bbox 1081 3281 1344 3336; x_wconf 86' lang='lat' dir='ltr'><strong>adducam</strong></span> <span class='ocrx_word' id='word_1_413' title='bbox 1391 3279 1640 3334; x_wconf 88' lang='lat' dir='ltr'><strong>inimicos</strong></span> <span class='ocrx_word' id='word_1_414' title='bbox 1687 3288 1840 3344; x_wconf 90' lang='lat' dir='ltr'><strong>tuos,</strong></span> <span class='ocrx_word' id='word_1_415' title='bbox 1886 3279 2001 3334; x_wconf 85' lang='lat' dir='ltr'><strong>sive</strong></span> <span class='ocrx_word' id='word_1_416' title='bbox 2047 3295 2160 3334; x_wconf 86' lang='lat' dir='ltr'><strong>ser-</strong></span> 
     </span>
    </p>
   </div>
   <div class='ocr_carea' id='block_1_51' title="bbox 587 3368 2158 3438">
    <p class='ocr_par' dir='ltr' id='par_1_51' title="bbox 587 3368 2158 3438">
     <span class='ocr_line' id='line_1_51' title="bbox 587 3368 2158 3438; baseline -0.005 -7"><span class='ocrx_word' id='word_1_417' title='bbox 587 3375 704 3431; x_wconf 90' lang='lat' dir='ltr'><strong>vi.c</strong></span> <span class='ocrx_word' id='word_1_418' title='bbox 748 3385 800 3429; x_wconf 90' lang='lat' dir='ltr'><strong>te</strong></span> <span class='ocrx_word' id='word_1_419' title='bbox 839 3373 1036 3429; x_wconf 84' lang='lat' dir='ltr'><strong>faciam</strong></span> <span class='ocrx_word' id='word_1_420' title='bbox 1067 3371 1120 3426; x_wconf 91' lang='lat' dir='ltr'><strong>in</strong></span> <span class='ocrx_word' id='word_1_421' title='bbox 1152 3380 1296 3426; x_wconf 89' lang='lat' dir='ltr'><strong>terra</strong></span> <span class='ocrx_word' id='word_1_422' title='bbox 1325 3368 1576 3425; x_wconf 82' lang='lat' dir='ltr'><strong>Chaldtca</strong></span> <span class='ocrx_word' id='word_1_423' title='bbox 1602 3387 1615 3423; x_wconf 91' lang='lat'>:</span> <span class='ocrx_word' id='word_1_424' title='bbox 1649 3369 1774 3438; x_wconf 89' lang='lat' dir='ltr'><strong>quia</strong></span> <span class='ocrx_word' id='word_1_425' title='bbox 1807 3369 1946 3438; x_wconf 82' lang='lat' dir='ltr'><strong>ignis</strong></span> <span class='ocrx_word' id='word_1_426' title='bbox 1973 3385 2158 3434; x_wconf 87' lang='lat' dir='ltr'><strong>meus,</strong></span> 
     </span>
    </p>
   </div>
   <div class='ocr_carea' id='block_1_52' title="bbox 580 3464 2159 3539">
    <p class='ocr_par' dir='ltr' id='par_1_52' title="bbox 580 3464 2159 3539">
     <span class='ocr_line' id='line_1_52' title="bbox 580 3464 2159 3539; baseline -0.004 -14"><span class='ocrx_word' id='word_1_427' title='bbox 580 3469 675 3539; x_wconf 88' lang='lat' dir='ltr'><strong>qui</strong></span> <span class='ocrx_word' id='word_1_428' title='bbox 719 3468 885 3525; x_wconf 85' lang='lat' dir='ltr'><strong>semel</strong></span> <span class='ocrx_word' id='word_1_429' title='bbox 914 3467 968 3522; x_wconf 93' lang='lat' dir='ltr'><strong>in</strong></span> <span class='ocrx_word' id='word_1_430' title='bbox 1000 3482 1120 3522; x_wconf 90' lang='lat' dir='ltr'><strong>meo</strong></span> <span class='ocrx_word' id='word_1_431' title='bbox 1161 3464 1343 3520; x_wconf 90' lang='lat' dir='ltr'><strong>furore</strong></span> <span class='ocrx_word' id='word_1_432' title='bbox 1385 3479 1680 3520; x_wconf 84' lang='lat' dir='ltr'><strong>succensus</strong></span> <span class='ocrx_word' id='word_1_433' title='bbox 1709 3473 1810 3530; x_wconf 90' lang='lat' dir='ltr'><strong>est,</strong></span> <span class='ocrx_word' id='word_1_434' title='bbox 1836 3465 1896 3518; x_wconf 81' lang='lat' dir='ltr'><strong>in</strong></span> <span class='ocrx_word' id='word_1_435' title='bbox 1926 3473 1978 3519; x_wconf 90' lang='lat' dir='ltr'><strong>te</strong></span> <span class='ocrx_word' id='word_1_436' title='bbox 2003 3464 2159 3519; x_wconf 83' lang='lat' dir='ltr'><strong>arde-</strong></span> 
     </span>
    </p>
   </div>
   <div class='ocr_carea' id='block_1_53' title="bbox 585 3553 2160 3627">
    <p class='ocr_par' dir='ltr' id='par_1_53' title="bbox 585 3553 2160 3627">
     <span class='ocr_line' id='line_1_53' title="bbox 585 3553 2160 3627; baseline -0.004 -13"><span class='ocrx_word' id='word_1_437' title='bbox 585 3560 685 3624; x_wconf 91' lang='lat' dir='ltr'><strong>bit,</strong></span> <span class='ocrx_word' id='word_1_438' title='bbox 711 3567 766 3612; x_wconf 90' lang='lat' dir='ltr'><strong>et</strong></span> <span class='ocrx_word' id='word_1_439' title='bbox 789 3557 1057 3627; x_wconf 79' lang='lat' dir='ltr'><strong>exstingui</strong></span> <span class='ocrx_word' id='word_1_440' title='bbox 1090 3571 1195 3612; x_wconf 91' lang='lat' dir='ltr'><strong>non</strong></span> <span class='ocrx_word' id='word_1_441' title='bbox 1222 3555 1439 3626; x_wconf 90' lang='lat' dir='ltr'><strong>poterit.</strong></span> <span class='ocrx_word' id='word_1_442' title='bbox 1469 3553 1548 3608; x_wconf 87' lang='lat' dir='ltr'><strong>&#39;l‘u</strong></span> <span class='ocrx_word' id='word_1_443' title='bbox 1573 3555 1716 3609; x_wconf 90' lang='lat' dir='ltr'><strong>enim</strong></span> <span class='ocrx_word' id='word_1_444' title='bbox 1743 3553 2015 3624; x_wconf 74' lang='lat' dir='ltr'><strong>prtebuisti</strong></span> <span class='ocrx_word' id='word_1_445' title='bbox 2045 3569 2160 3608; x_wconf 81' lang='lat' dir='ltr'><strong>nta-</strong></span> 
     </span>
    </p>
   </div>
   <div class='ocr_carea' id='block_1_54' title="bbox 591 3645 2162 3716">
    <p class='ocr_par' dir='ltr' id='par_1_54' title="bbox 591 3645 2162 3716">
     <span class='ocr_line' id='line_1_54' title="bbox 591 3645 2162 3716; baseline -0.003 -14"><span class='ocrx_word' id='word_1_446' title='bbox 591 3649 781 3704; x_wconf 88' lang='lat' dir='ltr'><strong>teriam</strong></span> <span class='ocrx_word' id='word_1_447' title='bbox 813 3649 1022 3702; x_wconf 88' lang='lat' dir='ltr'><strong>ardoris</strong></span> <span class='ocrx_word' id='word_1_448' title='bbox 1052 3647 1163 3708; x_wconf 83' lang='lat' dir='ltr'><strong>tui,</strong></span> <span class='ocrx_word' id='word_1_449' title='bbox 1193 3655 1254 3700; x_wconf 91' lang='lat' dir='ltr'><strong>ut</strong></span> <span class='ocrx_word' id='word_1_450' title='bbox 1296 3661 1450 3700; x_wconf 89' lang='lat' dir='ltr'><strong>meus</strong></span> <span class='ocrx_word' id='word_1_451' title='bbox 1500 3645 1640 3716; x_wconf 90' lang='lat' dir='ltr'><strong>ignis</strong></span> <span class='ocrx_word' id='word_1_452' title='bbox 1683 3654 1806 3708; x_wconf 90' lang='lat' dir='ltr'><strong>tua,</strong></span> <span class='ocrx_word' id='word_1_453' title='bbox 1849 3660 1968 3714; x_wconf 73' lang='lat' dir='ltr'><strong>qua)</strong></span> <span class='ocrx_word' id='word_1_454' title='bbox 2014 3645 2067 3698; x_wconf 88' lang='lat' dir='ltr'><strong>itt</strong></span> <span class='ocrx_word' id='word_1_455' title='bbox 2109 3653 2162 3698; x_wconf 91' lang='lat' dir='ltr'><strong>te</strong></span> 
     </span>
    </p>
   </div>
   <div class='ocr_carea' id='block_1_55' title="bbox 585 3735 2163 3812">
    <p class='ocr_par' dir='ltr' id='par_1_55' title="bbox 585 3735 2163 3812">
     <span class='ocr_line' id='line_1_55' title="bbox 585 3735 2163 3812; baseline -0.005 -16"><span class='ocrx_word' id='word_1_456' title='bbox 585 3751 732 3807; x_wconf 87' lang='lat' dir='ltr'><strong>sunt,</strong></span> <span class='ocrx_word' id='word_1_457' title='bbox 763 3741 904 3812; x_wconf 85' lang='lat' dir='ltr'><strong>ligna</strong></span> <span class='ocrx_word' id='word_1_458' title='bbox 930 3746 1233 3804; x_wconf 88' lang='lat' dir='ltr'><strong>consumat,</strong></span> <span class='ocrx_word' id='word_1_459' title='bbox 1251 3746 1305 3792; x_wconf 91' lang='lat' dir='ltr'><strong>et</strong></span> <span class='ocrx_word' id='word_1_460' title='bbox 1335 3735 1514 3790; x_wconf 85' lang='lat' dir='ltr'><strong>fenum</strong></span> <span class='ocrx_word' id='word_1_461' title='bbox 1544 3744 1600 3790; x_wconf 92' lang='lat' dir='ltr'><strong>ct</strong></span> <span class='ocrx_word' id='word_1_462' title='bbox 1637 3735 1908 3804; x_wconf 83' lang='lat' dir='ltr'><strong>stipulam.</strong></span> <span class='ocrx_word' id='word_1_463' title='bbox 1953 3736 2029 3788; x_wconf 82' lang='lat' dir='ltr'><strong>Ac</strong></span> <span class='ocrx_word' id='word_1_464' title='bbox 2066 3750 2163 3804; x_wconf 89' lang='lat' dir='ltr'><strong>per</strong></span> 
     </span>
    </p>
   </div>
   <div class='ocr_carea' id='block_1_56' title="bbox 587 3825 2162 3892">
    <p class='ocr_par' dir='ltr' id='par_1_56' title="bbox 587 3825 2162 3892">
     <span class='ocr_line' id='line_1_56' title="bbox 587 3825 2162 3892; baseline -0.005 -4"><span class='ocrx_word' id='word_1_465' title='bbox 587 3836 692 3889; x_wconf 90' lang='lat' dir='ltr'><strong>hoc</strong></span> <span class='ocrx_word' id='word_1_466' title='bbox 730 3850 833 3890; x_wconf 90' lang='lat' dir='ltr'><strong>non</strong></span> <span class='ocrx_word' id='word_1_467' title='bbox 877 3841 961 3888; x_wconf 88' lang='lat' dir='ltr'><strong>est</strong></span> <span class='ocrx_word' id='word_1_468' title='bbox 998 3846 1159 3886; x_wconf 90' lang='lat' dir='ltr'><strong>causa</strong></span> <span class='ocrx_word' id='word_1_469' title='bbox 1202 3829 1415 3884; x_wconf 85' lang='lat' dir='ltr'><strong>ardoris</strong></span> <span class='ocrx_word' id='word_1_470' title='bbox 1444 3829 1496 3883; x_wconf 92' lang='lat' dir='ltr'><strong>in</strong></span> <span class='ocrx_word' id='word_1_471' title='bbox 1527 3827 1788 3892; x_wconf 89' lang='lat' dir='ltr'><strong>Domino,</strong></span> <span class='ocrx_word' id='word_1_472' title='bbox 1840 3827 1934 3880; x_wconf 83' lang='lat' dir='ltr'><strong>sed</strong></span> <span class='ocrx_word' id='word_1_473' title='bbox 1977 3825 2029 3879; x_wconf 93' lang='lat' dir='ltr'><strong>in</strong></span> <span class='ocrx_word' id='word_1_474' title='bbox 2076 3827 2162 3881; x_wconf 91' lang='lat' dir='ltr'><strong>his</strong></span> 
     </span>
    </p>
   </div>
   <div class='ocr_carea' id='block_1_57' title="bbox 587 3916 2162 3996">
    <p class='ocr_par' dir='ltr' id='par_1_57' title="bbox 587 3916 2162 3996">
     <span class='ocr_line' id='line_1_57' title="bbox 587 3916 2162 3996; baseline -0.006 -17"><span class='ocrx_word' id='word_1_475' title='bbox 587 3926 678 3996; x_wconf 90' lang='lat' dir='ltr'><strong>qni</strong></span> <span class='ocrx_word' id='word_1_476' title='bbox 733 3925 968 3981; x_wconf 87' lang='lat' dir='ltr'><strong>fomenta</strong></span> <span class='ocrx_word' id='word_1_477' title='bbox 1019 3923 1271 3978; x_wconf 89' lang='lat' dir='ltr'><strong>incendio</strong></span> <span class='ocrx_word' id='word_1_478' title='bbox 1319 3920 1710 3975; x_wconf 87' lang='lat' dir='ltr'><strong>ministrarunt.</strong></span> <span class='ocrx_word' id='word_1_479' title='bbox 1770 3916 2002 3990; x_wconf 86' lang='lat' dir='ltr'><strong>(Orig.)</strong></span> <span class='ocrx_word' id='word_1_480' title='bbox 2050 3917 2162 3972; x_wconf 86' lang='lat' dir='ltr'><strong>Sed</strong></span> 
     </span>
    </p>
   </div>
   <div class='ocr_carea' id='block_1_58' title="bbox 585 4006 2160 4084">
    <p class='ocr_par' dir='ltr' id='par_1_58' title="bbox 585 4006 2160 4084">
     <span class='ocr_line' id='line_1_58' title="bbox 585 4006 2160 4084; baseline -0.005 -16"><span class='ocrx_word' id='word_1_481' title='bbox 585 4015 804 4084; x_wconf 89' lang='lat' dir='ltr'><strong>quinam</strong></span> <span class='ocrx_word' id='word_1_482' title='bbox 845 4022 972 4068; x_wconf 91' lang='lat' dir='ltr'><strong>sunt</strong></span> <span class='ocrx_word' id='word_1_483' title='bbox 1001 4012 1085 4066; x_wconf 90' lang='lat' dir='ltr'><strong>isti</strong></span> <span class='ocrx_word' id='word_1_484' title='bbox 1121 4010 1365 4066; x_wconf 86' lang='lat' dir='ltr'><strong>thesauri</strong></span> <span class='ocrx_word' id='word_1_485' title='bbox 1399 4008 1773 4078; x_wconf 91' lang='lat' dir='ltr'><strong>peccantium,</strong></span> <span class='ocrx_word' id='word_1_486' title='bbox 1805 4022 1941 4076; x_wconf 88' lang='lat' dir='ltr'><strong>quos</strong></span> <span class='ocrx_word' id='word_1_487' title='bbox 1981 4006 2032 4060; x_wconf 91' lang='lat' dir='ltr'><strong>in</strong></span> <span class='ocrx_word' id='word_1_488' title='bbox 2065 4007 2160 4060; x_wconf 87' lang='lat' dir='ltr'><strong>de-</strong></span> 
     </span>
    </p>
   </div>
   <div class='ocr_carea' id='block_1_59' title="bbox 509 4095 2162 4174">
    <p class='ocr_par' dir='ltr' id='par_1_59' title="bbox 509 4095 2162 4174">
     <span class='ocr_line' id='line_1_59' title="bbox 509 4095 2162 4174; baseline -0.005 -17"><span class='ocrx_word' id='word_1_489' title='bbox 509 4127 512 4132; x_wconf 62' lang='grc' dir='ltr'><strong>ι</strong></span> <span class='ocrx_word' id='word_1_490' title='bbox 585 4102 967 4174; x_wconf 73' lang='lat' dir='ltr'><strong>pnedationem</strong></span> <span class='ocrx_word' id='word_1_491' title='bbox 999 4098 1248 4155; x_wconf 89' lang='lat' dir='ltr'><strong>concedit</strong></span> <span class='ocrx_word' id='word_1_492' title='bbox 1290 4098 1466 4161; x_wconf 88' lang='lat' dir='ltr'><strong>Dens,</strong></span> <span class='ocrx_word' id='word_1_493' title='bbox 1496 4104 1554 4150; x_wconf 89' lang='lat' dir='ltr'><strong>et</strong></span> <span class='ocrx_word' id='word_1_494' title='bbox 1591 4095 1683 4150; x_wconf 87' lang='lat' dir='ltr'><strong>dat</strong></span> <span class='ocrx_word' id='word_1_495' title='bbox 1729 4110 1822 4149; x_wconf 88' lang='lat' dir='ltr'><strong>eos</strong></span> <span class='ocrx_word' id='word_1_496' title='bbox 1864 4105 2162 4150; x_wconf 89' lang='lat' dir='ltr'><strong>commuta-</strong></span> 
     </span>
    </p>
   </div>
   <div class='ocr_carea' id='block_1_60' title="bbox 587 4185 2161 4262">
    <p class='ocr_par' dir='ltr' id='par_1_60' title="bbox 587 4185 2161 4262">
     <span class='ocr_line' id='line_1_60' title="bbox 587 4185 2161 4262; baseline -0.008 -12"><span class='ocrx_word' id='word_1_497' title='bbox 587 4196 786 4250; x_wconf 84' lang='lat' dir='ltr'><strong>tionem</strong></span> <span class='ocrx_word' id='word_1_498' title='bbox 833 4200 1054 4262; x_wconf 88' lang='lat' dir='ltr'><strong>propter</strong></span> <span class='ocrx_word' id='word_1_499' title='bbox 1093 4187 1274 4246; x_wconf 86' lang='lat' dir='ltr'><strong>omnia</strong></span> <span class='ocrx_word' id='word_1_500' title='bbox 1331 4193 1555 4255; x_wconf 87' lang='lat' dir='ltr'><strong>peccata</strong></span> <span class='ocrx_word' id='word_1_501' title='bbox 1623 4185 1859 4262; x_wconf 51' lang='lat' dir='ltr'><strong>eorum:</strong></span> <span class='ocrx_word' id='word_1_502' title='bbox 1910 4191 2161 4238; x_wconf 82' lang='lat' dir='ltr'><strong>utrumne</strong></span> 
     </span>
    </p>
   </div>
   <div class='ocr_carea' id='block_1_61' title="bbox 585 4257 2162 4357">
    <p class='ocr_par' dir='ltr' id='par_1_61' title="bbox 585 4257 2162 4357">
     <span class='ocr_line' id='line_1_61' title="bbox 585 4257 2162 4357; baseline -0.008 -14"><span class='ocrx_word' id='word_1_503' title='bbox 585 4289 684 4344; x_wconf 85' lang='lat' dir='ltr'><strong>hos</strong></span> <span class='ocrx_word' id='word_1_504' title='bbox 711 4301 847 4357; x_wconf 88' lang='lat' dir='ltr'><strong>quos</strong></span> <span class='ocrx_word' id='word_1_505' title='bbox 877 4285 976 4339; x_wconf 92' lang='lat' dir='ltr'><strong>sibi</strong></span> <span class='ocrx_word' id='word_1_506' title='bbox 1008 4283 1060 4336; x_wconf 89' lang='lat' dir='ltr'><strong>in</strong></span> <span class='ocrx_word' id='word_1_507' title='bbox 1089 4290 1264 4346; x_wconf 89' lang='lat' dir='ltr'><strong>terra,</strong></span> <span class='ocrx_word' id='word_1_508' title='bbox 1291 4257 2162 4345; x_wconf 56' lang='lat' dir='ltr'><strong>thesaurizavcrnnt.Tuusquis-</strong></span> 
     </span>
    </p>
   </div>
   <div class='ocr_carea' id='block_1_62' title="bbox 587 4365 2154 4449">
    <p class='ocr_par' dir='ltr' id='par_1_62' title="bbox 587 4365 2154 4449">
     <span class='ocr_line' id='line_1_62' title="bbox 587 4365 2154 4449; baseline -0.011 -16"><span class='ocrx_word' id='word_1_509' title='bbox 587 4394 691 4449; x_wconf 89' lang='lat' dir='ltr'><strong>quc</strong></span> <span class='ocrx_word' id='word_1_510' title='bbox 729 4376 1005 4433; x_wconf 87' lang='lat' dir='ltr'><strong>hominum</strong></span> <span class='ocrx_word' id='word_1_511' title='bbox 1049 4369 1380 4426; x_wconf 81' lang='lat' dir='ltr'><strong>thesaurizat</strong></span> <span class='ocrx_word' id='word_1_512' title='bbox 1421 4367 1523 4422; x_wconf 86' lang='lat' dir='ltr'><strong>sibi</strong></span> <span class='ocrx_word' id='word_1_513' title='bbox 1555 4385 1568 4422; x_wconf 90' lang='lat'><strong>:</strong></span> <span class='ocrx_word' id='word_1_514' title='bbox 1611 4365 1656 4423; x_wconf 87' lang='lat' dir='ltr'><strong>si</strong></span> <span class='ocrx_word' id='word_1_515' title='bbox 1695 4377 1782 4422; x_wconf 86' lang='lat' dir='ltr'><strong>cst</strong></span> <span class='ocrx_word' id='word_1_516' title='bbox 1823 4371 2072 4435; x_wconf 87' lang='lat' dir='ltr'><strong>peccator</strong></span> <span class='ocrx_word' id='word_1_517' title='bbox 2102 4365 2154 4417; x_wconf 90' lang='lat' dir='ltr'><strong>in</strong></span> 
     </span>
    </p>
   </div>
   <div class='ocr_carea' id='block_1_63' title="bbox 587 4454 2149 4536">
    <p class='ocr_par' dir='ltr' id='par_1_63' title="bbox 587 4454 2149 4536">
     <span class='ocr_line' id='line_1_63' title="bbox 587 4454 2149 4536; baseline -0.011 -14"><span class='ocrx_word' id='word_1_518' title='bbox 587 4481 730 4524; x_wconf 88' lang='lat' dir='ltr'><strong>terra</strong></span> <span class='ocrx_word' id='word_1_519' title='bbox 751 4508 766 4532; x_wconf 93' lang='lat'><strong>,</strong></span> <span class='ocrx_word' id='word_1_520' title='bbox 796 4467 840 4521; x_wconf 93' lang='lat' dir='ltr'><strong>si</strong></span> <span class='ocrx_word' id='word_1_521' title='bbox 867 4465 1044 4536; x_wconf 88' lang='lat' dir='ltr'><strong>justus</strong></span> <span class='ocrx_word' id='word_1_522' title='bbox 1074 4463 1126 4516; x_wconf 92' lang='lat' dir='ltr'><strong>in</strong></span> <span class='ocrx_word' id='word_1_523' title='bbox 1157 4460 1322 4526; x_wconf 81' lang='lat' dir='ltr'><strong>ccrlo,</strong></span> <span class='ocrx_word' id='word_1_524' title='bbox 1351 4467 1410 4512; x_wconf 91' lang='lat' dir='ltr'><strong>ut</strong></span> <span class='ocrx_word' id='word_1_525' title='bbox 1439 4474 1538 4513; x_wconf 90' lang='lat' dir='ltr'><strong>nos</strong></span> <span class='ocrx_word' id='word_1_526' title='bbox 1567 4457 1723 4512; x_wconf 84' lang='lat' dir='ltr'><strong>docet</strong></span> <span class='ocrx_word' id='word_1_527' title='bbox 1761 4454 2108 4524; x_wconf 82' lang='lat' dir='ltr'><strong>Evangelium</strong></span> <span class='ocrx_word' id='word_1_528' title='bbox 2137 4471 2149 4506; x_wconf 92' lang='lat'>:</span> 
     </span>
    </p>
   </div>
   <div class='ocr_carea' id='block_1_64' title="bbox 587 4547 2156 4629">
    <p class='ocr_par' dir='ltr' id='par_1_64' title="bbox 587 4547 2156 4629">
     <span class='ocr_line' id='line_1_64' title="bbox 587 4547 2156 4629; baseline -0.01 -14"><span class='ocrx_word' id='word_1_529' title='bbox 587 4579 656 4615; x_wconf 89' lang='lat' dir='ltr'><strong>an</strong></span> <span class='ocrx_word' id='word_1_530' title='bbox 687 4559 828 4629; x_wconf 79' lang='lat' dir='ltr'><strong>quod</strong></span> <span class='ocrx_word' id='word_1_531' title='bbox 865 4557 995 4610; x_wconf 81' lang='lat' dir='ltr'><strong>dicit</strong></span> <span class='ocrx_word' id='word_1_532' title='bbox 1034 4551 1332 4610; x_wconf 86' lang='lat' dir='ltr'><strong>istiusmodi</strong></span> <span class='ocrx_word' id='word_1_533' title='bbox 1363 4551 1491 4606; x_wconf 84' lang='lat' dir='ltr'><strong>est?</strong></span> <span class='ocrx_word' id='word_1_534' title='bbox 1537 4550 1672 4604; x_wconf 85' lang='lat' dir='ltr'><strong>Ecce</strong></span> <span class='ocrx_word' id='word_1_535' title='bbox 1700 4563 1838 4601; x_wconf 88' lang='lat' dir='ltr'><strong>unus</strong></span> <span class='ocrx_word' id='word_1_536' title='bbox 1868 4547 2156 4600; x_wconf 89' lang='lat' dir='ltr'><strong>thesaurus</strong></span> 
     </span>
    </p>
   </div>
   <div class='ocr_carea' id='block_1_65' title="bbox 585 4642 2156 4714">
    <p class='ocr_par' dir='ltr' id='par_1_65' title="bbox 585 4642 2156 4714">
     <span class='ocr_line' id='line_1_65' title="bbox 585 4642 2156 4714; baseline -0.009 -8"><span class='ocrx_word' id='word_1_537' title='bbox 585 4649 880 4714; x_wconf 75' lang='lat' dir='ltr'><strong>Jeremias,</strong></span> <span class='ocrx_word' id='word_1_538' title='bbox 929 4649 1068 4702; x_wconf 86' lang='lat' dir='ltr'><strong>alius</strong></span> <span class='ocrx_word' id='word_1_539' title='bbox 1119 4647 1404 4700; x_wconf 88' lang='lat' dir='ltr'><strong>thesaurus</strong></span> <span class='ocrx_word' id='word_1_540' title='bbox 1457 4643 1653 4705; x_wconf 88' lang='lat' dir='ltr'><strong>Isaias,</strong></span> <span class='ocrx_word' id='word_1_541' title='bbox 1709 4642 1991 4694; x_wconf 86' lang='lat' dir='ltr'><strong>thesaurus</strong></span> <span class='ocrx_word' id='word_1_542' title='bbox 2039 4647 2156 4694; x_wconf 89' lang='lat' dir='ltr'><strong>erat</strong></span> 
     </span>
    </p>
   </div>
   <div class='ocr_carea' id='block_1_66' title="bbox 587 4733 2155 4813">
    <p class='ocr_par' dir='ltr' id='par_1_66' title="bbox 587 4733 2155 4813">
     <span class='ocr_line' id='line_1_66' title="bbox 587 4733 2155 4813; baseline -0.009 -14"><span class='ocrx_word' id='word_1_543' title='bbox 587 4753 644 4799; x_wconf 87' lang='lat' dir='ltr'><strong>et</strong></span> <span class='ocrx_word' id='word_1_544' title='bbox 673 4743 880 4813; x_wconf 72' lang='lat' dir='ltr'><strong>Moyses</strong></span> <span class='ocrx_word' id='word_1_545' title='bbox 904 4783 920 4805; x_wconf 92' lang='lat'><strong>,</strong></span> <span class='ocrx_word' id='word_1_546' title='bbox 949 4751 1004 4796; x_wconf 91' lang='lat' dir='ltr'><strong>et</strong></span> <span class='ocrx_word' id='word_1_547' title='bbox 1035 4740 1243 4808; x_wconf 88' lang='lat' dir='ltr'><strong>reliqui.</strong></span> <span class='ocrx_word' id='word_1_548' title='bbox 1287 4737 1396 4792; x_wconf 89' lang='lat' dir='ltr'><strong>llos</strong></span> <span class='ocrx_word' id='word_1_549' title='bbox 1437 4736 1720 4791; x_wconf 87' lang='lat' dir='ltr'><strong>thesauros</strong></span> <span class='ocrx_word' id='word_1_550' title='bbox 1756 4734 1978 4787; x_wconf 89' lang='lat' dir='ltr'><strong>abstulit</strong></span> <span class='ocrx_word' id='word_1_551' title='bbox 2011 4733 2155 4786; x_wconf 88' lang='lat' dir='ltr'><strong>Deus</strong></span> 
     </span>
    </p>
   </div>
   <div class='ocr_carea' id='block_1_67' title="bbox 587 4824 2151 4908">
    <p class='ocr_par' dir='ltr' id='par_1_67' title="bbox 587 4824 2151 4908">
     <span class='ocr_line' id='line_1_67' title="bbox 587 4824 2151 4908; baseline -0.011 -14"><span class='ocrx_word' id='word_1_552' title='bbox 587 4856 617 4894; x_wconf 89' lang='lat' dir='ltr'><strong>a</strong></span> <span class='ocrx_word' id='word_1_553' title='bbox 649 4835 876 4908; x_wconf 87' lang='lat' dir='ltr'><strong>populo,</strong></span> <span class='ocrx_word' id='word_1_554' title='bbox 905 4847 961 4889; x_wconf 88' lang='lat' dir='ltr'><strong>ct</strong></span> <span class='ocrx_word' id='word_1_555' title='bbox 987 4849 1083 4904; x_wconf 88' lang='lat' dir='ltr'><strong>per</strong></span> <span class='ocrx_word' id='word_1_556' title='bbox 1113 4831 1422 4894; x_wconf 88' lang='lat' dir='ltr'><strong>Christum,</strong></span> <span class='ocrx_word' id='word_1_557' title='bbox 1453 4827 1541 4898; x_wconf 92' lang='lat' dir='ltr'><strong>qui</strong></span> <span class='ocrx_word' id='word_1_558' title='bbox 1572 4827 1704 4880; x_wconf 89' lang='lat' dir='ltr'><strong>dixit</strong></span> <span class='ocrx_word' id='word_1_559' title='bbox 1737 4839 1752 4876; x_wconf 88' lang='lat'><strong>:</strong></span> <span class='ocrx_word' id='word_1_560' title='bbox 1787 4845 1804 4874; x_wconf 86' lang='grc' dir='ltr'><strong>ι</strong></span> <span class='ocrx_word' id='word_1_561' title='bbox 1837 4824 2094 4878; x_wconf 89' lang='lat' dir='ltr'><strong>Aufertnr</strong></span> <span class='ocrx_word' id='word_1_562' title='bbox 2121 4839 2151 4877; x_wconf 90' lang='lat' dir='ltr'><strong>a</strong></span> 
     </span>
    </p>
   </div>
   <div class='ocr_carea' id='block_1_68' title="bbox 587 4913 2159 4996">
    <p class='ocr_par' dir='ltr' id='par_1_68' title="bbox 587 4913 2159 4996">
     <span class='ocr_line' id='line_1_68' title="bbox 587 4913 2159 4996; baseline -0.011 -12"><span class='ocrx_word' id='word_1_563' title='bbox 587 4928 743 4984; x_wconf 78' lang='lat' dir='ltr'><strong>vobis</strong></span> <span class='ocrx_word' id='word_1_564' title='bbox 771 4941 992 4996; x_wconf 79' lang='lat' dir='ltr'><strong>regnum</strong></span> <span class='ocrx_word' id='word_1_565' title='bbox 1026 4922 1152 4984; x_wconf 88' lang='lat' dir='ltr'><strong>Dei,</strong></span> <span class='ocrx_word' id='word_1_566' title='bbox 1182 4928 1232 4974; x_wconf 89' lang='lat' dir='ltr'><strong>ct</strong></span> <span class='ocrx_word' id='word_1_567' title='bbox 1273 4918 1490 4973; x_wconf 67' lang='lat' dir='ltr'><strong>(labitur</strong></span> <span class='ocrx_word' id='word_1_568' title='bbox 1523 4915 1668 4986; x_wconf 83' lang='lat' dir='ltr'><strong>genti</strong></span> <span class='ocrx_word' id='word_1_569' title='bbox 1701 4913 1916 4967; x_wconf 88' lang='lat' dir='ltr'><strong>facienti</strong></span> <span class='ocrx_word' id='word_1_570' title='bbox 1953 4913 2159 4967; x_wconf 89' lang='lat' dir='ltr'><strong>fructus</strong></span> 
     </span>
    </p>
   </div>
   <div class='ocr_carea' id='block_1_69' title="bbox 585 5005 2159 5092">
    <p class='ocr_par' dir='ltr' id='par_1_69' title="bbox 585 5005 2159 5092">
     <span class='ocr_line' id='line_1_69' title="bbox 585 5005 2159 5092; baseline -0.013 -15"><span class='ocrx_word' id='word_1_571' title='bbox 585 5024 705 5092; x_wconf 77' lang='lat' dir='ltr'><strong>ejus</strong></span> <span class='ocrx_word' id='word_1_572' title='bbox 733 5017 964 5092; x_wconf 72' lang='lat' dir='ltr'><strong>(Matth.</strong></span> <span class='ocrx_word' id='word_1_573' title='bbox 997 5031 1088 5070; x_wconf 78' lang='lat' dir='ltr'><strong>xxi</strong></span> <span class='ocrx_word' id='word_1_574' title='bbox 1109 5013 1151 5084; x_wconf 89' lang='lat'><strong>).</strong></span> <span class='ocrx_word' id='word_1_575' title='bbox 1188 5033 1205 5064; x_wconf 72' lang='grc' dir='ltr'><strong>ι</strong></span> <span class='ocrx_word' id='word_1_576' title='bbox 1237 5010 1487 5079; x_wconf 80' lang='lat' dir='ltr'><strong>Largitus</strong></span> <span class='ocrx_word' id='word_1_577' title='bbox 1513 5015 1596 5061; x_wconf 86' lang='lat' dir='ltr'><strong>est</strong></span> <span class='ocrx_word' id='word_1_578' title='bbox 1626 5005 1780 5061; x_wconf 89' lang='lat' dir='ltr'><strong>nobis</strong></span> <span class='ocrx_word' id='word_1_579' title='bbox 1809 5023 1823 5058; x_wconf 88' lang='lat'><strong>:</strong></span> <span class='ocrx_word' id='word_1_580' title='bbox 1858 5006 2004 5059; x_wconf 85' lang='lat' dir='ltr'><strong>Dabo</strong></span> <span class='ocrx_word' id='word_1_581' title='bbox 2031 5020 2159 5076; x_wconf 81' lang='lat' dir='ltr'><strong>ergo</strong></span> 
     </span>
    </p>
   </div>
   <div class='ocr_carea' id='block_1_70' title="bbox 587 5094 2158 5182">
    <p class='ocr_par' dir='ltr' id='par_1_70' title="bbox 587 5094 2158 5182">
     <span class='ocr_line' id='line_1_70' title="bbox 587 5094 2158 5182; baseline -0.011 -15"><span class='ocrx_word' id='word_1_582' title='bbox 587 5122 809 5182; x_wconf 76' lang='lat' dir='ltr'><strong>propter</strong></span> <span class='ocrx_word' id='word_1_583' title='bbox 850 5117 1067 5178; x_wconf 85' lang='lat' dir='ltr'><strong>peccata</strong></span> <span class='ocrx_word' id='word_1_584' title='bbox 1111 5114 1198 5158; x_wconf 92' lang='lat' dir='ltr'><strong>tua</strong></span> <span class='ocrx_word' id='word_1_585' title='bbox 1238 5103 1521 5156; x_wconf 86' lang='lat' dir='ltr'><strong>thesauros</strong></span> <span class='ocrx_word' id='word_1_586' title='bbox 1557 5108 1676 5151; x_wconf 90' lang='lat' dir='ltr'><strong>tuos</strong></span> <span class='ocrx_word' id='word_1_587' title='bbox 1712 5096 1765 5149; x_wconf 91' lang='lat' dir='ltr'><strong>in</strong></span> <span class='ocrx_word' id='word_1_588' title='bbox 1805 5094 2158 5165; x_wconf 78' lang='lat' dir='ltr'><strong>deprzedatio-</strong></span> 
     </span>
    </p>
   </div>
   <div class='ocr_carea' id='block_1_71' title="bbox 589 5185 2153 5257">
    <p class='ocr_par' dir='ltr' id='par_1_71' title="bbox 589 5185 2153 5257">
     <span class='ocr_line' id='line_1_71' title="bbox 589 5185 2153 5257; baseline -0.012 -1"><span class='ocrx_word' id='word_1_589' title='bbox 589 5219 732 5256; x_wconf 87' lang='lat' dir='ltr'><strong>nem.</strong></span> <span class='ocrx_word' id='word_1_590' title='bbox 775 5199 930 5255; x_wconf 85' lang='lat' dir='ltr'><strong>Dedit</strong></span> <span class='ocrx_word' id='word_1_591' title='bbox 965 5197 1120 5253; x_wconf 87' lang='lat' dir='ltr'><strong>nobis</strong></span> <span class='ocrx_word' id='word_1_592' title='bbox 1151 5196 1435 5249; x_wconf 76' lang='lat' dir='ltr'><strong>thesauros</strong></span> <span class='ocrx_word' id='word_1_593' title='bbox 1475 5189 1619 5244; x_wconf 91' lang='lat' dir='ltr'><strong>illius</strong></span> <span class='ocrx_word' id='word_1_594' title='bbox 1657 5185 1832 5257; x_wconf 89' lang='lat' dir='ltr'><strong>populi</strong></span> <span class='ocrx_word' id='word_1_595' title='bbox 1866 5185 2153 5247; x_wconf 88' lang='lat' dir='ltr'><strong>Dominus,</strong></span> 
     </span>
    </p>
   </div>
   <div class='ocr_carea' id='block_1_72' title="bbox 587 5274 2158 5364">
    <p class='ocr_par' dir='ltr' id='par_1_72' title="bbox 587 5274 2158 5364">
     <span class='ocr_line' id='line_1_72' title="bbox 587 5274 2158 5364; baseline -0.011 -18"><span class='ocrx_word' id='word_1_596' title='bbox 587 5295 715 5364; x_wconf 87' lang='lat' dir='ltr'><strong>quia</strong></span> <span class='ocrx_word' id='word_1_597' title='bbox 744 5292 974 5362; x_wconf 82' lang='lat' dir='ltr'><strong>primum</strong></span> <span class='ocrx_word' id='word_1_598' title='bbox 1007 5288 1110 5342; x_wconf 92' lang='lat' dir='ltr'><strong>illis</strong></span> <span class='ocrx_word' id='word_1_599' title='bbox 1142 5283 1344 5339; x_wconf 87' lang='lat' dir='ltr'><strong>credita</strong></span> <span class='ocrx_word' id='word_1_600' title='bbox 1375 5289 1498 5336; x_wconf 90' lang='lat' dir='ltr'><strong>sunt</strong></span> <span class='ocrx_word' id='word_1_601' title='bbox 1527 5279 1736 5348; x_wconf 92' lang='lat' dir='ltr'><strong>eloquia</strong></span> <span class='ocrx_word' id='word_1_602' title='bbox 1769 5277 1857 5332; x_wconf 89' lang='lat' dir='ltr'><strong>Dei</strong></span> <span class='ocrx_word' id='word_1_603' title='bbox 1876 5317 1890 5338; x_wconf 86' lang='lat'><strong>,</strong></span> <span class='ocrx_word' id='word_1_604' title='bbox 1919 5284 1974 5330; x_wconf 93' lang='lat' dir='ltr'><strong>et</strong></span> <span class='ocrx_word' id='word_1_605' title='bbox 2004 5274 2158 5329; x_wconf 89' lang='lat' dir='ltr'><strong>nobis</strong></span> 
     </span>
    </p>
   </div>
   <div class='ocr_carea' id='block_1_73' title="bbox 589 5363 2160 5452">
    <p class='ocr_par' dir='ltr' id='par_1_73' title="bbox 589 5363 2160 5452">
     <span class='ocr_line' id='line_1_73' title="bbox 589 5363 2160 5452; baseline -0.013 -14"><span class='ocrx_word' id='word_1_606' title='bbox 589 5363 842 5452; x_wconf 82' lang='lat' dir='ltr'><strong>deinceps</strong></span> <span class='ocrx_word' id='word_1_607' title='bbox 866 5379 1142 5434; x_wconf 86' lang='lat' dir='ltr'><strong>attributa.</strong></span> <span class='ocrx_word' id='word_1_608' title='bbox 1162 5375 1217 5430; x_wconf 91' lang='lat' dir='ltr'><strong>ld</strong></span> <span class='ocrx_word' id='word_1_609' title='bbox 1242 5374 1383 5443; x_wconf 89' lang='lat' dir='ltr'><strong>quod</strong></span> <span class='ocrx_word' id='word_1_610' title='bbox 1409 5369 1667 5439; x_wconf 87' lang='lat' dir='ltr'><strong>scriptura</strong></span> <span class='ocrx_word' id='word_1_611' title='bbox 1694 5375 1808 5422; x_wconf 86' lang='lat' dir='ltr'><strong>est:</strong></span> <span class='ocrx_word' id='word_1_612' title='bbox 1833 5385 1850 5416; x_wconf 79' lang='grc' dir='ltr'><strong>ι</strong></span> <span class='ocrx_word' id='word_1_613' title='bbox 1871 5363 2160 5419; x_wconf 84' lang='lat' dir='ltr'><strong>Auferctur</strong></span> 
     </span>
    </p>
   </div>
   <div class='ocr_carea' id='block_1_74' title="bbox 595 5454 2156 5538">
    <p class='ocr_par' dir='ltr' id='par_1_74' title="bbox 595 5454 2156 5538">
     <span class='ocr_line' id='line_1_74' title="bbox 595 5454 2156 5538; baseline -0.013 -13"><span class='ocrx_word' id='word_1_614' title='bbox 595 5487 626 5526; x_wconf 89' lang='lat' dir='ltr'><strong>a</strong></span> <span class='ocrx_word' id='word_1_615' title='bbox 661 5471 814 5524; x_wconf 86' lang='lat' dir='ltr'><strong>vobis</strong></span> <span class='ocrx_word' id='word_1_616' title='bbox 852 5483 1073 5538; x_wconf 81' lang='lat' dir='ltr'><strong>regnum</strong></span> <span class='ocrx_word' id='word_1_617' title='bbox 1111 5465 1237 5530; x_wconf 85' lang='lat' dir='ltr'><strong>Dei,</strong></span> <span class='ocrx_word' id='word_1_618' title='bbox 1277 5471 1331 5519; x_wconf 83' lang='lat' dir='ltr'><strong>et</strong></span> <span class='ocrx_word' id='word_1_619' title='bbox 1362 5461 1578 5518; x_wconf 87' lang='lat' dir='ltr'><strong>dabitur</strong></span> <span class='ocrx_word' id='word_1_620' title='bbox 1613 5458 1757 5527; x_wconf 86' lang='lat' dir='ltr'><strong>genti</strong></span> <span class='ocrx_word' id='word_1_621' title='bbox 1794 5455 2010 5511; x_wconf 87' lang='lat' dir='ltr'><strong>facienti</strong></span> <span class='ocrx_word' id='word_1_622' title='bbox 2045 5454 2156 5507; x_wconf 92' lang='lat' dir='ltr'><strong>fru-</strong></span> 
     </span>
    </p>
   </div>
   <div class='ocr_carea' id='block_1_75' title="bbox 601 5547 2158 5630">
    <p class='ocr_par' dir='ltr' id='par_1_75' title="bbox 601 5547 2158 5630">
     <span class='ocr_line' id='line_1_75' title="bbox 601 5547 2158 5630; baseline -0.01 -16"><span class='ocrx_word' id='word_1_623' title='bbox 601 5575 714 5617; x_wconf 68' lang='lat' dir='ltr'><strong>ntus</strong></span> <span class='ocrx_word' id='word_1_624' title='bbox 765 5562 912 5630; x_wconf 78' lang='lat' dir='ltr'><strong>ejus,</strong></span> <span class='ocrx_word' id='word_1_625' title='bbox 951 5579 968 5610; x_wconf 77' lang='grc' dir='ltr'><strong>ι</strong></span> <span class='ocrx_word' id='word_1_626' title='bbox 1005 5558 1299 5613; x_wconf 82' lang='lat' dir='ltr'><strong>asserimus</strong></span> <span class='ocrx_word' id='word_1_627' title='bbox 1334 5555 1445 5627; x_wconf 85' lang='lat' dir='ltr'><strong>jam</strong></span> <span class='ocrx_word' id='word_1_628' title='bbox 1490 5567 1610 5607; x_wconf 88' lang='lat' dir='ltr'><strong>esse</strong></span> <span class='ocrx_word' id='word_1_629' title='bbox 1655 5547 2010 5616; x_wconf 86' lang='lat' dir='ltr'><strong>completum,</strong></span> <span class='ocrx_word' id='word_1_630' title='bbox 2053 5561 2158 5599; x_wconf 90' lang='lat' dir='ltr'><strong>non</strong></span> 
     </span>
    </p>
   </div>
   <div class='ocr_carea' id='block_1_76' title="bbox 595 5633 2158 5719">
    <p class='ocr_par' dir='ltr' id='par_1_76' title="bbox 595 5633 2158 5719">
     <span class='ocr_line' id='line_1_76' title="bbox 595 5633 2158 5719; baseline -0.008 -17"><span class='ocrx_word' id='word_1_631' title='bbox 595 5665 698 5711; x_wconf 81' lang='lat' dir='ltr'><strong>quo</strong></span> <span class='ocrx_word' id='word_1_632' title='bbox 735 5648 1008 5719; x_wconf 70' lang='lat' dir='ltr'><strong>Scriptura</strong></span> <span class='ocrx_word' id='word_1_633' title='bbox 1045 5645 1112 5700; x_wconf 89' lang='lat' dir='ltr'><strong>ab</strong></span> <span class='ocrx_word' id='word_1_634' title='bbox 1145 5647 1224 5700; x_wconf 85' lang='lat' dir='ltr'><strong>eis</strong></span> <span class='ocrx_word' id='word_1_635' title='bbox 1268 5645 1444 5700; x_wconf 87' lang='lat' dir='ltr'><strong>ablata</strong></span> <span class='ocrx_word' id='word_1_636' title='bbox 1492 5642 1580 5697; x_wconf 87' lang='lat' dir='ltr'><strong>sit.</strong></span> <span class='ocrx_word' id='word_1_637' title='bbox 1623 5637 1829 5693; x_wconf 84' lang='lat' dir='ltr'><strong>llabcnt</strong></span> <span class='ocrx_word' id='word_1_638' title='bbox 1859 5635 2054 5706; x_wconf 84' lang='lat' dir='ltr'><strong>quippe</strong></span> <span class='ocrx_word' id='word_1_639' title='bbox 2084 5633 2158 5689; x_wconf 83' lang='lat' dir='ltr'><strong>lc-</strong></span> 
     </span>
    </p>
   </div>
   <div class='ocr_carea' id='block_1_77' title="bbox 2270 1830 3782 1902">
    <p class='ocr_par' dir='ltr' id='par_1_77' title="bbox 2270 1830 3782 1902">
     <span class='ocr_line' id='line_1_77' title="bbox 2270 1830 3782 1902; baseline 0.005 -20"><span class='ocrx_word' id='word_1_640' title='bbox 2270 1830 2551 1884; x_wconf 86' lang='lat' dir='ltr'><strong>thesauros</strong></span> <span class='ocrx_word' id='word_1_641' title='bbox 2585 1839 2704 1885; x_wconf 92' lang='lat' dir='ltr'><strong>tuos</strong></span> <span class='ocrx_word' id='word_1_642' title='bbox 2740 1831 2793 1885; x_wconf 91' lang='lat' dir='ltr'><strong>in</strong></span> <span class='ocrx_word' id='word_1_643' title='bbox 2831 1831 3284 1902; x_wconf 66' lang='lat' dir='ltr'><strong>tleprtcdationem</strong></span> <span class='ocrx_word' id='word_1_644' title='bbox 3327 1836 3504 1890; x_wconf 86' lang='lat' dir='ltr'><strong>dabo:</strong></span> <span class='ocrx_word' id='word_1_645' title='bbox 3539 1845 3782 1891; x_wconf 83' lang='lat' dir='ltr'><strong>commuta-</strong></span> 
     </span>
    </p>
   </div>
   <div class='ocr_carea' id='block_1_78' title="bbox 2270 1922 3783 1996">
    <p class='ocr_par' dir='ltr' id='par_1_78' title="bbox 2270 1922 3783 1996">
     <span class='ocr_line' id='line_1_78' title="bbox 2270 1922 3783 1996; baseline 0.003 -21"><span class='ocrx_word' id='word_1_646' title='bbox 2270 1922 2470 1976; x_wconf 83' lang='lat' dir='ltr'><strong>tionem</strong></span> <span class='ocrx_word' id='word_1_647' title='bbox 2515 1933 2738 1992; x_wconf 88' lang='lat' dir='ltr'><strong>propter</strong></span> <span class='ocrx_word' id='word_1_648' title='bbox 2787 1925 2964 1978; x_wconf 89' lang='lat' dir='ltr'><strong>omnia</strong></span> <span class='ocrx_word' id='word_1_649' title='bbox 3011 1937 3235 1996; x_wconf 88' lang='lat' dir='ltr'><strong>peccata</strong></span> <span class='ocrx_word' id='word_1_650' title='bbox 3283 1938 3372 1980; x_wconf 88' lang='lat' dir='ltr'><strong>tua</strong></span> <span class='ocrx_word' id='word_1_651' title='bbox 3412 1927 3542 1982; x_wconf 90' lang='lat' dir='ltr'><strong>etin</strong></span> <span class='ocrx_word' id='word_1_652' title='bbox 3581 1927 3783 1981; x_wconf 85' lang='lat' dir='ltr'><strong>omnibus</strong></span> 
     </span>
    </p>
   </div>
   <div class='ocr_carea' id='block_1_79' title="bbox 2266 2013 3784 2086">
    <p class='ocr_par' dir='ltr' id='par_1_79' title="bbox 2266 2013 3784 2086">
     <span class='ocr_line' id='line_1_79' title="bbox 2266 2013 3784 2086; baseline 0.001 -18"><span class='ocrx_word' id='word_1_653' title='bbox 2266 2013 2462 2068; x_wconf 85' lang='lat' dir='ltr'><strong>finibus</strong></span> <span class='ocrx_word' id='word_1_654' title='bbox 2487 2014 2612 2069; x_wconf 87' lang='lat' dir='ltr'><strong>tuis.</strong></span> <span class='ocrx_word' id='word_1_655' title='bbox 2636 2034 2655 2067; x_wconf 76' lang='grc' dir='ltr'><strong>ι</strong></span> <span class='ocrx_word' id='word_1_656' title='bbox 2675 2014 2827 2081; x_wconf 87' lang='lat' dir='ltr'><strong>Quod</strong></span> <span class='ocrx_word' id='word_1_657' title='bbox 2852 2015 2984 2070; x_wconf 84' lang='lat' dir='ltr'><strong>dicit</strong></span> <span class='ocrx_word' id='word_1_658' title='bbox 3009 2016 3114 2071; x_wconf 91' lang='lat' dir='ltr'><strong>tale</strong></span> <span class='ocrx_word' id='word_1_659' title='bbox 3143 2029 3228 2072; x_wconf 85' lang='lat' dir='ltr'><strong>est</strong></span> <span class='ocrx_word' id='word_1_660' title='bbox 3255 2032 3269 2070; x_wconf 89' lang='lat'><strong>:</strong></span> <span class='ocrx_word' id='word_1_661' title='bbox 3297 2019 3396 2072; x_wconf 85' lang='lat' dir='ltr'><strong>ista</strong></span> <span class='ocrx_word' id='word_1_662' title='bbox 3425 2019 3591 2073; x_wconf 88' lang='lat' dir='ltr'><strong>omnia</strong></span> <span class='ocrx_word' id='word_1_663' title='bbox 3611 2027 3784 2086; x_wconf 84' lang='lat' dir='ltr'><strong>propter</strong></span> 
     </span>
    </p>
   </div>
   <div class='ocr_carea' id='block_1_80' title="bbox 2263 2104 3781 2176">
    <p class='ocr_par' dir='ltr' id='par_1_80' title="bbox 2263 2104 3781 2176">
     <span class='ocr_line' id='line_1_80' title="bbox 2263 2104 3781 2176; baseline 0.003 -20"><span class='ocrx_word' id='word_1_664' title='bbox 2263 2109 2483 2170; x_wconf 89' lang='lat' dir='ltr'><strong>peccata</strong></span> <span class='ocrx_word' id='word_1_665' title='bbox 2526 2111 2613 2156; x_wconf 88' lang='lat' dir='ltr'><strong>tua</strong></span> <span class='ocrx_word' id='word_1_666' title='bbox 2634 2143 2648 2166; x_wconf 90' lang='lat'><strong>,</strong></span> <span class='ocrx_word' id='word_1_667' title='bbox 2683 2119 2803 2172; x_wconf 73' lang='lat' dir='ltr'><strong>qute</strong></span> <span class='ocrx_word' id='word_1_668' title='bbox 2835 2104 2886 2158; x_wconf 91' lang='lat' dir='ltr'><strong>in</strong></span> <span class='ocrx_word' id='word_1_669' title='bbox 2919 2105 3200 2160; x_wconf 90' lang='lat' dir='ltr'><strong>universos</strong></span> <span class='ocrx_word' id='word_1_670' title='bbox 3244 2107 3378 2161; x_wconf 75' lang='lat' dir='ltr'><strong>lines</strong></span> <span class='ocrx_word' id='word_1_671' title='bbox 3416 2114 3532 2161; x_wconf 86' lang='lat' dir='ltr'><strong>tuos</strong></span> <span class='ocrx_word' id='word_1_672' title='bbox 3565 2120 3781 2176; x_wconf 86' lang='lat' dir='ltr'><strong>provene-</strong></span> 
     </span>
    </p>
   </div>
   <div class='ocr_carea' id='block_1_81' title="bbox 2265 2193 3786 2267">
    <p class='ocr_par' dir='ltr' id='par_1_81' title="bbox 2265 2193 3786 2267">
     <span class='ocr_line' id='line_1_81' title="bbox 2265 2193 3786 2267; baseline 0.002 -22"><span class='ocrx_word' id='word_1_673' title='bbox 2265 2200 2423 2255; x_wconf 90' lang='lat' dir='ltr'><strong>runt,</strong></span> <span class='ocrx_word' id='word_1_674' title='bbox 2468 2193 2561 2246; x_wconf 83' lang='lat' dir='ltr'><strong>tibi</strong></span> <span class='ocrx_word' id='word_1_675' title='bbox 2605 2194 2811 2247; x_wconf 84' lang='lat' dir='ltr'><strong>reddita</strong></span> <span class='ocrx_word' id='word_1_676' title='bbox 2852 2203 2999 2248; x_wconf 88' lang='lat' dir='ltr'><strong>sunt.</strong></span> <span class='ocrx_word' id='word_1_677' title='bbox 3046 2193 3236 2250; x_wconf 78' lang='lat' dir='ltr'><strong>Nullus</strong></span> <span class='ocrx_word' id='word_1_678' title='bbox 3283 2196 3477 2267; x_wconf 88' lang='lat' dir='ltr'><strong>quippe</strong></span> <span class='ocrx_word' id='word_1_679' title='bbox 3521 2196 3629 2250; x_wconf 89' lang='lat' dir='ltr'><strong>linis</strong></span> <span class='ocrx_word' id='word_1_680' title='bbox 3674 2195 3786 2249; x_wconf 86' lang='lat' dir='ltr'><strong>illius</strong></span> 
     </span>
    </p>
   </div>
   <div class='ocr_carea' id='block_1_82' title="bbox 2263 2279 3780 2354">
    <p class='ocr_par' dir='ltr' id='par_1_82' title="bbox 2263 2279 3780 2354">
     <span class='ocr_line' id='line_1_82' title="bbox 2263 2279 3780 2354; baseline 0.001 -20"><span class='ocrx_word' id='word_1_681' title='bbox 2263 2287 2346 2334; x_wconf 88' lang='lat' dir='ltr'><strong>est</strong></span> <span class='ocrx_word' id='word_1_682' title='bbox 2373 2279 2552 2349; x_wconf 88' lang='lat' dir='ltr'><strong>populi</strong></span> <span class='ocrx_word' id='word_1_683' title='bbox 2572 2320 2587 2342; x_wconf 90' lang='lat'><strong>,</strong></span> <span class='ocrx_word' id='word_1_684' title='bbox 2618 2281 2711 2349; x_wconf 92' lang='lat' dir='ltr'><strong>qui</strong></span> <span class='ocrx_word' id='word_1_685' title='bbox 2743 2296 2850 2335; x_wconf 91' lang='lat' dir='ltr'><strong>non</strong></span> <span class='ocrx_word' id='word_1_686' title='bbox 2880 2283 3116 2352; x_wconf 88' lang='lat' dir='ltr'><strong>peccatis</strong></span> <span class='ocrx_word' id='word_1_687' title='bbox 3145 2283 3266 2351; x_wconf 82' lang='lat' dir='ltr'><strong>ejus</strong></span> <span class='ocrx_word' id='word_1_688' title='bbox 3311 2284 3538 2354; x_wconf 89' lang='lat' dir='ltr'><strong>repletus</strong></span> <span class='ocrx_word' id='word_1_689' title='bbox 3574 2283 3665 2345; x_wconf 89' lang='lat' dir='ltr'><strong>sit,</strong></span> <span class='ocrx_word' id='word_1_690' title='bbox 3702 2296 3780 2336; x_wconf 87' lang='lat' dir='ltr'><strong>nec</strong></span> 
     </span>
    </p>
   </div>
   <div class='ocr_carea' id='block_1_83' title="bbox 2264 2371 3779 2443">
    <p class='ocr_par' dir='ltr' id='par_1_83' title="bbox 2264 2371 3779 2443">
     <span class='ocr_line' id='line_1_83' title="bbox 2264 2371 3779 2443; baseline 0.002 -21"><span class='ocrx_word' id='word_1_691' title='bbox 2264 2379 2475 2439; x_wconf 90' lang='lat' dir='ltr'><strong>poterat</strong></span> <span class='ocrx_word' id='word_1_692' title='bbox 2505 2386 2610 2424; x_wconf 92' lang='lat' dir='ltr'><strong>non</strong></span> <span class='ocrx_word' id='word_1_693' title='bbox 2641 2371 2817 2426; x_wconf 88' lang='lat' dir='ltr'><strong>omnis</strong></span> <span class='ocrx_word' id='word_1_694' title='bbox 2844 2373 3080 2442; x_wconf 87' lang='lat' dir='ltr'><strong>peccatis</strong></span> <span class='ocrx_word' id='word_1_695' title='bbox 3105 2388 3296 2428; x_wconf 89' lang='lat' dir='ltr'><strong>eorum</strong></span> <span class='ocrx_word' id='word_1_696' title='bbox 3329 2373 3448 2428; x_wconf 84' lang='lat' dir='ltr'><strong>linis</strong></span> <span class='ocrx_word' id='word_1_697' title='bbox 3476 2373 3668 2443; x_wconf 85' lang='lat' dir='ltr'><strong>repleri.</strong></span> <span class='ocrx_word' id='word_1_698' title='bbox 3704 2372 3779 2438; x_wconf 83' lang='lat' dir='ltr'><strong>Qui</strong></span> 
     </span>
    </p>
   </div>
   <div class='ocr_carea' id='block_1_84' title="bbox 2263 2462 3779 2535">
    <p class='ocr_par' dir='ltr' id='par_1_84' title="bbox 2263 2462 3779 2535">
     <span class='ocr_line' id='line_1_84' title="bbox 2263 2462 3779 2535; baseline 0.001 -20"><span class='ocrx_word' id='word_1_699' title='bbox 2263 2474 2527 2532; x_wconf 89' lang='lat' dir='ltr'><strong>quantmn</strong></span> <span class='ocrx_word' id='word_1_700' title='bbox 2565 2464 2618 2517; x_wconf 92' lang='lat' dir='ltr'><strong>in</strong></span> <span class='ocrx_word' id='word_1_701' title='bbox 2654 2477 2712 2518; x_wconf 91' lang='lat' dir='ltr'><strong>se</strong></span> <span class='ocrx_word' id='word_1_702' title='bbox 2752 2462 2850 2518; x_wconf 91' lang='lat' dir='ltr'><strong>fuit</strong></span> <span class='ocrx_word' id='word_1_703' title='bbox 2887 2464 3211 2520; x_wconf 87' lang='lat' dir='ltr'><strong>interfecere</strong></span> <span class='ocrx_word' id='word_1_704' title='bbox 3253 2464 3556 2535; x_wconf 87' lang='lat' dir='ltr'><strong>justitiam:</strong></span> <span class='ocrx_word' id='word_1_705' title='bbox 3604 2464 3779 2518; x_wconf 82' lang='lat' dir='ltr'><strong>interfe-</strong></span> 
     </span>
    </p>
   </div>
   <div class='ocr_carea' id='block_1_85' title="bbox 2263 2553 3780 2626">
    <p class='ocr_par' dir='ltr' id='par_1_85' title="bbox 2263 2553 3780 2626">
     <span class='ocr_line' id='line_1_85' title="bbox 2263 2553 3780 2626; baseline -0.002 -18"><span class='ocrx_word' id='word_1_706' title='bbox 2263 2568 2390 2608; x_wconf 89' lang='lat' dir='ltr'><strong>cere</strong></span> <span class='ocrx_word' id='word_1_707' title='bbox 2423 2554 2776 2624; x_wconf 85' lang='lat' dir='ltr'><strong>sapientiam,</strong></span> <span class='ocrx_word' id='word_1_708' title='bbox 2809 2555 2852 2609; x_wconf 88' lang='lat' dir='ltr'><strong>si</strong></span> <span class='ocrx_word' id='word_1_709' title='bbox 2883 2554 3127 2609; x_wconf 72' lang='lat' dir='ltr'><strong>Christus</strong></span> <span class='ocrx_word' id='word_1_710' title='bbox 3164 2565 3254 2610; x_wconf 88' lang='lat' dir='ltr'><strong>est</strong></span> <span class='ocrx_word' id='word_1_711' title='bbox 3289 2555 3541 2626; x_wconf 88' lang='lat' dir='ltr'><strong>sapientia</strong></span> <span class='ocrx_word' id='word_1_712' title='bbox 3571 2573 3582 2607; x_wconf 94' lang='lat'>:</span> <span class='ocrx_word' id='word_1_713' title='bbox 3609 2553 3780 2608; x_wconf 83' lang='lat' dir='ltr'><strong>interfe-</strong></span> 
     </span>
    </p>
   </div>
   <div class='ocr_carea' id='block_1_86' title="bbox 2265 2644 3778 2713">
    <p class='ocr_par' dir='ltr' id='par_1_86' title="bbox 2265 2644 3778 2713">
     <span class='ocr_line' id='line_1_86' title="bbox 2265 2644 3778 2713; baseline -0.004 -13"><span class='ocrx_word' id='word_1_714' title='bbox 2265 2659 2389 2700; x_wconf 84' lang='lat' dir='ltr'><strong>cere</strong></span> <span class='ocrx_word' id='word_1_715' title='bbox 2425 2645 2708 2700; x_wconf 81' lang='lat' dir='ltr'><strong>vetitatem</strong></span> <span class='ocrx_word' id='word_1_716' title='bbox 2732 2685 2748 2709; x_wconf 93' lang='lat'><strong>,</strong></span> <span class='ocrx_word' id='word_1_717' title='bbox 2779 2645 2824 2700; x_wconf 91' lang='lat' dir='ltr'><strong>si</strong></span> <span class='ocrx_word' id='word_1_718' title='bbox 2859 2644 3108 2702; x_wconf 56' lang='lat' dir='ltr'><strong>Chiis“</strong></span> <span class='ocrx_word' id='word_1_719' title='bbox 3129 2654 3218 2701; x_wconf 85' lang='lat' dir='ltr'><strong>est</strong></span> <span class='ocrx_word' id='word_1_720' title='bbox 3248 2647 3464 2702; x_wconf 85' lang='lat' dir='ltr'><strong>veritas.</strong></span> <span class='ocrx_word' id='word_1_721' title='bbox 3519 2644 3652 2700; x_wconf 87' lang='lat' dir='ltr'><strong>Unde</strong></span> <span class='ocrx_word' id='word_1_722' title='bbox 3682 2656 3778 2713; x_wconf 82' lang='lat' dir='ltr'><strong>pro-</strong></span> 
     </span>
    </p>
   </div>
   <div class='ocr_carea' id='block_1_87' title="bbox 2265 2732 3778 2803">
    <p class='ocr_par' dir='ltr' id='par_1_87' title="bbox 2265 2732 3778 2803">
     <span class='ocr_line' id='line_1_87' title="bbox 2265 2732 3778 2803; baseline -0.002 -15"><span class='ocrx_word' id='word_1_723' title='bbox 2265 2743 2386 2803; x_wconf 85' lang='lat' dir='ltr'><strong>pter</strong></span> <span class='ocrx_word' id='word_1_724' title='bbox 2416 2735 2660 2790; x_wconf 88' lang='lat' dir='ltr'><strong>crudeles</strong></span> <span class='ocrx_word' id='word_1_725' title='bbox 2689 2743 2878 2789; x_wconf 87' lang='lat' dir='ltr'><strong>contra</strong></span> <span class='ocrx_word' id='word_1_726' title='bbox 2906 2733 3108 2792; x_wconf 64' lang='lat' dir='ltr'><strong>Filium</strong></span> <span class='ocrx_word' id='word_1_727' title='bbox 3127 2735 3236 2797; x_wconf 61' lang='lat' dir='ltr'><strong>mi</strong></span> <span class='ocrx_word' id='word_1_728' title='bbox 3265 2735 3670 2797; x_wconf 80' lang='lat' dir='ltr'><strong>acclamationes,</strong></span> <span class='ocrx_word' id='word_1_729' title='bbox 3693 2732 3778 2785; x_wconf 70' lang='lat' dir='ltr'><strong>haec</strong></span> 
     </span>
    </p>
   </div>
   <div class='ocr_carea' id='block_1_88' title="bbox 2263 2819 3777 2895">
    <p class='ocr_par' dir='ltr' id='par_1_88' title="bbox 2263 2819 3777 2895">
     <span class='ocr_line' id='line_1_88' title="bbox 2263 2819 3777 2895; baseline -0.003 -18"><span class='ocrx_word' id='word_1_730' title='bbox 2263 2825 2443 2878; x_wconf 88' lang='lat' dir='ltr'><strong>omnia</strong></span> <span class='ocrx_word' id='word_1_731' title='bbox 2473 2822 2852 2894; x_wconf 88' lang='lat' dir='ltr'><strong>perdiderunt,</strong></span> <span class='ocrx_word' id='word_1_732' title='bbox 2881 2832 2936 2879; x_wconf 90' lang='lat' dir='ltr'><strong>et</strong></span> <span class='ocrx_word' id='word_1_733' title='bbox 2963 2824 3436 2895; x_wconf 58' lang='lat' dir='ltr'><strong>resurgcnsdestts</strong></span> <span class='ocrx_word' id='word_1_734' title='bbox 3459 2822 3680 2880; x_wconf 79' lang='lat' dir='ltr'><strong>Christus</strong></span> <span class='ocrx_word' id='word_1_735' title='bbox 3702 2819 3777 2872; x_wconf 44' lang='lat' dir='ltr'><strong>Do.</strong></span> 
     </span>
    </p>
   </div>
   <div class='ocr_carea' id='block_1_89' title="bbox 2265 2908 3774 2982">
    <p class='ocr_par' dir='ltr' id='par_1_89' title="bbox 2265 2908 3774 2982">
     <span class='ocr_line' id='line_1_89' title="bbox 2265 2908 3774 2982; baseline -0.003 -17"><span class='ocrx_word' id='word_1_736' title='bbox 2265 2913 2443 2967; x_wconf 87' lang='lat' dir='ltr'><strong>minus</strong></span> <span class='ocrx_word' id='word_1_737' title='bbox 2474 2927 2625 2967; x_wconf 89' lang='lat' dir='ltr'><strong>meus</strong></span> <span class='ocrx_word' id='word_1_738' title='bbox 2656 2927 2760 2966; x_wconf 89' lang='lat' dir='ltr'><strong>non</strong></span> <span class='ocrx_word' id='word_1_739' title='bbox 2789 2913 3038 2982; x_wconf 86' lang='lat' dir='ltr'><strong>apparuit</strong></span> <span class='ocrx_word' id='word_1_740' title='bbox 3067 2911 3208 2973; x_wconf 84' lang='lat' dir='ltr'><strong>ultra</strong></span> <span class='ocrx_word' id='word_1_741' title='bbox 3243 2911 3654 2970; x_wconf 74' lang='lat' dir='ltr'><strong>interfectoribus</strong></span> <span class='ocrx_word' id='word_1_742' title='bbox 3674 2908 3774 2970; x_wconf 83' lang='lat' dir='ltr'><strong>suis,</strong></span> 
     </span>
    </p>
   </div>
   <div class='ocr_carea' id='block_1_90' title="bbox 2265 3003 3776 3060">
    <p class='ocr_par' dir='ltr' id='par_1_90' title="bbox 2265 3003 3776 3060">
     <span class='ocr_line' id='line_1_90' title="bbox 2265 3003 3776 3060; baseline -0.003 -1"><span class='ocrx_word' id='word_1_743' title='bbox 2265 3005 2360 3059; x_wconf 80' lang='lat' dir='ltr'><strong>sed</strong></span> <span class='ocrx_word' id='word_1_744' title='bbox 2387 3013 2564 3060; x_wconf 88' lang='lat' dir='ltr'><strong>tamen</strong></span> <span class='ocrx_word' id='word_1_745' title='bbox 2591 3003 2934 3058; x_wconf 87' lang='lat' dir='ltr'><strong>credentibus</strong></span> <span class='ocrx_word' id='word_1_746' title='bbox 2967 3004 3067 3060; x_wconf 69' lang='lat' dir='ltr'><strong>sibi</strong></span> <span class='ocrx_word' id='word_1_747' title='bbox 3101 3020 3168 3059; x_wconf 81' lang='lat' dir='ltr'><strong>ex</strong></span> <span class='ocrx_word' id='word_1_748' title='bbox 3199 3006 3430 3060; x_wconf 86' lang='lat' dir='ltr'><strong>mortuis</strong></span> <span class='ocrx_word' id='word_1_749' title='bbox 3453 3005 3612 3060; x_wconf 72' lang='lat' dir='ltr'><strong>victor</strong></span> <span class='ocrx_word' id='word_1_750' title='bbox 3633 3011 3776 3058; x_wconf 79' lang='lat' dir='ltr'><strong>osten-</strong></span> 
     </span>
    </p>
   </div>
   <div class='ocr_carea' id='block_1_91' title="bbox 2261 3092 3780 3165">
    <p class='ocr_par' dir='ltr' id='par_1_91' title="bbox 2261 3092 3780 3165">
     <span class='ocr_line' id='line_1_91' title="bbox 2261 3092 3780 3165; baseline -0.004 -16"><span class='ocrx_word' id='word_1_751' title='bbox 2261 3109 2354 3149; x_wconf 89' lang='lat' dir='ltr'><strong>sus</strong></span> <span class='ocrx_word' id='word_1_752' title='bbox 2386 3103 2488 3148; x_wconf 89' lang='lat' dir='ltr'><strong>est.</strong></span> <span class='ocrx_word' id='word_1_753' title='bbox 2526 3094 2648 3149; x_wconf 89' lang='lat' dir='ltr'><strong>Post</strong></span> <span class='ocrx_word' id='word_1_754' title='bbox 2691 3093 2777 3148; x_wconf 88' lang='lat' dir='ltr'><strong>illa</strong></span> <span class='ocrx_word' id='word_1_755' title='bbox 2806 3134 2822 3158; x_wconf 95' lang='lat'><strong>,</strong></span> <span class='ocrx_word' id='word_1_756' title='bbox 2875 3109 2995 3164; x_wconf 77' lang='lat' dir='ltr'><strong>qua:</strong></span> <span class='ocrx_word' id='word_1_757' title='bbox 3041 3096 3393 3165; x_wconf 73' lang='lat' dir='ltr'><strong>exposuimus</strong></span> <span class='ocrx_word' id='word_1_758' title='bbox 3439 3102 3490 3150; x_wconf 87' lang='lat' dir='ltr'><strong>et</strong></span> <span class='ocrx_word' id='word_1_759' title='bbox 3533 3092 3780 3148; x_wconf 70' lang='lat' dir='ltr'><strong>con-inins-</strong></span> 
     </span>
    </p>
   </div>
   <div class='ocr_carea' id='block_1_92' title="bbox 2261 3183 3777 3255">
    <p class='ocr_par' dir='ltr' id='par_1_92' title="bbox 2261 3183 3777 3255">
     <span class='ocr_line' id='line_1_92' title="bbox 2261 3183 3777 3255; baseline -0.005 -17"><span class='ocrx_word' id='word_1_760' title='bbox 2261 3183 2424 3239; x_wconf 91' lang='lat' dir='ltr'><strong>tionis</strong></span> <span class='ocrx_word' id='word_1_761' title='bbox 2463 3184 2623 3239; x_wconf 90' lang='lat' dir='ltr'><strong>verba</strong></span> <span class='ocrx_word' id='word_1_762' title='bbox 2667 3185 2734 3239; x_wconf 90' lang='lat' dir='ltr'><strong>ad</strong></span> <span class='ocrx_word' id='word_1_763' title='bbox 2776 3184 3066 3254; x_wconf 88' lang='lat' dir='ltr'><strong>populum,</strong></span> <span class='ocrx_word' id='word_1_764' title='bbox 3108 3185 3196 3241; x_wconf 88' lang='lat' dir='ltr'><strong>ille</strong></span> <span class='ocrx_word' id='word_1_765' title='bbox 3243 3186 3336 3255; x_wconf 89' lang='lat' dir='ltr'><strong>qni</strong></span> <span class='ocrx_word' id='word_1_766' title='bbox 3377 3184 3605 3255; x_wconf 84' lang='lat' dir='ltr'><strong>superius</strong></span> <span class='ocrx_word' id='word_1_767' title='bbox 3629 3194 3777 3234; x_wconf 81' lang='lat' dir='ltr'><strong>orave-</strong></span> 
     </span>
    </p>
   </div>
   <div class='ocr_carea' id='block_1_93' title="bbox 2261 3273 3777 3345">
    <p class='ocr_par' dir='ltr' id='par_1_93' title="bbox 2261 3273 3777 3345">
     <span class='ocr_line' id='line_1_93' title="bbox 2261 3273 3777 3345; baseline -0.006 -17"><span class='ocrx_word' id='word_1_768' title='bbox 2261 3285 2376 3340; x_wconf 90' lang='lat' dir='ltr'><strong>rat,</strong></span> <span class='ocrx_word' id='word_1_769' title='bbox 2408 3274 2639 3344; x_wconf 87' lang='lat' dir='ltr'><strong>complet</strong></span> <span class='ocrx_word' id='word_1_770' title='bbox 2673 3275 3008 3340; x_wconf 86' lang='lat' dir='ltr'><strong>orationem,</strong></span> <span class='ocrx_word' id='word_1_771' title='bbox 3039 3281 3094 3330; x_wconf 87' lang='lat' dir='ltr'><strong>et</strong></span> <span class='ocrx_word' id='word_1_772' title='bbox 3121 3273 3399 3345; x_wconf 88' lang='lat' dir='ltr'><strong>prioribus</strong></span> <span class='ocrx_word' id='word_1_773' title='bbox 3447 3287 3557 3344; x_wconf 71' lang='lat' dir='ltr'><strong>quae</strong></span> <span class='ocrx_word' id='word_1_774' title='bbox 3597 3282 3777 3338; x_wconf 86' lang='lat' dir='ltr'><strong>sequun-</strong></span> 
     </span>
    </p>
   </div>
   <div class='ocr_carea' id='block_1_94' title="bbox 2262 3364 2660 3434">
    <p class='ocr_par' dir='ltr' id='par_1_94' title="bbox 2262 3364 2660 3434">
     <span class='ocr_line' id='line_1_94' title="bbox 2262 3364 2660 3434; baseline 0.003 -17"><span class='ocrx_word' id='word_1_775' title='bbox 2262 3373 2352 3417; x_wconf 88' lang='lat' dir='ltr'><strong>tur</strong></span> <span class='ocrx_word' id='word_1_776' title='bbox 2380 3364 2622 3434; x_wconf 74' lang='lat' dir='ltr'><strong>ailjtmgit</strong></span> <span class='ocrx_word' id='word_1_777' title='bbox 2646 3381 2660 3418; x_wconf 91' lang='lat'><strong>:</strong></span> 
     </span>
    </p>
   </div>
   <div class='ocr_carea' id='block_1_95' title="bbox 2335 3451 3767 3520">
    <p class='ocr_par' dir='ltr' id='par_1_95' title="bbox 2335 3451 3767 3520">
     <span class='ocr_line' id='line_1_95' title="bbox 2335 3451 3767 3520; baseline 0.001 -16"><span class='ocrx_word' id='word_1_778' title='bbox 2335 3473 2353 3504; x_wconf 73' lang='grc' dir='ltr'><strong>ι</strong></span> <span class='ocrx_word' id='word_1_779' title='bbox 2390 3452 2468 3506; x_wconf 90' lang='lat' dir='ltr'><strong>Tu</strong></span> <span class='ocrx_word' id='word_1_780' title='bbox 2499 3455 2606 3508; x_wconf 83' lang='lat' dir='ltr'><strong>seis</strong></span> <span class='ocrx_word' id='word_1_781' title='bbox 2625 3494 2640 3518; x_wconf 89' lang='lat'><strong>,</strong></span> <span class='ocrx_word' id='word_1_782' title='bbox 2669 3453 2925 3519; x_wconf 88' lang='lat' dir='ltr'><strong>Domine,</strong></span> <span class='ocrx_word' id='word_1_783' title='bbox 2953 3453 3245 3509; x_wconf 81' lang='lat' dir='ltr'><strong>recordare</strong></span> <span class='ocrx_word' id='word_1_784' title='bbox 3274 3453 3379 3510; x_wconf 84' lang='lat' dir='ltr'><strong>mei</strong></span> <span class='ocrx_word' id='word_1_785' title='bbox 3397 3493 3413 3520; x_wconf 92' lang='lat'><strong>,</strong></span> <span class='ocrx_word' id='word_1_786' title='bbox 3443 3461 3492 3508; x_wconf 92' lang='lat' dir='ltr'><strong>et</strong></span> <span class='ocrx_word' id='word_1_787' title='bbox 3521 3451 3655 3507; x_wconf 87' lang='lat' dir='ltr'><strong>visita</strong></span> <span class='ocrx_word' id='word_1_788' title='bbox 3682 3460 3767 3506; x_wconf 72' lang='lat' dir='ltr'><strong>me.</strong></span> 
     </span>
    </p>
   </div>
   <div class='ocr_carea' id='block_1_96' title="bbox 2265 3537 3772 3616">
    <p class='ocr_par' dir='ltr' id='par_1_96' title="bbox 2265 3537 3772 3616">
     <span class='ocr_line' id='line_1_96' title="bbox 2265 3537 3772 3616; baseline -0.007 -19"><span class='ocrx_word' id='word_1_789' title='bbox 2265 3563 2286 3596; x_wconf 68' lang='grc' dir='ltr'>θ</span> <span class='ocrx_word' id='word_1_790' title='bbox 2323 3553 2380 3599; x_wconf 91' lang='lat' dir='ltr'><strong>et</strong></span> <span class='ocrx_word' id='word_1_791' title='bbox 2408 3552 2557 3599; x_wconf 88' lang='lat' dir='ltr'><strong>tuere</strong></span> <span class='ocrx_word' id='word_1_792' title='bbox 2589 3561 2675 3601; x_wconf 88' lang='lat' dir='ltr'><strong>me</strong></span> <span class='ocrx_word' id='word_1_793' title='bbox 2703 3547 2772 3600; x_wconf 91' lang='lat' dir='ltr'><strong>ab</strong></span> <span class='ocrx_word' id='word_1_794' title='bbox 2802 3545 2886 3600; x_wconf 90' lang='lat' dir='ltr'><strong>bis</strong></span> <span class='ocrx_word' id='word_1_795' title='bbox 2919 3545 3008 3614; x_wconf 91' lang='lat' dir='ltr'><strong>qui</strong></span> <span class='ocrx_word' id='word_1_796' title='bbox 3046 3554 3446 3616; x_wconf 86' lang='lat' dir='ltr'><strong>persequuntur</strong></span> <span class='ocrx_word' id='word_1_797' title='bbox 3482 3559 3579 3599; x_wconf 88' lang='lat' dir='ltr'><strong>me.</strong></span> <span class='ocrx_word' id='word_1_798' title='bbox 3612 3539 3708 3594; x_wconf 75' lang='lat' dir='ltr'><strong>Noli</strong></span> <span class='ocrx_word' id='word_1_799' title='bbox 3734 3537 3772 3588; x_wconf 86' lang='lat' dir='ltr'><strong>in</strong></span> 
     </span>
    </p>
   </div>
   <div class='ocr_carea' id='block_1_97' title="bbox 2267 3623 3772 3704">
    <p class='ocr_par' dir='ltr' id='par_1_97' title="bbox 2267 3623 3772 3704">
     <span class='ocr_line' id='line_1_97' title="bbox 2267 3623 3772 3704; baseline -0.006 -20"><span class='ocrx_word' id='word_1_800' title='bbox 2267 3652 2284 3684; x_wconf 81' lang='grc' dir='ltr'><strong>ι</strong></span> <span class='ocrx_word' id='word_1_801' title='bbox 2320 3633 2580 3704; x_wconf 90' lang='lat' dir='ltr'><strong>patientia</strong></span> <span class='ocrx_word' id='word_1_802' title='bbox 2623 3643 2712 3688; x_wconf 89' lang='lat' dir='ltr'><strong>tua</strong></span> <span class='ocrx_word' id='word_1_803' title='bbox 2748 3634 3024 3704; x_wconf 88' lang='lat' dir='ltr'><strong>suscipere</strong></span> <span class='ocrx_word' id='word_1_804' title='bbox 3050 3648 3156 3688; x_wconf 89' lang='lat' dir='ltr'><strong>me.</strong></span> <span class='ocrx_word' id='word_1_805' title='bbox 3196 3633 3349 3688; x_wconf 85' lang='lat' dir='ltr'><strong>Scito</strong></span> <span class='ocrx_word' id='word_1_806' title='bbox 3378 3632 3612 3703; x_wconf 88' lang='lat' dir='ltr'><strong>quoniam</strong></span> <span class='ocrx_word' id='word_1_807' title='bbox 3644 3623 3772 3680; x_wconf 78' lang='lat' dir='ltr'><strong>susti-</strong></span> 
     </span>
    </p>
   </div>
   <div class='ocr_carea' id='block_1_98' title="bbox 2267 3715 3772 3796">
    <p class='ocr_par' dir='ltr' id='par_1_98' title="bbox 2267 3715 3772 3796">
     <span class='ocr_line' id='line_1_98' title="bbox 2267 3715 3772 3796; baseline -0.007 -18"><span class='ocrx_word' id='word_1_808' title='bbox 2267 3745 2285 3777; x_wconf 73' lang='grc' dir='ltr'><strong>ι</strong></span> <span class='ocrx_word' id='word_1_809' title='bbox 2323 3727 2414 3780; x_wconf 93' lang='lat' dir='ltr'><strong>nui</strong></span> <span class='ocrx_word' id='word_1_810' title='bbox 2441 3742 2540 3796; x_wconf 91' lang='lat' dir='ltr'><strong>pro</strong></span> <span class='ocrx_word' id='word_1_811' title='bbox 2567 3735 2619 3781; x_wconf 91' lang='lat' dir='ltr'><strong>te</strong></span> <span class='ocrx_word' id='word_1_812' title='bbox 2644 3725 3010 3796; x_wconf 86' lang='lat' dir='ltr'><strong>opprobrium.</strong></span> <span class='ocrx_word' id='word_1_813' title='bbox 3033 3725 3243 3780; x_wconf 84' lang='lat' dir='ltr'><strong>Inventi</strong></span> <span class='ocrx_word' id='word_1_814' title='bbox 3272 3736 3395 3780; x_wconf 90' lang='lat' dir='ltr'><strong>sunt</strong></span> <span class='ocrx_word' id='word_1_815' title='bbox 3421 3735 3667 3778; x_wconf 89' lang='lat' dir='ltr'><strong>sermones</strong></span> <span class='ocrx_word' id='word_1_816' title='bbox 3689 3715 3772 3776; x_wconf 88' lang='lat' dir='ltr'><strong>tui,</strong></span> 
     </span>
    </p>
   </div>
   <div class='ocr_carea' id='block_1_99' title="bbox 2267 3815 3773 3888">
    <p class='ocr_par' dir='ltr' id='par_1_99' title="bbox 2267 3815 3773 3888">
     <span class='ocr_line' id='line_1_99' title="bbox 2267 3815 3773 3888; baseline -0.007 -20"><span class='ocrx_word' id='word_1_817' title='bbox 2267 3836 2285 3868; x_wconf 75' lang='grc' dir='ltr'><strong>ι</strong></span> <span class='ocrx_word' id='word_1_818' title='bbox 2321 3825 2376 3871; x_wconf 86' lang='lat' dir='ltr'><strong>et</strong></span> <span class='ocrx_word' id='word_1_819' title='bbox 2405 3817 2612 3871; x_wconf 86' lang='lat' dir='ltr'><strong>comedi</strong></span> <span class='ocrx_word' id='word_1_820' title='bbox 2641 3832 2736 3872; x_wconf 89' lang='lat' dir='ltr'><strong>eos</strong></span> <span class='ocrx_word' id='word_1_821' title='bbox 2765 3815 2910 3888; x_wconf 78' lang='lat' dir='ltr'><strong>(sive</strong></span> <span class='ocrx_word' id='word_1_822' title='bbox 2945 3817 3012 3872; x_wconf 91' lang='lat' dir='ltr'><strong>ab</strong></span> <span class='ocrx_word' id='word_1_823' title='bbox 3048 3817 3132 3872; x_wconf 91' lang='lat' dir='ltr'><strong>his</strong></span> <span class='ocrx_word' id='word_1_824' title='bbox 3168 3819 3263 3886; x_wconf 87' lang='lat' dir='ltr'><strong>qui</strong></span> <span class='ocrx_word' id='word_1_825' title='bbox 3301 3815 3577 3886; x_wconf 87' lang='lat' dir='ltr'><strong>reprobant</strong></span> <span class='ocrx_word' id='word_1_826' title='bbox 3609 3819 3773 3864; x_wconf 84' lang='lat' dir='ltr'><strong>sermo-</strong></span> 
     </span>
    </p>
   </div>
   <div class='ocr_carea' id='block_1_100' title="bbox 2268 3898 3774 3978">
    <p class='ocr_par' dir='ltr' id='par_1_100' title="bbox 2268 3898 3774 3978">
     <span class='ocr_line' id='line_1_100' title="bbox 2268 3898 3774 3978; baseline -0.006 -18"><span class='ocrx_word' id='word_1_827' title='bbox 2268 3928 2286 3957; x_wconf 79' lang='grc' dir='ltr'><strong>ι</strong></span> <span class='ocrx_word' id='word_1_828' title='bbox 2328 3923 2423 3961; x_wconf 90' lang='lat' dir='ltr'><strong>nes</strong></span> <span class='ocrx_word' id='word_1_829' title='bbox 2454 3915 2604 3972; x_wconf 92' lang='lat' dir='ltr'><strong>tuos,</strong></span> <span class='ocrx_word' id='word_1_830' title='bbox 2633 3921 2888 3962; x_wconf 89' lang='lat' dir='ltr'><strong>consume</strong></span> <span class='ocrx_word' id='word_1_831' title='bbox 2913 3922 3006 3962; x_wconf 89' lang='lat' dir='ltr'><strong>eos</strong></span> <span class='ocrx_word' id='word_1_832' title='bbox 3029 3907 3070 3978; x_wconf 88' lang='lat'><strong>).</strong></span> <span class='ocrx_word' id='word_1_833' title='bbox 3099 3903 3165 3961; x_wconf 89' lang='lat' dir='ltr'><strong>Et</strong></span> <span class='ocrx_word' id='word_1_834' title='bbox 3193 3905 3395 3962; x_wconf 88' lang='lat' dir='ltr'><strong>factum</strong></span> <span class='ocrx_word' id='word_1_835' title='bbox 3420 3914 3498 3959; x_wconf 89' lang='lat' dir='ltr'><strong>est</strong></span> <span class='ocrx_word' id='word_1_836' title='bbox 3525 3901 3637 3956; x_wconf 86' lang='lat' dir='ltr'><strong>mihi</strong></span> <span class='ocrx_word' id='word_1_837' title='bbox 3664 3898 3774 3968; x_wconf 71' lang='lat' dir='ltr'><strong>(sin</strong></span> 
     </span>
    </p>
   </div>
   <div class='ocr_carea' id='block_1_101' title="bbox 2270 3983 3774 4068">
    <p class='ocr_par' dir='ltr' id='par_1_101' title="bbox 2270 3983 3774 4068">
     <span class='ocr_line' id='line_1_101' title="bbox 2270 3983 3774 4068; baseline -0.009 -17"><span class='ocrx_word' id='word_1_838' title='bbox 2270 4016 2288 4046; x_wconf 79' lang='grc' dir='ltr'><strong>ι</strong></span> <span class='ocrx_word' id='word_1_839' title='bbox 2327 3996 2471 4068; x_wconf 88' lang='lat' dir='ltr'><strong>erit)</strong></span> <span class='ocrx_word' id='word_1_840' title='bbox 2503 3997 2724 4052; x_wconf 89' lang='lat' dir='ltr'><strong>verbum</strong></span> <span class='ocrx_word' id='word_1_841' title='bbox 2759 4005 2905 4050; x_wconf 90' lang='lat' dir='ltr'><strong>tuum</strong></span> <span class='ocrx_word' id='word_1_842' title='bbox 2937 3997 2990 4050; x_wconf 90' lang='lat' dir='ltr'><strong>in</strong></span> <span class='ocrx_word' id='word_1_843' title='bbox 3019 3995 3277 4066; x_wconf 76' lang='lat' dir='ltr'><strong>gaudium</strong></span> <span class='ocrx_word' id='word_1_844' title='bbox 3308 4003 3364 4050; x_wconf 89' lang='lat' dir='ltr'><strong>ct</strong></span> <span class='ocrx_word' id='word_1_845' title='bbox 3391 3992 3610 4048; x_wconf 67' lang='lat' dir='ltr'><strong>lzetitiatn</strong></span> <span class='ocrx_word' id='word_1_846' title='bbox 3636 3983 3774 4042; x_wconf 78' lang='lat' dir='ltr'><strong>cordis</strong></span> 
     </span>
    </p>
   </div>
   <div class='ocr_carea' id='block_1_102' title="bbox 2269 4087 3776 4157">
    <p class='ocr_par' dir='ltr' id='par_1_102' title="bbox 2269 4087 3776 4157">
     <span class='ocr_line' id='line_1_102' title="bbox 2269 4087 3776 4157; baseline -0.008 -21"><span class='ocrx_word' id='word_1_847' title='bbox 2269 4106 2286 4136; x_wconf 79' lang='grc' dir='ltr'><strong>ι</strong></span> <span class='ocrx_word' id='word_1_848' title='bbox 2327 4088 2429 4142; x_wconf 82' lang='grc' dir='ltr'><strong>ιιιοί</strong></span> <span class='ocrx_word' id='word_1_849' title='bbox 2459 4104 2474 4152; x_wconf 91' lang='lat'><strong>;</strong></span> <span class='ocrx_word' id='word_1_850' title='bbox 2513 4087 2765 4157; x_wconf 88' lang='lat' dir='ltr'><strong>quoniam</strong></span> <span class='ocrx_word' id='word_1_851' title='bbox 2803 4088 3107 4142; x_wconf 87' lang='lat' dir='ltr'><strong>invocatum</strong></span> <span class='ocrx_word' id='word_1_852' title='bbox 3143 4096 3228 4141; x_wconf 87' lang='lat' dir='ltr'><strong>cst</strong></span> <span class='ocrx_word' id='word_1_853' title='bbox 3263 4101 3452 4141; x_wconf 87' lang='lat' dir='ltr'><strong>nomen</strong></span> <span class='ocrx_word' id='word_1_854' title='bbox 3491 4091 3625 4136; x_wconf 91' lang='lat' dir='ltr'><strong>tmnn</strong></span> <span class='ocrx_word' id='word_1_855' title='bbox 3653 4087 3776 4144; x_wconf 83' lang='lat' dir='ltr'><strong>super</strong></span> 
     </span>
    </p>
   </div>
   <div class='ocr_carea' id='block_1_103' title="bbox 2268 4167 3774 4247">
    <p class='ocr_par' dir='ltr' id='par_1_103' title="bbox 2268 4167 3774 4247">
     <span class='ocr_line' id='line_1_103' title="bbox 2268 4167 3774 4247; baseline -0.003 -15"><span class='ocrx_word' id='word_1_856' title='bbox 2268 4199 2285 4229; x_wconf 77' lang='grc' dir='ltr'><strong>ι</strong></span> <span class='ocrx_word' id='word_1_857' title='bbox 2323 4193 2436 4239; x_wconf 91' lang='lat' dir='ltr'><strong>me,</strong></span> <span class='ocrx_word' id='word_1_858' title='bbox 2471 4177 2696 4232; x_wconf 91' lang='lat' dir='ltr'><strong>Domine</strong></span> <span class='ocrx_word' id='word_1_859' title='bbox 2725 4177 2863 4232; x_wconf 89' lang='lat' dir='ltr'><strong>Dens</strong></span> <span class='ocrx_word' id='word_1_860' title='bbox 2887 4177 3241 4233; x_wconf 76' lang='lat' dir='ltr'><strong>exercituum.</strong></span> <span class='ocrx_word' id='word_1_861' title='bbox 3281 4197 3300 4230; x_wconf 71' lang='grc' dir='ltr'><strong>ι</strong></span> <span class='ocrx_word' id='word_1_862' title='bbox 3334 4173 3584 4247; x_wconf 80' lang='lat' dir='ltr'><strong>(Hieron.</strong></span> <span class='ocrx_word' id='word_1_863' title='bbox 3605 4175 3622 4238; x_wconf 87' lang='lat'><strong><em>)</em></strong></span> <span class='ocrx_word' id='word_1_864' title='bbox 3658 4167 3774 4228; x_wconf 74' lang='grc' dir='ltr'>ΙΙθει</span> 
     </span>
    </p>
   </div>
   <div class='ocr_carea' id='block_1_104' title="bbox 2261 4257 3776 4338">
    <p class='ocr_par' dir='ltr' id='par_1_104' title="bbox 2261 4257 3776 4338">
     <span class='ocr_line' id='line_1_104' title="bbox 2261 4257 3776 4338; baseline -0.009 -18"><span class='ocrx_word' id='word_1_865' title='bbox 2261 4269 2402 4338; x_wconf 87' lang='lat' dir='ltr'><strong>quod</strong></span> <span class='ocrx_word' id='word_1_866' title='bbox 2432 4269 2694 4322; x_wconf 85' lang='lat' dir='ltr'><strong>diximus:</strong></span> <span class='ocrx_word' id='word_1_867' title='bbox 2726 4287 2745 4320; x_wconf 71' lang='grc' dir='ltr'><strong>ι</strong></span> <span class='ocrx_word' id='word_1_868' title='bbox 2773 4268 3003 4330; x_wconf 87' lang='lat' dir='ltr'><strong>Tuscis.</strong></span> <span class='ocrx_word' id='word_1_869' title='bbox 3033 4288 3051 4320; x_wconf 74' lang='grc' dir='ltr'><strong>ι</strong></span> <span class='ocrx_word' id='word_1_870' title='bbox 3080 4268 3130 4322; x_wconf 92' lang='lat' dir='ltr'><strong>in</strong></span> <span class='ocrx_word' id='word_1_871' title='bbox 3161 4267 3503 4338; x_wconf 79' lang='lat' dir='ltr'><strong>Septuaginta</strong></span> <span class='ocrx_word' id='word_1_872' title='bbox 3530 4277 3624 4318; x_wconf 92' lang='lat' dir='ltr'><strong>non</strong></span> <span class='ocrx_word' id='word_1_873' title='bbox 3653 4257 3776 4314; x_wconf 60' lang='lat' dir='ltr'><strong>habeo</strong></span> 
     </span>
    </p>
   </div>
   <div class='ocr_carea' id='block_1_105' title="bbox 2265 4349 3777 4426">
    <p class='ocr_par' dir='ltr' id='par_1_105' title="bbox 2265 4349 3777 4426">
     <span class='ocr_line' id='line_1_105' title="bbox 2265 4349 3777 4426; baseline -0.006 -12"><span class='ocrx_word' id='word_1_874' title='bbox 2265 4371 2368 4414; x_wconf 87' lang='lat' dir='ltr'><strong>tur.</strong></span> <span class='ocrx_word' id='word_1_875' title='bbox 2400 4359 2548 4414; x_wconf 81' lang='lat' dir='ltr'><strong>Felix</strong></span> <span class='ocrx_word' id='word_1_876' title='bbox 2579 4369 2662 4414; x_wconf 88' lang='lat' dir='ltr'><strong>est</strong></span> <span class='ocrx_word' id='word_1_877' title='bbox 2697 4369 2875 4414; x_wconf 88' lang='lat' dir='ltr'><strong>autem</strong></span> <span class='ocrx_word' id='word_1_878' title='bbox 2913 4359 2998 4414; x_wconf 91' lang='lat' dir='ltr'><strong>illa</strong></span> <span class='ocrx_word' id='word_1_879' title='bbox 3038 4360 3395 4422; x_wconf 85' lang='lat' dir='ltr'><strong>conscientia,</strong></span> <span class='ocrx_word' id='word_1_880' title='bbox 3427 4370 3538 4426; x_wconf 65' lang='lat' dir='ltr'><strong>qua:</strong></span> <span class='ocrx_word' id='word_1_881' title='bbox 3579 4366 3663 4422; x_wconf 88' lang='lat' dir='ltr'><strong>pro</strong></span> <span class='ocrx_word' id='word_1_882' title='bbox 3695 4349 3777 4400; x_wconf 71' lang='grc' dir='ltr'><strong>Ριοο</strong></span> 
     </span>
    </p>
   </div>
   <div class='ocr_carea' id='block_1_106' title="bbox 2262 4439 3777 4520">
    <p class='ocr_par' dir='ltr' id='par_1_106' title="bbox 2262 4439 3777 4520">
     <span class='ocr_line' id='line_1_106' title="bbox 2262 4439 3777 4520; baseline -0.011 -15"><span class='ocrx_word' id='word_1_883' title='bbox 2262 4452 2491 4507; x_wconf 85' lang='lat' dir='ltr'><strong>sustinet</strong></span> <span class='ocrx_word' id='word_1_884' title='bbox 2524 4450 2870 4520; x_wconf 84' lang='lat' dir='ltr'><strong>opprobrium</strong></span> <span class='ocrx_word' id='word_1_885' title='bbox 2906 4467 2919 4502; x_wconf 92' lang='lat'>:</span> <span class='ocrx_word' id='word_1_886' title='bbox 2978 4449 3121 4503; x_wconf 87' lang='lat' dir='ltr'><strong>unde</strong></span> <span class='ocrx_word' id='word_1_887' title='bbox 3177 4448 3352 4503; x_wconf 87' lang='lat' dir='ltr'><strong>dicit:</strong></span> <span class='ocrx_word' id='word_1_888' title='bbox 3395 4465 3415 4498; x_wconf 70' lang='grc' dir='ltr'><strong>ι</strong></span> <span class='ocrx_word' id='word_1_889' title='bbox 3452 4440 3636 4498; x_wconf 82' lang='lat' dir='ltr'><strong>Iuventi</strong></span> <span class='ocrx_word' id='word_1_890' title='bbox 3681 4439 3777 4490; x_wconf 74' lang='lat' dir='ltr'><strong>sunt</strong></span> 
     </span>
    </p>
   </div>
   <div class='ocr_carea' id='block_1_107' title="bbox 2261 4537 3776 4612">
    <p class='ocr_par' dir='ltr' id='par_1_107' title="bbox 2261 4537 3776 4612">
     <span class='ocr_line' id='line_1_107' title="bbox 2261 4537 3776 4612; baseline -0.015 -12"><span class='ocrx_word' id='word_1_891' title='bbox 2261 4559 2539 4600; x_wconf 88' lang='lat' dir='ltr'><strong>sermones</strong></span> <span class='ocrx_word' id='word_1_892' title='bbox 2583 4542 2685 4604; x_wconf 91' lang='lat' dir='ltr'><strong>tui,</strong></span> <span class='ocrx_word' id='word_1_893' title='bbox 2717 4561 2735 4592; x_wconf 74' lang='grc' dir='ltr'><strong>ι</strong></span> <span class='ocrx_word' id='word_1_894' title='bbox 2770 4556 2908 4612; x_wconf 89' lang='lat' dir='ltr'><strong>quos</strong></span> <span class='ocrx_word' id='word_1_895' title='bbox 2941 4553 3063 4595; x_wconf 92' lang='lat' dir='ltr'><strong>meo</strong></span> <span class='ocrx_word' id='word_1_896' title='bbox 3091 4555 3184 4594; x_wconf 91' lang='lat' dir='ltr'><strong>ore</strong></span> <span class='ocrx_word' id='word_1_897' title='bbox 3217 4537 3548 4609; x_wconf 85' lang='lat' dir='ltr'><strong>loquebaris,</strong></span> <span class='ocrx_word' id='word_1_898' title='bbox 3581 4551 3596 4581; x_wconf 78' lang='grc' dir='ltr'><strong>ι</strong></span> <span class='ocrx_word' id='word_1_899' title='bbox 3622 4539 3668 4583; x_wconf 89' lang='lat' dir='ltr'><strong>et</strong></span> <span class='ocrx_word' id='word_1_900' title='bbox 3707 4540 3776 4577; x_wconf 84' lang='lat' dir='ltr'><strong>co-</strong></span> 
     </span>
    </p>
   </div>
   <div class='ocr_carea' id='block_1_108' title="bbox 2263 4623 3772 4709">
    <p class='ocr_par' dir='ltr' id='par_1_108' title="bbox 2263 4623 3772 4709">
     <span class='ocr_line' id='line_1_108' title="bbox 2263 4623 3772 4709; baseline -0.007 -20"><span class='ocrx_word' id='word_1_901' title='bbox 2263 4636 2404 4690; x_wconf 89' lang='lat' dir='ltr'><strong>medi</strong></span> <span class='ocrx_word' id='word_1_902' title='bbox 2452 4649 2576 4699; x_wconf 89' lang='lat' dir='ltr'><strong>cos,</strong></span> <span class='ocrx_word' id='word_1_903' title='bbox 2614 4653 2632 4686; x_wconf 73' lang='grc' dir='ltr'><strong>ι</strong></span> <span class='ocrx_word' id='word_1_904' title='bbox 2690 4633 2742 4687; x_wconf 89' lang='lat' dir='ltr'><strong>id</strong></span> <span class='ocrx_word' id='word_1_905' title='bbox 2789 4641 2906 4709; x_wconf 70' lang='lat' dir='ltr'><strong>est,</strong></span> <span class='ocrx_word' id='word_1_906' title='bbox 2957 4632 3010 4685; x_wconf 92' lang='lat' dir='ltr'><strong>in</strong></span> <span class='ocrx_word' id='word_1_907' title='bbox 3059 4631 3238 4686; x_wconf 90' lang='lat' dir='ltr'><strong>cibum</strong></span> <span class='ocrx_word' id='word_1_908' title='bbox 3286 4629 3415 4684; x_wconf 90' lang='lat' dir='ltr'><strong>mihi</strong></span> <span class='ocrx_word' id='word_1_909' title='bbox 3469 4623 3595 4678; x_wconf 86' lang='lat' dir='ltr'><strong>versi</strong></span> <span class='ocrx_word' id='word_1_910' title='bbox 3643 4623 3772 4678; x_wconf 79' lang='lat' dir='ltr'><strong>sonti</strong></span> 
     </span>
    </p>
   </div>
   <div class='ocr_carea' id='block_1_109' title="bbox 2261 4711 3776 4793">
    <p class='ocr_par' dir='ltr' id='par_1_109' title="bbox 2261 4711 3776 4793">
     <span class='ocr_line' id='line_1_109' title="bbox 2261 4711 3776 4793; baseline -0.011 -12"><span class='ocrx_word' id='word_1_911' title='bbox 2261 4726 2394 4790; x_wconf 86' lang='lat' dir='ltr'><strong>sive,</strong></span> <span class='ocrx_word' id='word_1_912' title='bbox 2421 4723 2576 4792; x_wconf 82' lang='lat' dir='ltr'><strong>juxta</strong></span> <span class='ocrx_word' id='word_1_913' title='bbox 2627 4722 3040 4793; x_wconf 82' lang='lat' dir='ltr'><strong>Symmachum,</strong></span> <span class='ocrx_word' id='word_1_914' title='bbox 3080 4740 3098 4772; x_wconf 80' lang='grc' dir='ltr'><strong>ι</strong></span> <span class='ocrx_word' id='word_1_915' title='bbox 3133 4719 3482 4790; x_wconf 90' lang='lat' dir='ltr'><strong>suscipiebam</strong></span> <span class='ocrx_word' id='word_1_916' title='bbox 3525 4727 3638 4772; x_wconf 87' lang='lat' dir='ltr'><strong>eos,</strong></span> <span class='ocrx_word' id='word_1_917' title='bbox 3670 4726 3685 4757; x_wconf 73' lang='grc' dir='ltr'><strong>ι</strong></span> <span class='ocrx_word' id='word_1_918' title='bbox 3731 4711 3776 4793; x_wconf 53' lang='lat' dir='ltr'><strong>lli</strong></span> 
     </span>
    </p>
   </div>
   <div class='ocr_carea' id='block_1_110' title="bbox 2265 4788 3772 4876">
    <p class='ocr_par' dir='ltr' id='par_1_110' title="bbox 2265 4788 3772 4876">
     <span class='ocr_line' id='line_1_110' title="bbox 2265 4788 3772 4876; baseline -0.011 -9"><span class='ocrx_word' id='word_1_919' title='bbox 2265 4814 2396 4868; x_wconf 89' lang='lat' dir='ltr'><strong>mihi</strong></span> <span class='ocrx_word' id='word_1_920' title='bbox 2430 4814 2482 4867; x_wconf 92' lang='lat' dir='ltr'><strong>in</strong></span> <span class='ocrx_word' id='word_1_921' title='bbox 2515 4812 2754 4866; x_wconf 73' lang='lat' dir='ltr'><strong>ltrtitiam</strong></span> <span class='ocrx_word' id='word_1_922' title='bbox 2784 4819 3146 4870; x_wconf 82' lang='lat' dir='ltr'><strong>verterentur,</strong></span> <span class='ocrx_word' id='word_1_923' title='bbox 3175 4788 3495 4876; x_wconf 21' lang='lat' dir='ltr'><strong>quivdudum</strong></span> <span class='ocrx_word' id='word_1_924' title='bbox 3526 4798 3708 4852; x_wconf 76' lang='lat' dir='ltr'><strong>fueram</strong></span> <span class='ocrx_word' id='word_1_925' title='bbox 3734 4788 3772 4842; x_wconf 81' lang='grc' dir='ltr'><strong>Ῐιι</strong></span> 
     </span>
    </p>
   </div>
   <div class='ocr_carea' id='block_1_111' title="bbox 2262 4883 3770 4975">
    <p class='ocr_par' dir='ltr' id='par_1_111' title="bbox 2262 4883 3770 4975">
     <span class='ocr_line' id='line_1_111' title="bbox 2262 4883 3770 4975; baseline -0.015 -16"><span class='ocrx_word' id='word_1_926' title='bbox 2262 4904 2628 4975; x_wconf 90' lang='lat' dir='ltr'><strong>opprobrium.</strong></span> <span class='ocrx_word' id='word_1_927' title='bbox 2661 4901 2812 4957; x_wconf 84' lang='lat' dir='ltr'><strong>Unde</strong></span> <span class='ocrx_word' id='word_1_928' title='bbox 2835 4909 2891 4956; x_wconf 87' lang='lat' dir='ltr'><strong>et</strong></span> <span class='ocrx_word' id='word_1_929' title='bbox 2918 4899 3193 4970; x_wconf 75' lang='lat' dir='ltr'><strong>Babylonii</strong></span> <span class='ocrx_word' id='word_1_930' title='bbox 3220 4895 3539 4952; x_wconf 88' lang='lat' dir='ltr'><strong>confitentur</strong></span> <span class='ocrx_word' id='word_1_931' title='bbox 3565 4883 3770 4954; x_wconf 72' lang='lat' dir='ltr'><strong>impleta.</strong></span> 
     </span>
    </p>
   </div>
   <div class='ocr_carea' id='block_1_112' title="bbox 2260 4981 3771 5067">
    <p class='ocr_par' dir='ltr' id='par_1_112' title="bbox 2260 4981 3771 5067">
     <span class='ocr_line' id='line_1_112' title="bbox 2260 4981 3771 5067; baseline -0.013 -19"><span class='ocrx_word' id='word_1_932' title='bbox 2260 5013 2380 5067; x_wconf 82' lang='lat' dir='ltr'><strong>qme</strong></span> <span class='ocrx_word' id='word_1_933' title='bbox 2418 4993 2680 5050; x_wconf 82' lang='lat' dir='ltr'><strong>Jeremias</strong></span> <span class='ocrx_word' id='word_1_934' title='bbox 2721 4991 2898 5046; x_wconf 87' lang='lat' dir='ltr'><strong>futura</strong></span> <span class='ocrx_word' id='word_1_935' title='bbox 2945 4990 3286 5060; x_wconf 69' lang='lat' dir='ltr'><strong>praedixerat.</strong></span> <span class='ocrx_word' id='word_1_936' title='bbox 3335 4985 3458 5040; x_wconf 90' lang='lat' dir='ltr'><strong>Sive</strong></span> <span class='ocrx_word' id='word_1_937' title='bbox 3501 4981 3580 5034; x_wconf 88' lang='lat' dir='ltr'><strong>hic</strong></span> <span class='ocrx_word' id='word_1_938' title='bbox 3621 4981 3771 5029; x_wconf 70' lang='lat' dir='ltr'><strong>sensus</strong></span> 
     </span>
    </p>
   </div>
   <div class='ocr_carea' id='block_1_113' title="bbox 2261 5068 3773 5155">
    <p class='ocr_par' dir='ltr' id='par_1_113' title="bbox 2261 5068 3773 5155">
     <span class='ocr_line' id='line_1_113' title="bbox 2261 5068 3773 5155; baseline -0.019 -11"><span class='ocrx_word' id='word_1_939' title='bbox 2261 5097 2342 5144; x_wconf 88' lang='lat' dir='ltr'><strong>est</strong></span> <span class='ocrx_word' id='word_1_940' title='bbox 2369 5106 2384 5142; x_wconf 86' lang='lat'><strong>:</strong></span> <span class='ocrx_word' id='word_1_941' title='bbox 2417 5086 2570 5142; x_wconf 85' lang='lat' dir='ltr'><strong>Sensi</strong></span> <span class='ocrx_word' id='word_1_942' title='bbox 2603 5085 2913 5155; x_wconf 83' lang='lat' dir='ltr'><strong>angustias,</strong></span> <span class='ocrx_word' id='word_1_943' title='bbox 2947 5081 3192 5137; x_wconf 88' lang='lat' dir='ltr'><strong>miserias</strong></span> <span class='ocrx_word' id='word_1_944' title='bbox 3220 5076 3412 5148; x_wconf 86' lang='lat' dir='ltr'><strong>pertuli</strong></span> <span class='ocrx_word' id='word_1_945' title='bbox 3443 5068 3604 5144; x_wconf 90' lang='lat' dir='ltr'><strong>populi</strong></span> <span class='ocrx_word' id='word_1_946' title='bbox 3631 5073 3773 5134; x_wconf 65' lang='lat' dir='ltr'><strong>perse&#39;</strong></span> 
     </span>
    </p>
   </div>
   <div class='ocr_carea' id='block_1_114' title="bbox 2260 5161 3769 5251">
    <p class='ocr_par' dir='ltr' id='par_1_114' title="bbox 2260 5161 3769 5251">
     <span class='ocr_line' id='line_1_114' title="bbox 2260 5161 3769 5251; baseline -0.021 -17"><span class='ocrx_word' id='word_1_947' title='bbox 2260 5178 2506 5251; x_wconf 66' lang='lat' dir='ltr'><strong>quentia,</strong></span> <span class='ocrx_word' id='word_1_948' title='bbox 2537 5188 2712 5232; x_wconf 90' lang='lat' dir='ltr'><strong>tamen</strong></span> <span class='ocrx_word' id='word_1_949' title='bbox 2743 5175 2958 5248; x_wconf 81' lang='lat' dir='ltr'><strong>gavisus</strong></span> <span class='ocrx_word' id='word_1_950' title='bbox 2995 5189 3132 5228; x_wconf 91' lang='lat' dir='ltr'><strong>sum.</strong></span> <span class='ocrx_word' id='word_1_951' title='bbox 3177 5171 3406 5241; x_wconf 83' lang='lat' dir='ltr'><strong>(0rig.)</strong></span> <span class='ocrx_word' id='word_1_952' title='bbox 3438 5167 3604 5220; x_wconf 84' lang='lat' dir='ltr'><strong>Potest</strong></span> <span class='ocrx_word' id='word_1_953' title='bbox 3625 5161 3769 5251; x_wconf 85' lang='lat' dir='ltr'><strong>autem</strong></span> 
     </span>
    </p>
   </div>
   <div class='ocr_carea' id='block_1_115' title="bbox 2257 5250 3748 5330">
    <p class='ocr_par' dir='ltr' id='par_1_115' title="bbox 2257 5250 3748 5330">
     <span class='ocr_line' id='line_1_115' title="bbox 2257 5250 3748 5330; baseline -0.017 -5"><span class='ocrx_word' id='word_1_954' title='bbox 2257 5250 2314 5325; x_wconf 86' lang='lat' dir='ltr'><strong>et</strong></span> <span class='ocrx_word' id='word_1_955' title='bbox 2357 5268 2604 5322; x_wconf 86' lang='lat' dir='ltr'><strong>Salvator</strong></span> <span class='ocrx_word' id='word_1_956' title='bbox 2630 5267 2743 5321; x_wconf 71' lang='lat' dir='ltr'><strong>ba‘c</strong></span> <span class='ocrx_word' id='word_1_957' title='bbox 2771 5265 2949 5319; x_wconf 89' lang='lat' dir='ltr'><strong>dicere</strong></span> <span class='ocrx_word' id='word_1_958' title='bbox 2978 5280 2991 5316; x_wconf 92' lang='lat'><strong>:</strong></span> <span class='ocrx_word' id='word_1_959' title='bbox 3028 5274 3194 5330; x_wconf 84' lang='lat' dir='ltr'><strong>usque.</strong></span> <span class='ocrx_word' id='word_1_960' title='bbox 3223 5258 3286 5312; x_wconf 88' lang='lat' dir='ltr'><strong>ad</strong></span> <span class='ocrx_word' id='word_1_961' title='bbox 3319 5267 3524 5310; x_wconf 89' lang='lat' dir='ltr'><strong>crucem</strong></span> <span class='ocrx_word' id='word_1_962' title='bbox 3563 5250 3748 5316; x_wconf 66' lang='lat' dir='ltr'><strong>perset&#39;“</strong></span> 
     </span>
    </p>
   </div>
   <div class='ocr_carea' id='block_1_116' title="bbox 2263 5331 3766 5426">
    <p class='ocr_par' dir='ltr' id='par_1_116' title="bbox 2263 5331 3766 5426">
     <span class='ocr_line' id='line_1_116' title="bbox 2263 5331 3766 5426; baseline -0.011 -14"><span class='ocrx_word' id='word_1_963' title='bbox 2263 5359 2459 5412; x_wconf 88' lang='lat' dir='ltr'><strong>tionem</strong></span> <span class='ocrx_word' id='word_1_964' title='bbox 2488 5371 2680 5426; x_wconf 90' lang='lat' dir='ltr'><strong>passus</strong></span> <span class='ocrx_word' id='word_1_965' title='bbox 2707 5369 2735 5408; x_wconf 86' lang='lat' dir='ltr'><strong>a</strong></span> <span class='ocrx_word' id='word_1_966' title='bbox 2767 5351 2984 5424; x_wconf 88' lang='lat' dir='ltr'><strong>populo,</strong></span> <span class='ocrx_word' id='word_1_967' title='bbox 3013 5365 3118 5404; x_wconf 90' lang='lat' dir='ltr'><strong>non</strong></span> <span class='ocrx_word' id='word_1_968' title='bbox 3147 5349 3198 5403; x_wconf 92' lang='lat' dir='ltr'><strong>in</strong></span> <span class='ocrx_word' id='word_1_969' title='bbox 3228 5342 3502 5417; x_wconf 88' lang='lat' dir='ltr'><strong>patientia.</strong></span> <span class='ocrx_word' id='word_1_970' title='bbox 3531 5331 3651 5426; x_wconf 64' lang='lat' dir='ltr'><strong>Quid</strong></span> <span class='ocrx_word' id='word_1_971' title='bbox 3676 5331 3766 5426; x_wconf 49' lang='grc' dir='ltr'><strong>σεξ</strong></span> 
     </span>
    </p>
   </div>
   <div class='ocr_carea' id='block_1_117' title="bbox 2261 5405 3770 5516">
    <p class='ocr_par' dir='ltr' id='par_1_117' title="bbox 2261 5405 3770 5516">
     <span class='ocr_line' id='line_1_117' title="bbox 2261 5405 3770 5516; baseline -0.018 -17"><span class='ocrx_word' id='word_1_972' title='bbox 2261 5446 2403 5516; x_wconf 85' lang='lat' dir='ltr'><strong>quod</strong></span> <span class='ocrx_word' id='word_1_973' title='bbox 2435 5405 2542 5508; x_wconf 61' lang='lat' dir='ltr'><strong>aii,</strong></span> <span class='ocrx_word' id='word_1_974' title='bbox 2577 5458 2678 5497; x_wconf 91' lang='lat' dir='ltr'><strong>non</strong></span> <span class='ocrx_word' id='word_1_975' title='bbox 2710 5441 2761 5496; x_wconf 90' lang='lat' dir='ltr'><strong>in</strong></span> <span class='ocrx_word' id='word_1_976' title='bbox 2789 5438 3090 5509; x_wconf 87' lang='lat' dir='ltr'><strong>patientia?</strong></span> <span class='ocrx_word' id='word_1_977' title='bbox 3119 5431 3459 5506; x_wconf 87' lang='lat' dir='ltr'><strong>Longanimis</strong></span> <span class='ocrx_word' id='word_1_978' title='bbox 3487 5419 3615 5479; x_wconf 89' lang='lat' dir='ltr'><strong>fuisti</strong></span> <span class='ocrx_word' id='word_1_979' title='bbox 3651 5405 3770 5516; x_wconf 53' lang='lat' dir='ltr'><strong>sem:i</strong></span> 
     </span>
    </p>
   </div>
   <div class='ocr_carea' id='block_1_118' title="bbox 2260 5497 3764 5609">
    <p class='ocr_par' dir='ltr' id='par_1_118' title="bbox 2260 5497 3764 5609">
     <span class='ocr_line' id='line_1_118' title="bbox 2260 5497 3764 5609; baseline 0.002 -22"><span class='ocrx_word' id='word_1_980' title='bbox 2380 5497 2541 5591; x_wconf 26' lang='lat' dir='ltr'><strong>&quot;huic,</strong></span> <span class='ocrx_word' id='word_1_981' title='bbox 2568 5532 2762 5605; x_wconf 85' lang='lat' dir='ltr'><strong>populo</strong></span> <span class='ocrx_word' id='word_1_982' title='bbox 2791 5497 3142 5602; x_wconf 73' lang='lat' dir='ltr'><strong>delinquenti.</strong></span> <span class='ocrx_word' id='word_1_983' title='bbox 3183 5497 3288 5582; x_wconf 66' lang='lat' dir='ltr'><strong>sed</strong></span> <span class='ocrx_word' id='word_1_984' title='bbox 3320 5535 3476 5592; x_wconf 73' lang='lat' dir='ltr'><strong>super</strong></span> <span class='ocrx_word' id='word_1_985' title='bbox 3501 5518 3618 5576; x_wconf 55' lang='lat' dir='ltr'><strong>hoc,</strong></span> <span class='ocrx_word' id='word_1_986' title='bbox 3652 5497 3764 5609; x_wconf 35' lang='lat'><strong>‘1“?!</strong></span> 
     </span>
    </p>
   </div>
   <div class='ocr_carea' id='block_1_119' title="bbox 2260 5587 3762 5684">
    <p class='ocr_par' dir='ltr' id='par_1_119' title="bbox 2260 5587 3762 5684">
     <span class='ocr_line' id='line_1_119' title="bbox 2260 5587 3762 5684; baseline -0.017 0"><span class='ocrx_word' id='word_1_987' title='bbox 2260 5587 2424 5684; x_wconf 55' lang='lat' dir='ltr'><strong>ctiam</strong></span> <span class='ocrx_word' id='word_1_988' title='bbox 2454 5629 2736 5683; x_wconf 88' lang='lat' dir='ltr'><strong>adversum</strong></span> <span class='ocrx_word' id='word_1_989' title='bbox 2767 5639 2850 5678; x_wconf 86' lang='lat' dir='ltr'><strong>me</strong></span> <span class='ocrx_word' id='word_1_990' title='bbox 2877 5635 3032 5677; x_wconf 87' lang='lat' dir='ltr'><strong>suam</strong></span> <span class='ocrx_word' id='word_1_991' title='bbox 3073 5617 3244 5674; x_wconf 81' lang='lat' dir='ltr'><strong>erexit</strong></span> <span class='ocrx_word' id='word_1_992' title='bbox 3285 5610 3651 5671; x_wconf 62' lang='lat' dir='ltr'><strong>temeritatem,</strong></span> <span class='ocrx_word' id='word_1_993' title='bbox 3681 5587 3762 5647; x_wconf 66' lang='grc' dir='ltr'>ηθίι</span> 
     </span>
    </p>
   </div>
  </div>
