4022 6186
311 282 419 333 933

1206 280 1569 338 EXPOSITIO
1609 284 1831 340 SUPER
1866 284 2229 341 JEilEMlAM.
2270 320 2338 328 —-
2376 290 2502 345 LIB.
2548 290 2655 346 ΥΠ.

3476 288 3580 346 954

303 406 431 446 esse
457 390 784 459 longanimis
825 409 837 441 :
870 399 926 443 et
956 404 1140 444 revera
1186 407 1292 444 non
1336 391 1438 446 luit
1475 395 1686 464 patiens
1738 396 1894 459 Deus.
1928 402 1971 459 Α
2002 397 2407 453 Prmvaluerunt
2447 404 2593 455 enim
2633 402 2722 470 qui
2768 403 3161 459 contristabant
3199 420 3319 469 me,
3351 413 3407 461 et
3434 403 3577 460 facta

307 486 370 540 Si
402 484 545 539 enim
575 484 892 539 consideres
920 494 1160 554 tempora
1194 488 1460 556 passionis
1516 490 1806 545 Dominicae
1846 502 1931 545 ct-

307 577 482 631 ruime
504 572 806 628 Jerusalem
828 615 841 638 ,
866 576 1083 644 quando
1110 577 1368 637 subversa
1395 588 1499 643 est,
1540 580 1749 634 videbis
1772 596 1902 649 quo-

313 665 475 721 tuodo
505 679 610 718 non
634 664 685 718 iu
711 664 973 733 patientia
1008 665 1209 721 abusus
1237 669 1308 721 sit
1335 668 1416 723 eis
1442 669 1600 723 Deus.
1627 671 1671 722 Δ
1710 672 1900 739 quinto

311 753 527 807 decimo
552 753 751 823 quippe
779 768 924 807 anno
963 754 1163 810 Tiberii
1203 756 1434 811 Caesaris
1462 773 1634 825 usque
1658 759 1725 812 ad
1773 760 1901 813 sub-

314 846 621 901 versionem
650 846 831 915 templi
863 858 1219 902 numerantur
1242 849 1367 903 anni
1389 850 1744 920 quadraginta
1772 851 1898 914 duo,

311 938 441 1007 quia
471 945 787 1007 oportuerat
817 937 1086 992 modicum
1118 939 1319 1008 aliquid
1358 941 1616 1008 temporis
1657 942 1707 994 in
1729 942 1894 1010 punii-

316 1029 544 1081 tentiam
576 1027 906 1096 derelinqui,
931 1037 1154 1098 propter
1177 1044 1271 1084 eos
1320 1030 1410 1098 qui
1437 1046 1533 1099 per
1557 1030 1709 1098 signa
1739 1041 1902 1101 atque

310 1124 566 1186 portenta
608 1116 971 1184 apostolorum
1018 1116 1276 1173 credituri
1322 1129 1497 1173 erant.
1530 1140 1547 1171 ι
1580 1120 1727 1174 Scito
1771 1137 1903 1191 quo-

313 1207 477 1261 modo
517 1206 699 1275 accepi
748 1217 970 1277 propter
991 1216 1045 1263 te
1089 1210 1438 1278 opprobrium
1481 1228 1511 1264 ιι
1555 1221 1905 1266 contemnen-

314 1298 463 1351 tibus
495 1311 774 1351 sermones
803 1306 941 1352 tuos.
976 1318 993 1348 ι
1020 1300 1199 1354 Potest
1222 1300 1356 1365 ﬁeri,
1385 1311 1443 1355 ut
1474 1303 1762 1370 prophetes
1789 1302 1903 1357 hmo

315 1387 466 1439 dicat
490 1427 505 1449 ,
543 1395 883 1457 contemptus
911 1404 940 1441 a
970 1388 1165 1458 populo
1196 1400 1482 1459 peccatore
1501 1432 1516 1453 ,
1550 1407 1708 1459 super
1742 1406 1900 1460 quem

315 1475 647 1544 pl“.t‘.di(::tb:tt
671 1489 757 1528 ea.
790 1476 879 1530 Ait
906 1477 1106 1546 quippe
1132 1488 1186 1531 et
1218 1479 1345 1533 alibi
1375 1497 1387 1530 :
1426 1498 1443 1530 ι
1479 1479 1756 1549 Complevi
1788 1481 1905 1535 dies

314 1580 470 1617 meos
497 1566 550 1618 in
581 1565 849 1619 irrisione.
887 1586 904 1618 ι
933 1567 1290 1635 Opprobrium
1318 1584 1449 1639 ergo
1492 1571 1695 1638 patitur
1721 1571 1789 1624 ab
1816 1570 1901 1625 bis

313 1657 409 1725 qui
445 1671 723 1711 sermones
768 1658 859 1713 Dei
901 1659 1089 1713 audire
1132 1669 1517 1724 contemnunt,
1559 1670 1613 1715 et
1649 1662 1906 1732 depreca-

314 1755 434 1809 tur,
465 1757 523 1800 ut
553 1748 644 1801 Dei
686 1748 879 1802 haheat
911 1750 1167 1804 auxilium
1201 1751 1386 1807 dicens
1413 1771 1425 1805 :
1460 1752 1608 1807 Scito
1635 1754 1905 1823 quomodo
1932 1740 1979 1799 Β

314 1840 623 1908 acceperim
648 1850 867 1910 propter
895 1851 948 1897 te
993 1844 1339 1912 opprobrium
1384 1863 1412 1900 a
1442 1847 1908 1902 contemnentibus

315 1943 601 1984 sermones
632 1938 782 1995 tuos,
812 1947 1127 1986 consunnua
1157 1950 1269 1989 eos.
1304 1936 1485 1991 Potest
1516 1946 1569 1991 et
1601 1939 1701 1991 hoc
1730 1938 1907 1993 dicere

316 2019 631 2087 prophetes,
664 2021 759 2074 sed
790 2023 962 2090 magis
991 2026 1244 2078 convenit
1276 2026 1541 2081 Salvatori
1563 2068 1577 2090 ,
1611 2038 1730 2097 post
1757 2028 1909 2095 cuius

313 2110 623 2179 passionem
644 2113 784 2166 venit
800 2116 1193 2169 consummatio
1206 2115 1584 2183 Jerusalem,et
1603 2121 1907 2176 interfectio

311 2204 497 2272 pepuli
513 2203 838 2259 Judmorum.
855 2207 1037 2262 Eterit
1065 2211 1194 2264 mihi
1222 2227 1400 2266 sermo
1419 2221 1542 2267 tuus
1565 2215 1617 2267 in
1642 2214 1903 2277 laetitiam,

314 2307 424 2346 non
461 2293 555 2357 ait,
594 2294 707 2358 list,
735 2299 849 2356 sed,
896 2296 1032 2351 Erit.
1063 2298 1120 2353 Si
1148 2301 1363 2368 quidem
1403 2304 1452 2356 in
1486 2308 1734 2373 prmseuti
1774 2318 1905 2363 tem-

312 2399 448 2452 pore
476 2399 741 2449 carceres,
774 2388 986 2449 exsilia,
1020 2392 1372 2446 contumelias
1391 2434 1405 2456 ,
1437 2409 1501 2449 ac
1530 2395 1743 2455 labores
1772 2402 1901 2456 mihi

314 2474 529 2528 tribuit.
564 2474 670 2529 Sel
701 2478 889 2531 borum
920 2480 1161 2534 omnium
1191 2482 1313 2537 ﬁnis
1339 2485 1442 2537 erit
1468 2487 1652 2541 laetitia
1674 2530 1688 2553 ,
1718 2500 1773 2544 et
1801 2493 1906 2545 erit

312 2577 499 2616 sermo
530 2574 652 2618 tuus
681 2566 809 2620 mihi
834 2567 886 2620 in
920 2567 1156 2623 laétitiau'i
1193 2581 1249 2625 et
1278 2575 1532 2642 gaudium
1562 2579 1745 2632 cordis
1776 2580 1901 2645 mei,

310 2654 441 2723 quia
478 2655 581 2708 invi
603 2669 782 2711 catum
813 2667 898 2712 est
928 2674 1120 2713 nomen
1154 2669 1304 2716 tuum
1334 2680 1494 2734 supra
1529 2681 1647 2732 me,
1681 2669 1904 2724 Domine

309 2746 677 2814 Omnipotens.
723 2748 897 2802 Etiam
933 2748 978 2803 si
1013 2750 1261 2806 Christus
1310 2755 1411 2808 hoc
1457 2755 1615 2821 dicit,
1661 2774 1765 2813 non
1804 2760 1903 2814 ab-

314 2836 506 2890 horret
544 2835 613 2889 ab
653 2837 964 2904 intellectu,
1007 2856 1201 2895 nomen
1245 2843 1444 2914 quippe
1473 2844 1649 2900 Patris
1678 2847 1900 2903 invoca-

316 2933 436 2979 tum
465 2935 548 2979 est
576 2943 740 2996 super
769 2943 913 2985 eum.

396 3033 415 3064 ι
456 3015 570 3069 Non
596 3018 708 3071 sedi
734 3017 785 3071 in
810 3018 1041 3073 concilio
1067 3019 1387 3086 ludentium,
1415 3034 1466 3079 et
1494 3024 1753 3095 gloriatus
1780 3043 1899 3082 sum

323 3124 342 3156 ι
382 3105 527 3177 (sive
559 3108 936 3180 metuebam),
980 3126 1010 3163 a
1043 3108 1182 3166 facie
1224 3128 1417 3169 manus
1459 3124 1600 3169 tum:
1635 3117 1780 3171 solus
1815 3133 1901 3172 se—
1924 3085 1972 3145 C

318 3218 339 3250 ι
379 3201 570 3253 dabam
590 3240 606 3263 ,
638 3200 890 3268 quoniam
922 3204 1283 3260 amaritudine
1316 3208 1527 3276 replesti
1574 3226 1677 3262 me.
1724 3211 1904 3277 Quare

319 3312 338 3342 ι
381 3290 556 3344 l'actus
596 3300 680 3346 est
718 3292 871 3346 dolor
916 3310 1072 3349 uicus
1113 3306 1401 3366 perpetuus
1440 3300 1585 3369 (sive
1614 3318 1781 3371 quare
1808 3303 1901 3373 qui

319 3401 341 3430 «ι
382 3385 710 3439 contristant
734 3400 820 3440 me
845 3385 1264 3461 confortaulur)
1295 3400 1347 3444 ct
1376 3393 1531 3461 plaga
1566 3409 1683 3447 nica
1717 3395 1903 3463 despc-

324 3492 341 3523 ι
384 3473 570 3528 rabilis
601 3476 779 3529 renuit
808 3479 988 3531 curari
1024 3477 1170 3549 (sive
1201 3480 1354 3551 plaga
1391 3498 1505 3536 mea
1540 3484 1693 3539 fortis
1713 3526 1729 3550 ,
1760 3486 1904 3541 unde

320 3585 339 3615 ι
378 3568 641 3637 curabor)
660 3569 682 3620 ?
703 3567 925 3623 Factum
946 3581 1030 3625 est
1052 3571 1179 3625 mihi
1207 3567 1357 3641 quasi
1381 3575 1715 3629 mendacium
1740 3592 1904 3646 aqua-

321 3674 344 3707 ε
382 3672 503 3710 rum
536 3658 829 3713 iuﬁdelimu
875 3659 1020 3731 (sive
1049 3662 1200 3731 quasi
1231 3678 1369 3733 aqua
1402 3665 1630 3719 mendax
1664 3682 1770 3720 non
1805 3669 1902 3722 ha-

320 3767 341 3801 ι
376 3749 512 3803 beus
543 3750 763 3822 ﬁdem).
797 3770 816 3802 ι
853 3750 977 3806 llzee
1011 3751 1219 3807 l-lcbrmi
1249 3768 1311 3806 ex
1346 3768 1572 3823 persona
1602 3748 1903 3811 Jerusalem

317 3839 426 3894 dici
457 3840 814 3905 arbitrantur,
860 3842 1004 3910 quod
1047 3841 1160 3897 sola
1207 3844 1409 3898 sederit
1444 3854 1499 3900 et
1538 3848 1904 3902 amaritudine

316 3929 521 4000 repleta
569 3931 660 3996 sit,
704 3940 759 3985 et
797 3932 974 3987 factus
1016 3932 1088 3986 sit
1130 3932 1282 3987 dolor
1322 3932 1437 4001 ejus
1480 3945 1789 4005 pergwtuus.
1840 3939 1903 3992 Et

315 4023 590 4092 quomodo
624 4037 778 4092 aqua:
819 4032 1236 4092 pertranscunt,
1282 4025 1362 4079 sic
1405 4027 1566 4080 verba
1613 4029 1903 4097 propheta-

314 4129 471 4178 rum,
520 4115 718 4183 quibus
758 4115 862 4169 sibi
900 4131 1159 4186 prospera
1201 4117 1595 4187 pollicebantur
1643 4122 1902 4177 transisse

316 4206 673 4261 mendaciter.
710 4206 903 4262 Melius
931 4219 1109 4262 autem
1129 4248 1146 4274 ,
1181 4220 1239 4264 ut
1269 4225 1335 4263 ex
1368 4227 1597 4281 persona
1628 4215 1902 4284 propheta:

318 4295 434 4349 luce
471 4293 578 4349 dici
616 4295 949 4366 accipiamus
975 4297 1059 4352 vel
1088 4312 1154 4351 ex
1185 4301 1527 4356 sermonibus
1557 4304 1728 4357 sancti
1764 4304 1898 4369 viri,

313 4386 408 4456 qui
442 4401 548 4440 non
578 4387 782 4442 sederit
808 4388 862 4442 in
890 4389 1152 4453 concilio,
1183 4390 1294 4445 sive
1327 4400 1535 4447 secreto
1568 4393 1863 4448 ludentimn
1884 4437 1899 4461 ,

312 4479 460 4549 quod
506 4478 748 4534 tinmerit
792 4480 1188 4549 impendentem
1219 4483 1319 4538 sibi
1364 4500 1578 4538 manum
1627 4486 1741 4553 Dei,
1789 4489 1904 4544 sive

312 4568 492 4639 magis
517 4568 778 4639 gloriatus
821 4570 894 4624 sit
930 4585 987 4625 se
1013 4571 1276 4625 nialorum
1308 4588 1414 4627 non
1448 4574 1650 4629 habere
1679 4592 1903 4631 consor-

314 4660 472 4715 tium.
507 4660 700 4725 Sblus,
734 4662 928 4731 inquit,
961 4664 1235 4725 sedebam,
1274 4666 1572 4720 secundum
1600 4667 1729 4721 illud
1759 4670 1903 4738 quod

311 4752 580 4822 scriptum
616 4760 701 4807 est
726 4765 745 4803 :
775 4771 792 4804 ι
824 4751 940 4807 Non
969 4754 1082 4808 sedi
1113 4769 1235 4807 cum
1268 4754 1498 4808 concilio
1526 4756 1816 4821 vanitatis,
1848 4767 1907 4813 et

312 4858 438 4899 cum
466 4843 650 4913 iniqua
678 4843 990 4916 gerentibus
1016 4861 1122 4899 non
1152 4846 1405 4901 introibo.
1438 4845 1590 4901 Odivi
1617 4849 1902 4906 ecclesiam

313 4934 759 5004 malignantium,
802 4944 857 4989 et
896 4950 1019 4991 cum
1065 4935 1267 5003 iniquis
1309 4950 1415 4990 non
1456 4935 1656 4990 sedebo
1699 4937 1719 5008 (
1752 4937 1900 4994 Ρεηί.

315 5028 489 5096 xxv).
520 5046 540 5077 ι
568 5026 633 5080 Et
664 5026 716 5080 in
752 5026 860 5081 alio
879 5025 998 5081 loco
1026 5045 1038 5079 :
1074 5047 1092 5077 ι
1128 5025 1415 5081 Solitarius
1448 5042 1567 5081 sum
1602 5043 1703 5096 ego
1734 5030 1905 5084 donec

316 5125 718 5186 pertranseam.
759 5115 803 5170 A
845 5115 1019 5181 facie,
1065 5116 1280 5187 inquit,
1325 5132 1519 5173 manus
1563 5127 1686 5181 tum,
1757 5119 1904 5175 solus

318 5206 574 5261 sedebam
612 5205 785 5275 (Psal.
816 5206 977 5273 (ιιι),
1021 5228 1041 5260 ι
1067 5208 1192 5262 dum
1219 5217 1270 5261 te
1306 5208 1502 5273 timeo,
1535 5209 1661 5263 dum
1698 5210 1905 5280 impen‘

316 5295 537 5349 dentem
566 5295 699 5350 mihi
730 5310 950 5351 manum
979 5305 1124 5351 tuam
1148 5312 1362 5366 semper
1385 5308 1661 5367 exspecto.
1692 5298 1749 5352 In
1779 5315 1906 5353 con-

316 5384 449 5439 cilio
494 5383 795 5441 ludentium
843 5386 1032 5443 sedere
1082 5388 1259 5453 uolui,
1303 5389 1398 5444 sed
1433 5406 1607 5445 meam
1644 5393 1905 5446 amaritua

321 5474 503 5529 dinem
548 5476 907 5541 devorabam,
957 5486 1013 5531 ut
1052 5478 1103 5533 in
1146 5478 1328 5533 futuro
1371 5480 1501 5534 mihi
1543 5496 1903 5551 praepararem

320 5567 599 5636 gaudium.
636 5567 743 5625 Nec
770 5568 932 5625 habui
968 5571 1244 5627 intervalla
1272 5572 1473 5626 doloris
1499 5573 1635 5638 mei,
1667 5575 1759 5628 sed
1790 5574 1907 5645 jugi

323 5657 543 5712 miseria
575 5659 942 5733 deprimebar,
969 5676 1025 5718 ut
1053 5662 1196 5716 nulla
1224 5673 1599 5734 exspectarem
1646 5669 1907 5723 remedia.

2002 498 2085 543 est
2122 490 2273 561 plaga
2314 506 2429 544 mea
2466 490 2640 545 fortis.
2685 490 2788 545 Sed
2832 492 2883 545 in
2923 493 3026 547 hoc
3058 493 3219 547 habui
3257 494 3577 550 consolatio-
3660 552 3663 553 ν

2001 596 2145 642 nem,
2179 581 2321 648 quod
2352 580 2512 633 fuerit
2540 581 2692 649 quasi
2716 596 2853 650 aqua
2885 582 3141 644 mendax,
3170 590 3334 650 atque.
3362 591 3584 653 praeter-

2003 668 2140 721 iens.
2195 668 2349 721 Sicut
2396 669 2541 721 enim
2589 683 2742 737 aqua:
2786 659 3345 738 praetereuntesdum
3382 669 3574 731 (luunt,

2003 759 2254 812 videntur
2280 768 2336 812 et
2367 759 2678 813 dilabuntur
2724 777 2738 810 :
2787 760 2865 814 sic
2906 769 2961 815 et
2997 762 3174 816 omnis
3209 760 3439 828 impetus
3480 759 3583 812 ini-

2004 850 2271 915 micorum
2299 858 2352 903 te
2379 848 2662 917 adjuvante
2686 850 2965 918 przeteriit.
2999 850 3193 922 (Θήῃ.)
3228 871 3245 902 ι
3284 849 3399 904 Non
3430 848 3580 913 sedi,

2004 940 2208 1008 inquit,
2252 940 2303 993 in
2349 939 2578 995 concilio
2618 939 2949 1003 ludentium,
2980 940 3074 995 sed
3102 941 3355 994 timebam
3385 956 3415 994 a
3446 939 3586 995 facie

2003 1046 2196 1085 manus
2217 1041 2339 1084 tum.
2371 1049 2388 1082 ι
2419 1030 2484 1084 Ει
2512 1030 2758 1084 Salvator
2781 1038 3089 1084 nosternon
3115 1031 3253 1084 sedit
3282 1031 3333 1084 in
3356 1030 3582 1084 concilio

2004 1119 2319 1185 ludentium,
2360 1122 2454 1175 sed
2486 1122 2785 1176 surrexisse
2823 1136 2881 1176 se
2916 1120 3139 1185 docens,
3175 1122 3249 1175 ait
3282 1139 3294 1174 :
3334 1140 3352 1171 ι
3391 1120 3582 1174 Dimit-

2005 1220 2151 1267 tetur
2206 1214 2360 1267 vobis
2427 1212 2620 1267 domus
2665 1220 2845 1267 vestra
2904 1212 3117 1266 deserta
3157 1210 3326 1280 (Luc.
3360 1211 3519 1278 xm).
3558 1230 3579 1259 ι

2006 1304 2240 1372 Reliquit
2272 1304 2416 1358 enim
2452 1319 2632 1359 sermo
2668 1303 2881 1357 divinus
2920 1302 3206 1356 concilium
3240 1300 3579 1362 Judmornm,

2005 1408 2062 1451 et
2115 1397 2261 1449 aliud
2313 1396 2415 1451 sibi
2465 1396 2753 1450 concilium
2804 1410 2869 1449 ex
2922 1394 3174 1464 gentibus
3219 1393 3582 1461 congregavit.

2007 1488 2160 1553 Quod
2202 1495 2382 1540 autem
2429 1486 2535 1551 ait,
2581 1485 2726 1540 solus
2773 1485 3025 1539 sedebam
3062 1501 3075 1537 :
3119 1491 3174 1538 et
3217 1484 3331 1552 ipse
3378 1492 3586 1539 tantum

2007 1577 2124 1631 sine
2158 1577 2497 1646 expositione
2529 1590 2707 1630 sermo
2749 1575 2980 1630 aediﬁcat
3022 1573 3319 1637 audientes,
3372 1573 3587 1643 quando

2006 1678 2090 1722 est
2122 1666 2409 1721 multitudo
2436 1667 2807 1736 peccantium,
2841 1680 2940 1719 nec
2970 1665 3202 1719 sustinet
3232 1674 3415 1716 secum
3440 1661 3587 1730 juste

2007 1759 2157 1829 pium
2204 1759 2406 1812 vivere.
2451 1756 2566 1810 Non
2599 1755 2853 1811 indecens
2884 1766 2969 1809 est
2999 1752 3185 1824 fugere
3215 1752 3587 1822 congregatio-

2010 1867 2106 1905 nes
2135 1865 2321 1905 eorum
2341 1888 2356 1913 ,
2389 1857 2444 1903 et
2474 1846 2672 1901 imitari
2710 1846 3026 1916 prophetam
3058 1843 3364 1912 loquentem
3392 1859 3403 1894 :
3427 1841 3587 1897 Solus

2009 1941 2258 1996 sedebam
2305 1958 2317 1991 :
2367 1937 2573 1993 Imitari
2617 1936 2789 1991 Etiam
2822 1933 3203 1989 miserabiliter
3248 1948 3586 2000 conqueren-

2009 2043 2114 2087 tem
2146 2030 2196 2103 (1
2207 2031 2230 2084 1
2241 2030 2266 2084 l
2298 2030 2418 2099 Reg.
2445 2028 2555 2099 xix)
2582 2043 2595 2081 :
2633 2027 2883 2089 Domine,
2912 2025 3204 2094 prophetas
3228 2033 3347 2077 tuos
3369 2023 3585 2078 occide-

2008 2133 2167 2186 runt,
2200 2122 2394 2176 altaria
2429 2129 2518 2173 tua
2561 2117 2934 2176 sut‘foderunt,
2975 2123 3031 2168 et
3072 2130 3172 2184 ego
3210 2114 3430 2168 relictus
3467 2128 3586 2167 sum

2006 2212 2186 2275 solus,
2229 2219 2282 2265 ct
2325 2220 2573 2278 quaerunt
2620 2206 2855 2261 animam
2898 2219 3075 2259 meam
3125 2204 3370 2272 accipere
3414 2202 3582 2256 illam.

2012 2322 2031 2353 ι
2072 2301 2251 2363 Solus,
2279 2300 2476 2369 inquit,
2508 2297 2781 2361 sedebam,
2813 2296 2938 2365 quia
2967 2294 3327 2348 amaritudine
3354 2293 3586 2363 repletus

2006 2404 2146 2443 smn.
2189 2409 2207 2439 ι
2252 2387 2310 2443 Si
2342 2396 2495 2441 arcta
2545 2394 2601 2440 et
2642 2393 2868 2455 angusta
2912 2383 2999 2437 via
3035 2394 3118 2438 est
3162 2398 3281 2453 quae
3329 2383 3478 2437 ducit
3519 2382 3586 2436 ad

2005 2481 2203 2536 vitam.
2236 2480 2451 2548 expedit
2483 2477 2577 2532 tibi
2607 2478 2676 2532 ab
2703 2475 2851 2530 oumi
2880 2473 3163 2529 dulcedine
3188 2474 3458 2528 recedenti
3480 2513 3495 2538 ,
3527 2482 3586 2527 ut

2006 2574 2364 2628 amaritudine
2412 2572 2464 2626 in
2504 2570 2756 2641 prteseuti
2786 2567 2982 2624 sarculo
3010 2566 3350 2637 complearis.
3386 2566 3451 2620 Et
3490 2580 3586 2618 no-

2006 2666 2257 2728 tandum,
2291 2664 2436 2733 quod
2463 2678 2566 2717 non
2607 2662 2682 2715 ait
2715 2677 2729 2715 :
2762 2659 3174 2715 amaritudinem
3210 2658 3449 2719 comedi,
3495 2657 3586 2712 sed

2005 2753 2370 2808 amaritudine
2397 2751 2636 2822 repletus
2678 2765 2796 2805 sum
2820 2789 2835 2813 ,
2881 2750 2982 2804 hoc
3010 2756 3094 2802 est
3125 2765 3138 2800 :
3172 2747 3227 2801 In
3260 2755 3468 2800 mutum
3499 2761 3587 2801 me

2002 2843 2182 2900 saeculi
2234 2843 2672 2914 persecutionum
2723 2841 2933 2909 pondus
2981 2838 3257 2903 incubuit,
3286 2848 3346 2891 ut
3386 2836 3582 2906 plenus

2000 2936 2364 2991 amaritudine
2414 2933 2616 2989 ﬁerem.
2683 2933 2897 2999 Quare,
2953 2931 3044 3001 qui
3109 2944 3197 2995 me
3257 2927 3587 2983 contristant

2005 3026 2381 3082 conl‘ortantur
2435 3025 2488 3078 in
2551 3023 2682 3078 me?
2719 3021 2881 3076 Multa
2948 3035 3138 3090 passus
3185 3028 3269 3073 est
3318 3017 3599 3073 Jeremiao

2004 3119 2072 3172 ab
2118 3118 2205 3172 his
2270 3117 2363 3185 qui
2419 3114 2703 3168 veritatem
2752 3111 2940 3165 audire
2983 3109 3256 3163 nolebant.
3316 3106 3389 3161 Et
3430 3116 3588 3163 erant

2004 3206 2096 3261 illo
2153 3206 2205 3259 in
2258 3206 2357 3258 hoc
2413 3202 2611 3258 sarculo
2665 3200 2972 3254 fortiores:
3030 3196 3287 3266 quoniam
3340 3209 3448 3251 non
3503 3204 3589 3251 est

2004 3312 2226 3369 regnum
2267 3296 2361 3350 Dei
2416 3295 2481 3350 de
2530 3292 2727 3349 saeculo
2778 3291 2929 3356 isto,
2978 3291 3072 3345 sed
3106 3289 3173 3344 de
3214 3287 3321 3342 alia
3350 3288 3588 3358 quadam

2005 3388 2222 3457 regione
2259 3384 2590 3448 viventium,
2647 3393 2709 3437 ut
2753 3378 2999 3436 Salvator
3048 3379 3125 3433 ait
3168 3378 3347 3451 (Joan.
3378 3375 3533 3449 xvui)
3570 3394 3585 3431 :

2010 3497 2029 3529 ι
2052 3477 2107 3531 Si
2140 3485 2286 3531 esset
2307 3477 2371 3531 de
2396 3476 2501 3529 hoc
2522 3472 2720 3529 mundo
2744 3486 2967 3543 mgnum
2993 3484 3192 3534 meum,
3221 3467 3459 3543 ministri
3482 3468 3592 3522 mei

2005 3568 2315 3623 laborarent
2349 3577 2408 3621 ut
2449 3582 2554 3620 non
2599 3565 2846 3619 traderer
2876 3561 3093 3616 Judzeis.
3147 3581 3167 3613 ι
3202 3559 3592 3614 Confortautur

2003 3658 2432 3727 ergoadversum
2454 3671 2599 3719 cum,
2624 3655 2677 3709 in
2698 3652 2898 3709 sarculo
2926 3653 3060 3708 isto:
3079 3659 3134 3706 et
3153 3650 3279 3721 quia
3297 3650 3478 3720 justus
3499 3649 3593 3705 dc-

2005 3747 2258 3802 billorest
2283 3763 2314 3802 a
2341 3745 2787 3817 persequentibus
2814 3759 2892 3808 se,
2910 3744 3032 3799 vide
3055 3750 3354 3812 martyrum
3380 3739 3587 3811 passio-

2004 3858 2119 3896 nes.
2156 3839 2327 3894 .ludex
2365 3841 2420 3893 in
2451 3840 2577 3893 altis
2603 3836 2961 3893 tribunalibus
2989 3835 3141 3889 sedet
3179 3832 3245 3887 ad
3281 3842 3513 3897 ructum,
3537 3844 3596 3886 et

2005 3932 2073 3984 ad
2120 3930 2340 3985 delicias
2362 3929 2659 3983 sententias
2682 3941 2940 3998 promens
2970 3942 2984 3978 :
3015 3923 3380 3987 Christianus,
3407 3923 3460 3976 in
3482 3937 3593 3992 quo

2005 4020 2256 4075 Christus
2310 4018 2537 4081 habitat,
2571 4018 2847 4088 iudicatur
2881 4015 3074 4086 plenus
3107 4013 3503 4078 amaritudine,
3529 4023 3587 4068 et

2005 4113 2072 4165 ad
2125 4120 2352 4165 mortem
2400 4125 2572 4179 usque
2618 4092 2933 4177 subjectus,
2984 4104 3303 4160 confortatis
3353 4104 3589 4159 inimicis

2005 4203 2119 4256 suis
2149 4202 2433 4256 adversum
2464 4216 2541 4255 se.
2574 4199 2888 4266 Quod'vero
2908 4198 2983 4251 ait
3014 4211 3029 4250 :
3062 4215 3078 4247 ι
3108 4196 3270 4266 Plaga
3290 4211 3407 4251 mea
3434 4196 3588 4250 ﬁrma

2005 4305 2110 4361 est,
2141 4317 2158 4348 ι
2190 4295 2349 4359 unde,
2380 4295 2491 4349 sive
2511 4295 2575 4348 de
2597 4306 2757 4347 crucc
2786 4290 2995 4346 Domini
3019 4289 3248 4353 dicatur,
3271 4289 3385 4343 sive
3414 4288 3480 4342 de
3505 4287 3596 4357 ju-

2007 4388 2106 4441 stis
2129 4428 2143 4452 ,
2175 4386 2286 4441 sive
2325 4384 2629 4455 specialiter
2657 4383 2721 4436 de
2749 4381 2982 4437 Jeremia
3025 4381 3258 4435 volueris
3307 4380 3588 4450 accipere,

2008 4494 2115 4532 non
2135 4475 2449 4530 abhorrebit
2468 4491 2497 4528 a
2520 4490 2700 4529 sensu.
2730 4490 2748 4523 ι
2772 4472 2930 4541 Plaga
2956 4486 3074 4526 mea
3098 4472 3250 4526 lirma
3274 4481 3373 4535 est,
3405 4492 3421 4525 ι
3449 4474 3593 4528 unde

2008 4550 2275 4627 sanabor?
2295 4568 2361 4622 Et
2377 4567 2624 4622 Salvator
2637 4574 2814 4636 potest
2830 4566 3029 4628 dicere,
3052 4584 3069 4616 ι
3100 4563 3254 4620 Unde
3273 4566 3511 4621 sanabor
3526 4566 3552 4619 ?
3570 4585 3589 4617 ι

2010 4662 2462 4720 resurrectionem
2518 4674 2672 4716 suam
2735 4669 2857 4730 post
2915 4657 3189 4713 clavorum
3264 4658 3593 4713 annuntians

2009 4753 2249 4809 vulnera.
2291 4750 2488 4824 (0rig.)
2520 4750 2816 4820 Etjustus,
2862 4749 2953 4820 qui
2997 4757 3120 4820 post
3165 4748 3350 4820 plagas
3393 4748 3591 4818 recipit

2010 4844 2320 4900 sanitatem.
2352 4842 2504 4905 Item,
2533 4842 2677 4912 quod
2703 4842 2780 4896 ait
2807 4859 2822 4896 :
2853 4857 2883 4896 a
2917 4841 3053 4896 facie
3096 4856 3290 4895 manus
3317 4849 3420 4895 tuae
3447 4839 3592 4895 solus

2013 4935 2263 4991 sedebam
2287 4974 2300 4999 ,
2340 4933 2593 5002 quoniam
2630 4933 3051 4988 comminatione
3080 4930 3298 5001 replesti
3346 4943 3452 4992 me,
3513 4929 3589 4982 ita

2011 5036 2187 5098 potest
2216 5026 2440 5096 intelligi
2482 5045 2495 5079 ε
2531 5025 2717 5081 Facies
2753 5026 2950 5096 quippe.
2981 5041 3184 5080 manus
3214 5022 3304 5076 Dei
3350 5029 3455 5085 est,
3500 5021 3588 5076 illa

2011 5116 2287 5186 percussio
2322 5114 2454 5183 justi
2477 5114 2665 5184 judicii
2690 5155 2706 5179 ,
2734 5130 2853 5185 qua:
2878 5114 3272 5184 superbientem
3317 5111 3589 5165 hom'nem

2014 5226 2042 5264 a
2070 5209 2321 5279 paradiso
2344 5208 2541 5277 repulit
2563 5204 2712 5277 (Cen.
2741 5206 2856 5279 ιιι),
2890 5216 2945 5260 et
2975 5206 3027 5259 in
3059 5204 3160 5257 hac
3186 5204 3431 5257 cmcitate
3452 5217 3590 5273 pra:-

2014 5301 2183 5357 sentis
2199 5299 2375 5354 exsilii
2398 5298 2645 5353 exclusit.
2663 5297 3021 5353 Comminatio
3032 5311 3160 5350 vero
3178 5294 3296 5363 ejus
3312 5303 3394 5349 est
3416 5305 3590 5352 terror

2006 5391 2183 5445 adhuc
2212 5389 2453 5458 supplicii
2483 5387 2786 5458 praesentis.
2822 5385 2951 5441 Post
2986 5385 3174 5441 faciem
3207 5386 3368 5456 igitur
3399 5401 3589 5441 manu-

2008 5480 2184 5537 adhuc
2211 5493 2308 5534 nos
2339 5478 2497 5533 mina:
2521 5478 2819 5533 terriﬁcant
2839 5516 2853 5541 ,
2880 5477 3004 5547 quia
3033 5490 3131 5547 per
3154 5477 3587 5547 experimentum

2003 5574 2186 5644 judicii
2250 5588 2348 5629 nos
2404 5587 2563 5641 poena
2609 5571 2893 5640 pnesentis
2938 5569 3110 5625 exsilii
3140 5569 3403 5639 perculit,
3451 5567 3589 5624 etsi
3652 5636 3659 5643 δ

2010 5682 2234 5739 peccare
2292 5680 2397 5720 non
2454 5663 2761 5721 desistimus
2818 5664 3034 5721 :cternis
3089 5663 3263 5719 adhuc
3314 5661 3587 5736 supplicits
