4022 6186
504 279 610 340 938
1142 274 1208 332 Β.
1247 272 1499 340 RABANI
1536 272 1755 330 MAURI
1791 268 2110 328 ARCHIEP.
2152 265 2460 325 HOGUNT.
2499 265 2782 324 Ol‘ERUBl
2815 265 3000 322 PARS
3036 264 3119 321 Ill.
3634 264 3723 321 956

503 389 728 450 addicit.
758 386 1048 461 '('Hieron.)
1075 385 1301 444 Utinam
1333 385 1594 442 Dominus
1617 394 1836 456 prtestct
1861 391 1917 438 et
1937 381 2091 436 nobis
2117 381 2169 443 Α
2195 380 2568 448 promissionis
2599 379 2872 434 restitutio
2908 388 3014 446 est,
3046 388 3104 433 ut
3141 379 3194 432 in
3237 377 3462 436 Actions
3492 377 3731 447 apostolo-

509 498 619 538 uou
659 481 853 538 sedere
903 477 956 532 in
1013 477 1245 533 concilio
1286 477 1584 530 ludentium
1651 484 1706 530 ct
1763 488 1948 528 eorum
1999 471 2091 541 qui

509 577 688 629 natura
713 584 819 623 non
845 567 1104 638 cogitant,
1131 581 1229 620 nec
1257 565 1506 621 adversis
1536 565 1764 628 credere,
1801 563 1896 619 sed
1947 577 2091 618 sem-

509 676 606 732 per
651 673 751 728 per
789 657 884 712 Dei
931 656 1256 711 sententiam
1286 655 1611 720 formidare,
1652 663 1708 709 et
1744 655 1924 710 dicere
1969 667 2092 708 cutn

511 751 781 821 Propheta
813 767 825 802 :
865 767 881 798 ι
929 747 1086 804 Solus
1124 747 1402 811 sedebam,
1435 749 1567 817 quia
1603 746 1965 802 amaritudine
2013 760 2096 799 re-

513 842 691 912 pletus
721 855 863 895 sum.
893 858 923 892 -ι
948 838 1208 912 Gaudeat
1243 838 1409 909 igitur
1441 839 1493 892 in
1511 839 1774 908 ,p—rtesenti
1814 847 2052 907 tempore
2077 873 2093 900 ,

521 947 865 1002 nequaquam
898 929 1180 985 consilium
1218 929 1538 999 sapientium
1589 937 1646 984 et
1677 943 1967 992 arcanum,
2013 942 2097 982 se-

524 1031 842 1094 cretumque
877 1021 1213 1076 ludentium.
1259 1020 1388 1075 Mihi
1413 1021 1710 1075 .adhaarcre
1745 1020 1853 1074 Dco
1897 1019 2098 1074 bonum

515 1115 616 1178 sit,
645 1128 863 1183 ponere
897 1111 965 1166 -in
1011 1111 1240 1166 Domino
1281 1111 1391 1166 Deo
1434 1126 1583 1181 spem
1631 1125 1834 1171 meam,
1865 1107 2099 1163 saturari

462 1267 467 1272 ι
514 1203 857 1274 opprobriis,
902 1210 958 1257 et
995 1199 1195 1270 judicis
1241 1202 1346 1256 mei
1391 1211 1707 1272 exspectare
1750 1200 2097 1256 sententiam.

515 1296 648 1363 Quae
676 1297 820 1349 cum
845 1293 968 1348 linis
997 1293 1317 1358 advenerit,
1357 1309 1521 1364 opere
1543 1293 2100 1350 monstrabitomncm

523 1388 796 1442 tristitiam
818 1427 834 1452 ,
863 1395 918 1440 et
947 1376 1369 1442 amaritudinem
1409 1385 1586 1442 instar
1632 1401 1895 1456 aquarum
1929 1385 2102 1441 liuen-

517 1481 654 1536 tium
703 1479 1015 1536 recessisse.

589 1592 618 1624 η
643 1572 886 1642 Propter
917 1571 1042 1637 hoc,
1065 1570 1195 1627 llaec
1235 1571 1368 1627 dicit
1400 1569 1698 1626 Dominus:
1731 1569 1790 1625 Si
1826 1579 2107 1626 converte-

514 1682 543 1712 4
585 1663 659 1716 nis
688 1669 1000 1716 convertam
1045 1669 1124 1727 te,
1154 1669 1210 1716 ot
1235 1671 1360 1716 ante
1383 1661 1580 1716 faciem
1614 1677 1790 1715 mnam
1818 1661 2008 1716 stabis.
2035 1661 2106 1716 Et

2195 486 2314 524 rum
2365 470 2503 541 (Act.
2537 469 2620 541 tu)
2651 470 2876 542 legimus
2900 484 3074 539 usque
3103 468 3170 523 ad
3201 477 3438 538 tempora
3468 467 3736 525 restitutio-

2194 561 2278 614 nis
2297 561 2562 626 omnium,
2589 575 2709 631 qua:
2739 559 2947 615 locutus
2965 567 3054 613 est
3081 559 3220 613 Deus
3247 573 3346 626 per
3365 572 3428 612 os
3454 567 3734 615 sanctorum

2192 651 2578 722 prophetarum
2605 665 2826 705 suorum
2856 649 2910 703 iu
2935 648 3155 704 Christo
3177 645 3326 702 Jesu.

2789 755 3020 813 CAPUT
3048 754 3189 810 XVI.

2195 846 2274 902 De
2321 849 2502 918 futura
2550 846 2850 902 calamitate
2899 845 3342 918 Juda'orumnle
3379 845 3564 916 papula
3606 843 3744 900 Citri-

2594 920 2764 972 sliuuo
2789 927 3000 971 venturo
3022 932 3090 970 ex
3115 916 3372 986 gentibus.

2271 1028 2290 1060 ε
2332 1009 2400 1063 Et
2430 1009 2630 1064 factum
2655 1017 2740 1063 est
2783 1008 3007 1062 verbum
3064 1007 3276 1061 Domini
3313 1006 3381 1060 ad
3404 1021 3510 1068 me,
3547 1007 3744 1059 dicens:

2203 1117 2223 1149 ς
2257 1097 2372 1152 Noli
2402 1099 2648 1168 accipere
2683 1111 2928 1162 uxorem,
2973 1105 3031 1151 et
3057 1111 3163 1152 non
3183 1095 3295 1152 sint
3335 1096 3430 1150 tibi
3463 1095 3552 1148 lilii
3577 1103 3626 1149 et
3646 1094 3750 1150 ﬁlia:

2205 1206 2222 1236 ε
2259 1187 2313 1240 in
2344 1185 2462 1242 loco
2484 1187 2625 1241 isto:
2655 1187 2782 1256 quia
2822 1186 2940 1241 btec
2981 1185 3114 1240 dicit
3142 1185 3429 1249 Dominus,
3459 1201 3612 1256 super
3633 1186 3752 1240 tilias

2206 1298 2224 1331 ς
2259 1287 2316 1334 et
2366 1279 2524 1344 filias,
2583 1296 2706 1349 qua:
2752 1287 3080 1351 generantur
3128 1278 3182 1332 in
3212 1277 3334 1332 loco
3363 1278 3487 1342 isto,
3529 1287 3583 1330 et
3614 1292 3754 1346 super

2165 1361 2175 1381 '
2207 1388 2226 1420 ε
2262 1377 2466 1424 matres
2489 1385 2700 1435 eorum,
2730 1384 2850 1438 qua:
2870 1379 3169 1438 genuerunt
3189 1382 3309 1434 etis,
3339 1376 3397 1422 et
3415 1382 3572 1438 super
3591 1379 3754 1438 patres

2205 1475 2228 1510 ι
2261 1473 2469 1524 eorum,
2504 1459 2571 1512 de
2594 1473 2824 1528 quorum
2862 1459 3030 1526 stirpe
3063 1467 3191 1512 sunt
3233 1457 3348 1512 nati
3379 1474 3394 1509 :
3423 1457 3478 1512 in
3509 1467 3644 1510 terra
3668 1457 3755 1511 hac

2203 1565 2229 1598 4
2263 1549 2530 1603 mortibus
2574 1549 2988 1620 aegrotationum
3035 1549 3362 1609 morientur.
3391 1564 3495 1603 non
3523 1549 3751 1620 plangeao

2212 1657 2233 1692 ι
2272 1648 2359 1694 tur
2379 1647 2435 1694 et
2471 1655 2577 1694 non
2608 1641 2976 1710 sepelientur:
3007 1641 3060 1695 in
3083 1641 3490 1710 Sterquilinium
3521 1657 3668 1711 super
3689 1639 3756 1694 fa-

525 1770 546 1801 .
583 1750 626 1805 si
678 1751 1014 1820 “araveris
1063 1724 1357 1820 μέριίοευηι
1391 1765 1422 1804 a
1465 1749 1575 1812 vi“,
1624 1750 1879 1820 ψειείθε
1923 1765 2101 1806 meum
2138 1724 2179 1783 Β
2213 1750 2232 1782 α
2267 1730 2404 1785 ciem
2435 1740 2594 1785 teme
2614 1741 2792 1795 erunt,
2821 1739 2876 1786 et
2906 1731 3082 1802 gladio
3105 1741 3160 1786 et
3193 1730 3342 1787 fame
3363 1741 3752 1786 constituentur:

525 1857 547 1890 ι
585 1839 715 1894 eris.
765 1839 1162 1914 Convertentur
1189 1841 1293 1910 ipsi
1326 1840 1410 1894 ad
1443 1847 1516 1904 te,
1547 1848 1604 1894 et
1633 1848 1688 1894 tu
1723 1855 1827 1895 uon
1879 1855 2106 1895 conver-

527 1946 548 1978 t
589 1928 719 1982 teris
745 1928 812 1982 ad
859 1942 972 1982 eos.
1006 1928 1072 1983 Et
1117 1928 1258 1983 dabo
1309 1937 1359 1982 te
1406 1927 1609 1998 populo
1659 1927 2102 1983 buic-iu-murum

529 2033 554 2070 ι
585 2031 796 2072 anteum
840 2014 1057 2082 fortem,
1087 2025 1143 2072 et
1165 2015 1444 2072 bellabunt
1473 2018 1762 2071 adversum
1791 2025 1862 2082 te,
1912 2023 1970 2072 et
1997 2031 2104 2070 non

525 2124 552 2158 ι
587 2105 977 2176 przevalcbunt,
1021 2106 1146 2178 quia
1188 2121 1288 2178 ego
1336 2115 1512 2162 tecum
1553 2121 1694 2172 sum,
1729 2115 1788 2160 ut
1813 2105 2021 2161 salvum
2057 2114 2108 2162 te

528 2218 551 2250 ι
590 2197 784 2253 iaciam
802 2215 823 2252 :
847 2205 914 2253 et
939 2211 1127 2252 eruam
1178 2205 1250 2263 te,
1301 2197 1431 2253 dicit
1459 2197 1720 2252 Dominus
1744 2215 1756 2252 :
1785 2207 1838 2252 et
1851 2195 2109 2252 liberabo

529 2309 552 2338 ι
589 2291 740 2343 te-de
779 2303 948 2342 oratiu
979 2287 1359 2357 pessimorum,
1396 2296 1452 2342 et
1483 2287 1742 2343 redimam
1770 2295 1823 2342 te
1851 2287 2110 2342 demanu

528 2399 554 2429 4
595 2377 815 2433 fortium
839 2379 966 2448 (sive
994 2377 1404 2448 pestilentium).
1443 2397 1462 2429 ι
1493 2376 1834 2433 Manifestum
1863 2385 1948 2432 est
1966 2375 2110 2447 quod

529 2468 812 2539 superiora
851 2483 1192 2538 nequaquam
1249 2466 1568 2534 Jerusalem,
1604 2469 1698 2524 sed
1731 2469 2002 2540 prapheta
2025 2469 2111 2524 di-

431 2567 439 2570 ”
534 2560 700 2616 xerit.
733 2560 832 2616 Cui
857 2558 1135 2630 respondit
1161 2559 1422 2616 Dominus
1447 2579 1460 2614 :
1493 2560 1550 2614 Si
1575 2560 1916 2616 con-verteris
1937 2576 1966 2614 a
1987 2573 2114 2630 pec-

537 2653 679 2709 catis
713 2651 988 2722 pepulum,
1019 2659 1074 2728 et
1105 2666 1208 2722 ego
1237 2652 1305 2706 de
1347 2651 1694 2708 tribulatione
1722 2660 2032 2708 convertam
2059 2658 2114 2706 te

540 2744 595 2800 in
621 2742 882 2809 laetitiam,
906 2751 962 2798 et
993 2743 1164 2798 stabis
1201 2751 1324 2798 ante
1370 2743 1566 2799 faciem
1609 2759 1804 2808 meam,
1851 2743 1990 2799 sicut
2018 2757 2116 2797 an-

530 2833 642 2906 geli
689 2841 836 2888 stant
890 2832 1264 2904 iuconspectu
1316 2831 1435 2899 Dei,
1465 2833 1705 2904 quotidie
1758 2832 2001 2888 videntes
2031 2831 2114 2887 fa-

530 2926 674 2981 ciem
715 2925 873 2980 illius.
915 2944 932 2976 ι
983 2924 1050 2980 Ει
1094 2925 1139 2979 si
1198 2924 1534 2994 separareris
1571 2923 1879 2994 pretiosum
1923 2938 1955 2977 a
1999 2922 2115 2988 vili,

529 3017 692 3087 quasi
713 3032 776 3072 os
807 3029 984 3070 meum
1021 3015 1150 3072 eris.
1185 3035 1204 3068 ι
1247 3015 1357 3070 Νω
1383 3024 1560 3086 putes,
1593 3015 1786 3086 inquit,
1817 3013 1942 3070 boni
1983 3029 2114 3085 ope-

2207 1841 2231 1874 ι
2265 1832 2322 1878 et
2352 1831 2512 1878 erant
2538 1823 2801 1878 cadavera
2834 1839 3020 1878 eorum
3049 1825 3102 1878 in
3129 1840 3315 1880 escam
3337 1823 3632 1878 volatilibus
3654 1821 3754 1878 cadi

2211 1932 2230 1964 ι
2260 1922 2320 1968 et
2343 1913 2532 1974 bestiis
2561 1921 2735 1969 terrae.
2776 1933 2794 1964 ι
2831 1913 3100 1986 (Iliorum)
3137 1914 3196 1970 Si
3229 1923 3477 1986 tempore
3505 1915 3756 1968 imminen-

2208 2005 2277 2060 tis
2301 2005 2630 2074 captivitatis
2679 2014 2891 2061 velatur
2932 2008 3190 2078 propheta
3221 2021 3451 2062 uxorem
3478 2005 3676 2066 ducere.
3701 2018 3756 2060 ne

2210 2095 2612 2152 tribulationem
2643 2097 2826 2152 carnis
2873 2097 3086 2157 habeat.
3110 2105 3167 2152 et
3205 2114 3374 2168 super
3399 2097 3623 2153 dolorem
3651 2110 3757 2167 pro-

2208 2187 2408 2256 prium,
2461 2187 2646 2242 uxoris
2693 2203 2906 2258 quoque
2936 2203 3000 2242 ac
3049 2179 3351 2243 liberorum
3404 2187 3628 2243 miseriis
3663 2195 3755 2240 tor-

2211 2286 2441 2348 queatur
2465 2295 2478 2330 :
2519 2286 2722 2348 quanto
2748 2279 2920 2348 magis
2947 2279 3238 2349 Apostolus
3263 2278 3420 2348 jubet
3447 2277 3496 2352 (Ι
3518 2277 3632 2332 Car.
3655 2279 3754 2345 vn),

2211 2368 2355 2438 quod
2375 2367 2748 2424 abbreviatum
2778 2377 2863 2424 est
2891 2376 3101 2438 tempus
3144 2377 3202 2424 et
3243 2369 3494 2424 innuiuet
3535 2383 3757 2426 consum-

2213 2463 2400 2527 matio,
2432 2462 2702 2528 utetiam,
2733 2461 2827 2533 qui
2874 2462 3074 2516 habent
3128 2475 3352 2526 uxores,
3387 2461 3464 2516 sic
3505 2461 3606 2516 sint
3630 2458 3756 2530 quasi

2213 2569 2319 2609 non
2349 2555 2604 2609 habeant.
2639 2553 2792 2610 Unde
2833 2553 3102 2624 superflua
3153 2553 3282 2608 novi
3344 2552 3576 2608 haeretici
3605 2563 3758 2620 repre-

2215 2646 2426 2712 hensio,
2457 2662 2562 2716 qua
2591 2645 2878 2702 docuimus
2927 2645 3214 2716 bigamiam
3263 2653 3323 2700 et
3350 2642 3640 2715 trigamiam
3669 2654 3756 2695 non

2201 2753 2280 2792 ex
2314 2737 2432 2807 lege
2485 2736 2829 2800 descendere,
2886 2737 2980 2792 sed
3010 2752 3077 2790 ex
3123 2735 3478 2808 indulgentia.
3527 2732 3758 2788 Aliodest

2217 2825 2360 2881 enim
2416 2823 2597 2880 facere
2655 2826 2797 2894 quod
2849 2840 2946 2896 per
2982 2841 3041 2881 se
3083 2826 3288 2880 bonum
3335 2825 3443 2880 sit:
3489 2823 3620 2877 aliud
3659 2821 3757 2875 ideo

2219 2915 2462 2979 concedi,
2493 2931 2560 2969 ne
2586 2913 2766 2986 pejora
2799 2915 2986 2970 facias.
3027 2915 3168 2970 Dicit
3187 2915 3338 2970 enim
3362 2924 3415 2968 et
3447 2914 3554 2984 ipse
3577 2924 3754 2974 musas,

2219 3019 2318 3060 cur
2353 3003 2484 3057 velit
2532 3003 2964 3059 adulescentulas
2997 3004 3188 3059 viduas
3242 3005 3473 3069 nubere,
3519 3001 3752 3056 inferens:

543 3067 691 3087 τίη-
718 3067 774 3072 -η
1027 3067 1148 3072 η-η-
1188 3067 1193 3068 κ
1247 3067 1266 3070 -
1301 3067 1354 3070 --
1383 3067 1560 3086 τηῂ.
1993 3067 2080 3085 τη
3461 3067 3468 3069 ἡ

534 3109 616 3163 ris
637 3124 744 3162 non
763 3122 894 3163 .esse
942 3109 1264 3173 mercedem,
1311 3107 1358 3162 si
1394 3115 1612 3162 sanctas
1645 3119 1898 3176 quosque
1941 3119 2113 3165 meos,
2142 3067 2187 3130 Ο
2223 3115 2242 3147 ι
2287 3094 2409 3153 lam
2435 3097 2578 3160 enim
2601 3097 3318 3165 quiedallleal‘umabicl'unl
3339 3106 3482 3152 "eu‘o
3497 3102 3606 3166 Ροδί
3631 3092 3758 3146 33“"

535 3197 603 3250 de
629 3209 857 3250 numero
882 3195 1223 3266 peccantium
1251 3195 1362 3249 tuis
1409 3194 1749 3250 sermonibus
1797 3207 2116 3264 segregave-

533 3288 635 3352 ris,
663 3287 775 3342 eris
800 3287 954 3356 quasi
985 3303 1048 3341 os
1090 3302 1294 3353 meum,
1343 3296 1399 3341 et
1427 3287 1563 3342 meis
1579 3287 1874 3357 praeceptis
1899 3285 2116 3356 cepula-

535 3375 703 3431 beris.
723 3376 1104 3432 Debuit-enim
1136 3377 1210 3432 illi
1240 3378 1541 3432 imitatores
1569 3377 1645 3432 tui
1663 3393 1812 3443 esse,
1841 3387 1896 3432 et
1925 3393 2028 3434 non
2057 3389 2115 3434 tu

529 3483 744 3523 eet-mu.
771 3467 891 3523 Nec
918 3469 1238 3525 reformides
1258 3478 1315 3524 et
1336 3469 1488 3526 dicas
1515 3489 1528 3525 :
1567 3491 1586 3523 ι
1621 3470 1801 3539 Quare
1836 3471 2012 3528 factus
2030 3480 2117 3528 est

530 3559 690 3613 dolor
717 3573 871 3613 meus
911 3567 1227 3629 perpetuus,
1281 3569 1337 3616 et
1362 3561 1516 3633 plaga
1568 3577 1688 3618 mea
1716 3563 1896 3630 fortis,
1947 3582 1968 3616 θ
2003 3565 2118 3621 sive

537 3651 910 3721 despcrabilis,
941 3663 1002 3708 ιιι
1033 3669 1118 3708 me
1168 3653 1448 3724 desperem
1507 3672 1666 3727 posge
1699 3658 1920 3713 curari?
1967 3659 2116 3714 Dabo

533 3741 682 3795 extim
712 3749 764 3796 te
797 3743 964 3812 .qnasi
1015 3759 1474 3801 tnuruurteneum
1523 3755 1687 3817 atque
1737 3749 2112 3815 fortissimum,

536 3839 808 3885 utcontra
853 3833 1220 3890 adversarium
1335 3836 1483 3891 omni
1531 3837 1755 3892 resistas
1805 3838 2021 3904 robore,
2061 3847 2118 3894 et

533 3939 630 3978 sue
665 3924 876 3980 habeas
907 3926 1233 3996 adiutorem,
1254 3935 1314 3982 et
1339 3927 1560 3984 liberem
1595 3937 1646 3984 te
1669 3929 1736 3984 de
1766 3945 1925 3984 manu
1951 3930 2119 4000 pessi-

535 4029 773 4079 mormu,
822 4015 937 4072 sive
961 4016 1328 4086 pestilentium
1346 4037 1369 4072 .:
1408 4027 1464 4074 et
1493 4020 1752 4075 redimam
1786 4028 1839 4076 te.
1887 4021 1970 4076 vel
1999 4036 2118 4075 meo

533 4105 818 4174 sanguine,
869 4106 951 4161 vel
1004 4107 1055 4160 in
1078 4109 1495 4176 pt-msentiarum
1525 4125 1648 4165 meo
1678 4111 1898 4165 auxilio.
1929 4109 2119 4165 Consi-

533 4192 787 4248 dcretnus
809 4202 1077 4264 quantam
1103 4196 1406 4251 mercedem
1429 4197 1628 4253 habeat
1653 4213 1834 4254 sermo
1859 4199 2115 4265 doctoris,

531 4283 580 4338 si
607 4284 840 4340 valuerit
859 4287 928 4340 ab
957 4302 1142 4342 errore
1177 4289 1486 4359 quempiam
1537 4288 1789 4355 liberare,
1829 4301 1886 4346 et
1905 4292 1970 4346 de
1989 4307 2119 4363 poc-

536 4376 777 4430 cantium
809 4393 1034 4433 numero
1084 4379 1332 4434 cduaere.
1354 4378 1564 4452 (θήῃ.)
1589 4381 1723 4436 Illud
1750 4363 1953 4448 autem,
1975 4385 2116 4454 quod

535 4462 594 4517 in
633 4464 736 4518 alia
790 4465 1143 4522 translatione
1187 4467 1385 4522 dicitur
1422 4467 1465 4524 si
1486 4485 1788 4526 conversus
1837 4471 2009 4528 fueris
2035 4487 2118 4527 re-

535 4552 756 4607 stituam
801 4563 880 4618 te,
913 4556 1124 4611 videtur
1155 4557 1284 4612 mihi
1311 4558 1566 4628 quiddam
1599 4561 1902 4632 signiticauc
1925 4572 2122 4634 mystc-

539 4641 604 4696 rii
627 4658 648 4694 :
675 4641 734 4696 in
769 4657 836 4697 eo
869 4645 1010 4712 quod
1064 4646 1160 4711 ait,
1196 4666 1218 4698 ι
1256 4648 1536 4704 restituam
1566 4659 1639 4705 te.
1668 4670 1693 4702 ο
1732 4651 1901 4708 Nemo
1921 4653 2119 4724 quippe

539 4733 747 4788 restitui
771 4743 968 4806 potest,
985 4737 1087 4791 nisi
1113 4737 1172 4792 in
1197 4753 1321 4794 eum
1350 4739 1553 4806 locum,
1580 4742 1722 4798 unde
1759 4754 1884 4798 ante
1909 4745 2117 4801 disces-

537 4832 724 4880 serat:
755 4833 967 4894 utpnta,
1011 4825 1056 4882 si
1112 4829 1414 4884 tnetttbrum
1461 4832 1707 4902 corporis
1744 4833 1850 4889 mei
1889 4834 2056 4890 fuerit
2084 4850 2118 4890 a

538 4932 800 4990 compage
830 4915 1190 4986 disiunctum,
1225 4921 1466 4976 medicus
1490 4921 1618 4978 illud
1649 4923 1702 4978 in
1725 4925 2014 4996 pristinum
2043 4925 2122 4982 lo—

537 5027 662 5068 cum
708 5004 994 5068 restituere
1029 5018 1276 5068 eonatur.
1329 5011 1386 5068 Si
1415 5011 1612 5082 aliquis
1659 5024 1940 5086 separatus
1959 5031 1991 5072 e
2019 5032 2116 5088 pa-

539 5105 642 5160 tria
671 5104 724 5160 in
750 5104 1000 5161 exsilium
1027 5104 1278 5171 mittitur,
1317 5112 1376 5160 et
1403 5114 1588 5176 postea
1610 5121 1710 5178 per
1735 5106 2118 5178 indulgentiam

535 5212 725 5256 eorum
756 5197 846 5268 qui
893 5205 1122 5268 possunt
1166 5195 1383 5252 exsules
1411 5197 1641 5264 solvere.
1690 5198 1932 5254 redditur
1959 5199 2122 5257 liber-

543 5287 656 5353 tati,
691 5291 831 5344 redit
856 5287 995 5343 unde
1033 5285 1207 5344 fuerat
1241 5287 1522 5358 expulsus.
1579 5287 1732 5346 Miles
1775 5304 1988 5360 quoque
2026 5291 2120 5347 ab-

537 5381 712 5448 iectus
732 5394 805 5434 ex
829 5379 1020 5436 ordine
1047 5394 1148 5434 suo
1186 5378 1498 5435 restituitur
1521 5378 1724 5446 ordini,
1754 5379 1801 5435 si
1847 5381 2121 5452 acceperit

541 5470 796 5526 veniam:
833 5470 904 5525 ita
949 5479 1006 5525 et
1027 5486 1172 5526 nunc
1199 5470 1400 5528 dicitur
1446 5471 1515 5527 ad
1545 5471 1775 5530 mortale
1825 5488 2015 5545 genus,
2065 5473 2120 5529 id

537 5570 643 5625 est,
690 5560 760 5616 ad
797 5576 898 5616 nos
945 5562 1214 5628 homines,
1244 5563 1396 5634 quia
1422 5563 1536 5620 Deo
1589 5563 1867 5622 fueramus
1901 5565 2117 5622 aversi:

543 5648 600 5706 Si
628 5651 873 5708 conversi
900 5650 1112 5710 fueritis
1136 5693 1153 5722 ,
1184 5654 1465 5713 restituam
1496 5672 1606 5714 vos.
1637 5656 1788 5716 Finis
1811 5658 2011 5732 quippe
2039 5672 2124 5716 rc-

2215 3205 2339 3244 uatn
2361 3189 2414 3261 (.1
2444 3189 2576 3243 Tim.
2599 3188 2653 3261 γι)
2681 3227 2694 3240 .
2719 3207 2738 3240 ι
2759 3187 3040 3258 Simulque
3050 3196 3356 3260 prteccplnr
3381 3184 3694 3244 continentiae
3715 3189 3760 3234 et

2205 3287 2490 3349 perpetua:
2533 3278 2823 3343 castitatis,
2885 3287 2938 3334 et
2990 3279 3252 3348 mqualem
3305 3294 3366 3335 se
3421 3277 3754 3348 blaSpbcmans

2216 3370 2349 3434 Deo,
2381 3369 2564 3424 laudat
2613 3379 2761 3424 terna
2805 3378 3178 3441 quateruaque
3226 3370 3480 3442 conjugia
3510 3386 3524 3422 :
3553 3377 3758 3437 quaeso

2217 3477 2323 3518 non
2353 3471 2462 3517 tam
2483 3461 2730 3534 conjugis
2756 3461 2957 3528 dicam,
2987 3477 3149 3532 quam
3203 3463 3548 3519 miseriarum
3573 3455 3753 3518 soliti!»

2216 3564 2586 3612 etestremam
2637 3557 2874 3612 tabulam
2921 3555 3355 3628 naufragiorum,
3391 3555 3491 3611 nisi
3531 3553 3654 3607 forte
3675 3547 3756 3602 tri-

2176 3652 2180 3656 ’
2223 3648 2342 3703 buit
2381 3648 2767 3718 indulgentiam
2823 3649 3176 3704 amazonibus
3209 3649 3349 3714 suis,
3406 3656 3474 3702 ut-
3515 3655 3671 3713 usque
3703 3637 3756 3692 ad

2220 3738 2548 3808 decrepitam
2589 3748 2924 3795 senectutem
2957 3739 3098 3795 bella
3129 3740 3414 3795 libidinum
3434 3737 3756 3808 experiantur.

2219 3826 2329 3883 Cur
2413 3837 2594 3883 autem
2645 3830 2916 3900 propheta
2977 3824 3230 3885 arc'eatur
3297 3845 3520 3885 uxorem
3565 3829 3758 3884 ducere.

2218 3935 2380 3976 causa
2417 3921 2707 3991 perspicua
2737 3932 2842 3988 est,
2878 3923 3020 3992 quod
3053 3923 3344 3978 obsidione
3381 3922 3569 3984 vicina,
3619 3913 3761 3988 pesti-

2215 4013 2406 4078 lentia,
2462 4023 2519 4069 et
2567 4013 2764 4084 gladio,
2821 4023 2878 4068 et
2921 4013 3080 4077 fame,
3135 4015 3376 4070 universi
3427 4011 3762 4068 intermanet

2218 4114 2405 4159 tantus
2458 4105 2530 4160 sit
2555 4121 2812 4161 numerus
2859 4107 3228 4172 morientium,
3263 4118 3328 4162 ut
3373 4105 3645 4177 sepultum
3666 4099 3761 4152 vin-

2220 4205 2378 4253 catur
2420 4194 2654 4250 ollicium
2681 4214 2696 4261 ;
2727 4196 2820 4250 sed
2843 4196 2902 4251 in
2949 4197 3347 4268 stcrquilinium
3393 4189 3760 4266 jaccantcadad

2225 4303 2353 4341 vera
2382 4287 2693 4342 volatilibus
2731 4288 3028 4358 bestiisque
3061 4288 3373 4344 laceranda.
3406 4289 3470 4342 Et
3489 4287 3582 4341 hoc
3600 4289 3761 4336 notana

2225 4378 2383 4448 dum,
2409 4377 2552 4446 quod
2599 4378 3041 4448 mgrotationihus
3081 4387 3136 4433 et
3181 4379 3340 4450 longa
3375 4375 3674 4432 inﬁrmitate
3697 4378 3761 4422 ta‘

2228 4469 2452 4523 ltescerc
2477 4468 2573 4524 Dei
2626 4469 2708 4523 ira
2761 4469 2850 4524 sit.
2901 4468 3055 4525 Unde
3080 4477 3135 4524 et
3157 4468 3344 4524 loram
3381 4469 3520 4522 filius
3542 4459 3762 4530 losapltai

2223 4559 2538 4616 inlirmitate
2581 4561 2924 4616 cottsumitur
2951 4561 3035 4634 (11
3064 4561 3195 4617 Par.
3230 4563 3387 4633 xm);
3418 4569 3472 4617 et
3513 4551 3762 4630 Apostolus

2221 4650 2378 4706 docet
2399 4659 2664 4719 aegrotare
2685 4666 2797 4714 eos,
2828 4661 2884 4707 et
2896 4651 3194 4717 tabescere,
3227 4661 3282 4708 et
3311 4651 3474 4717 mori,
3501 4649 3584 4721 qui
3605 4649 3758 4702 sancta

2219 4740 2472 4796 violarint
2500 4739 2552 4811 (1
2576 4739 2704 4796 Cor.
2737 4741 2835 4814 ιι).

2245 4847 2251 4858 ·
2297 4850 2316 4882 ι
2350 4829 2477 4887 llam
2521 4831 2666 4886 enim
2701 4831 2835 4888 dicit
2882 4831 3144 4888 Dominus
3179 4849 3196 4888 :
3227 4831 3306 4888 Ne
3353 4826 3656 4902 ingrediaris
3683 4821 3760 4878 do-

2228 4943 2247 4976 c
2285 4937 2432 4978 tuum
2469 4922 2724 4988 convivii,
2761 4938 2943 4994 neque
2970 4924 3140 4980 vadas
3156 4925 3230 4982 ad
3280 4921 3642 4996 plangendum,
3683 4926 3760 4970 ne-

2227 5033 2248 5066 c
2285 5029 2392 5084 que
2429 5013 2735 5070 consoleris
2774 5027 2891 5080 eos,
2945 5013 3069 5084 quia
3099 5014 3294 5071 abstuli
3346 5027 3528 5085 pacem
3556 5019 3709 5064 meam
3729 5015 3756 5054 ι

2227 5123 2247 5157 ι
2283 5103 2478 5174 populo
2506 5103 2635 5169 isto,
2685 5103 2819 5159 dicit
2847 5105 3130 5172 Dominus,
3153 5103 3574 5161 misericordiam
3595 5104 3648 5152 et
3668 5089 3760 5147 ntiJ

2227 5215 2246 5249 ι
2281 5193 2620 5250 set-stiones:
2651 5203 2707 5248 et
2731 5193 3033 5250 morientur
3063 5195 3296 5268 grandes
3323 5203 3380 5249 et
3395 5191 3542 5264 parvi
3565 5189 3613 5242 in
3638 5191 3756 5239 terra

2227 5306 2246 5340 ι
2282 5286 2407 5341 ista.
2440 5283 2557 5340 Non
2582 5283 2914 5355 sepelicntur
2946 5299 3124 5355 neque
3150 5285 3488 5358 plangentur,
3514 5287 3566 5335 et
3596 5288 3686 5330 non
3705 5278 3758 5323 se

2228 5399 2247 5432 ι
2281 5378 2540 5444 incident,
2569 5391 2744 5447 neque
2761 5375 3040 5432 calvitium
3065 5377 3158 5432 lict
3185 5391 3282 5449 pro
3299 5377 3398 5432 eis.
3425 5373 3492 5429 Et
3514 5384 3608 5426 non
3629 5363 3753 5420 frau-

2228 5490 2247 5524 ι
2282 5479 2410 5542 gent
2444 5469 2590 5526 inter
2615 5484 2710 5525 eos
2745 5467 2947 5536 lugenti
2977 5483 3176 5538 panem
3205 5467 3273 5524 ad
3297 5459 3656 5523 consolandum
3679 5464 3754 5542 ειιτ

2231 5583 2248 5616 ι
2284 5539 2383 5634 per
2410 5571 2681 5618 mortuum
2705 5578 2721 5616 :
2751 5569 2807 5615 et
2835 5573 2940 5616 non
2969 5559 3178 5618 dabunt
3198 5561 3279 5622 eis
3295 5569 3478 5632 potum
3514 5548 3675 5610 ealicis
3697 5539 3751 5596 ad

2229 5673 2248 5711 ι
2285 5655 2670 5716 consolandum
2697 5665 2863 5723 super
2895 5661 3052 5720 patre
3071 5668 3168 5711 suo
3193 5663 3247 5713 et
3275 5660 3461 5711 matur.
3489 5643 3748 5703 Ειιιοιιιυω
