4022 6186
332 285 448 341 937

1216 286 1580 347 EXPOSITIO
1620 288 1847 346 SUPER
1884 288 2252 345 JEREMIAM.
2295 324 2359 333 «ν-
2399 289 2521 345 LIB.
2562 287 2696 345 Vill.

3490 280 3593 338 938

338 416 360 448 ι
395 395 630 452 convivii
685 409 792 450 non
837 395 1175 467 ingredieris,
1222 404 1281 451 ut
1334 399 1527 454 sedeas
1573 414 1697 454 cum
1726 399 1829 465 eis,
1860 407 1916 453 et
1941 407 1991 465 Α
2023 424 2041 456 ι
2078 417 2186 458 non
2214 400 2600 457 custodierunt.
2634 399 2744 454 Sed
2792 406 2845 452 et
2897 412 2990 451 vos
3038 384 3190 468 pejus
3219 395 3423 467 operati
3459 395 3595 452 estis

339 507 361 542 ι
393 487 651 544 comedas
692 496 749 541 et
797 487 970 542 bibas.
1004 505 1021 538 ι
1066 487 1352 559 Apostolus
1400 496 1653 559 przecepit
1683 505 1806 545 eum
1832 489 1917 545 bis

330 580 429 651 qui
467 587 787 633 aversentur
818 577 1006 642 Deum,
1044 594 1143 643 nec
1170 578 1348 634 cibum
1403 580 1621 649 quidem
1668 594 1790 634 esse
1822 593 1917 632 su—

333 669 597 728 mendum
652 666 705 740 (I
728 666 849 720 Cor.
879 665 971 737 v);
1002 678 1058 720 et
1102 668 1351 739 amplius,
1382 688 1401 719 ‹
1436 666 1547 722 Nec
1577 680 1677 721 ave
1701 666 1916 736 quidem

334 761 654 834 huiusmodi
671 758 917 815 dixeritis
944 759 1032 832 (II
1056 759 1215 814 Joan.
1236 763 1342 833 10).
1363 780 1381 811 ›
1418 759 1485 814 Ει
1515 759 1762 815 Salvator
1792 770 1918 828 apo-

334 855 492 911 stolis
519 851 814 908 interdicit.
863 850 943 906 Ne
978 866 1302 921 quemquam
1328 851 1565 907 salutent
1598 851 1653 905 in
1680 851 1875 905 itinere
1896 889 1916 918 ,

336 943 492 1017 (Luc.
527 941 606 1015 x.)
633 941 789 998 Unde
825 948 881 996 et
924 941 1136 996 Eliseus
1177 942 1557 996 salutationem
1587 939 1828 1011 pergenti
1855 941 1923 993 ad

337 1036 643 1095 sanandum
675 1048 900 1105 puerum
927 1032 1079 1087 Giezi
1107 1033 1382 1089 interdicit
1404 1031 1455 1105 (Ι
1473 1030 1508 1085 γ
1530 1031 1657 1103 Reg.
1689 1030 1785 1102 iv).
1813 1030 1924 1084 Mo-

337 1126 419 1183 ris
443 1136 624 1180 autem
671 1132 754 1179 est
779 1123 1086 1194 lugentibus
1114 1122 1261 1179 ferre
1290 1123 1466 1187 cibos,
1513 1129 1568 1175 et
1614 1133 1922 1191 praeparare

336 1215 665 1279 convivium,
693 1229 811 1282 quae
833 1213 1007 1267 Graici
1031 1212 1330 1290 περίδειπνα
1353 1220 1568 1276 vocant,
1592 1221 1647 1267 et
1668 1227 1698 1264 a
1724 1210 1924 1265 nostris

338 1307 499 1378 vulgo
545 1305 884 1376 appellantur
927 1304 1244 1373 parentalia,
1296 1317 1360 1359 eo
1412 1304 1556 1373 quod
1607 1303 1925 1373 parentibus

332 1397 479 1469 iusta
531 1397 888 1452 celebrentur.
944 1379 1084 1449 Dicit
1131 1378 1187 1449 et
1218 1394 1344 1449 alibi
1378 1393 1661 1463 Scriptura
1694 1392 1878 1447 divina
1906 1409 1920 1445 :

342 1509 361 1540 ι
405 1489 543 1544 Date
568 1488 752 1542 vinum
780 1487 866 1541 bis
901 1486 992 1555 qui
1040 1486 1093 1540 in
1136 1486 1285 1547 luctu
1314 1493 1441 1541 sunt
1470 1484 1656 1557 (Prov.
1684 1482 1859 1554 xxxx),
1900 1500 1918 1535 ι

338 1588 400 1635 nt
439 1580 694 1635 videlicet
712 1578 1106 1634 obliviscantur
1147 1578 1365 1633 doloris.
1424 1576 1745 1647 Prmcipitur
1791 1590 1924 1647 ergo

338 1670 638 1743 prophetat,
667 1683 741 1724 ne
766 1668 932 1724 ullum
954 1666 1024 1723 de
1049 1667 1245 1738 populo
1272 1666 1603 1732 consoletur,
1633 1678 1702 1720 ne
1730 1680 1790 1720 se
1820 1664 1920 1718 mi-

338 1769 492 1816 sceat
547 1758 889 1813 inimicorum
939 1756 1034 1812 Dei
1090 1758 1378 1821 conviviis,
1408 1772 1477 1812 ue
1514 1757 1659 1827 justa
1690 1756 1926 1812 celebret

338 1866 506 1922 super
528 1848 809 1905 funeribus
853 1847 1248 1903 defunctorum.
1301 1846 1460 1903 Aliud
1493 1856 1577 1902 est
1603 1847 1749 1902 enim
1788 1845 1928 1900 mori

338 1941 755 2012 communilege
774 1948 1005 2005 natoue,
1039 1936 1185 1995 aliud
1212 1938 1307 1993 Dei
1340 1936 1604 1995 occidisse
1637 1938 1926 1993 sententia.

346 2055 365 2086 α
404 2033 640 2098 Abstuli,
680 2032 872 2102 inquit,
919 2045 1113 2101 pacem
1160 2045 1337 2085 meam
1371 2028 1620 2100 apopulo
1663 2029 1789 2093 isto,
1827 2047 1845 2080 ι
1877 2035 1934 2083 et

339 2127 709 2184 misericordia
725 2127 928 2198 indigni
942 2136 1088 2183 sunt.
1106 2116 1344 2197 nullique
1359 2126 1502 2181 aetati
1519 2140 1752 2196 parcam,
1771 2124 1864 2180 sed
1877 2133 1934 2179 et

339 2216 576 2286 grandes
593 2224 649 2271 et
682 2215 833 2285 parvi
878 2216 1084 2286 pariter
1114 2216 1437 2281 interibunt,
1470 2215 1544 2269 ita
1569 2222 1630 2269 ut
1657 2213 1933 2284 sepultura

340 2322 560 2378 quoque
603 2314 862 2361 careant:
895 2326 914 2359 ι
949 2305 1061 2362 Nec
1108 2322 1168 2363 se
1211 2306 1471 2371 incident,
1520 2306 1717 2377 inquit,
1754 2320 1933 2375 neque

340 2397 620 2454 calvitium
678 2399 770 2453 ﬁet
806 2414 903 2469 pro
935 2398 1032 2453 eis.
1074 2417 1091 2449 ι
1125 2397 1240 2454 Mos
1267 2398 1357 2453 hic
1383 2396 1485 2452 fuit
1515 2396 1657 2468 apud
1698 2405 1931 2460 veteres,

341 2496 402 2545 et
424 2504 595 2560 usque
620 2488 780 2545 hodie
830 2489 885 2543 in
912 2488 1235 2558 quibusdam
1281 2497 1563 2559 permanet
1598 2487 1932 2553 Judzcorum,

343 2589 407 2634 ut
435 2580 492 2635 in
520 2578 754 2635 luctibus
779 2580 1019 2634 incidant
1038 2579 1291 2646 lacertos,
1319 2587 1374 2633 et
1399 2578 1672 2635 calvitium
1714 2577 1932 2643 faciant,

340 2674 491 2745 quod
511 2673 679 2729 etiam
715 2670 815 2727 Job
844 2672 1036 2727 fecisse
1075 2673 1303 2744 legimus
1333 2671 1477 2744 (Job.
1509 2687 1526 2726 ι
1555 2682 1603 2726 et
1639 2669 1796 2742 xxn).
1823 2668 1934 2726 Un-

340 2765 415 2821 de
442 2772 499 2821 et
522 2762 797 2835 propheta
840 2763 1040 2819 dicitur
1070 2778 1140 2818 ne
1167 2764 1381 2834 frangat
1409 2762 1550 2817 inter
1572 2774 1668 2817 eos
1717 2768 1930 2830 panem,

346 2872 449 2910 nec
492 2854 829 2926 ingrediatur
879 2855 945 2910 ad
995 2854 1381 2910 consolandum
1432 2867 1531 2925 pro
1573 2859 1826 2907 mortuo:
1868 2866 1935 2905 ne

334 2957 537 3018 potum
586 2946 811 3012 tribuat,
855 2961 1033 3016 neque
1078 2947 1412 3016 ingrediatur
1439 2947 1658 3001 domum
1680 2941 1932 3005 convivii,

342 3047 403 3093 et
432 3054 504 3093 ne
532 3038 824 3093 misceatur
866 3036 968 3102 eis,
1021 3038 1112 3106 qui
1165 3037 1261 3093 Dei
1317 3037 1600 3093 sententiae
1642 3033 1931 3106 praeparati

2027 511 2046 544 ι
2080 482 2242 562 quam
2264 499 2450 561 patres
2469 490 2655 545 vestri.
2696 507 2715 540 ›
2745 487 2971 555 Quando
2998 487 3302 557 peccaverit
3330 486 3595 553 Ecclesia,

2021 579 2267 637 aufertur
2294 582 2361 635 de
2384 595 2447 635 ea
2470 592 2631 635 omne
2658 578 2911 648 gaudium
2934 589 2990 631 et
3015 577 3266 632 universa
3293 576 3498 642 laetitia,
3529 578 3596 632 de

2018 687 2128 742 qua
2156 669 2447 743 Apostolus
2496 669 2667 724 dicit:
2697 687 2713 719 ι
2763 668 3023 733 Gaudete,
3068 667 3264 721 iterum
3288 664 3432 729 dico,
3468 680 3600 735 gau-

2021 762 2143 817 dete
2174 759 2394 833 (Philip.
2422 759 2529 828 tv);
2572 774 2673 813 vox
2712 759 2894 827 sponsi
2923 766 2979 812 et
3002 774 3107 813 vox
3135 771 3367 826 sponsae,
3400 756 3464 810 de
3492 771 3597 826 quo

2022 852 2287 922 scriptum
2338 859 2464 906 est:
2501 869 2519 903 ε
2580 851 2680 916 Qui
2729 848 2893 903 habet
2935 863 3190 919 sponsam
3245 861 3473 916 sponsus
3517 853 3602 900 est

2022 944 2206 1015 (Joau.
2234 942 2339 1017 ιιι).
2385 962 2404 994 ι
2443 941 2501 997 Si
2527 951 2727 1006 autem,
2753 940 2947 1011 inquit,
2994 939 3405 1009 iuterrogaverit
3431 947 3483 994 te
3504 952 3601 1008 po-

2024 1036 2199 1107 pulus,
2227 1052 2325 1092 cur
2361 1037 2464 1091 ista
2490 1035 2747 1106 patiatur,
2799 1040 2855 1088 et
2887 1048 3081 1087 causas
3108 1031 3451 1087 miseriarum
3464 1044 3600 1085 sua-

2026 1142 2145 1181 rum
2191 1127 2489 1197 quatsierit,
2537 1123 2891 1195 respondebis
2942 1125 2991 1177 ei
3031 1140 3044 1176 :
3078 1142 3098 1173 ι
3135 1123 3271 1189 Quia
3302 1121 3604 1190 derelique-

2028 1226 2153 1273 runt
2203 1233 2292 1273 me
2342 1226 2525 1287 patres
2575 1214 2768 1281 vestri,
2815 1214 2894 1269 ait
2931 1213 3230 1276 Dominus;
3276 1231 3294 1263 ι
3329 1213 3419 1280 qui
3450 1211 3604 1265 vobis

2026 1316 2261 1377 praesunt
2289 1309 2344 1365 in
2373 1306 2630 1362 Ecclesiis
2672 1313 2728 1360 et
2755 1304 3003 1359 abierunt
3048 1296 3172 1374 post
3209 1304 3337 1358 deos
3357 1302 3562 1357 alienos
3588 1317 3601 1354 :

2026 1416 2253 1470 quorum
2285 1400 2428 1454 Deus
2453 1408 2640 1453 venter
2673 1404 2775 1461 est,
2824 1404 2880 1451 et
2908 1395 3160 1462 avaritia,
3205 1403 3260 1449 et
3288 1394 3523 1460 luxuria,
3551 1403 3608 1447 et

2026 1491 2197 1563 gloria
2231 1491 2283 1545 in
2313 1489 2629 1545 confusione
2650 1494 2865 1554 eurum,
2890 1494 2945 1542 et
2971 1488 3277 1543 servierunt
3302 1487 3403 1541 eis.
3430 1484 3477 1540 A
3499 1502 3607 1557 quo

2028 1583 2173 1638 enim
2202 1583 2324 1654 quis
2348 1582 2605 1640 vincitur.
2638 1579 2755 1652 ejus
2775 1588 2832 1635 et
2856 1594 3045 1635 servus
3073 1585 3177 1645 est,
3214 1595 3233 1630 ι
3266 1589 3321 1632 et
3347 1577 3606 1632 adorare-

2030 1681 2158 1726 runt
2185 1686 2280 1727 eos
2318 1689 2331 1725 :
2368 1689 2388 1723 ι
2419 1670 2610 1725 adorat
2638 1669 2783 1724 enim
2819 1667 3188 1737 unusquisque
3225 1666 3369 1737 quod
3404 1665 3600 1737 diligit.

1957 1780 2003 1841 Β
2036 1781 2055 1815 ε
2089 1763 2153 1819 Et
2175 1778 2260 1819 me
2282 1760 2704 1832 dereliqucrunt,
2729 1768 2789 1815 et
2804 1758 2977 1831 legem
2999 1773 3176 1814 meam
3203 1774 3313 1815 non
3335 1758 3608 1814 custodie-

2029 1861 2174 1907 runt.
2213 1871 2232 1905 ι
2264 1850 2619 1908 Sacerdotum
2645 1859 2730 1906 est
2758 1849 3039 1921 proprium
3066 1864 3173 1904 non
3200 1848 3374 1905 solum
3395 1848 3605 1910 docere,

2030 1945 2125 2002 sed
2153 1953 2210 2000 et
2234 1944 2414 1999 facere
2436 1943 2610 2015 legem
2640 1961 2654 1998 :
2687 1951 2749 1999 ut
2769 1958 3109 2012 nequaquam
3132 1941 3313 1998 verbis
3338 1940 3608 2009 subjectos

2031 2035 2131 2091 sibi
2172 2033 2398 2105 populos
2422 2041 2480 2087 et
2506 2032 2774 2088 creditum
2813 2047 3056 2105 gregem,
3092 2031 3185 2086 sed
3219 2028 3480 2099 exemplis
3507 2029 3606 2084 do-

2031 2133 2207 2181 ceant.
2233 2123 2313 2177 Ac
2334 2136 2404 2177 ne
2425 2120 2651 2176 forsitan
2674 2121 2918 2188 dicerent
2943 2138 2957 2173 :
2988 2120 3185 2191 iujusta
3210 2127 3293 2174 est
3317 2118 3609 2186 sententia,

2029 2220 2212 2291 patres
2226 2211 2511 2267 comedere
2530 2226 2689 2268 uvam
2705 2212 2978 2275 acerbam,
2996 2220 3051 2265 et
3064 2210 3251 2264 dentes
3268 2208 3499 2264 filiorum
3515 2209 3610 2264 ob-

2032 2311 2363 2373 stupescere,
2391 2299 2555 2357 infert
2589 2320 2602 2356 :
2639 2321 2659 2354 ι
2690 2300 2799 2357 Sed
2823 2310 2879 2357 et
2904 2316 3003 2356 vos
3034 2299 3186 2370 pejus
3215 2299 3424 2370 operatl
3455 2300 3612 2367 estis,

2030 2410 2194 2464 quam
2212 2403 2398 2466 patres
2413 2378 2607 2461 vestri,
2625 2416 2642 2447 ι
2664 2404 2723 2450 ιιι
2739 2409 2902 2465 super
2919 2394 3026 2459 bis,
3047 2394 3141 2467 qui
3163 2394 3408 2463 patribus
3426 2392 3613 2464 pejora

2030 2485 2374 2554 peccaverint
2393 2484 2539 2558 justa
2568 2486 2826 2557 supplicia
2858 2486 3187 2541 deferantur.

2104 2596 2124 2628 ι
2158 2576 2298 2632 Ecce
2321 2576 2465 2631 enim
2495 2577 2736 2635 ambulat
2760 2578 3126 2650 unusquisque
3148 2588 3271 2648 post
3292 2580 3613 2649 pravitatem

2039 2686 2055 2717 ‹
2093 2667 2275 2722 cordis
2312 2667 2398 2722 sui
2429 2667 2578 2733 mali,
2604 2677 2665 2724 ut
2695 2684 2781 2729 me
2806 2683 2915 2724 non
2946 2670 3147 2724 audiat.
3180 2669 3249 2726 Et
3274 2670 3488 2741 ejiciam
3518 2686 3615 2725 vos

2039 2776 2056 2807 ι
2094 2757 2159 2811 de
2190 2764 2335 2811 terra
2377 2758 2477 2813 bac
2520 2759 2575 2813 in
2626 2768 2846 2824 terram,
2891 2774 3053 2829 quam
3104 2760 3363 2830 ignoratis
3416 2775 3514 2815 vos
3557 2769 3613 2814 et

2038 2865 2055 2896 ‹
2090 2854 2275 2916 patres
2323 2840 2539 2902 vestri:
2585 2856 2642 2904 et
2686 2849 2933 2904 servietis
2983 2850 3055 2904 ibi
3088 2850 3203 2906 diis.
3224 2850 3416 2905 alienis
3439 2850 3524 2906 die
3548 2864 3614 2906 ac

2038 2957 2056 2987 ι
2094 2945 2274 3003 nocte,
2334 2939 2424 3009 qui
2499 2954 2607 2994 non
2661 2940 2867 2995 dabunt
2919 2942 3073 2996 vobis
3128 2942 3391 3012 requiem.
3435 2961 3453 2994 ι
3512 2940 3611 2997 Se-

2034 3027 2139 3082 mcl
2166 3028 2409 3083 derelicti
2456 3045 2487 3083 a
2521 3029 2764 3096 Domino,
2803 3030 3009 3086 faciunt
3031 3046 3094 3086 ea
3123 3047 3242 3101 qua:
3265 3048 3368 3086 non
3396 3048 3613 3104 compc-

347 3137 495 3184 sum.
531 3128 587 3184 Si
614 3136 793 3183 autem
826 3128 929 3182 hoc
953 3128 1020 3183 de
1044 3128 1351 3197 lugcmibus
1391 3127 1609 3191 dicitur,
1646 3125 1793 3196 quid
1840 3122 1933 3178 ﬁet
1958 3128 2003 3190 ρ
2035 3124 2171 3183 tunt,
2198 3126 2264 3171 ‘ut
2282 3119 2486 3172 vadant
2506 3127 2630 3187 post
2651 3119 2916 3174 desideria
2942 3122 3120 3175 cordis
3141 3114 3227 3176 sui
3256 3121 3402 3187 mali,
3430 3124 3615 3193 dequo

345 3218 418 3278 de
447 3218 735 3281 haereticis,
790 3232 1023 3287 quorum
1073 3233 1254 3274 sermo
1296 3217 1464 3287 serpit
1512 3225 1571 3271 ut
1620 3228 1840 3280 cancer,
1881 3221 1937 3269 et

348 3310 595 3379 quotidie
643 3320 988 3382 prosternunt
1029 3310 1084 3366 in
1143 3310 1384 3367 Ecclesia
1442 3310 1632 3366 funera
1686 3311 1936 3379 decepto-

355 3413 502 3453 rum.

333 3532 337 3537 .
427 3505 448 3537 ‹
484 3485 625 3553 Quia
644 3485 763 3543 haec
783 3487 913 3544 dicit
932 3487 1190 3543 Dominus
1212 3489 1542 3544 exercituum
1564 3487 1706 3542 Deus
1732 3486 1930 3542 Israel:

352 3594 373 3627 ι
413 3575 558 3631 Ecce
577 3591 679 3647 ego
711 3575 955 3633 auferam
979 3579 1047 3632 de
1083 3578 1200 3633 loco
1225 3579 1331 3633 isto
1359 3579 1411 3633 in
1439 3578 1610 3633 oculis
1639 3577 1853 3641 vestris,
1881 3584 1937 3632 et

352 3683 373 3716 ι
414 3664 471 3718 in
499 3663 692 3720 diebus
717 3666 916 3722 vestris
945 3680 1133 3721 vocem
1181 3666 1380 3736 gaudii,
1411 3675 1466 3722 et
1502 3681 1687 3723 vocem
1716 3665 1934 3730 laetitiae,

354 3773 375 3806 ι
415 3769 604 3809 vocem
629 3756 832 3826 sponsi,
862 3765 918 3812 et
939 3772 1128 3813 vocem
1151 3771 1381 3827 sponsa.
1406 3757 1616 3813 Etcum
1642 3758 1933 3812 annuntia-

357 3864 379 3897 ι
416 3846 561 3903 veris
613 3847 812 3917 populo
840 3848 965 3903 huic
1015 3848 1194 3906 omnia
1221 3850 1385 3905 verba
1432 3849 1566 3914 haec,
1618 3857 1675 3903 et
1702 3847 1938 3905 dixerint

356 3954 376 3985 ι
416 3933 512 3990 tibi
544 3951 559 3987 :
592 3934 776 4002 Quare
820 3936 1032 4013 loeutus
1059 3947 1145 3993 est
1175 3937 1437 3995 Dominus
1465 3951 1628 4007 super
1652 3952 1752 3991 nos
1776 3951 1935 3991 omne

358 4048 377 4079 ι
414 4026 618 4083 malum
670 4029 874 4099 grande
927 4031 1112 4086 istud?
1140 4031 1272 4098 Qua:
1319 4029 1576 4099 iniquitas
1634 4036 1838 4092 nostra,
1879 4034 1937 4082 et

353 4139 371 4167 ι
410 4118 556 4188 quod
602 4130 885 4190 peceatum
926 4131 1193 4189 nostrum,
1246 4120 1392 4193 quod
1446 4120 1788 4192 peccavimus
1824 4118 1932 4175 Do-

352 4231 373 4260 ι
405 4212 556 4267 mino
590 4212 702 4268 Deo
740 4217 973 4270 nostro?
1009 4215 1160 4272 dices
1200 4216 1266 4272 ad
1295 4232 1391 4273 eos
1420 4235 1433 4271 :
1467 4218 1601 4285 Quia
1627 4216 1931 4285 derelique-

352 4320 371 4349 ι
408 4311 539 4354 runt
582 4317 674 4356 me
718 4313 903 4373 patres
946 4306 1131 4372 vestri,
1176 4307 1256 4361 ait
1282 4306 1928 4363 Dominuszetabierunt

352 4412 368 4439 ι
406 4402 531 4462 post
558 4394 690 4449 deos
722 4396 949 4463 alienos,
1002 4407 1056 4452 et
1093 4400 1396 4455 servierunt
1448 4400 1551 4466 eis,
1581 4407 1636 4454 et
1673 4401 1933 4454 adorave~

2036 3217 2235 3264 exeunt
2262 3211 2616 3281 cogitationes
2665 3212 2915 3281 pessimae
2944 3231 2956 3265 :
2991 3221 3045 3267 et
3097 3212 3298 3269 ideirco
3337 3214 3403 3269 de
3432 3215 3617 3271 Eccle—

2036 3299 2116 3356 sia
2162 3310 2503 3371 separantur,
2554 3311 2612 3356 ut
2661 3302 2861 3356 vadant
2896 3302 2951 3357 in
2995 3313 3195 3358 terram
3246 3305 3616 3377 longinquam,

2038 3409 2200 3464 quam
2243 3409 2343 3449 nec
2371 3394 2474 3464 ipsi
2516 3409 2617 3449 nec
2665 3403 2846 3464 patres
2886 3409 3071 3450 eorum
3118 3407 3402 3461 noverant,
3436 3398 3616 3467 prius-

2038 3500 2199 3553 quam
2237 3493 2565 3554 peccarent:
2603 3495 2658 3539 ut
2694 3485 2766 3540 ibi
2816 3486 3056 3541 serviant
3107 3487 3210 3543 diis
3256 3487 3470 3555 alienis,
3521 3491 3614 3558 qui

2037 3590 2144 3630 non
2173 3574 2300 3629 sunt
2343 3574 2441 3641 dii,
2488 3576 2581 3630 sed
2632 3592 2818 3631 eorum
2866 3585 3126 3646 putantur
3152 3593 3358 3646 errore,
3394 3580 3487 3650 qui
3521 3596 3615 3634 eos

2037 3665 2238 3721 colunt.
2265 3667 2418 3733 Quod
2447 3676 2626 3720 autem
2658 3666 2856 3729 intulit,
2889 3667 2976 3722 die
3000 3683 3063 3722 ac
3089 3677 3268 3734 nocte,
3296 3679 3611 3739 perpetuam

2035 3756 2371 3828 peccantium
2400 3757 2636 3812 ostendit
2663 3758 2716 3811 in
2740 3757 2941 3812 scelere
2966 3761 3422 3827 perseverantiam
3450 3778 3462 3813 :
3488 3761 3614 3815 dum

2035 3856 2090 3905 et
2114 3850 2170 3904 in
2199 3849 2387 3905 diebus
2411 3848 2648 3920 ﬂagitiis,
2672 3860 2726 3904 et
2752 3850 2806 3903 in
2838 3851 3087 3906 noctibus
3116 3850 3322 3905 libidini
3348 3851 3610 3906 serviunt.

2041 3960 2060 3993 ι
2095 3941 2200 4008 Qui
2239 3957 2345 3995 non
2378 3942 2612 4007 dabunt,
2644 3942 2851 4011 inquit,
2896 3944 3047 3998 vobis
3089 3944 3348 4013 requiem.
3391 3962 3411 3996 ι
3460 3943 3615 3998 Haud

2019 4033 2254 4116 dubium
2282 4032 2413 4103 quin
2443 4032 2608 4088 falsos
2647 4033 2776 4088 deos
2798 4034 3085 4106 significet,
3119 4035 3407 4104 dequibus
3433 4032 3565 4091 dixit
3602 4055 3609 4083 :

2040 4146 2057 4177 ‹
2090 4124 2157 4180 Et
2178 4124 2427 4181 servietis
2455 4124 2526 4179 ibi
2554 4123 2659 4179 diis
2685 4122 2895 4179 alienis.
2927 4143 2945 4175 ι
2973 4123 3240 4194 Quidquid
3272 4138 3402 4195 ergo
3425 4139 3584 4194 pecc:.
3602 4156 3613 4161 »-

2034 4233 2179 4282 mus,
2200 4216 2463 4287 quidquid
2487 4216 2573 4272 die
2595 4223 2648 4271 et
2674 4212 2833 4271 nocte
2854 4214 3101 4281 facimus,
3126 4224 3181 4269 et
3202 4214 3466 4270 malorum
3484 4232 3555 4285 op
3582 4242 3613 4254 ·-

2034 4322 2154 4361 rum
2176 4317 2572 4377 perpetramus,
2592 4306 2876 4375 imperium
2902 4316 2985 4362 est
3005 4307 3331 4372 dzemouum,
3353 4305 3447 4379 qui
3475 4323 3562 4360 nm
3602 4337 3609 4340 ~

2030 4412 2195 4468 quam
2218 4398 2374 4453 nobis
2395 4397 2525 4451 dant
2542 4399 2803 4465 requiem,
2822 4398 2916 4452 sed
2943 4412 3158 4467 seraper
3179 4396 3459 4466 impellunt
3481 4395 3561 4451 dei
3593 4423 3609 4432 -

350 4502 365 4529 ο
409 4492 538 4536 runt
587 4496 704 4550 eos,
731 4494 789 4541 et
832 4501 921 4542 me
968 4486 1396 4558 dereliquerunt,
1424 4497 1479 4543 et
1533 4490 1704 4560 legem
1757 4504 1931 4543 meam
1960 4483 2010 4541 D
2037 4489 2140 4543 etis
2176 4502 2371 4557 augere
2398 4485 2613 4547 delicta,
2641 4494 2696 4539 et
2723 4486 2996 4539 cumulum
3039 4484 3218 4541 facere
3244 4493 3551 4554 peccaturus

1010 4658 1341 4669 _-—.—...

1554 4784 1849 4862 unua
1909 4746 2408 4868 OCTAVUS.

417 5103 546 5161 Pius
570 5113 629 5158 et
670 5102 981 5158 misericors
1028 5102 1306 5168 Dominus,
1336 5102 1517 5173 justus
1541 5111 1596 5157 et
1624 5118 1803 5169 verus,
1834 5119 1927 5175 pa-

343 5202 488 5254 tiens
510 5204 567 5252 et
596 5196 826 5251 multum
853 5197 1178 5260 misericors,
1227 5197 1408 5251 sciens
1459 5195 1801 5267 fragilitatem
1830 5198 1928 5251 lm-

344 5290 492 5345 mani
524 5289 758 5359 generis,
799 5296 856 5341 et
879 5287 1295 5341 mutabilitatem
1333 5286 1533 5341 terreni
1566 5286 1765 5352 cordis,
1798 5296 1929 5343 tem-

344 5395 476 5450 pora
538 5380 731 5435 miscet
780 5379 1136 5448 temporibus,
1190 5378 1552 5435 blandimenta
1610 5380 1926 5446 terroribus,

345 5471 479 5523 dura
508 5467 739 5533 levibus,
765 5476 820 5522 et
869 5468 989 5521 laeta
1037 5468 1283 5523 tristibus
1313 5469 1605 5524 interserit.
1650 5469 1801 5526 Unde
1831 5471 1929 5525 ali—

341 5566 564 5628 quando
634 5563 1011 5631 peccatoribus
1070 5563 1310 5619 minatur
1365 5580 1585 5635 pinnas;
1638 5566 1927 5635 aliquando

343 5672 471 5712 tero
496 5656 709 5711 aﬂlirtis
730 5658 997 5727 promittit
1031 5658 1299 5712 solatium.
1331 5658 1464 5713 lliuc
1492 5668 1595 5721 est,
1630 5660 1771 5728 quod
1796 5676 1918 5727 cum

788 5774 1021 5829 νινε-κω
1045 5816 1057 5827 .
1098 5772 1239 5831 (ῑχι

2034 5108 2323 5177 peccatrici
2353 5106 2550 5163 ludicre
2594 5107 2851 5164 Dominus
2890 5122 2986 5178 per
3015 5105 3322 5175 prophetam
3360 5105 3415 5158 in
3463 5113 3615 5162 ante-

2040 5197 2272 5252 rioribus
2296 5198 2569 5252 mandavit
2596 5198 2807 5253 dicens:
2832 5198 3001 5252 «Ecce
3024 5211 3124 5265 ego
3143 5194 3381 5248 auferam
3409 5195 3475 5251 de
3491 5194 3613 5251 loco

2038 5291 2227 5345 istoin
2266 5290 2447 5344 oculis
2499 5291 2713 5355 vestris,
2742 5291 2881 5344 etin
2927 5289 3116 5343 diebus
3168 5287 3363 5343 vestris
3421 5302 3610 5345 vocent

2038 5385 2237 5456 gaudii,
2270 5393 2323 5437 ct
2376 5399 2559 5438 vocem
2616 5384 2831 5444 lmtitim,
2876 5394 3058 5436 vocem
3087 5382 3289 5452 sponsi,
3340 5390 3395 5436 et
3421 5399 3609 5438 vocent

2038 5490 2268 5546 sponsze,
2296 5482 2423 5535 etc.,
2445 5496 2464 5528 ι
2500 5477 2840 5544 postmodum
2868 5474 3249 5531 consolationis
3272 5477 3433 5531 verba
3463 5477 3612 5533 addi.

2035 5570 2113 5631 dit.
2142 5586 2155 5621 :
2188 5583 2255 5621 ne
2281 5566 2417 5623 forte
2444 5567 2486 5620 si
2528 5582 2740 5636 semper
2783 5570 2862 5623 cis
2893 5569 3026 5622 dura
3059 5568 3361 5635 mandaret,
3383 5577 3439 5623 et
3468 5585 3608 5623 nun-

2031 5674 2191 5728 quam
2223 5657 2360 5713 lenia
2388 5658 2800 5723 intermisceret,
2828 5658 2880 5711 in
2909 5658 3336 5723 (imperatiOItt‘ttt
3361 5673 3454 5713 eos
3478 5658 3605 5712 mit-

3104 5778 3181 5827 3U
