4022 6186
435 315 542 372 959

1032 300 1096 357 Β.
1140 298 1390 357 RABANI
1432 297 1650 358 MAURI
1684 298 2003 358 ARCHIEP.

2120 297 2353 360 )GllNT.
2375 291 2663 360 OPERUH
2701 299 2881 364 PARS
2899 299 2998 368 ΠΙ.

3597 307 3708 366 ΜΟ

417 426 592 481 teret.
625 425 680 472 et
707 429 924 472 omnem
950 430 1102 486 spem
1157 414 1349 472 salutis
1377 414 1482 471 illis
1515 415 1784 485 auferret;
1810 415 2014 471 idcirco
2043 419 2089 479 Α
2119 429 2325 481 eorum,
2377 423 2433 472 et
2462 417 2529 471 de
2561 415 2789 474 collibus
2837 416 3100 474 bonorum
3147 432 3398 488 operum,
3423 430 3482 478 et
3503 423 3575 480 de
3612 440 3705 482 οε.

430 519 578 564 nunc
604 505 853 576 sequitur
883 523 896 559 :

507 665 532 702 ι
561 646 854 718 Propterea
898 660 1028 702 ecce
1065 645 1180 702 dies
1219 644 1455 711 venient,
1491 644 1624 700 dicit
1641 641 1931 709 Dominus,
1956 648 2018 698 'et

439 759 460 794 ι
495 755 601 796 non
623 738 833 794 dicetur
853 736 1031 790 ultra:
1058 727 1202 790 Vivit
1227 735 1506 798 Dominus,
1541 734 1633 805 qui
1662 733 1848 792 eduxit
1878 732 2016 789 ﬁlios

439 851 464 884 ‹
495 829 661 888 lsracl
686 828 753 884 de
781 837 926 882 terra
977 825 1230 896 Egypti;
1259 825 1377 890 sed,
1437 824 1582 881 Vivit
1609 823 1892 888 Dominus,
1923 823 2016 894 qui

441 941 460 974 ι
497 919 686 976 eduxit
707 917 849 972 filios
876 915 1041 970 lsrael
1073 915 1140 970 de
1183 921 1326 969 terra
1376 912 1682 983 Aquilonis,
1709 923 1766 970 et
1801 913 1868 968 de
1894 912 2018 966 uni-

434 1029 458 1062 ι
495 1009 667 1066 versis
699 1006 880 1071 terris,
929 1005 996 1060 ad
1040 1019 1174 1074 quas
1201 1004 1336 1076 eieci
1365 1019 1478 1066 eos,
1521 1010 1579 1058 et
1624 1003 1882 1060 reducam
1925 1018 2019 1058 eos

437 1119 458 1153 ο
490 1100 544 1156 in
597 1108 799 1156 terram
850 1111 1028 1162 suam,
1055 1110 1218 1164 quam
1274 1091 1396 1149 dedi
1446 1095 1691 1163 patribus
1740 1108 1953 1150 eorum.
1995 1111 2012 1144 ι

433 1187 707 1264 (Hier-on.)
749 1185 1035 1242 Manifesta
1085 1183 1265 1240 futura
1314 1183 1496 1255 populi
1536 1182 1702 1240 Israel
1747 1181 2019 1239 restitutio

410 1279 784 1353 ,prmdicitur:
817 1285 872 1332 et
905 1283 1028 1346 post
1056 1275 1430 1344 captivitatem
1476 1272 1874 1336 misericordia,
1897 1284 2021 1341 qum

431 1369 584 1442 juxta
625 1367 877 1424 litteram‘
909 1366 1010 1422 sub
1061 1363 1382 1428 Zorobabel,
1416 1372 1472 1420 et
1495 1361 1622 1420 Jesu
1660 1362 1936 1434 pontiﬁce,
1967 1369 2022 1416 ct

435 1465 572 1520 Ezra
623 1477 694 1518 ex
742 1467 897 1532 parte
939 1457 1221 1530 completa:
1259 1465 1342 1514 est
1369 1475 1382 1510 :
1408 1457 1565 1528 juxta
1609 1455 2022 1528 intelligentiam

433 1552 729 1626 spiritalem
762 1551 944 1623 verius
973 1559 1136 1621 atque
1180 1547 1478 1620 perfectius
1523 1548 1582 1602 in
1607 1546 1824 1602 Christo
1866 1560 2021 1601 com-

430 1647 578 1718 pleta
609 1643 952 1702 describitur.
999 1640 1213 1704 Veniet,
1269 1640 1468 1710 inquit,
1522 1646 1756 1709 tempus,
1807 1636 2025 1708 quando
2126 1636 2703 1718 ῗξῗζιξ-ΖυνξῖξωΎῗ
2732 1636 3470 1718 Ρυξζξψξξῗξξπνῗξ

1959 1727 2025 1782 de
2055 1765 2098 1782 n
2126 1697 2396 1768 recepturi
2454 1698 2562 1753 siut
2631 1704 2685 1752 et.
2755 1696 2918 1752 bona.
2977 1697 3044 1752 lli
3091 1707 3313 1762 autem,
3380 1699 3471 1770 qui
3520 1710 3714 1770 postea

2054 1765 2099 1824 Β
2129 1786 2492 1846 transferendi
2521 1799 2668 1853 sunt,
2702 1788 3214 1844 contaminaverunt
3263 1799 3464 1846 terram
3493 1789 3712 1847 Domini

433 1749 772 1808 nequaquam
816 1733 1046 1800 dicetur,
1074 1731 1217 1802 quod
1277 1730 1502 1804 populus
1533 1730 1784 1802 reduetus
1841 1728 1916 1784 sit

432 1831 674 1904 Egypto
694 1844 791 1901 per
821 1827 1040 1900 Moysen
1062 1836 1118 1881 et
1144 1824 1328 1880 Aaron
1353 1843 1368 1878 :
1394 1825 1489 1880 sed
1512 1823 1766 1880 reductus
1785 1821 1852 1876 de
1869 1829 2020 1877 terra

431 1921 736 1993 Aquilonis,
763 1919 903 1992 Cyro
933 1931 1059 1987 rege
1087 1916 1374 1973 Persarum
1421 1913 1638 1972 laxante
1663 1913 1925 1984 captivos.
1955 1911 2022 1966 Et

437 2014 507 2074 de
531 2013 822 2076 universis,
861 2009 1056 2081 inquit,
1105 2009 1288 2074 terris,
1315 2009 1458 2078 quod
1508 2019 1852 2077 nequaquam
1893 2002 2020 2076 Cyri

435 2115 701 2178 tempore,
731 2103 825 2159 sed
861 2101 1054 2159 ultimo
1091 2100 1198 2158 fine
1240 2099 1600 2170 contplebitur
1627 2099 1844 2154 dicente
1878 2097 2021 2166 Apo-

417 2200 574 2257 stolo
601 2217 614 2254 :
652 2219 670 2248 ι
707 2197 999 2267 Postquam
1029 2195 1421 2250 subintraverit
1444 2191 1723 2263 plenitudo
1753 2192 2018 2261 gentium,

433 2301 566 2349 tunc
597 2290 775 2348 omnis
798 2288 966 2345 israel
1003 2287 1186 2342 salvus
1215 2288 1310 2342 ﬁet
1337 2285 1510 2358 (Rom.
1541 2283 1642 2357 ιιι).
1675 2303 1694 2336 ι
1726 2283 2020 2340 Possumus

434 2385 540 2441 hoc
566 2391 626 2440 et
667 2363 734 2436 de
771 2378 1406 2453 persecutionibus,qu:e
1427 2383 1616 2431 nostro
1646 2374 1894 2430 accidere
1918 2385 2020 2444 po-

430 2471 562 2544 pulo
609 2485 641 2526 a
666 2471 860 2528 diebus
889 2468 1144 2532 Neronis,
1175 2467 1241 2524 de
1293 2480 1404 2537 quo
1434 2465 1632 2522 scribit
1681 2464 2014 2546 Apostolus:

437 2585 460 2618 ι
496 2565 562 2620 Et
611 2563 874 2618 liberatus
923 2575 1042 2618 sum
1106 2559 1174 2614 de
1225 2573 1322 2614 ore
1355 2556 1529 2615 leonis
1567 2555 1656 2629 (11
1691 2555 1826 2612 Tim.
1850 2555 1947 2627 tv),
1995 2574 2014 2608 ι

429 2668 610 2726 omne
646 2653 713 2708 ad
755 2650 1030 2706 Maximini
1082 2650 1326 2721 tempera
1373 2649 1574 2704 dicere.
1607 2647 1886 2716 Quomodo
1915 2647 2020 2703 Do-

435 2741 619 2800 minus
645 2741 902 2798 misertus
932 2739 1004 2795 sit
1035 2739 1232 2810 populo
1259 2754 1358 2796 suo
1393 2746 1450 2794 et
1477 2740 1689 2795 reduxit
1713 2754 1812 2794 eos
1833 2739 1885 2794 in
1913 2747 2017 2795 ter-

437 2847 557 2889 ram
602 2845 794 2888 suam:
837 2829 982 2886 haud
1010 2829 1232 2886 dubium
1270 2831 1401 2901 quin
1429 2831 1484 2886 in
1510 2830 1832 2895 Ecclesium,
1856 2845 2018 2901 quam

431 2930 587 2988 dedit
621 2928 868 3002 patribus
903 2941 1092 2984 eorum
1131 2927 1390 2998 apostolis
1425 2937 1481 2984 et
1513 2926 1825 2998 apostolicis
1863 2927 2016 2984 viris.

515 3081 536 3118 ι
581 3061 720 3120 Ecce
745 3077 844 3136 ego
893 3063 1104 3120 mittam
1155 3064 1455 3136 piscatores
1485 3065 1704 3130 multos,
1755 3065 1884 3121 dicit
1913 3065 2019 3122 Do-

442 3177 464 3211 c
501 3157 700 3221 minus,
740 3163 796 3211 et
839 3155 1194 3228 piscabuutur
1221 3171 1316 3212 eos
1347 3173 1360 3210 :
1391 3163 1448 3211 et
1490 3165 1613 3227 post
1668 3158 1783 3212 lure
1809 3158 2018 3212 mittam

441 3266 465 3301 ι
499 3248 578 3303 eis
609 3245 805 3302 multos
843 3253 1151 3312 venatores,
1193 3256 1250 3301 et
1274 3248 1616 3302 venabuntur
1651 3263 1746 3303 eos
1771 3249 1835 3304 de
1873 3247 2019 3304 omni

433 3356 464 3393 ι
503 3347 705 3403 monte,
728 3336 871 3392 etde
895 3337 1043 3392 omni
1079 3337 1234 3402 colle,
1263 3345 1319 3392 ct
1353 3337 1420 3393 de
1450 3341 1698 3394 cavernis
1720 3346 2018 3408 petrartun,

443 3445 467 3484 ι
500 3428 626 3499 quia
653 3426 794 3484 oculi
819 3427 923 3482 mei
947 3441 1110 3498 super
1140 3441 1330 3483 omnes
1355 3429 1472 3484 vias
1509 3443 1720 3487 eorum.
1752 3428 1870 3484 Non
1895 3438 2022 3486 sunt

443 3537 467 3573 ι
500 3518 814 3574 abscondita
845 3531 908 3572 ea
939 3531 970 3572 a
997 3515 1136 3572 facie
1165 3532 1309 3584 mea,
1334 3527 1388 3572 et
1417 3533 1525 3573 non
1555 3517 1654 3574 fuit
1685 3519 1896 3574 occulta
1921 3519 2023 3590 ini-

416 3633 463 3664 ·«
499 3612 678 3683 quitus
723 3625 910 3665 eertum
937 3608 1006 3663 ab
1034 3609 1208 3664 oculis
1254 3610 1409 3666 meis.
1443 3609 1750 3666 Etrcddam
1788 3611 2020 3680 primum

444 3721 465 3754 ι
498 3701 739 3774 duplices
764 3703 1077 3775 iniquitates
1099 3711 1154 3757 et
1187 3711 1406 3774 peccata
1432 3717 1640 3769 eorum,
1665 3703 1794 3773 quia
1839 3737 1844 3744 ι
1894 3717 2022 3759 (ξοη-

423 3812 467 3848 4
505 3795 904 3850 taminavcruut
957 3805 1154 3850 terram
1213 3803 1390 3848 meam
1428 3793 1482 3846 in
1519 3793 1820 3848 morticinis
1849 3793 2040 3858 idolo-5

429 3902 469 3938 .r
507 3899 626 3940 rum
657 3899 898 3952 suorum,
927 3893 985 3942 et
1014 3883 1508 3940 abominationibus
1533 3884 1644 3940 suis
1667 3883 2024 3954 impleverunt

443 3991 468 4029 ί
503 3975 873 4032 Ιιωνριιίῑςιῑοηι
922 3991 1118 4030 meam.
1160 3993 1178 4024 ι
1214 3973 1430 4028 Diversa
1486 3970 1646 4042 hujus
1672 3973 1892 4048 capituli
1941 3973 2024 4030 in-

425 4055 760 4140 terpretatio
815 4075 898 4123 est
941 4066 1154 4122 :Judaci
1205 4067 1348 4122 enim
1395 4074 1680 4122 autumant
1727 4065 2023 4136 significari

441 4153 746 4226 Challzeos,
785 4161 876 4231 qui
925 4159 1028 4215 sub
1083 4159 1418 4230 piscatorum
1449 4159 1666 4214 nomine
1701 4159 2022 4214 describun-

441 4259 552 4318 tur,
599 4258 656 4306 et
699 4257 884 4322 postea
917 4251 1210 4314 Romanos,
1265 4250 1354 4318 qui
1409 4249 1757 4304 venatoribus
1805 4263 2018 4319 compa-

434 4348 652 4406 rantur,
687 4348 741 4394 ct
766 4339 830 4393 de
865 4341 1138 4396 montibus
1177 4337 1530 4411 collibusque,
1562 4347 1618 4396 et
1643 4339 1892 4395 cavernis
1923 4355 2022 4411 pc-

443 4437 672 4494 trarum,
705 4429 972 4486 infelicem
1001 4431 1256 4502 populant
1289 4439 1417 4486 sunt
1462 4431 1659 4488 venali.
1704 4431 1816 4486 lloc
1837 4439 2017 4489 autem

443 4518 705 4576 Dominus
738 4521 928 4578 fecisse
981 4538 1039 4578 se
1067 4523 1198 4578 dicit
1228 4542 1240 4579 :
1273 4523 1400 4594 quia
1433 4523 1734 4594 respexerit
1780 4523 1894 4578 vias
1923 4539 2018 4580 eo-

446 4623 586 4673 rum,
613 4618 669 4663 et
694 4611 982 4666 reddiderit
1011 4613 1340 4682 iniquitates,
1389 4613 1586 4684 quibus
1613 4613 2020 4667 contmuinave-

443 4705 570 4752 rant
607 4705 834 4764 terram,
873 4700 1162 4756 simulacra
1209 4709 1555 4767 venerantes,
1581 4710 1637 4756 et
1667 4699 2022 4756 abominatio-

443 4788 603 4844 uibus
627 4787 891 4844 idolorum
922 4791 1224 4860 polluerant
1265 4791 1632 4848 bmreditatem
1659 4789 1796 4860 ejus.
1841 4789 2023 4852 Nostri

443 4891 625 4938 autem
656 4881 860 4937 rectius
893 4891 947 4936 et
977 4881 1170 4937 melius
1197 4884 1311 4939 haec
1361 4885 1428 4939 de
1461 4882 1643 4938 futuro
1669 4882 2020 4938 vaticinatum

440 4973 759 5044 prophetam
791 4980 1000 5043 putant.
1029 4971 1165 5041 Quia
1195 4973 1338 5030 enim
1370 4990 1533 5046 supra
1557 4975 1804 5030 dixerat:
1838 4974 2020 5029 Redu-

444 5081 564 5122 cam
606 5079 702 5122 eos
735 5064 790 5120 in
831 5075 1031 5120 terram
1085 5081 1260 5132 suam,
1297 5082 1458 5137 quam
1490 5067 1610 5122 dedi
1639 5066 1883 5137 patribus
1926 5081 2020 5121 eo-

446 5171 609 5221 rum;
637 5170 779 5221 nunc
801 5156 1059 5222 ostendit,
1087 5157 1357 5226 quomodo
1381 5157 1668 5212 reducendi
1697 5166 1841 5222 Sunt,
1877 5157 2022 5226 quod

443 5247 676 5315 primum
735 5247 917 5303 mittat
967 5247 1255 5318 apostolos,
1304 5248 1501 5318 quibus
1554 5246 1802 5303 Salvator
1838 5247 2015 5302 dixit:

453 5354 470 5386 ι
515 5335 706 5396 Venite
726 5347 845 5410 post
874 5354 984 5406 me,
1004 5348 1061 5395 et
1081 5338 1270 5396 faciam
1292 5353 1389 5395 vos
1419 5338 1716 5409 piscatores
1743 5339 2018 5397 hominum

449 5423 672 5495 (Manli.
713 5426 833 5498 Iv);
873 5447 892 5480 ι
931 5439 986 5485 et
1013 5438 1204 5500 postea
1236 5439 1541 5495 venatores,
1570 5445 1706 5499 quos
1734 5429 1815 5485 vel
1851 5429 2026 5485 eccle-

451 5513 696 5571 siasticos
745 5519 908 5584 viros,
942 5521 1024 5576 vel
1079 5521 1296 5593 angelos
1327 5537 1613 5591 possumus
1635 5523 1901 5592 accipere,
1931 5523 2022 5594 qui

451 5611 1228 5676 postquamconatuumationis
1256 5620 1468 5682 tempus
1491 5612 1792 5678 advenerit,
1825 5627 2024 5668 venen-

453 5703 542 5746 tur
565 5705 784 5751 sauctos
810 5711 1051 5768 quosque
1084 5700 1150 5754 de
1189 5702 1463 5756 montibus
1509 5701 1819 5774 dogmatum
1849 5705 2024 5760 excel-

2115 507 2299 564 vernis
2323 516 2620 576 petrarum,
2669 506 2930 577 apostolis
2967 515 3023 562 et
3049 508 3360 577 apostolicis
3386 509 3540 566 viris.
3585 512 3704 572 Non

2117 598 2289 654 solum
2319 598 2463 652 enim
2493 596 2744 653 Christus
2792 606 2970 670 petra,
3022 597 3120 654 sed
3166 607 3223 653 et
3249 597 3413 656 Petro
3461 605 3709 672 apostolo

2116 690 2338 744 donavit
2371 698 2432 744 ut
2477 697 2763 746 vocaretur
2788 697 2938 759 petra
2965 687 3018 761 (Ι
3051 687 3176 744 Cor.
3207 705 3243 744 ι
3275 707 3290 755 ;
3319 690 3514 749 Matth.
3551 695 3706 766 xvi):

2119 779 2172 834 in
2222 777 2376 847 cuius
2443 779 2694 836 sensibus
2761 778 3184 849 requiescentcs,
3252 789 3401 838 recte
3455 782 3709 839 dicuntur

2121 872 2370 928 translati
2397 887 2519 926 esse
2568 871 2634 924 de
2671 877 2845 940 petra.
2895 867 3254 938 Ostenditque
3297 873 3381 926 vel
3408 874 3705 942 apostolos,

2117 962 2202 1018 vel
2240 977 2334 1017 eos
2361 961 2452 1032 qui
2485 971 2672 1030 postea
2721 959 2950 1016 venandi
2983 969 3125 1023 sunt,
3183 962 3436 1022 habuisse
3458 973 3706 1034 peccata,

2117 1061 2174 1108 et
2206 1052 2475 1121 recepisse
2499 1051 2740 1123 duplices
2768 1050 3084 1121 iniquitates
3107 1066 3251 1106 unus.
3285 1073 3302 1103 ι
3335 1052 3536 1111 Servus
3557 1057 3706 1110 enim

2119 1145 2209 1216 qui
2237 1145 2339 1200 scit
2365 1143 2694 1198 voluntatem
2738 1143 2950 1200 Domini
2991 1143 3100 1210 sui,
3130 1153 3188 1200 et
3233 1161 3340 1200 non
3393 1143 3525 1202 facit
3559 1162 3705 1212 eam,

2119 1237 2390 1308 vapulabit
2423 1238 2651 1290 multum
2693 1234 2846 1308 (Luc.
2892 1234 3012 1302 xu).
3049 1254 3069 1288 ι
3110 1235 3532 1308 Sciendumque,
3561 1241 3710 1308 quod

2119 1329 2174 1386 in
2199 1327 2464 1386 Hebraico
2485 1329 2718 1400 positum
2771 1327 2841 1384 sit
2879 1329 3127 1398 primum,
3167 1337 3222 1386 et
3269 1329 3324 1382 in
3351 1327 3710 1400 Septuaginta

2119 1421 2357 1476 editione
2393 1419 2838 1490 prmtermissum.
2861 1419 3090 1487 Quando
3117 1429 3296 1478 autem
3318 1421 3447 1476 dicit
3474 1436 3488 1473 :
3515 1443 3535 1472 ι
3567 1421 3712 1476 Red-

2122 1512 2247 1567 dam
2303 1511 2539 1584 primum
2594 1509 2838 1581 duplices
2889 1495 3228 1580 iniquitates.
3257 1521 3314 1566 et
3358 1523 3581 1582 peccata
3608 1528 3709 1568 eo-

2125 1620 2268 1671 rum,
2307 1625 2325 1658 ι
2361 1603 2703 1660 subostendit
2732 1601 2875 1674 quod
2906 1611 3189 1673 postquam
3214 1605 3518 1674 receperint
3540 1606 3710 1671 mala,

2125 1880 2179 1935 in
2211 1879 2516 1936 morticinis
2540 1879 2805 1936 idolorum
2837 1895 3082 1946 suorum,
3129 1889 3182 1934 et
3209 1881 3710 1940 abominationibus

2123 1973 2237 2032 suis
2263 1973 2620 2043 impleverunt
2650 1972 3026 2028 hmrcditatem
3074 1971 3212 2043 ejus,
3249 1982 3306 2026 ut
3350 1973 3528 2030 omnis
3559 1989 3720 2028 mun-

2120 2065 2224 2120 dus
2249 2063 2500 2120 subditus
2548 2063 2644 2118 liat
2689 2064 2818 2128 Deo,
2872 2072 2928 2119 et
2976 2079 3314 2134 nequaquam
3349 2079 3448 2120 suo
3489 2065 3717 2134 merito,

2122 2155 2218 2210 sed
2270 2155 2415 2211 illius
2463 2154 2838 2215 misericordia
2881 2163 3259 2210 conservetur.
3311 2153 3466 2222 Quod
3513 2156 3604 2210 bic
3643 2155 3720 2212 de

2118 2246 2390 2314 llebraico
2406 2245 2706 2316 posuimus,
2745 2263 2764 2298 ι
2801 2259 2910 2301 non
2941 2253 3070 2301 sunt
3089 2245 3403 2303 abscondita
3427 2259 3493 2302 eo
3518 2261 3547 2300 a
3577 2245 3721 2302 facie

2121 2353 2265 2404 mea,
2301 2355 2319 2389 ι
2370 2337 2426 2394 in
2463 2335 2816 2406 Septuaginta
2869 2350 2973 2392 non
3019 2337 3268 2394 habetur.
3321 2334 3519 2410 (0rig.)
3548 2337 3722 2410 Igitur

2121 2435 2177 2485 et
2203 2437 2258 2482 tu
2288 2442 2412 2482 cum
2441 2428 2506 2483 de
2531 2427 2716 2506 saeculi
2768 2426 2924 2482 istius
2974 2425 3227 2484 fluctibus
3251 2444 3368 2506 per
3419 2429 3720 2501 discipulos

2121 2517 2334 2574 Domini
2358 2515 2528 2572 fueris
2555 2503 2850 2580 cxu'actus,
2892 2525 3044 2575 muta
3091 2503 3338 2586 corporis
3373 2517 3527 2584 vitia,
3563 2529 3721 2572 aluta

2120 2624 2312 2667 sensus
2343 2607 2553 2662 animm.
2583 2606 2700 2663 Non
2731 2622 2791 2662 es
2831 2607 2920 2662 ille
2959 2607 3142 2678 piscis,
3175 2609 3267 2678 qui
3307 2609 3361 2662 in
3412 2607 3569 2664 falsis
3593 2624 3723 2662 ver-

2121 2699 2328 2754 saberis
2377 2699 2556 2762 undis,
2590 2699 2682 2754 sed
2727 2701 2792 2753 de
2824 2698 3092 2768 profundo
3143 2698 3356 2769 gurgite
3407 2699 3719 2765 eruws,ad

2123 2791 2345 2848 meliora
2383 2800 2704 2848 convertere
2737 2792 3034 2850 secundum
3061 2790 3198 2846 illud
3242 2791 3598 2861 apostolicum
3621 2790 3718 2863 (ΙΙ

2122 2881 2242 2939 Cor.
2263 2883 2346 2957 ιιι)
2367 2897 2382 2938 :
2405 2904 2423 2936 ι
2443 2883 2554 2939 Nos
2575 2893 2756 2940 autem
2782 2898 2976 2942 omnes
2993 2883 3232 2940 revelata
3248 2883 3386 2940 facie
3411 2885 3720 2941 claritatem

2133 2973 2346 3032 Domini
2361 2975 2810 3046 contemplantes,
2826 2975 2880 3030 in
2895 2975 3140 3030 eamdem
3157 2976 3448 3048 imaginem
3460 2977 3720 3032 transfor-

2125 3081 2340 3120 mamur
2377 3064 2445 3120 de
2474 3064 2724 3121 claritate
2753 3065 2806 3120 in
2821 3063 3719 3140 claritatem,quasiaDominispi—

2126 3156 2228 3210 ritu
2252 3175 2268 3206 ι
2293 3173 2308 3222 ;
2326 3165 2378 3209 et
2400 3171 2524 3216 cum
2537 3153 2705 3213 fueris
2717 3157 2786 3212 ab
2799 3155 3058 3225 apostolis
3080 3171 3146 3212 ac
3159 3157 3436 3228 discipulis
3457 3157 3588 3214 Jesu
3601 3174 3689 3214 ma
3713 3189 3722 3196 ο

2125 3245 2258 3302 riuis
2282 3245 2531 3302 [luctibus
2553 3245 2831 3310 liberatus,
2856 3245 2966 3302 noli
2989 3263 3230 3318 quatrere
3251 3249 3594 3320 profundum,
3621 3251 3718 3307 sed

2120 3338 2244 3394 veni
2264 3338 2330 3392 ad
2341 3345 2554 3394 montes
2573 3339 2896 3409 prophetas:
2923 3339 3048 3396 veni
3067 3340 3318 3397 adcolles
3331 3341 3528 3409 justas,
3554 3343 3628 3398 ibi
3644 3345 3721 3400 sit

2123 3428 2466 3484 conversatio
2493 3437 2604 3494 tua,
2633 3439 2691 3483 ut
2720 3445 2843 3484 cum
2881 3429 2998 3484 dies
3042 3430 3235 3486 mortis
3283 3433 3562 3488 advenerit
3589 3433 3721 3488 mit-

2125 3527 2312 3574 tantur
2349 3527 2632 3579 venatores
2669 3536 2684 3575 :
2719 3519 2809 3576 alii
2867 3521 3087 3590 quidam
3140 3536 3171 3576 e
3210 3521 3573 3592 piscatoribus
3626 3523 3722 3594 qui

2124 3625 2287 3680 super
2316 3611 2742 3680 assumptionem
2771 3611 3055 3668 constituti
3083 3621 3210 3666 sunt
3241 3614 3566 3678 animarum,
3589 3621 3646 3668 et
3667 3621 3724 3669 te

2124 3717 2247 3758 cum
2271 3701 2484 3757 caneris
2513 3702 2720 3758 sanctis
2767 3703 2836 3758 de
2868 3703 3028 3770 colle,
3063 3705 3131 3759 de
3173 3715 3381 3771 metue,
3425 3709 3492 3761 de
3536 3707 3720 3763 altiori

2123 3790 2248 3848 loco
2273 3791 2562 3863 accipiant.
2589 3791 2775 3862 Neque
2804 3807 2931 3848 vero
2962 3803 3144 3865 potest
3175 3795 3340 3852 licere
3383 3797 3464 3852 bis
3491 3808 3720 3854 renato.

2123 3881 2282 3940 ribus
2315 3881 2533 3939 aliunde
2560 3882 2828 3951 homines,
2858 3886 2967 3942 nisi
2990 3885 3059 3942 de
3088 3887 3362 3944 montibus
3399 3896 3455 3944 ct
3491 3889 3722 3946 collibus

2122 3988 2336 4045 capere.
2352 3973 2506 4042 Quod
2517 3976 2783 4050 sequitur,
2808 3997 2826 4028 ‹
2846 3976 2914 4031 de
2935 3979 3183 4032 cavernis
3203 3987 3478 4048 petrarum
3499 3995 3513 4034 :
3535 3999 3554 4030 ι
3573 3981 3722 4036 unde

2121 4081 2413 4136 possumus
2431 4066 2738 4150 intelligere
2762 4078 2965 4138 petras,
2993 4077 3049 4124 et
3073 4071 3217 4125 unde
3245 4085 3509 4127 cavernas
3536 4082 3721 4144 petra-

2124 4173 2242 4212 rum
2267 4158 2290 4212 ?
2314 4156 2484 4214 Venio
2511 4160 2577 4215 ad
2620 4159 2884 4225 Exodum,
2915 4177 3100 4230 quacro
3129 4165 3363 4234 aliquam
3397 4167 3492 4221 int;
3513 4179 3722 4236 rprcta-

2123 4249 2289 4312 tionis
2312 4253 2682 4317 occasionem,
2728 4253 2912 4324 ibique
2935 4253 3150 4310 invenio
3190 4255 3457 4312 volentem
3493 4257 3719 4328 Moysen

2123 4340 2311 4398 videre
2347 4342 2537 4407 Deum,
2586 4351 2642 4398 et
2691 4343 2862 4398 Deum
2901 4344 3076 4399 cidem
3117 4347 3522 4416 promitteiitem
3551 4357 3718 4420 atque

2053 4473 2099 4532 D
2126 4431 2396 4487 dicentem
2431 4449 2444 4486 :
2483 4452 2503 4484 ι
2561 4431 2704 4488 Ecce
2750 4449 2893 4504 pono
2944 4445 2996 4490 te
3043 4435 3094 4489 iu
3147 4452 3378 4492 caverna
3427 4450 3616 4510 petras,
3643 4447 3718 4498 et

2125 4521 2431 4590 conspicies
2457 4525 2758 4592 posteriora
2790 4539 2930 4588 nica,
2973 4525 3166 4580 faciem
3191 4538 3372 4584 autem
3399 4546 3574 4585 meam
3605 4547 3711 4592 non

2125 4613 2334 4670 videbis
2365 4613 2562 4686 (Exod.
2590 4618 2805 4689 χχχιιι).
2837 4637 2857 4670 ι
2893 4616 2948 4672 Si
2977 4620 3311 4686 consideres,
3341 4621 3432 4692 qui
3465 4622 3536 4676 ibi
3559 4633 3711 4693 petra

2126 4705 2357 4770 dicatur,
2385 4713 2440 4761 et
2465 4703 2706 4762 foramen
2730 4715 2917 4778 petrm,
2949 4707 3001 4763 in
3039 4726 3147 4780 quo
3187 4711 3398 4781 Moyses
3425 4729 3587 4784 super
3622 4732 3714 4785 pc-

2129 4802 2268 4850 tram
2299 4803 2506 4861 stat,ct
2527 4795 2593 4850 de
2621 4806 2788 4865 petrae
2817 4814 3048 4853 caverna
3081 4801 3318 4866 intuens,
3343 4801 3393 4854 vi
3415 4803 3523 4857 leat
3545 4803 3708 4858 Deum

2127 4899 2226 4954 per
2271 4881 2512 4940 foramen
2569 4895 2736 4958 petrae
2779 4903 2793 4942 :
2841 4888 3107 4960 intelliges
3149 4901 3204 4944 et
3241 4902 3466 4950 ett-teras
3505 4904 3710 4965 petras,

2125 4983 2514 5046 petrarumque
2543 4975 2830 5032 foramina.
2859 4976 2988 5045 Quae
3009 4979 3172 5050 igitur
3202 4990 3285 5036 est
3311 4986 3500 5052 petra?
3533 4987 3712 5041 Domi-

2129 5082 2231 5124 nus
2277 5065 2434 5122 Iesus
2467 5067 2758 5124 Christus:
2793 5089 2813 5122 ι
2869 5068 3134 5126 Βίιιθϋιιιιι
3174 5074 3316 5128 enim
3370 5076 3436 5132 de
3480 5077 3710 5148 spiritali

2129 5167 2386 5227 sequente
2412 5174 2506 5214 eos
2540 5167 2693 5230 petra
2725 5159 2776 5232 (1
2805 5159 2929 5214 Cor.
2958 5161 3041 5235 χ).
3085 5183 3106 5215 ι
3157 5184 3176 5216 ς
3209 5161 3275 5220 Et
3302 5181 3466 5236 super
3501 5181 3713 5238 petram

2129 5251 2315 5306 statuit
2329 5252 2492 5322 pedes
2509 5267 2678 5315 uicos,
2702 5273 2720 5304 ›
2741 5255 2793 5308 in
2813 5253 3088 5324 trigesimo
3109 5272 3252 5312 nouo
3279 5259 3488 5326 psalmo
3516 5260 3714 5317 dicitur

2132 5339 2302 5410 (Psal.
2337 5341 2546 5410 xxxix).
2567 5333 2720 5412 Quod
2753 5354 2837 5398 est
2859 5343 3102 5400 foramen
3127 5347 3330 5418 petrae?
3355 5347 3490 5404 Vide
3520 5349 3711 5419 Deum,

2130 5433 2270 5504 apud
2295 5434 2460 5489 Deum
2483 5435 2720 5502 Patrem,
2744 5437 2973 5492 Verbum
2999 5437 3192 5502 Deum,
3215 5440 3423 5495 videbis
3448 5441 3713 5514 integram

2129 5533 2358 5596 petram.
2389 5523 2522 5580 Vide
2549 5525 3006 5596 dispensationem
3037 5530 3302 5600 assumpti
3323 5532 3571 5600 corporis
3596 5550 3610 5582 :
3637 5533 3715 5587 vi.

2129 5616 2282 5674 dcbis
2315 5617 2558 5674 foramen
2585 5625 2774 5689 petrae,
2811 5635 2908 5690 per
2937 5622 3080 5692 quod
3110 5623 3412 5694 posteriora
3440 5625 3535 5680 Dei
3556 5622 3717 5693 juxut

2129 5709 2536 5780 possibilitatem
2559 5711 2944 5769 imbecillitatis
2971 5712 3239 5770 humanus
3289 5715 3532 5779 intuetur
3557 5730 3714 5783 aspc-
