4022 6186
440 355 535 411 941

1317 363 1682 422 EXPOSITIO
1722 365 1944 425 SUPER
1981 368 2347 428 JEREMIAM.
2390 406 2460 416 —
2498 376 2622 432 ΗΒ.
2664 380 2792 434 Vill.

3596 392 3705 451 9η

432 472 557 524 ctus
606 467 719 523 [loc
731 469 874 525 enim
901 480 1003 537 est,
1034 473 1174 542 quod
1204 475 1307 529 ait:
1335 498 1351 527 ι
1387 477 1455 531 Et
1480 479 1686 535 videbis
1709 482 2007 550 posteriora
2039 490 2085 545 Α
2112 490 2258 537 sunt.
2283 484 2360 540 Nc
2384 488 2563 559 itaque
2583 495 2938 563 suspicentur,
2959 499 3085 567 quia
3112 517 3212 553 non
3237 517 3301 556 ex
3326 505 3701 565 misericordia

430 572 574 622 mea,
630 579 649 611 ι
683 559 867 616 Inveni
898 578 1058 619 unam
1089 580 1377 621 cavernam
1409 570 1567 624 unius
1598 578 1763 639 petrae
1789 589 1802 625 :
1827 587 2011 643 quaero

431 646 568 703 alias
612 659 815 719 petras,
845 661 903 707 et
936 654 1073 708 alias
1122 670 1400 712 cavernas.
1458 660 1628 715 Venio
1675 662 1742 716 ad
1785 663 2011 719 chorum

428 741 819 811 prophetarum
842 753 1003 813 atque
1027 747 1388 815 apostolorum
1412 757 1468 804 et
1486 748 1607 805 dico
1632 769 1645 804 :
1670 752 1794 820 quia
1820 768 2011 809 omnes

429 830 733 889 imitatores
753 831 951 887 Christi
972 843 1138 903 petrae
1157 844 1301 901 sunt,
1320 846 1377 891 ut
1397 844 1547 907 petra
1570 848 1653 893 est
1672 840 1778 905 ille,
1800 842 1891 910 qui
1915 842 2011 898 do-

428 921 563 976 cuit.
597 921 666 975 Et
688 921 828 978 sicut
861 923 951 978 ille
977 926 1142 980 habet
1171 925 1434 992 foramen,
1465 944 1560 998 per
1586 930 1737 999 quod
1758 932 1809 985 vi
1832 933 2010 987 lentur

426 1012 729 1082 posteriora
758 1012 875 1080 Dei,
901 1014 1089 1070 eodem
1133 1017 1292 1073 modo
1319 1019 1689 1089 unusquisque
1719 1020 2004 1089 iustorum,

423 1105 518 1174 qui
543 1121 641 1176 per
669 1121 948 1164 sermones
972 1123 1101 1165 suos
1126 1108 1266 1165 viam
1290 1110 1479 1180 pandit
1499 1112 1566 1166 ad
1598 1112 2003 1184 intelligendum

424 1193 617 1259 Deum,
663 1210 723 1251 se
772 1194 904 1253 fecit
955 1212 1076 1254 esse
1120 1197 1360 1254 foramen
1417 1209 1601 1271 petrae.
1660 1200 1794 1269 Quia
1841 1205 2006 1274 igitur

422 1285 602 1340 nescis
628 1299 737 1354 quo
790 1293 1034 1358 tempore
1083 1289 1365 1343 mittantur
1415 1301 1717 1358 venatores,
1771 1308 1906 1349 cave
1935 1310 2003 1350 ne

421 1372 711 1443 aliquando
736 1375 804 1430 de
838 1385 1022 1432 monte
1063 1378 1384 1444 descendas,
1419 1394 1488 1435 ne
1523 1380 1795 1453 relinquas
1812 1384 1997 1451 colles,

418 1478 488 1517 ne
516 1464 582 1518 de
608 1466 857 1521 cavernis
879 1475 1155 1537 petrarum
1180 1483 1363 1525 exeas.
1389 1468 1446 1525 Si
1483 1473 1628 1526 enim
1665 1473 1799 1528 foris
1829 1473 1999 1531 fueris

418 1552 691 1621 inventus,
747 1556 994 1612 dicentur
1021 1558 1115 1613 tibi
1143 1574 1231 1626 ea,
1279 1576 1399 1630 qua:
1448 1564 1501 1618 bi
1547 1563 1637 1634 qui
1690 1564 1823 1623 foris
1868 1577 1998 1624 sunt

415 1652 698 1699 merentur
718 1646 903 1701 audire
935 1664 949 1700 :
984 1667 1003 1699 ι
1035 1647 1229 1713 Stulte,
1263 1651 1366 1706 hac
1391 1661 1549 1706 nocte
1583 1654 1815 1710 animam
1845 1664 1999 1712 tuam

416 1740 663 1802 repetent
686 1749 719 1788 a
747 1743 835 1790 te:
858 1751 978 1806 quae
1000 1747 1178 1794 autem
1205 1745 1543 1813 prmparasti,
1576 1746 1729 1817 cujus
1749 1749 1945 1804 erunt?
1965 1768 1986 1803 ι

411 1824 569 1894 (Luc.
599 1825 720 1899 xu.)
765 1828 1168 1888 Animadvertis
1221 1833 1288 1889 de
1341 1836 1615 1893 montibus
1664 1848 1719 1894 et
1762 1840 1989 1898 collibus
2018 1847 2065 1905 Β

412 1915 850 1984 descendentem,
878 1920 1264 1980 animadvertis
1296 1926 1683 1987 consistentem
1710 1940 1865 1987 extra
1890 1948 1987 2003 pe-

410 2016 511 2060 tra:
542 2006 802 2076 foramen,
831 2014 1100 2081 quomodo
1123 2024 1291 2082 erret,
1320 2027 1374 2073 et
1400 2033 1463 2074 ea
1493 2030 1643 2090 putat
1675 2023 1815 2079 bona
1843 2038 1985 2090 esse,

405 2113 530 2169 qua:
556 2099 699 2156 nulla
725 2110 873 2168 sunt,
901 2104 1122 2160 dicens:
1154 2125 1174 2159 ι
1210 2108 1394 2164 Dicam
1420 2111 1614 2168 animm
1644 2129 1820 2171 meae:
1850 2116 1984 2171 Ani-

408 2204 520 2255 ma,
551 2190 717 2248 babes
738 2194 902 2248 multa
929 2197 1158 2267 reposita
1191 2200 1326 2255 bona
1358 2201 1571 2275 (llud),
1608 2225 1626 2257 ι
1656 2203 1984 2264 frumentum

399 2287 463 2336 et
490 2281 779 2343 utilitatem
822 2293 1159 2345 terrenorum
1209 2289 1478 2349 fructuum
1528 2311 1649 2352 esse
1690 2299 1984 2356 arbitratus

401 2380 491 2426 est
516 2372 675 2440 bona,
699 2377 963 2443 nesciens,
989 2379 1115 2449 quia
1142 2392 1267 2436 vera
1296 2384 1433 2439 bona
1474 2402 1579 2441 non
1609 2396 1899 2445 nascantur
1928 2393 1982 2446 in

402 2459 691 2517 maledicta
716 2471 880 2532 terra,
906 2468 1001 2523 sed
1028 2471 1083 2524 in
1126 2471 1442 2530 cmlcstibus
1479 2478 1807 2548 regionibus.
1841 2479 1981 2536 The-

401 2552 701 2609 saurizabit
723 2555 824 2613 sibi
852 2559 904 2613 in
937 2567 1083 2617 terra
1113 2564 1275 2633 :quia
1304 2564 1357 2618 in
1381 2574 1524 2621 terra
1546 2582 1667 2626 esse
1695 2571 1979 2628 thesauros

399 2645 698 2711 arbitratus
721 2657 822 2701 est.
857 2647 913 2702 Si
941 2652 1061 2719 quis
1090 2663 1270 2709 autem
1296 2655 1505 2712 sublata
1550 2674 1712 2715 cruce
1731 2663 1979 2734 sequitur

402 2729 689 2789 Dominum
728 2735 934 2805 Iesum,
965 2749 1019 2795 et
1050 2744 1381 2799 thesaurizat
1429 2748 1530 2804 sibi
1581 2750 1633 2804 in
1668 2751 1828 2819 cmlo,
1867 2768 1974 2810 non

397 2823 599 2879 dicitur
617 2826 667 2881 ei
694 2840 709 2880 :
737 2846 755 2879 ι
790 2829 981 2897 Stulte,
1004 2833 1106 2888 bac
1120 2845 1278 2891 nocte
1294 2838 1532 2906 animam
1556 2846 1975 2914 tuam-repetent

395 2931 429 2969 a
456 2927 527 2981 te,
565 2920 591 2970 ι’
609 2918 704 2975 sed
727 2922 1006 2980 venientes
1024 2935 1330 2994 venatores,
1354 2938 1408 2984 et
1430 2943 1733 3002 quaerentes
1761 2936 1970 2992 anima-

395 3007 468 3089 lia
509 3008 576 3062 de
617 3011 890 3069 montibus
920 3022 976 3070 et
1001 3015 1245 3083 collibus,
1294 3019 1362 3075 de
1389 3023 1636 3079 cavernis
1671 3033 1969 3095 petrarum,

392 3082 560 3152 etiam
587 3098 734 3155 illum
755 3117 877 3157 cum
898 3105 979 3161 eis
999 3109 1200 3176 pariter
1218 3111 1505 3182 accipient,
1525 3120 1579 3167 ct
1599 3115 1666 3170 de
1684 3116 1970 3173 venatione

389 3187 464 3241 ad
495 3188 804 3247 sublimiora
840 3195 1186 3254 beatitudinis
1215 3215 1378 3272 regna
1408 3203 1720 3273 portabunt.
1769 3224 1787 3258 ι
1830 3207 1965 3274 Quia
1994 3196 2037 3257 C

389 3282 538 3337 oculi
572 3284 676 3338 mei
712 3294 874 3357 super
899 3303 1089 3346 omnes
1118 3290 1235 3347 vias
1266 3309 1473 3349 eorum.
1516 3316 1534 3349 ι
1576 3294 1752 3369 Super
1783 3313 1972 3357 omnes

394 3374 511 3429 vias
537 3374 842 3443 istiusmodi
883 3379 1159 3437 hominum
1189 3399 1203 3436 :
1228 3383 1322 3455 qui
1356 3384 1409 3439 in
1437 3386 1712 3443 montibus
1746 3402 1972 3445 conver-

389 3474 605 3533 santur,
635 3467 688 3523 in
721 3468 946 3526 collibus
976 3471 1269 3541 ambulant,
1312 3475 1367 3529 in
1409 3478 1657 3534 cavernis
1693 3484 1968 3549 petrarum

390 3557 658 3626 habitant,
689 3559 851 3616 habet
878 3562 1062 3620 oculos
1092 3564 1252 3621 Deus.
1288 3586 1306 3618 ι
1341 3565 1458 3622 Νοιι
1489 3584 1547 3624 se
1570 3571 1969 3627 abseonderunt

389 3665 420 3702 a
452 3649 589 3704 facie
614 3667 755 3707 mea.
790 3672 809 3705 ι
845 3652 947 3721 Qui
975 3657 1147 3711 sancti
1182 3667 1310 3713 sunt
1342 3674 1447 3715 non
1478 3675 1538 3716 se
1574 3662 1911 3720 abscondunt
1934 3679 1965 3720 a

388 3739 527 3795 facie
552 3742 783 3810 Domini,
812 3746 905 3814 qui
932 3755 1110 3802 autem
1138 3748 1319 3818 injusti
1344 3752 1748 3811 abseonduntur
1766 3772 1796 3811 a
1830 3755 1968 3812 facie

385 3830 524 3899 ejus.
553 3831 725 3889 Adam
754 3844 872 3904 post
903 3840 1381 3908 transgressionem
1422 3844 1660 3901 cmlestis
1702 3848 1963 3915 mandati,

392 3942 411 3973 ι
448 3923 650 3978 audivit
673 3939 860 3982 vocem
881 3927 1090 3984 Domini
1111 3931 1205 3986 Dei
1226 3932 1619 3993 deambulantis
1641 3939 1694 3993 in
1715 3942 1967 4008 paradiso

384 4022 505 4081 post
531 4014 810 4073 meridiem
834 4025 894 4072 et
927 4019 1205 4076 abscondit
1240 4038 1299 4078 se
1340 4023 1490 4096 (Gen.
1527 4030 1630 4098 ιιι).
1682 4049 1700 4083 ι
1731 4030 1965 4088 Sanctus

385 4103 489 4159 hoc
525 4119 630 4165 non
656 4104 807 4172 facit,
833 4107 929 4163 sed
956 4110 1282 4166 conscientia
1304 4123 1521 4171 actuum
1551 4131 1770 4174 snorum
1802 4121 1965 4176 habet

384 4194 639 4250 ﬁduciam
668 4197 813 4268 apud
841 4198 1028 4254 Deum.
1065 4218 1086 4251 ι
1118 4201 1176 4256 Si
1201 4204 1343 4258 enim
1371 4207 1700 4264 conscientia
1730 4227 1827 4267 nos
1852 4226 1961 4267 non

385 4289 823 4363 reprehenderit,
852 4292 1110 4350 fiduciam
1134 4297 1399 4353 habemus
1415 4298 1483 4353 ad
1504 4299 1669 4353 Deum
1684 4336 1699 4364 ,
1717 4300 1770 4354 et
1785 4301 1962 4370 quod-

378 4396 602 4454 cunque
632 4387 954 4456 petierimus
986 4390 1322 4461 accipiemus
1353 4394 1422 4447 ab
1455 4408 1521 4448 eo
1555 4391 1757 4464 (Joan.
1793 4393 1901 4464 ιιι).
1935 4413 1955 4447 ι

384 4473 588 4541 Verum
608 4479 779 4534 Adam
799 4483 1055 4550 quamvis
1074 4485 1402 4554 peccaverit,
1425 4495 1602 4540 tamen
1627 4500 1734 4540 non
1757 4498 1960 4558 usque-

380 4583 597 4639 quaque
626 4574 693 4623 asl
728 4571 1025 4642 perfectam
1058 4575 1322 4631 malitiam
1340 4579 1625 4648 mensejus
1641 4592 1960 4638 corruerat:

375 4672 430 4715 cl
450 4664 573 4716 ideo
586 4664 940 4719 ttltscondittts
958 4677 1042 4722 est
1060 4685 1085 4719 ιι
1109 4669 1246 4723 facie
1262 4666 1381 4726 Dei.
1398 4671 1533 4725 Cum
1547 4683 1727 4726 autem
1746 4672 1959 4744 impiis-

377 4747 555 4803 simus
575 4745 854 4802 fratricida
872 4752 1259 4809 animadvertlt
1280 4752 1407 4822 quid
1429 4754 1558 4822 quid
1581 4755 1775 4812 fecerit
1796 4757 1951 4826 (Gen.

374 4832 474 4899 tv).
494 4847 514 4881 ι
538 4845 794 4901 egressus
822 4844 905 4886 est
932 4851 961 4887 a
994 4834 1133 4889 facie
1166 4834 1285 4899 Dei,
1316 4844 1372 4890 ct
1413 4837 1680 4892 habitavit
1712 4839 1766 4894 in
1810 4850 1957 4895 terra

373 4918 535 4973 Naid.
549 4939 566 4970 ›
581 4916 637 4973 Si
659 4921 726 4975 ad
744 4922 1011 4974 malorum
1030 4928 1498 4991 eoiuparatiouem
1515 4927 1709 4982 venias
1726 4941 1747 4981 :
1761 4930 1957 4986 melius

369 5014 459 5056 est
492 5018 522 5057 a
554 5002 695 5058 facie
724 5004 820 5057 Dei
856 5007 1149 5070 abscondi,
1170 5023 1335 5077 quam
1357 5008 1547 5079 fugere
1577 5027 1728 5067 eum.
1753 5011 1821 5081 In;
1847 5013 1957 5068 alio

370 5093 576 5162 quippe
593 5096 945 5151 conscientia:
960 5098 1160 5152 vulnus
1176 5098 1689 5164 inlixum,tenebras
1708 5111 1765 5158 et
1781 5118 1954 5159 secre-

370 5195 426 5234 ta
448 5186 790 5253 perquirens,
811 5188 991 5247 levare
1012 5189 1205 5245 oculos
1220 5204 1327 5245 non
1345 5192 1548 5260 patitur
1563 5192 1628 5247 ad
1647 5195 1846 5248 eretum
1865 5212 1884 5249 ι
1897 5199 1950 5249 in

377 5269 487 5322 alio
505 5282 685 5323 autem
706 5288 771 5327 ex
791 5272 1184 5342 desperatione
1198 5285 1327 5331 nata
1351 5280 1702 5341 cotttumacia
1729 5282 1956 5354 uegligit

371 5359 567 5415 Deum.
591 5382 606 5407 ο
620 5360 735 5417 Non
758 5380 817 5418 se
836 5366 1245 5422 abscomleruut
1260 5385 1392 5439 ergo
1412 5387 1441 5425 a
1464 5370 1606 5428 facie
1625 5389 1955 5445 mea,neque

367 5456 776 5511 absentidvruut
790 5457 1106 5526 iniquitates
1120 5475 1313 5518 eorum
1331 5474 1519 5519 contra
1535 5467 1729 5522 oculos
1742 5484 1862 5522 meo
1876 5484 1947 5523 «ει

369 5539 449 5600 bi,
469 5555 608 5608 quos
635 5555 799 5609 supra
823 5543 995 5610 iustos
1020 5547 1465 5611 memoravimus,
1487 5552 1580 5619 qui
1604 5567 1711 5606 non
1741 5566 1802 5609 se
1823 5554 1949 5611 abs-

365 5622 677 5678 condcruut
700 5639 728 5678 a
754 5624 893 5679 facie
916 5626 1028 5693 Dei,
1047 5628 1344 5699 aliquando
1364 5632 1586 5689 fuerunt
1608 5636 1660 5690 in
1684 5641 1945 5706 peccatis,

363 5712 590 5782 quando
614 5723 775 5775 erant
800 5716 854 5772 in
886 5720 1023 5774 mari
1046 5736 1113 5774 ex
1134 5737 1244 5792 quo
1264 5738 1294 5777 a
1321 5724 1693 5793 piscatoribus
1709 5733 1940 5787 extracti

2054 578 2060 583 '
2112 570 2228 640 Dei,
2254 577 2347 631 sed
2368 592 2432 632 ex
2458 582 2674 649 proprio
2695 585 2888 641 merito
2914 584 2980 642 de
3000 588 3267 659 profundo
3292 594 3358 646 ad
3382 605 3589 654 montes
3607 615 3700 655 ve-

2110 665 2308 730 nerint,
2339 678 2646 727 commonet
2672 674 2791 731 illos
2817 691 2996 734 sermo
3021 681 3253 748 divinus,
3301 670 3356 739 et
3386 686 3438 741 in
3465 688 3570 747 illis
3596 708 3693 748 nos

2109 755 2288 812 delicti
2315 761 2533 829 prioris,
2563 772 2619 819 et
2646 765 2846 822 idcirco
2873 780 2994 838 post
3017 788 3273 841 prospera
3302 784 3463 847 atque
3491 777 3691 849 felicia,

2108 846 2282 902 tristia
2322 850 2485 907 infert
2525 870 2538 907 :
2584 872 2604 906 ι
2646 854 2830 926 Neque
2860 860 3189 919 absconditae
3225 876 3349 920 sunt
3378 846 3696 939 iniquitates

2104 948 2293 994 eorum
2317 951 2502 997 contra
2521 945 2705 1002 oculos
2727 956 2911 1005 meos:
2936 960 2993 1006 et
3010 954 3304 1010 retribuam
3331 958 3433 1014 illis
3458 962 3689 1030 primum

2106 1030 2346 1099 duplices
2372 1033 2663 1104 injustitias
2689 1053 2895 1096 eorum.
2932 1061 2952 1096 ι
2984 1041 3137 1111 Quod
3167 1047 3263 1114 ait,
3292 1050 3547 1119 primum,
3577 1054 3691 1112 sive

2105 1138 2211 1178 non
2235 1126 2595 1198 intelligentes
2616 1132 2855 1201 quidam,
2882 1137 3023 1205 quod
3042 1139 3301 1208 scriptum
3328 1154 3429 1210 est,
3454 1144 3692 1203 abstule-

2104 1225 2233 1271 runt
2256 1218 2370 1275 sive
2384 1219 2525 1276 LXX
2552 1222 3057 1295 interpretes-sicuti
3076 1238 3128 1285 et
3152 1243 3349 1289 caetera
3368 1239 3688 1308 secundum,

2104 1307 2564 1377 dispensationem
2593 1330 2746 1370 suam
2770 1318 2985 1376 auferre
3014 1322 3319 1391 voluerunt,
3352 1328 3492 1385 Deus
3532 1331 3685 1389 vide-

2106 1397 2194 1451 rit.
2227 1398 2336 1455 Nos
2365 1401 2527 1457 istum
2559 1404 2736 1460 locum
2787 1424 2908 1464 cum
2939 1414 3155 1469 cieteris
3204 1416 3529 1476 editionibus
3559 1438 3689 1487 cou-

2098 1487 2353 1558 ferentes,
2378 1494 2683 1553 invenimus
2703 1499 2935 1566 positum
2963 1520 2976 1555 :
3001 1520 3017 1553 ι
3040 1504 3107 1559 Et
3132 1506 3424 1563 retribuam
3441 1510 3545 1567 illis
3567 1513 3683 1583 pri-

2096 1582 2497 1653 mumduplices
2518 1584 2811 1655 injustitias
2833 1606 3021 1648 eorum
3039 1609 3053 1648 :
3078 1615 3096 1648 ι
3124 1604 3181 1650 ιιι
3197 1600 3516 1658 ostendatur
3537 1582 3680 1674 quod

2100 1672 2313 1728 etiamsi
2346 1691 2411 1730 ex
2441 1677 2833 1745 posterioribus
2863 1681 3022 1741 factis
3042 1688 3188 1758 digni
3210 1688 3385 1747 effecti
3410 1703 3534 1750 sunt
3552 1672 3682 1753 bea-

2095 1762 2323 1817 titudine
2342 1764 2458 1831 Dei,
2491 1776 2731 1825 attamen
2754 1773 2880 1842 quia
2901 1774 3187 1846 aliquando
3210 1793 3594 1852 peccaverunt,
3623 1796 3683 1844 et

2093 1852 2342 1911 humanis
2363 1855 2508 1913 vitiis
2537 1873 2644 1914 non
2674 1863 2951 1933 carebant,
2967 1868 3200 1936 primum
3225 1881 3438 1942 oportet
3459 1890 3554 1932 eos
3575 1891 3674 1933 sua

2091 1946 2334 2016 recipere
2359 1947 2551 2005 delicta
2581 1969 2596 2004 :
2623 1962 2677 2008 et
2705 1955 2825 2011 vide
2850 1957 2896 2013 si
2927 1974 3033 2014 non
3063 1975 3188 2016 vera
3240 1964 3312 2019 sit
3350 1967 3507 2021 ratio.
3542 1966 3676 2036 Quis

2044 2080 2047 2081 ν
2088 2046 2308 2105 peccata
2324 2054 2427 2094 non
2457 2042 2683 2112 recipit?
2699 2042 2899 2118 Nempe
2923 2047 3138 2122 ille,qui
3164 2063 3278 2124 post
3297 2057 3672 2116 credulitatem

2106 2128 2507 2200 etbaptismum
2535 2134 2767 2192 audierit
2787 2138 3071 2197 Dominum
3101 2144 3401 2203 dicentem:
3437 2149 3668 2209 Dimissa

2085 2228 2211 2274 sunt
2232 2221 2327 2276 tibi
2350 2232 2571 2292 peccata
2597 2234 2707 2293 tua,
2739 2243 2840 2285 nec
2864 2230 3003 2287 ultra
3018 2238 3326 2305 peccaveris
3341 2239 3554 2311 (Matth.
3574 2259 3668 2309 ix;

2082 2306 2242 2364 Joan.
2269 2310 2408 2383 vui).
2432 2311 2489 2369 Si
2507 2324 2686 2372 autem
2710 2327 2833 2387 post
2847 2319 3122 2379 lavacrum
3142 2333 3196 2381 ct
3218 2306 3425 2385 veniam
3443 2306 3667 2390 delicto;

2083 2417 2201 2456 rum
2231 2418 2418 2463 rursus
2444 2409 2511 2462 ad
2542 2410 2797 2480 pristinas
2828 2416 3014 2473 sordes
3055 2418 3317 2479 fuerimus
3345 2428 3570 2496 reversi,
3604 2440 3663 2487 et
3700 2415 3709 2420 ’

2080 2493 2253 2550 adhuc
2283 2495 2596 2568 imperfecto
2622 2519 2783 2561 sensu
2805 2507 2872 2561 ab
2914 2511 3280 2578 apostolorum
3313 2493 3565 2590 vestigiis
3577 2536 3664 2576 rc-

2076 2585 2348 2654 cedentes,
2385 2600 2476 2646 aut
2502 2592 2695 2662 iniusta
2723 2601 3054 2669 gesserimus
3081 2603 3276 2676 aliqua,
3310 2616 3402 2664 aut
3430 2585 3577 2668 certe
3604 2614 3657 2670 in

2074 2675 2190 2745 ipsa
2209 2676 2419 2748 justitia
2444 2684 2549 2738 sint
2578 2685 2753 2755 aliqua
2782 2689 2941 2746 mista
2967 2675 3208 2764 peccata,
3236 2699 3363 2769 quid
3385 2703 3541 2759 nobis
3569 2704 3668 2761 liat

2075 2770 2477 2829 consideremus
2514 2772 2545 2830 ἐ
2585 2784 2837 2835 utrumne
2901 2780 3242 2852 egredientes
3291 2789 3357 2845 de
3405 2797 3658 2861 prtesenti

2072 2860 2270 2915 seculo
2298 2862 2342 2917 si
2373 2863 2722 2925 habuerimus
2748 2862 2875 2928 vitia
2918 2873 3001 2930 vel
3031 2862 3276 2946 virtutes,
3332 2860 3657 2955 recipiemus

2070 2964 2170 3020 pro
2199 2953 2488 3013 virtutibus
2506 2959 2750 3029 przeml'a,
2780 2972 2835 3019 et
2863 2964 3205 3026 dimittentur
3230 2971 3384 3029 nobis
3406 2953 3491 3040 ea,
3536 2993 3659 3049 qua

2069 3042 2303 3100 scientes
2355 3051 2699 3116 peccavimus
2740 3072 2755 3111 :
2807 3071 2873 3111 an
2922 3057 3223 3129 plectemur
3273 3080 3372 3135 pro
3421 3066 3658 3140 delictis,

2072 3148 2243 3219 neque
2287 3141 2604 3211 recipiemus
2646 3148 2885 3215 praemia
2911 3166 3011 3219 pro
3040 3154 3346 3213 virtutibus.
3381 3156 3488 3217 Sed
3517 3176 3657 3223 neu-

2074 3234 2214 3283 trum
2240 3230 2432 3288 borum
2453 3251 2640 3292 verum
2667 3248 2777 3306 est;
2808 3244 2932 3312 quia
2961 3254 3016 3300 et
3043 3261 3142 3316 pro
3162 3254 3402 3319 peccatis
3428 3262 3647 3329 torque~

2069 3319 2270 3386 bimur,
2290 3328 2347 3375 et
2368 3339 2465 3393 pro
2483 3325 2691 3395 justitia
2718 3333 3037 3403 recipiemus
3060 3340 3301 3407 praemia,
3326 3357 3447 3412 qua!
3470 3319 3648 3405 mere—

2040 3394 2210 3465 ‘mur.
2251 3412 2307 3468 Si
2336 3394 2631 3489 enimpost
2681 3394 3085 3482 fundamentum
3114 3428 3240 3487 Jesu
3277 3394 3648 3506 Cliristi,,non

2068 3502 2239 3557 solum
2270 3504 2323 3558 in
2373 3514 2465 3563 tuo
2507 3512 2669 3567 corde
2699 3527 2888 3569 aurum
2916 3525 2971 3572 et
3013 3529 3297 3591 argenttun
3338 3532 3394 3580 et
3417 3502 3649 3597 lapidem

2066 3594 2384 3664 pretiosum,
2420 3600 2465 3654 si
2493 3602 2621 3670 quid
2654 3614 2831 3663 tamen
2866 3609 3030 3667 babes
3058 3612 3260 3686 aliquid
3305 3618 3424 3674 auri
3452 3594 3510 3675 et
3555 3636 3648 3678 ar-

2065 3684 2229 3751 genti,
2261 3690 2797 3762 super.edifieaveris,
2843 3713 3028 3756 verum
3074 3712 3131 3759 et
3148 3684 3342 3778 iligna,
3375 3706 3561 3767 fenum
3588 3722 3649 3769 et

2066 3773 2320 3843 Stipulam
2356 3781 2524 3849 :quid
2575 3784 2669 3847 tibi
2715 3787 2797 3842 vis
2851 3787 2966 3845 fieri
3024 3806 3146 3849 cum
3194 3773 3375 3853 anima
3423 3801 3669 3859 seducta

2066 3862 2229 3920 fuerit
2271 3882 2302 3920 a
2352 3873 2613 3940 corpore?
2659 3883 2968 3934 utrumnam
2994 3879 3201 3954 ingredi
3228 3885 3281 3940 in
3304 3896 3493 3944 sancta
3519 3906 3642 3947 cum

2064 3948 2223 4021 lignis
2249 3955 2373 4020 tuis,
2418 3971 2540 4012 cum
2585 3960 2707 4017 fcno
2733 3972 2789 4017 et
2816 3966 3032 4035 stipula,
3056 3948 3139 4025 ⁷ιιι
3181 3972 3389 4041 polluas
3419 3991 3648 4049 regnum

2064 4045 2179 4109 Dei,
2210 4062 2276 4102 an
2309 4061 2529 4122 propter
2556 4054 2780 4126 lignum,
2830 4057 3039 4131 fenum,
3070 4066 3321 4137 stipulam
3351 4045 3649 4131 foris'resi-

2062 4136 2210 4203 dere,
2239 4149 2295 4195 et
2317 4155 2418 4210 pro
2443 4159 2576 4200 auro
2604 4155 2658 4203 et
2682 4158 2905 4219 argento
2925 4162 2980 4208 et
3024 4152 3200 4226 lapide
3240 4160 3481 4227 pretioso
3509 4164 3645 4220 nibil

2063 4231 2326 4286 mercedis
2354 4234 2635 4305 accipere?
2662 4235 2766 4294 Sed
2789 4255 2965 4312 neque
2993 4245 3095 4302 hoc
3121 4260 3332 4319 ωίιιιιιιιι
3359 4261 3462 4307 est.
3499 4254 3643 4324 Quid

2060 4315 2227 4389 igitur
2250 4324 2530 4390 sequitur?
2553 4328 2654 4382 nisi
2684 4339 2742 4384 ut
2783 4332 3019 4400 primum
3041 4315 3262 4409 propter
3310 4342 3451 4415 ligna
3500 4315 3643 4417 ignis

2062 4408 2156 4464 tibi
2186 4411 2360 4475 detur,
2391 4415 2484 4483 qui
2503 4429 2788 4474 consumat
2818 4421 3021 4492 fenum,
3052 4408 3195 4500 ligna
3231 4432 3313 4485 vel
3339 4408 3590 4503 stipulan
3615 4438 3642 4493 7

1983 4538 2034 4598 Β
2061 4497 2203 4598 Deus
2233 4501 2436 4598 quippe
2446 4515 2636 4598 noster
2664 4511 2803 4580 apud
2823 4527 2918 4569 eos
2953 4517 3046 4585 qui
3079 4497 3301 4588 possunt
3342 4497 3642 4597 intelligere

2057 4589 2234 4644 divina
2252 4590 2392 4663 ignis
2407 4594 2614 4653 dicetur
2632 4616 2750 4656 esse
2770 4610 3336 4668 consumens-Etcum
3357 4616 3501 4673 dicat
3511 4589 3638 4686 pro-

2054 4681 2247 4749 pheta:
2267 4702 2287 4734 ‹
2317 4685 2459 4741 Deus
2473 4698 2656 4744 noster
2675 4692 3149 4763 ignisconsumens
3174 4703 3453 4773 est(Deut.
3477 4681 3575 4779 tv),
3606 4729 3628 4761 ι

2053 4788 2160 4827 non
2189 4777 2437 4845 apposuit
2460 4780 2587 4848 quid
2615 4794 2898 4839 consumat
2923 4805 2938 4841 :
2967 4789 3059 4844 tibi
3086 4791 3401 4865 relinquens
3427 4797 3494 4853 de
3517 4777 3635 4854 rna-

2055 4862 2421 4924 nifestioribus
2440 4868 2792 4929 intellectum.
2816 4874 3002 4947 Neque
3012 4882 3159 4937 enim
3183 4882 3235 4938 id
3246 4862 3401 4954 quod
3411 4888 3480 4941 ad
3497 4886 3633 4942 ima-

2053 4955 2230 5025 ginem
2260 4966 2316 5013 et
2359 4961 2763 5021 similitudinem
2815 4983 2970 5027 suam
2999 4985 3296 5040 permanet,
3344 4976 3482 5047 ignis
3522 4979 3630 5036 iste

2053 5048 2344 5116 consumit,
2371 5065 2479 5105 non
2504 5056 2752 5125 proprias
2773 5070 3070 5129 creaturas,
3091 5065 3183 5119 sed
3200 5067 3626 5136 supercediﬁcata

2052 5132 2213 5206 ligna,
2262 5136 2467 5208 fenum,
2515 5145 2788 5214 stipulam.
2842 5149 3158 5209 Necessario
3189 5132 3493 5225 appositum
3539 5171 3626 5218 est

2050 5228 2281 5294 primum
2300 5248 2313 5283 :
2330 5232 2565 5301 primum
2584 5238 2783 5310 quippe
2795 5250 3015 5313 propter
3036 5244 3325 5316 injustitias
3345 5258 3617 5308 tormenta

2050 5320 2380 5389 perpetimur
2427 5338 2445 5377 :
2485 5324 2680 5383 deinde
2710 5341 2930 5400 propter
2972 5333 3237 5402 justitiam
3273 5348 3620 5401 coronamur.

2050 5409 2234 5481 Neque
2255 5412 2396 5466 enim
2418 5428 2448 5469 e
2469 5419 2747 5474 contrario
2770 5431 2893 5477 ante
2919 5425 3199 5483 tribuenda
3221 5438 3349 5485 sunt
3368 5432 3539 5503 justa,
3564 5445 3622 5492 et

2048 5500 2127 5555 sic
2151 5501 2415 5558 reddenda
2441 5516 2683 5574 peccata,
2700 5521 2758 5563 ut
2778 5515 3115 5573 cessantibus
3135 5519 3293 5577 bonis
3309 5500 3439 5578 vitia
3461 5500 3619 5582 teter.

2046 5785 2191 5824 num.
2219 5768 2419 5829 Onmes
2447 5774 2625 5846 igitur,
2651 5782 2956 5855 quidﬁrque
2981 5791 3261 5848 materiam
3310 5795 3450 5853 illius
3479 5800 3585 5867 igni
