4022 6186
455 320 495 372 9.
505 315 561 368 εἴ.

1089 313 1151 368 Β.
1191 311 1442 369 RABAN!
1481 309 1698 368 MAURI
1730 307 2046 367 ARCHIEP.
2086 307 2395 364 MOGUNT.
2437 306 2718 362 OPERUM
2752 305 2938 363 PARS
2975 305 3061 362 Ill.

3593 308 3689 364 Si“

459 426 722 482 habemus
749 424 802 482 in
832 423 1006 486 nobis.
1037 425 1270 494 primum
1325 425 1648 494 recipiemus
1703 432 1882 478 nostra
1932 421 2029 476 de—
2059 423 2107 484 Α
2137 421 2363 492 tingunt.
2387 421 2488 488 Qui
2513 421 2656 475 enim
2685 431 2911 490 possunt
2935 420 3192 474 simulare
3209 420 3377 474 alium
3406 431 3691 476 creatorem

450 517 600 572 licta.
635 513 744 572 Sed
767 515 910 572 dicet
957 517 1086 572 mihi
1141 515 1336 586 aliquis
1361 517 1427 571 de
1453 515 1826 572 audientibus:
1856 513 2031 582 Expo-

453 623 524 662 ne
544 615 600 662 et
624 605 676 662 id
703 605 848 677 quod
876 605 1121 675 sequitur
1147 621 1161 660 :
1201 623 1221 657 ι
1254 605 1518 675 duplices.
1553 623 1575 656 ι
1625 604 1754 658 Esto
1783 603 1981 675 quippe
2012 619 2027 655 :

455 699 703 770 recipere
749 715 834 754 me
885 711 1102 770 peccata
1137 715 1164 754 ε,
1203 705 1264 752 ιιι
1309 697 1641 767 compleatur
1687 695 1741 750 id
1785 697 1926 764 quod
1966 692 2034 747 ab

437 789 712 862 'Apostolo
743 789 944 844 dictum
989 796 1074 844 est
1114 787 1163 859 (ι
1193 787 1316 842 Cor.
1365 788 1448 855 ιιι)
1481 804 1493 840 :
1529 805 1548 836 ι
1601 784 1658 840 Si
1704 783 1856 852 cujus
1898 798 2034 852 opus

457 879 654 938 arserit
681 880 1061 936 detrimentum
1085 879 1350 949 patietur:
1378 878 1492 947 ipse
1510 885 1687 932 autem
1709 873 1889 930 salvus
1909 873 2034 939 erit,

458 973 537 1029 sic
551 982 726 1028 tamen
745 973 894 1042 quasi
920 987 1018 1041 per
1041 971 1238 1040 ignem.
1265 991 1284 1024 ›
1308 969 1418 1026 Cur
1439 984 1565 1024 vero
1586 967 1818 1038 duplicia
1837 967 2036 1036 recipio

456 1064 714 1135 peccata?
744 1062 842 1119 Cui
877 1062 1309 1134 respondendum
1341 1071 1424 1117 est
1453 1081 1466 1114 :
1495 1060 1630 1126 Quia
1667 1079 1684 1110 ι
1725 1073 1918 1114 servus
1943 1055 2036 1126 qui

455 1155 561 1211 scit
579 1155 796 1210 volunta
810 1163 916 1208 tem
943 1153 1146 1208 domini
1171 1153 1275 1218 sui,
1322 1159 1376 1206 et
1403 1166 1506 1206 non
1539 1149 1667 1204 facit
1695 1163 1839 1213 eam,
1867 1159 2036 1212 vapu-

419 1231 834 1300 ‘labitmultnm
858 1243 1008 1314 (Luc.
1040 1243 1158 1314 xu).
1199 1262 1216 1294 ι
1255 1243 1484 1314 Dignum
1512 1240 1778 1310 siquidem
1814 1248 1898 1292 est
1945 1250 2040 1290 eos

457 1334 549 1404 qui
603 1333 668 1389 de
716 1335 964 1404 gentibus
1004 1340 1152 1397 sunt,
1200 1331 1462 1400 simplicia
1515 1329 1754 1399 recipere
1794 1336 2035 1396 peccata,

458 1431 514 1478 et
571 1438 668 1478 nos
733 1423 962 1494 duplicia
1031 1422 1328 1476 secundum
1393 1419 1707 1489 Apostolum
1771 1418 2038 1473 dicentem

459 1515 648 1586 (Hebr.
674 1513 730 1588 χ)
759 1534 772 1568 :
805 1534 822 1565 ι
854 1514 1168 1570 Voluntarie
1189 1511 1542 1582 peccantibus
1565 1511 1722 1566 nobis
1741 1517 1865 1579 post
1892 1507 2042 1578 agni-

463 1607 661 1662 tionem
726 1606 992 1670 veritatis,
1031 1603 1160 1671 ,jam
1218 1603 1357 1658 ultra
1417 1618 1525 1658 non
1577 1609 1823 1656 remanet
1865 1599 2041 1656 hostia

459 1713 556 1768 pro
589 1707 830 1768 peccato.
867 1716 884 1748 ι
927 1694 1209 1750 Horrihilis
1233 1705 1410 1750 autem
1431 1693 1682 1764 .qutcdam
1707 1692 2042 1762 exspectatio

2130 520 2282 566 extra
2313 511 2683 566 universitatis
2734 510 2925 574 Deum,
2953 510 3116 562 alium
3144 519 3391 564 sanctum
3423 509 3695 581 Spiritum,

2131 600 2296 654 alium
2324 599 2618 662 Christum,
2651 599 2756 654 alia
2791 599 2990 653 saecula
3037 607 3192 654 extra
3242 599 3363 655 hinc
3417 617 3537 670 qua:
3583 617 3694 656 cer-

2133 689 2336 753 nimus,
2361 689 2396 742 ii
2421 689 2668 743 homines
2689 687 2930 743 fecerunt
2959 689 3062 744 sibi
3092 690 3240 755 deos,
3265 700 3323 744 et
3348 690 3696 746 adoraveruat

2131 795 2296 851 opera
2325 796 2575 834 manuum
2598 796 2838 835 suarum.
2869 781 3068 836 Omnes
3091 782 3420 852 philosophi,
3447 785 3539 854 qui
3559 787 3696 838 varia

2135 869 2384 938 dogmata
2414 869 2767 938 prodiderunt
2795 887 2808 923 :
2839 884 3028 924 clunes
3055 871 3317 932 haeretici,
3349 873 3443 942 qui
3465 883 3698 928 auctores

2135 959 2206 1014 ad
2257 960 2416 1014 aliter
2467 961 2790 1015 credendum
2840 961 2908 1015 de
2961 961 3072 1016 Deo
3123 963 3342 1018 miseris
3397 965 3698 1020 mortalibus

2133 1051 2478 1116 exstiterunt,
2498 1050 2741 1106 fecerunt
2763 1051 2866 1105 sibi
2888 1051 3050 1115 idola,
3076 1062 3132 1106 et
3155 1054 3352 1108 anima:
3388 1055 3696 1110 voluntatem

2135 1151 2458 1215 putaverunt
2517 1143 2709 1209 Deum,
2759 1151 2814 1197 et
2849 1145 3091 1198 conversi
3133 1145 3498 1201 adoraverunt
3549 1163 3696 1218 opera

2137 1252 2393 1290 manuum
2418 1253 2657 1303 suarum,
2686 1246 2936 1307 putantes
2969 1231 3252 1303 remosse,
3281 1255 3404 1309 qua:
3429 1241 3697 1298 (iunxerant.

2137 1326 2338 1382 Omnes
2366 1328 2530 1396 igitur
2558 1337 2665 1382 tam
2693 1327 2760 1382 de
2786 1327 2981 1383 visibili
3005 1332 3256 1394 materia,
3287 1347 3450 1400 quam
3477 1332 3542 1388 de
3566 1331 3698 1390 falsis

2123 1419 2480 1488 dogmatibus
2509 1418 2772 1490 tingentes
2797 1419 2897 1474 sibi
2924 1420 3072 1486 deos,
3099 1421 3329 1493 corripit
3371 1439 3514 1479 nunc
3541 1440 3701 1480 sermo

2139 1507 2356 1566 divinus
2374 1509 2560 1564 dicens
2581 1525 2598 1565 :
2622 1510 2669 1566 si
2713 1509 2878 1566 faciet
2922 1511 3025 1566 sibi
3053 1513 3214 1567 homo
3243 1514 3395 1578 deos,
3419 1523 3474 1571 et
3499 1515 3583 1570 isti
3604 1531 3698 1572 non

2141 1606 2266 1655 sunt
2293 1599 2388 1654 dii.

2218 1711 2237 1744 ι
2267 1691 2476 1748 idcirco
2501 1708 2634 1749 ecce
2677 1709 2779 1766 ego
2802 1694 3084 1750 ostendam
3123 1696 3203 1750 eis
3233 1712 3335 1766 per
3360 1697 3526 1753 vicem
3556 1699 3697 1762 bane,

437 1765 642 1856 'judieii
685 1796 738 1841 et
777 1785 917 1857 ignis
957 1803 971 1839 :
1014 1785 1162 1840 zelus
1184 1785 1292 1840 .Dei
1331 1787 1590 1840 comedet
1621 1798 1810 1840 omnes
1845 1783 2042 1838 adver-
2071 1765 2116 1824 Β
2149 1803 2169 1836 ι
2201 1785 2479 1840 ostendam
2505 1786 2587 1842 eis
2609 1801 2825 1840 manum
2847 1801 3044 1850 meam,
3075 1797 3132 1842 et
3154 1765 3413 1844 virtutem
3442 1804 3628 1853 meam,
3652 1801 3700 1843 et

465 1892 658 1934 sanos.
1859 1905 1893 1921 ,ο

541 1987 559 2020 ι
593 1968 836 2034 Domine,
863 1967 1116 2023 fortitudo
1133 1983 1278 2032 mea,
1309 1976 1364 2026 et
1397 1967 1562 2022 robur
1588 1979 1789 2030 meum,
1809 1972 1869 2019 et
1893 1962 2042 2019 refu¢

469 2091 491 2122 ο
525 2067 671 2138 gium
699 2082 878 2122 meum
908 2067 962 2121 in
1008 2067 1094 2124 die
1123 2062 1637 2136 tribulationis.(sive
1673 2060 1980 2132 malorum).
2018 2080 2038 2113 ι

467 2155 740 2228 (Ηὶενοη.)
772 2154 963 2212 Omnis
1011 2155 1288 2210 hominum
1331 2153 1609 2218 fortitudo,
1662 2152 1780 2207 sine
1805 2150 1904 2206 Dei
1930 2149 2042 2204 vir—

463 2255 598 2312 tute,
630 2262 751 2318 qua:
772 2245 1023 2302 Christus
1043 2255 1147 2312 est,
1181 2245 1448 2302 imbecilla
1479 2253 1763 2314 reputatur
1781 2254 1838 2312 et
1865 2242 2040 2298 nihili.

465 2337 619 2394 Unde
667 2337 1084 2413 confugiendum
1113 2339 1180 2393 ad
1211 2338 1379 2394 Deum
1425 2346 1587 2406 atque
1609 2337 1895 2394 dicendqu
1917 2343 2002 2390 est
2026 2351 2040 2387 :

471 2449 488 2480 ι
528 2429 769 2495 Domine,
797 2429 1061 2501 refugium
1085 2429 1262 2486 factus
1290 2443 1350 2484 es
1379 2429 1535 2484 nobis
1557 2427 1610 2484 in
1625 2427 1972 2499 generatione
1991 2435 2048 2481 et

465 2519 819 2588 generatione
856 2519 1028 2592 (Prol.
1061 2520 1306 2590 Lxxxtx).
1347 2539 1364 2572 ι
1393 2519 1460 2574 Et
1487 2519 1539 2573 in
1569 2519 1678 2574 alio
1702 2518 1822 2573 loco
1851 2535 1864 2572 :
1893 2535 1911 2567 ι
1942 2516 2045 2584 Qui

459 2611 675 2666 habitat
723 2611 782 2664 in
830 2610 1098 2679 adiutorio
1134 2609 1419 2675 Altissimi,
1474 2609 1528 2664 in
1565 2607 1900 2680 protectioue
1949 2606 2046 2664 Dei

463 2699 587 2754 (εαξιὶ
631 2699 1062 2755 commorabitur
1110 2697 1282 2772 (Ρδαι.
1323 2699 1434 2771 xc).
1473 2719 1490 2752 ι
1520 2699 1646 2755 Dies
1673 2707 1852 2754 autem
1882 2698 2049 2753 tribu-

461 2788 683 2844 lationis
721 2789 838 2843 sive
879 2789 1167 2855 malorum,
1211 2790 1300 2844 illa
1335 2789 1678 2860 intelligenda
1703 2796 1788 2844 est
1827 2788 1894 2844 de
1939 2803 2046 2857 qua

465 2875 599 2930 dicit
647 2885 702 2930 et
744 2875 1037 2946 Apostolus
1113 2874 1256 2948 (Cal.
1301 2876 1420 2950 t):t
1458 2876 1528 2932 Ut
1573 2876 1806 2946 eriperet
1851 2890 1952 2929 nos
1982 2875 2048 2930 de

459 2967 716 3037 praesenti
746 2967 942 3023 saeculo
971 2984 1236 3038 nequam;
1262 2989 1280 3020 ›
1312 2975 1368 3022 et
1399 2986 1417 3018 ι
1441 2966 1787 3024 Redimcntes
1817 2975 2047 3036 tempus,

461 3057 718 3128 quoniam
742 3057 858 3113 dies
888 3058 1012 3113 mali
1045 3069 1170 3112 sunt
1193 3058 1406 3130 (Ep/trs.
1431 3056 1504 3132 v).
1529 3074 1551 3109 ι

540 3168 559 3199 t
601 3149 680 3203 Ad
739 3157 792 3203 te
841 3157 1028 3218 gentes
1072 3149 1289 3203 venient
1338 3147 1407 3201 ab
1459 3120 1720 3203 extremis
1768 3156 1946 3210 terrm,
1995 3120 2120 3200 etC

471 3257 490 3289 ι
525 3241 734 3295 dicent:
756 3239 892 3294 Vere
921 3239 1256 3294 mendacium
1277 3237 1629 3306 possederunt
1653 3243 1835 3306 patres
1855 3234 2044 3299 nostri,

471 3349 488 3378 ι
525 3328 820 3382 vanitatem
857 3344 976 3398 qum
999 3328 1078 3382 eis
1130 3343 1234 3381 non
1280 3325 1500 3396 profuit.
1539 3346 1558 3378 ι
1595 3325 1737 3380 LXX
1779 3345 1790 3378 :
1833 3345 1849 3376 ι
1882 3325 1963 3379 Ad
1995 3333 2049 3380 te

472 3439 488 3466 ο
527 3428 713 3490 gentes
743 3421 958 3474 venient
984 3419 1051 3473 ab
1071 3419 1327 3474 extremis
1365 3429 1546 3484 terrae,
1575 3428 1626 3474 ct
1656 3419 1833 3474 dicent
1860 3437 1872 3472 :
1899 3418 2045 3484 Quo-

471 3531 488 3562 t
527 3513 684 3566 modo
707 3511 839 3565 falsa
869 3511 1222 3581 possederunt
1245 3518 1428 3580 patres
1456 3509 1627 3565 nostri
1655 3510 1815 3574 idola,
1857 3517 1908 3564 et
1937 3524 2046 3563 non

472 3617 490 3650 t
527 3610 611 3656 est
641 3601 693 3654 in
724 3599 802 3655 eis
835 3599 1076 3656 utilitas?
1109 3619 1126 3652 ι
1176 3598 1474 3669 Postquam
1503 3601 1708 3670 cjcctus
1731 3608 1815 3653 est
1857 3597 2043 3664 Israel,

465 3698 518 3743 et
547 3703 575 3742 a
603 3688 964 3758 piscatoribus
1009 3690 1464 3760 venatoriiusque
1505 3690 1822 3756 translatus,
1851 3705 2044 3745 conse-

467 3788 700 3849 quenter
731 3790 956 3834 vocatur
979 3779 1048 3834 ad
1071 3781 1226 3835 fidem
1251 3781 1488 3850 gentium
1513 3780 1817 3846 ntu‘titudo,
1844 3791 1898 3834 et
1920 3795 2048 3836 con-

465 3871 652 3924 lltetur
679 3886 737 3924 se
765 3871 877 3924 sive
898 3879 1082 3940 patres
1123 3884 1250 3924 suos
1280 3871 1330 3924 in
1360 3871 1540 3941 priore
1566 3886 1752 3926 errore
1784 3879 2044 3925 versatos.

463 3959 666 4032 (συνίῃ.)
695 3961 923 4028 Quinam
975 3960 1084 4026 isti,
1121 3961 1211 4029 qui
1249 3963 1470 4016 veniunt
1493 3961 1560 4016 ab
1587 3961 1886 4017 extremis?
1911 3960 2050 4016 Sunt

467 4049 558 4104 alii
590 4051 953 4120 primi'terrm,
987 4058 1110 4105 sunt
1133 4050 1220 4105 alii
1252 4051 1548 4106 novissimi.
1573 4051 1674 4118 Qui
1699 4059 1824 4106 sunt
1853 4051 2046 4120 primi?

463 4137 751 4210 Sapientes
765 4141 970 4207 smeuli,
994 4141 1215 4200 nobiles,
1238 4139 1774 4210 divites,optimates.
1799 4140 1898 4208 Qui
1922 4150 2047 4195 sunt

463 4230 732 4285 extremi?
779 4231 954 4284 Stulta
1010 4231 1190 4284 mundi
1243 4230 1410 4300 elegit
1460 4230 1617 4294 Deus,
1668 4238 1726 4284 ut
1753 4229 2047 4284 confundat

463 4319 647 4385 fortia,
671 4328 722 4374 ct
747 4335 832 4384 ea,
856 4335 976 4392 qua:
1023 4338 1127 4376 non
1156 4331 1329 4387 erant,
1360 4327 1418 4375 ut
1470 4320 1736 4385 destruat,
1771 4336 1892 4390 qua:
1923 4330 2047 4376 sunt

460 4405 514 4478 (1
547 4407 668 4460 Cor.
708 4411 810 4478 ιιι).
861 4431 880 4458 ι
923 4409 1151 4465 Venient
1189 4417 1376 4481 gentes
1402 4409 1470 4463 ab
1503 4410 1763 4464 extremis
1808 4419 1986 4477 terra),
2020 4432 2038 4463 ι

461 4499 617 4566 quasi
655 4500 856 4553 dixerit
891 4518 902 4554 :
929 4500 1010 4556 Ab
1035 4501 1120 4556 bis
1145 4501 1583 4571 bominibus,qui
1613 4502 1889 4556 novissimi
1920 4515 2044 4558 sunt

461 4601 622 4657 super
645 4589 938 4654 tcrram,dc
969 4590 1148 4654 fatuis,
1181 4592 1244 4645 de
1277 4591 1617 4661 ignobilibus,
1649 4591 1716 4646 de
1741 4591 1965 4660 abjectis
1993 4602 2048 4647 et

459 4676 680 4732 dicent:
723 4695 742 4728 ι
777 4679 1056 4744 Quomodo
1093 4680 1226 4734 falsa
1265 4684 1622 4750 possederunt
1663 4692 1844 4754 patres
1873 4685 2044 4739 nostri

464 4766 777 4835 simulacra,
799 4783 897 4823 nec
919 4777 1003 4823 est
1031 4769 1086 4823 in
1108 4770 1212 4826 illis
1242 4771 1480 4827 ut‘litas?
1517 4792 1534 4824 ι
1566 4788 1670 4827 non
1698 4773 1822 4842 quia
1845 4782 1900 4828 et
1921 4790 2044 4828 vera

463 4861 571 4915 sint
621 4859 782 4926 idola,
837 4860 904 4916 ad
967 4875 1194 4930 quorum
1255 4861 1657 4918 distinctionem
1709 4880 1852 4920 nunc
1910 4865 2043 4921 falsa

2147 1893 2164 1924 ι
2205 1874 2377 1931 scient
2399 1874 2657 1944 quoniam
2683 1889 2878 1929 nomen
2925 1875 3054 1930 mihi
3085 1875 3371 1932 Dominus.
3403 1899 3421 1930 ι
3456 1878 3700 1950 (Hieron)

2143 1961 2332 2018 Manus
2359 1962 2474 2028 Dei,
2495 1977 2594 2033 per
2619 1978 2783 2034 quam
2809 1972 3000 2020 cuneta
3019 1976 3280 2034 operatus
3308 1977 3392 2022 est
3414 1985 3426 2022 ε
3456 1977 3510 2022 et
3529 1969 3696 2024 virtus.

2143 2054 2209 2109 de
2231 2067 2336 2123 qua
2363 2053 2502 2108 dixit
2526 2054 2816 2124 Apostolus
2838 2053 2888 2128 (l
2921 2053 3046 2110 Cor.
3071 2061 3111 2119 ι)
3136 2075 3150 2112 :
3187 2077 3207 2110 ι
3235 2058 3486 2115 Christus
3498 2060 3586 2116 Dei
3608 2065 3700 2115 vir-

2135 2154 2250 2210 .tns,
2279 2153 2334 2200 et
2349 2144 2445 2200 Dei
2471 2145 2760 2214 sapientia,
2787 2165 2804 2198 ι
2832 2147 3136 2202 ostenditur
3164 2151 3420 2218 gentibus
3457 2151 3569 2205 Filii
3595 2167 3700 2221 pas-

2141 2235 2297 2290 sione
2325 2234 2614 2304 eompleta.
2663 2234 3001 2306 Pulehreque
3045 2237 3218 2292 dixit:
3269 2257 3288 2288 ι
3328 2237 3608 2294 Ostendam
3633 2241 3701 2294 eis

2143 2343 2239 2397 per
2282 2327 2454 2382 vicem
2505 2326 2678 2394 hanc;
2719 2347 2737 2380 ι
2780 2329 3062 2383 ostendam
3117 2339 3307 2385 autem
3347 2330 3633 2395 manifeste,
3654 2342 3699 2384 et

2143 2431 2250 2475 non
2281 2425 2342 2470 ut
2367 2416 2516 2486 prius
2546 2417 2600 2472 in
2624 2417 2838 2482 umbra,
2863 2425 2918 2472 et
2940 2417 3194 2489 imagine,
3223 2427 3286 2474 et
3305 2420 3552 2474 vaticinia
3577 2418 3702 2473 futu-

2138 2523 2330 2583 rorutn
2379 2527 2392 2562 :
2440 2519 2500 2564 ut
2542 2519 2826 2579 postquam
2872 2511 3250 2582 cognoverint,
3308 2513 3477 2569 sciant
3529 2528 3696 2568 nomen

2146 2617 2345 2665 meum,
2395 2603 2720 2671 audientque
2753 2618 2785 2656 a
2833 2601 2969 2658 Filio
3011 2620 3024 2655 :
3077 2621 3098 2654 ‹
3155 2603 3344 2672 Pater,
3385 2604 3696 2662 manifestari

2145 2708 2342 2748 nomen
2361 2702 2516 2746 tuum
2543 2692 2846 2748 hominibus
2875 2691 3060 2765 (Joan.
3089 2694 3249 2767 xvii).
3295 2715 3315 2747 ι

2718 2846 2944 2904 CAPUT
2989 2847 3148 2904 XVII.

2152 2977 2239 3053 De
2253 2979 2598 3053 obstinatione
2619 2978 2931 3053 Judaaorttm
2969 2979 3354 3053 {maledicilur
3390 2983 3478 3053 qui
3510 2981 3694 3053 conﬁdit

2221 3049 2277 3124 in
2303 3051 2540 3124 nomine;
2562 3051 2669 3124 qui
2718 3051 2773 3104 in
2823 3050 2933 3124 Deo
2969 3051 3324 3124 benedicitur;
3357 3049 3419 3106 de
3443 3049 3696 3124 perditione

2221 3117 2505 3184 diabolica;
2537 3117 2602 3172 de
2625 3121 2992 3194 imprecatione
3013 3120 3264 3194 Jereun'w
3304 3117 3458 3194 super
3475 3123 3693 3192 populum

2218 3200 2573 3258 peccatorem;
2601 3190 2666 3244 de
2687 3190 3040 3244 observatione
3060 3191 3292 3248 sabbati.

2225 3339 2243 3369 ι
2265 3319 2704 3376 PeccatumJuda
2729 3321 2988 3391 scriptum
3010 3331 3091 3378 est
3113 3324 3255 3394 stylo
3290 3325 3459 3381 ferreo
3478 3325 3528 3380 in
3545 3338 3694 3394 ungue

2155 3427 2174 3460 ι
2207 3409 2582 3476 adamantino,
2627 3421 2910 3468 exaratum
2958 3429 3121 3483 super
3169 3414 3504 3472 latitudinem
3541 3414 3694 3470 cordis

2153 3520 2174 3551 ί
2207 3517 2395 3556 eorum
2426 3503 2551 3573 (sive
2581 3503 2878 3573 inpectore
2901 3506 3080 3560 cordis
3106 3507 3350 3580 eorum),
3390 3518 3442 3562 et
3463 3509 3514 3562 in
3533 3506 3691 3561 corni-

2153 3613 2171 3645 ι
2204 3594 2304 3649 bus
2329 3594 2580 3648 altarium
2608 3594 2738 3666 (sive
2785 3597 3026 3667 ararum)
3058 3611 3269 3654 eorum.
3307 3620 3326 3651 ι
3359 3599 3433 3654 De
3457 3597 3693 3668 gentibus,

2148 3686 2358 3754 quzeal
2404 3685 2686 3745 Dominum
2740 3701 3017 3742 converse
3062 3686 3306 3757 fuerant,
3337 3705 3491 3758 supra
3518 3688 3690 3744 dictum

2148 3785 2231 3830 est
2256 3793 2268 3828 :
2296 3795 2314 3824 ι
2341 3775 2477 3830 Ecce
2496 3791 2596 3846 ego
2623 3777 2903 3832 ostendam
2932 3777 3010 3832 eis
3032 3793 3127 3848 per
3159 3779 3334 3836 vicem
3364 3781 3518 3844 hanc,
3541 3787 3702 3834 osteu-l

2147 3865 2272 3918 dam
2291 3865 2370 3920 eis
2397 3881 2614 3920 manum
2642 3881 2838 3934 meam,
2861 3877 2916 3940 et
2933 3869 3187 3926 virtutem
3211 3885 3422 3926 meam:
3442 3889 3461 3922 ι
3485 3883 3612 3924 nune
3635 3865 3692 3920 de

2153 3955 2335 4018 Israel,
2362 3956 2451 4025 qui
2483 3954 2725 4024 abjeetus
2760 3966 2864 4024 est,
2907 3956 3182 4030 loquitur:
3221 3980 3240 4012 t
3279 3961 3554 4016 Peccatum
3577 3954 3692 4010 Juda

2147 4045 2284 4116 style
2305 4047 2479 4100 ferreo
2506 4047 2763 4116 scriptum
2792 4057 2875 4102 est
2899 4049 2954 4104 in
2977 4065 3154 4121 ungue
3177 4051 3532 4112 adamantino,
3560 4067 3578 4100 ι
3599 4054 3687 4101 etc.

2148 4139 2299 4205 Quod
2321 4156 2420 4194 cur
2440 4155 2468 4192 a
2499 4139 2636 4194 LXX
2661 4142 3078 4210 ptmtu'missum
3115 4143 3184 4196 sit
3203 4145 3409 4206 nescio,
3439 4141 3530 4196 nisi
3555 4136 3686 4192 forsi-

2150 4239 2240 4286 tan
2265 4240 2620 4299 pcpcrcetunt
2648 4231 2845 4301 populo
2878 4248 3008 4296 suo;
3039 4233 3181 4287 sicut
3233 4244 3286 4287 et
3337 4234 3391 4288 in
3441 4231 3566 4286 Isaia
3607 4240 3687 4281 eos

2147 4323 2341 4378 fecisse
2373 4323 2714 4378 manifestum
2743 4331 2863 4378 est:
2898 4342 2917 4380 ι
2943 4322 3156 4389 Quiesci
3169 4335 3217 4379 te
3243 4338 3374 4394 ergo
3395 4323 3459 4376 ab
3478 4318 3683 4375 homine,

2149 4412 2301 4481 cujus
2328 4413 2548 4482 Spiritus
2576 4413 2629 4467 in
2657 4411 2882 4467 naribus
2907 4411 3046 4483 ejus,
3092 4414 3216 4483 quia
3242 4413 3481 4469 excelsus
3501 4413 3685 4479 reputat-

2152 4514 2236 4562 tus
2263 4506 2478 4576 cstipse
2512 4504 2645 4577 (Isa.
2679 4505 2740 4576 ιι)
2775 4521 2788 4557 :
2824 4495 3150 4575 {multaque
3193 4499 3565 4574 hujuscemodi,
3585 4509 3687 4566 qua:

2148 4599 2194 4654 si
2222 4597 2440 4654 voluero
2479 4605 2676 4654 cuncta
2721 4597 2990 4667 digerere,
3047 4612 3152 4650 non
3201 4597 3374 4651 dicam
3423 4594 3566 4654 libro,
3605 4584 3683 4642 sed

2149 4689 2302 4744 libris
2323 4704 2458 4758 opus
2486 4687 2608 4742 erit.
2641 4686 2892 4747 Gentium
2943 4696 3165 4758 peccata
3203 4689 3373 4743 deleta
3414 4690 3548 4745 sunt,
3575 4677 3679 4747 Quin

2147 4793 2421 4834 conversa:
2453 4779 2522 4834 ad
2545 4778 2850 4843 Dominum,
2889 4777 2958 4833 ab
2977 4777 3238 4832 extremis
3263 4784 3416 4830 terra:
3433 4769 3683 4826 audierunt

2147 4871 2317 4926 illud:
2347 4889 2366 4922 ι
2403 4869 2644 4926 Laudato
2689 4869 2998 4934 Dominum,
3032 4883 3222 4924 omnes
3265 4876 3470 4938 gentes;
3497 4859 3681 4916 laudate

463 4953 754 5009 dicuntur:
787 4946 882 5008 sed
938 4950 1097 5017 idola,
1152 4967 1270 5022 quzc
1319 4952 1454 5007 falsa
1503 4963 1629 5010 sunt
1658 4967 1756 5024 per
1791 4965 2056 5021 naturam,
2147 4978 2294 5027 eum,
2326 4977 2517 5016 omnes
2539 4961 2719 5031 populi
2749 4978 2763 5014 :
2791 4961 2915 5030 quia
2950 4961 3264 5015 conﬁrmata
3290 4969 3372 5014 est
3416 4968 3562 5024 super
3597 4962 3681 5003 nos

461 5044 604 5099 nulla
629 5053 711 5101 est
741 5046 793 5100 in
817 5044 897 5100 eis
927 5043 1148 5099 utilitas.

535 5155 555 5187 ι
593 5136 844 5206 Nunquid
869 5135 1030 5192 faciet
1055 5135 1156 5190 sibi
1201 5135 1360 5190 homo
1391 5135 1542 5202 deos,
1573 5144 1627 5192 et
1653 5137 1752 5206 ipsi
1781 5152 1885 5194 non
1912 5147 2038 5193 sunt

463 5247 479 5277 ι
516 5227 628 5282 dii?
661 5245 678 5278 ι
702 5227 985 5300 (υἱεῖ-οη.)
1011 5227 1078 5282 Et
1104 5229 1206 5283 hoc
1241 5235 1428 5298 gentes
1451 5227 1764 5298 loquuntur,
1793 5244 1913 5297 qua:
1945 5245 2034 5281 ve-

459 5329 655 5374 nerunt
674 5320 740 5375 ad
765 5319 1103 5377 Salvatorcm
1127 5322 1194 5376 ab
1213 5321 1470 5376 extremis
1493 5329 1674 5384 terrae,
1693 5321 2039 5393 suggillantcs

462 5409 822 5478 ignorantiam
853 5421 960 5468 tam
991 5431 1140 5469 suam
1184 5429 1342 5484 quam
1373 5411 1634 5481 majorum
1661 5431 1903 5480 suorum,
1932 5433 2036 5487 qua

459 5509 780 5568 putaverunt
798 5507 866 5561 ab
905 5507 1120 5562 homine
1149 5508 1262 5562 ﬁeri
1293 5508 1438 5572 deos,
1487 5525 1607 5562 cum
1643 5508 1732 5562 Dei
1763 5507 1834 5563 sit
1861 5508 2037 5562 homi-

358 5667 370 5678 .
457 5606 555 5643 nes
581 5591 780 5649 facere.
811 5596 1012 5669 (Oi-ig.)
1059 5597 1173 5652 Non
1201 5599 1372 5654 solum
1420 5600 1485 5656 de
1515 5600 1790 5670 corporeis
1821 5601 2040 5654 sunula-

456 5681 567 5738 tris
587 5680 789 5742 faciunt
815 5685 920 5749 sibi
949 5688 1198 5745 homines
1235 5689 1386 5763 deos,
1412 5692 1504 5746 sed
1525 5700 1579 5747 et
1610 5691 1674 5748 de
1709 5691 1869 5747 corde
1910 5691 2036 5747 corl-

2147 5055 2522 5110 miscrieordia
2551 5053 2687 5122 ejus,
2723 5063 2779 5109 et
2804 5055 3006 5109 veritas
3035 5052 3246 5109 Domini
3277 5059 3451 5108 manet
3471 5049 3519 5102 in
3541 5052 3676 5099 teter-

2145 5162 2274 5200 num
2296 5143 2467 5217 (Psal.
2493 5146 2662 5216 cxvr).
2695 5165 2712 5196 ι
2739 5145 2806 5200 Ει
2833 5146 2899 5200 de
2919 5135 3116 5214 quibus
3141 5145 3348 5210 dixerat
3367 5141 3429 5196 ad
3450 5137 3673 5208 Moysen:

2151 5255 2170 5287 ‹
2207 5235 2423 5292 Dimitte
2454 5251 2561 5300 me,
2600 5247 2660 5291 ut
2683 5236 3002 5293 interliciam
3033 5236 3284 5306 populum
3323 5237 3490 5294 istum,
3524 5237 3570 5283 et
3603 5223 3671 5278 f9-

2144 5327 2284 5381 ciatn
2315 5336 2365 5381 te
2394 5328 2446 5380 in
2471 5335 2682 5398 gentem
2722 5341 2972 5397 magnam
3006 5326 3202 5397 (Exod.
3237 5328 3420 5393 χχχιι).
3457 5342 3475 5374 ι
3505 5319 3676 5374 Ρεεθειο

2144 5427 2256 5472 tum
2281 5428 2458 5474 autem
2486 5417 2621 5473 Juda
2650 5418 2956 5482 indelebile,
2976 5427 3162 5488 atque,
3179 5429 3238 5472 ut
3261 5417 3330 5472 ita
3351 5415 3530 5474 dicam,
3549 5402 3670 5462 nulla

2145 5511 2352 5566 ratione
2372 5510 2707 5570 abolendum,
2733 5512 2994 5581 scriptum
3017 5520 3101 5564 est
3123 5510 3260 5581 stylo
3279 5509 3442 5560 ferreo
3462 5503 3510 5557 in
3524 5509 3669 5566 ungue

2143 5601 2508 5666 adamantina,
2526 5615 2646 5670 qum
2667 5599 2928 5656 llebraice
2949 5599 3148 5655 dicitur
3159 5609 3322 5658 mm
3338 5590 3566 5648 δείιεῐυιίτι
3580 5596 3666 5639 ¹¹⁰³¹

2141 5708 2248 5763 quo
2277 5691 2416 5747 ullus
2445 5690 2639 5763 unguis
2681 5691 2776 5755 sit,
2803 5691 2898 5761 qui
2922 5689 3226 5762 appellatur
3260 5696 3434 5752 να.
3471 5677 3555 5735 sed
3574 5683 3667 5742 ιιιιο

3155 5794 3198 5816 ..ΔΙ

3069 5818 3149 5858 ι¹ί

2355 5864 2366 5895 1
2973 5871 3027 5900 ,δι’
3034 5853 3066 5874 ⁵*
