4022 6186
389 372 498 430 9ιό

1292 368 1653 428 EXPOSITIO
1689 371 1912 429 SUPER
1951 370 2314 427 JEREMMM.
2356 404 2423 412 —
2458 372 2584 429 UB.
2622 373 2751 429 Vlll:

3533 376 3638 434 9-58

392 489 528 558 lapis
567 486 962 549 adamantinns,
992 485 1081 555 qui
1111 500 1174 539 cx
1203 500 1269 539 eo
1294 488 1436 555 quod
1465 487 1755 542 indomitus
1800 488 1871 542 sit
1910 496 1964 541 et
1992 490 2035 548 Α
2066 487 2119 541 in
2156 487 2346 558 gloria,
2381 496 2693 557 peccatores
2730 504 2857 543 vero
2887 489 2941 543 in
2983 490 3325 558 opprobrium
3356 498 3412 544 et
3444 490 3635 546 cunl'uq

394 578 770 649 iufrangibilis,
811 576 914 631 hoc
964 592 1158 631 nomen
1205 578 1437 647 accepit,
1475 587 1681 633 tantum
1729 579 1960 633 nitorem

394 672 590 726 habeat
633 678 688 724 et
732 669 1024 730 levitatem,
1078 674 1138 722 ut
1177 668 1381 738 absque
1429 668 1536 723 ullo
1579 670 1964 739 impedimento

383 763 554 817 scribi
583 763 756 832 possit
799 763 850 816 in
880 777 944 816 eo
974 760 1113 831 style
1140 760 1345 825 ferreo;
1376 770 1436 815 ut
1478 762 1608 815 dura
1639 761 1764 815 ferri
1796 768 1965 813 mate-

390 854 498 909 ries
526 852 728 909 scribat
762 852 817 906 in
844 850 1048 905 duriori
1099 850 1279 905 tabula
1334 850 1699 913 adamantina,
1724 858 1777 903 et
1807 849 1964 903 duret

388 947 531 1012 quod
555 944 810 1015 scriptum
833 942 990 996 estin
1022 951 1357 1012 perpetuum.
1381 940 1487 1010 Ipsi
1517 939 1657 993 enim
1689 939 1960 1003 dixerunt,

392 1054 412 1089 ι
446 1036 679 1107 Sanguis
701 1033 816 1103 ejus
839 1049 1000 1104 super
1015 1048 1112 1087 nos
1140 1044 1191 1086 et
1214 1046 1374 1101 super
1395 1031 1531 1086 filios
1555 1038 1785 1085 nostros.
1813 1050 1830 1080 ι
1860 1028 1963 1083 Per

385 1127 585 1196 stylum
621 1140 749 1195 ergo
786 1125 1017 1178 ferremn
1054 1121 1218 1178 fortis
1260 1121 1560 1185 sententia,
1597 1135 1696 1191 per
1728 1135 1960 1189 unguem

382 1233 519 1274 vero
543 1216 945 1272 adamantinum
978 1215 1221 1282 signatur
1251 1212 1373 1267 fluis
1397 1221 1648 1265 :eternus.
1671 1209 1960 1265 Peccatum

382 1325 517 1364 vero
532 1307 682 1364 Judze
695 1307 832 1378 stylo
858 1306 1029 1359 ferreo
1057 1306 1107 1359 in
1133 1318 1311 1374 ungue
1331 1300 1679 1356 adamantino
1698 1300 1959 1369 scriptum

384 1404 607 1467 dicitur,
631 1401 755 1470 quia
784 1399 935 1468 culpa
954 1398 1391 1465 Judteorum,per
1418 1394 1608 1448 fortem
1632 1390 1725 1445 Dei
1743 1400 1961 1444 senten-

384 1495 517 1548 tiam
548 1493 600 1546 in
653 1490 757 1545 line
789 1499 1040 1546 servatur
1068 1487 1298 1542 infinito.
1338 1485 1491 1541 Unde
1516 1493 1818 1549 exaratum,
1846 1484 1960 1537 sive

384 1583 710 1652 insculptum
749 1589 831 1635 est
880 1580 933 1634 in
978 1578 1233 1634 cornibus
1282 1576 1555 1642 altarium,
1604 1574 1688 1630 vel
1739 1589 1958 1629 ararum

383 1690 571 1729 eorum
601 1692 612 1727 :
639 1681 698 1729 ut
724 1688 886 1744 opera
936 1668 1202 1739 sacrilegii
1248 1670 1302 1724 in
1349 1676 1605 1723 aeternam
1636 1667 1956 1721 memoriam

2063 575 2268 632 sionem
2293 584 2566 631 aeternam.

2140 685 2160 718 ι
2193 668 2328 722 Cum
2353 668 2619 723 recordati
2667 667 2864 723 fuerint
2917 667 3008 724 filii
3038 684 3225 724 eorum
3264 685 3477 724 ararum
3513 684 3637 727 sua-

2070 776 2090 808 σ
2127 772 2268 823 rum,
2311 768 2367 812 et
2418 759 2679 823 lucorum,
2746 761 3118 831 lignorumque
3167 761 3529 817 frendentium
3580 764 3634 819 in

2068 865 2087 898 ‹
2127 847 2398 903 montibus
2428 849 2677 914 excelsis,
2709 851 3077 908 sacrificantes
3118 853 3174 907 in
3222 868 3353 924 agro
3384 869 3398 907 :
3425 853 3636 909 fortitu-

2069 957 2087 989 ι
2125 940 2302 994 dinem
2328 949 2497 1004 tuam,
2521 950 2574 995 et
2610 958 2799 998 omnes
2833 946 3116 999 thesauros
3144 954 3262 1000 tuos
3290 948 3343 1000 in
3374 947 3634 1017 direptio-

2068 1047 2086 1079 c
2122 1043 2246 1082 nem
2278 1029 2436 1093 dabo,
2455 1033 2669 1087 excelsa
2699 1043 2784 1088 tua
2808 1043 3026 1105 propter
3052 1046 3270 1105 peccata
3294 1037 3346 1092 in
3370 1038 3636 1093 universis

2052 1136 2085 1168 1
2127 1118 2320 1173 finibus
2340 1120 2445 1173 tuis
2468 1136 2482 1173 :
2508 1131 2565 1177 et
2596 1123 2918 1192 relinqueris
2944 1125 3053 1180 sola
3090 1126 3157 1181 ab
3186 1127 3499 1183 lucreditatc
3523 1138 3631 1192 tua,

2068 1228 2086 1261 ι
2128 1225 2288 1280 quam
2316 1212 2438 1267 dedi
2466 1213 2585 1278 tibi,
2615 1222 2669 1268 et
2698 1217 2901 1270 servire
2928 1227 2980 1271 te
3029 1216 3220 1271 faciam
3255 1219 3499 1277 .inimic‘is'
3530 1222 3634 1277 tuis

2067 1317 2087 1349 ι
2129 1300 2181 1353 in
2207 1309 2372 1366 terra,
2406 1317 2565 1372 quam
2613 1304 2860 1379 ignoras,
2886 1307 3139 1376 quoniam
3188 1307 3366 1378 ignem
3409 1325 3668 1366 sumen--

2066 1407 2086 1441 ι
2123 1390 2248 1446 disti
2276 1392 2328 1445 in
2360 1392 2542 1448 furore
2584 1408 2725 1459 meo,
2757 1410 2927 1466 usque
2967 1397 3018 1451 in
3046 1406 3305 1453 teternum
3345 1401 3571 1455 ardebit.
3611 1420 3628 1452 ι

2062 1478 2330 1554 (Ηὶενοη.)
2362 1482 2430 1536 Ει
2475 1483 2590 1537 haec
2634 1484 2687 1538 in
2718 1485 2859 1539 LXX
2886 1503 2989 1541 non
3021 1487 3305 1555 habentur,
3342 1494 3549 1558 eadem,
3577 1501 3635 1547 ut

2061 1585 2201 1636 reor,
2220 1587 2404 1638 causa,
2420 1590 2586 1644 quam
2608 1590 2769 1646 supra
2784 1577 3035 1644 diximus,
3061 1595 3127 1635 ne
3142 1572 3561 1638 Scilicetteterna
3580 1583 3633 1638 in’

2059 1672 2154 1713 eos
2178 1662 2445 1717 sententia
2469 1674 2822 1734 permaneret.
2864 1687 2882 1719 ε
2912 1666 3273 1739 Rclinqueris,
3301 1672 3397 1737 ait,
3424 1674 3533 1728 sola
3565 1674 3633 1729 ab

380 1773 755 1836 perseverent.
804 1764 861 1819 Si
909 1772 1088 1817 autem
1129 1762 1231 1816 hoc
1271 1760 1346 1816 ita
1377 1768 1480 1823 est,
1511 1758 1601 1813 ubi
1636 1757 1789 1822 illud,
1815 1757 1957 1827 quod
2064 1750 2378 1835 haereditate
2400 1760 2520 1820 tua,
2545 1770 2706 1825 quam
2735 1757 2853 1813 dedi
2897 1759 3017 1824 tibi,
3055 1770 3110 1815 et
3131 1762 3333 1816 servire
3357 1770 3407 1817 te
3437 1762 3637 1817 faciam

380 1874 519 1912 anus
549 1858 716 1912 delira
743 1854 1022 1924 contingit,
1052 1867 1209 1922 posse
1250 1851 1523 1907 hominem
1572 1850 1689 1905 sine
1728 1859 1955 1919 peccato
1984 1836 2030 1896 Β
2058 1840 2291 1896 inimicis
2312 1844 2416 1898 tuis
2444 1845 2497 1898 in
2523 1856 2685 1912 terra,
2715 1861 2874 1916 quam
2900 1849 3138 1920 ignOras,
3170 1872 3188 1903 ι
3219 1851 3301 1906 vel
3330 1852 3429 1907 sub
3455 1852 3630 1926 Bahya

378 1964 520 2010 esse,
552 1948 594 2002 si
628 1947 775 2011 velit,
814 1955 867 2000 et
921 1944 1095 1999 facilia
1143 1942 1237 1997 Dei
1281 1955 1401 1997 esse
1441 1940 1711 1994 mandata.
1758 1937 1955 2010 (Θήρ.)

381 2038 651 2104 Quoniam
676 2037 840 2109 igitur
866 2033 1079 2090 ditlicile
1100 2041 1184 2088 est
1208 2033 1438 2103 aliquem
1474 2045 1534 2088 se
1562 2029 1763 2085 malum
1791 2030 1959 2085 conti—

379 2130 507 2194 teri,
537 2130 656 2185 ideo
683 2127 881 2194 Judaei,
905 2127 997 2197 qui
1041 2124 1370 2195 exemplaria
1399 2120 1654 2178 nonnulla
1695 2120 1958 2176 falsarunt

376 2222 541 2276 etiam
593 2220 648 2275 in
692 2220 796 2275 hoc
842 2219 958 2275 loco
986 2232 1087 2288 pro
1114 2224 1336 2288 peccato
1363 2212 1519 2279 Juda,
1548 2221 1828 2283 peccatum
1864 2224 1958 2266 eo-

376 2326 500 2364 rum
542 2317 855 2380 posuerunt.
909 2306 1014 2363 Sed
1062 2307 1109 2361 si
1161 2303 1461 2377 figuraliter
1508 2302 1839 2366 consideres,
1893 2310 1956 2357 ut

375 2415 522 2469 smpe
545 2400 878 2454 ostendimus
919 2398 1111 2454 Judam
1155 2395 1429 2452 Christum
1473 2393 1800 2464 nuncupari,
1842 2393 1954 2449 for-

375 2492 520 2543 sitan
547 2497 824 2558 peccatum
848 2487 984 2544 Juda
1010 2494 1288 2558 peccatum
1316 2492 1561 2541 nostrum
1586 2492 1688 2549 est,
1718 2485 1807 2555 qui
1834 2499 1954 2540 cre-

375 2579 555 2634 dimus
585 2579 639 2634 in
665 2578 941 2635 Chrismm
968 2578 1034 2634 de
1060 2577 1203 2633 tribu
1240 2575 1399 2642 Juda,
1431 2583 1489 2631 et
1514 2592 1581 2631 ex
1610 2573 1727 2644 ejus
1755 2590 1953 2631 secun-

374 2673 506 2726 dum
542 2685 759 2725 carnem
806 2671 975 2740 stirpe
1027 2679 1360 2725 nascentem.
1401 2667 1462 2724 Si
1504 2678 1685 2722 autem
1719 2664 1955 2724 volneris

372 2765 638 2821 sacratius
661 2763 959 2835 intelligere
979 2763 1045 2818 de
1065 2763 1342 2833 proditore
1362 2760 1497 2817 Juda
1525 2763 1748 2828 dictum,
1780 2781 1799 2811 ι
1830 2776 1955 2832 pec-

372 2864 554 2910 eatum
580 2854 712 2909 Juda
744 2855 1006 2924 scriptum
1035 2853 1175 2924 stylo
1205 2852 1382 2908 ferreo
1412 2853 1464 2906 in
1493 2867 1670 2923 ungue
1696 2853 1953 2907 adaman-

375 2948 509 3011 rino,
538 2945 801 3013 sculptum
828 2960 991 3016 super
1029 2952 1219 3016 pectus
1250 2943 1430 2998 cordis
1458 2954 1644 2998 eurum
1678 2962 1697 2997 :
1732 2963 1752 2997 ι
1787 2958 1951 3014 repu-

369 3039 559 3110 gnabit
586 3039 678 3093 tibi
708 3039 850 3108 quod
875 3037 1139 3108 sequitur,
1163 3054 1181 3088 ι
1204 3035 1422 3091 Eorum.
1450 3055 1470 3089 ι
1501 3035 1690 3106 Igitur,
1707 3042 1767 3089 ut
1788 3050 1953 3104 supra

370 3131 833 3200 (iiximuszsuper
854 3146 973 3196 nos,
1016 3129 1104 3200 qui
1146 3140 1435 3200 peccamus
1458 3128 1562 3183 ista
1603 3127 1948 3192 conveniunt,

2059 1932 2216 1989 louiis
2236 1935 2340 2001 vel,
2371 1944 2428 1989 ut
2448 1947 2533 1992 est
2552 1940 2757 2003 verius,
2781 1942 2881 1996 sub
2904 1942 3179 1999 Romanis.
3209 1945 3311 2014 Ipsi
3339 1947 3479 2000 enim
3504 1937 3629 2002 suc-

2058 2024 2351 2079 cenderunt
2381 2025 2579 2098 ignem,
2617 2036 2672 2083 et
2717 2028 3193 2088 clementissimum
3245 2035 3524 2090 Dominum
3575 2039 3633 2091 iit

2056 2113 2292 2171 furorem
2314 2130 2767 2190 provocaverunt,
2796 2124 2884 2193 qui
2904 2123 3043 2195 ignis
3064 2124 3261 2183 furoris
3285 2126 3399 2195 ejus
3423 2128 3650 2186 ardebit.

2056 2206 2112 2261 in
2132 2216 2412 2264 mternum.
2442 2210 2613 2266 Pudet
2644 2228 2728 2267 me
2763 2217 3126 2273 contentionis
3172 2229 3501 2286 nostrorum,
3529 2221 3633 2292 qui

2057 2294 2376 2353 Hebraicam
2413 2301 2697 2357 veritatem
2747 2315 2993 2375 arguunt.
3036 2305 3204 2363 Judaei
3251 2318 3437 2364 contra
3466 2327 3523 2365 se
3548 2310 3628 2366 le-

2055 2395 2208 2457 gunt,
2240 2398 2297 2442 et
2317 2391 2444 2459 quid
2478 2408 2577 2460 pro
2594 2408 2658 2448 se
2696 2395 2787 2459 sit,
2816 2399 2992 2452 nescit
3020 2398 3285 2456 Ecclesia.
3318 2402 3470 2459 Unde
3509 2418 3625 2468 nos,

2055 2476 2146 2545 qui
2173 2492 2359 2535 sumus
2388 2480 2494 2535 ﬁli'r
2515 2483 2898 2551 apostolorum,
2917 2490 3261 2545 recordemur
3287 2492 3633 2563 iniquitalum

2054 2566 2255 2634 prioris
2280 2569 2483 2639 populi,
2513 2578 2568 2625 et
2591 2569 2738 2641 juste
2777 2589 2869 2630 eos
2895 2592 3179 2648 perpessos
3202 2597 3319 2637 esse
3348 2591 3624 2639 testamur.

2052 2654 2285 2712 Possunt
2308 2666 2487 2714 autem
2510 2661 2743 2728 excelsa,
2769 2680 2889 2735 quae
2914 2667 3171 2725 liebraice
3194 2672 3444 2728 dicuntur
3477 2683 3660 2735 πιπτει.

2054 2748 2262 2802 bamotlt
2284 2758 2338 2804 et
2377 2760 2561 2806 contra
2597 2755 2878 2813 haereticos
2907 2761 3099 2832 accipi,
3136 2765 3226 2834 qui
3250 2778 3543 2836 posuerunt
3572 2769 3653 2823 in.

2053 2838 2250 2892 ctelum
2309 2839 2386 2912 [in
2424 2843 2717 2918 excelsum]
2766 2860 2829 2903 os
2886 2864 3059 2915 suum,
3113 2861 3169 2907 et
3214 2853 3391 2925 lingua
3440 2871 3627 2911 eorum

2056 2932 2306 2986 transivit
2356 2948 2520 3003 super
2562 2944 2784 3005 terram,
2840 2945 2929 3010 qui
2987 2943 3041 2996 in
3088 2952 3289 2999 tantam
3350 2949 3633 3004 vesteniam-

2052 3033 2439 3092 proruperunt,
2473 3035 2533 3081 ut
2570 3028 2669 3082 soli
2698 3030 2900 3101 absque
2936 3033 3170 3103 Spiritus
3231 3038 3404 3092 sancti
3453 3040 3639 3109 gratim

2053 3115 2434 3183 remanserint,
2493 3126 2548 3172 et
2594 3121 2923 3189 perdiderint
2976 3124 3338 3182 hmreditatem
3392 3130 3642 3193 Domini;

368 3238 601 3290 quorum
625 3232 843 3291 peccata
880 3236 986 3276 non
1022 3220 1322 3276 forinsecus
1361 3218 1558 3275 alicubi
1588 3220 1943 3274 conscribun-
1968 3209 2016 3271 C
2047 3204 2279 3272 Priorem
2309 3207 2555 3264 Videlicet
2588 3210 2710 3266 ﬁdei
2759 3214 3035 3271 veritatem
3063 3231 3079 3270 :
3106 3220 3246 3273 unde
3283 3228 3338 3274 et
3363 3229 3624 3276 aeternum

370 3324 483 3380 tur,
510 3316 604 3369 sed
647 3315 701 3369 in
730 3316 908 3371 cordis
945 3315 1271 3370 conscientia
1300 3313 1437 3383 stylo
1472 3319 1695 3368 exarata
1746 3312 1947 3377 ferreo,

367 3405 579 3475 sculpta
597 3422 770 3477 ungue
791 3405 1154 3461 adamantina.
1174 3405 1308 3472 Quia
1328 3412 1504 3457 autem
1520 3411 1743 3472 peccata
1765 3409 1955 3457 nostra-

367 3495 682 3550 scribuntur
710 3496 764 3549 in
792 3500 1041 3565 pectore,
1074 3510 1142 3549 ex
1190 3495 1274 3549 his
1303 3509 1422 3563 qua:
1473 3503 1777 3564 sequuntur
1794 3494 1953 3549 intelé

367 3587 494 3656 lige.
518 3585 817 3655 Antequam
843 3595 1122 3656 peccatum
1156 3584 1348 3640 faciam
1378 3584 1523 3639 nulla
1563 3584 1614 3638 in
1646 3585 1807 3640 corde
1830 3601 1951 3641 meo

368 3676 578 3747 peccati
603 3677 777 3746 imago
806 3685 1058 3732 versatur
1082 3696 1094 3731 :
1129 3692 1252 3732 cum
1274 3684 1452 3733 autem
1478 3677 1814 3732 conscientia
1826 3693 1950 3748 pec-

368 3767 478 3822 rati
522 3767 808 3837 imaginem
843 3768 1153 3837 sumpserit,
1206 3768 1382 3824 habeo
1431 3767 1659 3821 formam
1700 3766 1863 3832 illius,
1896 3774 1952 3821 et

369 3874 589 3929 semper
617 3868 743 3913 ante
772 3858 957 3914 oculos
984 3859 1162 3913 cordis
1190 3860 1305 3913 mei'
1335 3857 1511 3913 delicti
1538 3872 1731 3927 pompa
1760 3856 1948 3927 depin-

366 3951 533 4019 gitur.
583 3947 647 4003 Et
677 3948 940 4018 siquidem
966 3958 1107 4003 esset
1132 3956 1411 4018 peccatum
1437 3963 1611 4001 meum
1645 3954 1950 4001 atramento

367 4037 758 4108 conscriptum,
798 4037 1024 4093 forsitan
1070 4035 1301 4093 delerem
1343 4036 1470 4090 illud
1511 4053 1524 4090 :
1566 4048 1709 4091 nunc
1767 4043 1947 4090 autem

364 4129 627 4199 scriptum
675 4138 759 4184 est
811 4128 950 4200 stylo
1013 4129 1191 4185 ferreo
1244 4129 1301 4183 in
1344 4143 1522 4199 ungue
1566 4127 1946 4194 adamantino,

366 4222 631 4291 scriptum
656 4229 745 4275 est
768 4235 930 4290 super
978 4230 1166 4290 pectus
1186 4220 1365 4275 cordis
1390 4220 1520 4286 mei,
1546 4228 1603 4273 ut
1631 4228 1756 4274 ante
1779 4218 1950 4275 tribu-

368 4315 459 4369 nal
487 4315 724 4381 veniam,
750 4323 805 4369 ct
823 4315 1153 4384 compleatur
1175 4313 1323 4378 illud,
1356 4314 1496 4382 quod
1519 4329 1551 4368 ει
1575 4312 1790 4368 Christo
1817 4326 1945 4383 pro-

367 4408 652 4476 phetatum
679 4414 761 4460 est
787 4420 801 4459 :
839 4423 855 4457 ι
894 4403 1037 4459 Nihil
1067 4403 1439 4458 absconditum
1470 4403 1611 4472 quod
1641 4417 1745 4457 non
1777 4402 1951 4457 mani-

364 4495 688 4560 testabitur;
733 4504 788 4549 ct
834 4495 965 4549 nihil
996 4493 1265 4549 occultum
1313 4495 1458 4563 quod
1501 4508 1607 4547 non
1649 4492 1828 4564 palam
1854 4492 1948 4547 fiat

365 4587 586 4659 (Matth.
640 4601 720 4659 κ).
756 4606 776 4640 ›
826 4586 1128 4642 Nudabitur
1169 4588 1405 4656 pectoris
1441 4586 1545 4641 mei
1592 4582 1942 4649 conscientia,

363 4686 629 4748 etaperto
658 4679 819 4733 corde
846 4678 1171 4734 videbuntur
1199 4677 1391 4733 litterae
1425 4684 1799 4747 peccatorum,
1824 4690 1944 4745 quae

365 4769 507 4841 stylo
533 4770 710 4825 ferreo
731 4771 783 4825 in
808 4787 983 4843 ungue
1005 4771 1347 4826 adamantina
1369 4771 1581 4840 scriptae
1610 4776 1755 4834 sunt,
1787 4775 1946 4837 atque

366 4864 442 4915 ita
476 4861 728 4916 universa
771 4861 1110 4931 peccantium
1157 4859 1444 4914 multitudo
1474 4859 1614 4929 leget
1646 4858 1699 4912 in
1726 4867 1946 4926 pectore

367 4966 493 5006 meo
544 4951 784 5024 signatas
834 4951 1096 5022 imagines
1150 4941 1515 5020 peccatorum.
1549 4966 1567 5000 ι
1604 4947 1748 5003 Nihil
1800 4949 1947 5002 enim

369 5042 769 5108 absconditum,
801 5042 944 5111 quod
968 5056 1074 5095 non
1097 5039 1426 5094 revelabitur
1451 5057 1462 5092 :
1490 5051 1544 5094 et
1570 5040 1710 5094 inter
1729 5054 1787 5094 se
1814 5040 1951 5094 invi-

368 5150 487 5189 cem
511 5135 894 5204 cogitationum
916 5134 1311 5200 accusantium,
1336 5132 1449 5188 sive
1474 5131 1893 5187 defendentium.
1925 5151 1945 5185 ›

368 5225 438 5280 Et
463 5243 476 5279 :
509 5243 529 5276 ι
556 5225 730 5285 Nolite
763 5235 889 5281 ante
918 5234 1128 5294 tempus
1151 5224 1415 5295 judicare,
1444 5224 1613 5278 donec
1647 5224 1825 5278 veniat
1845 5223 1951 5279 Do-

369 5316 573 5382 minus,
600 5314 655 5370 et
675 5315 938 5370 illuminct
961 5315 1275 5371 abscondita
1300 5314 1664 5380 tenebrarum,
1696 5323 1750 5369 et
1778 5315 1949 5369 mani-

369 5410 532 5464 fcstet
576 5409 797 5464 consilia
827 5411 1088 5464 cordium.
1124 5429 1142 5461 ι
1182 5396 1718 5463 Cuimanifestetur?
1750 5406 1945 5479 Utique

368 5516 479 5556 non
523 5488 649 5568 sibi,
678 5502 769 5571 qui
802 5510 1090 5571 antequam
1128 5500 1258 5554 fiant
1301 5510 1494 5555 cuncta
1525 5499 1822 5570 cognoscit,
1851 5498 1945 5554 sed

372 5593 477 5655 bis,
511 5593 601 5661 qui
630 5608 752 5647 cum
797 5592 889 5647 illo
914 5593 1124 5646 venturi
1153 5601 1301 5657 sunt,
1331 5602 1385 5648 et
1412 5600 1632 5661 propter
1654 5592 1945 5662 puritatem

371 5687 572 5742 utentis
600 5695 654 5741 et
682 5686 926 5754 corporis
967 5700 1162 5754 agnum
1208 5693 1524 5756 sequuntur,
1579 5683 1829 5738 ostendet
1855 5682 1948 5738 dc-

373 5779 501 5832 lwta
528 5778 593 5831 in.
610 5777 771 5832 corde
792 5776 1094 5845 peccatoris
1119 5792 1391 5846 expressa,
1428 5784 1488 5830 ut
1512 5784 1796 5846 resurgant
1813 5774 1947 5845 justi

1970 4553 2023 4614 D

2054 3297 2134 3351 eis
2176 3307 2394 3367 paratur
2441 3301 2764 3370 incendium,
2813 3318 2870 3361 et
2890 3309 3121 3365 servitus
3175 3312 3497 3379 dactnonum,
3535 3316 3623 3384 qui
3674 3361 3681 3368 .

2053 3397 2177 3441 sunt
2209 3389 2408 3444 inimici
2437 3400 2490 3447 et
2511 3394 2734 3451 ultores.

2129 3494 2166 3527 ιι
2187 3476 2312 3534 Haac
2339 3480 2471 3536 dicit
2500 3482 2796 3541 Dominus:
2833 3487 3145 3547 Malediclus
3178 3493 3338 3548 homo
3364 3510 3453 3564 qut
3495 3511 3617 3550 con.
3648 3546 3655 3552 .

2057 3585 2079 3618 ι
2116 3568 2231 3624 ﬁdit
2255 3571 2380 3643 (sive
2407 3589 2554 3645 spem
2585 3577 2767 3650 habet)
2795 3580 2847 3634 in
2891 3583 3126 3649 ltOlllllle,
3159 3594 3214 3638 et
3232 3588 3380 3654 ponit
3409 3602 3633 3642 carnem

2056 3677 2074 3709 ι
2112 3660 2390 3716 brachium
2414 3680 2589 3732 suum,
2619 3676 2674 3723 et
2698 3684 2728 3723 a
2756 3668 2982 3728 Domino
3005 3674 3207 3730 recedit
3227 3690 3321 3730 cor
3348 3678 3481 3747 ejus.
3515 3678 3633 3733 Erit

2057 3771 2075 3804 ι
2111 3755 2252 3809 enim
2275 3759 2429 3828 quasi
2460 3763 2661 3832 myrice
2700 3764 2752 3818 in
2779 3766 3016 3832 deserto,
3047 3777 3099 3823 et
3131 3785 3232 3822 non
3263 3769 3460 3826 videbit
3501 3789 3647 3826 cunt.

2057 3863 2076 3896 ι
2113 3850 2322 3902 venerit
2362 3850 2582 3913 bonum,
2629 3852 2720 3907 sed
2767 3855 3029 3910 habitabit
3071 3858 3123 3910 in
3160 3859 3420 3925 siccit.;tc,
3452 3864 3504 3916 in
3536 3863 3628 3916 αθ-

2056 3960 2075 3993 ι
2112 3951 2279 4006 serto,
2302 3943 2354 3995 in
2386 3951 2527 3996 terra
2554 3942 2838 4015 salsuginis
2856 3954 2911 4000 et
2933 3947 3287 4003 inhabitabili.
3313 3971 3330 4002 ι
3354 3951 3635 4025 ("iet-on.)

2050 4034 2105 4090 Si
2135 4035 2451 4089 maledictus
2478 4044 2561 4091 est
2586 4037 2762 4092 omnis
2788 4038 2969 4104 homo,
2998 4042 3088 4111 qui
3123 4043 3346 4098 conlidit
3370 4048 3419 4101 in
3453 4048 3649 4103 homi-.

2048 4142 2137 4193 ne,
2172 4127 2374 4184 Paulus
2395 4137 2572 4183 autem
2597 4127 2983 4187 Samosatcnus
3004 4142 3059 4186 ct
3078 4132 3357 4202 Photinus,
3381 4140 3651 4208 quamvis.
3684 4183 3687 4186 .

2048 4227 2293 4276 sanctum
2325 4229 2380 4275 et
2425 4222 2635 4277 cunctis
2681 4224 2954 4279 excelsum
3001 4227 3290 4284 virtutibus
3337 4233 3643 4300 prmdiccnt.

2049 4310 2410 4376 Salvatorcm,
2442 4319 2621 4366 tamen
2657 4313 2925 4369 hominem
2950 4316 3273 4374 confitentur
3300 4340 3312 4375 :
3345 4338 3471 4394 ergo
3514 4342 3627 4380 ma-

2048 4402 2228 4457 ledicti
2260 4411 2421 4457 erunt
2443 4416 2590 4471 spem
2617 4402 2877 4459 habentes
2899 4405 2955 4459 in
2976 4406 3208 4464 homine.
3239 4409 3389 4477 Quod
3406 4413 3450 4468 si
3473 4416 3627 4470 nobis

2050 4492 2354 4562 oppositum
2393 4491 2580 4559 fuerit,
2611 4490 2753 4562 quod
2787 4501 2843 4547 et
2889 4511 2987 4550 nos
3030 4498 3314 4556 credamus
3341 4501 3390 4556 in
3425 4519 3509 4571 eo,
3535 4508 3659 4577 qui,

2049 4588 2215 4644 dicit:
2250 4608 2269 4641 ‹
2302 4587 2458 4644 Nunc
2505 4597 2686 4643 autem
2719 4591 2961 4659 quaeritis
2984 4608 3071 4649 me
3098 4592 3422 4665 interficere,
3455 4599 3643 4657 homi-t

2048 4695 2196 4747 ncm,
2228 4680 2319 4750 qui
2360 4680 2644 4735 veritatem
2666 4681 2820 4735 vobis
2858 4681 3065 4739 locutus
3094 4701 3234 4754 sum,
3266 4704 3425 4757 quam
3448 4693 3643 4749 audivi

2049 4788 2080 4826 a
2106 4771 2255 4827 Deo:
2284 4772 2388 4826 hoc
2435 4771 2709 4826 Abraham
2756 4787 2863 4828 non
2901 4772 3046 4829 fecit.
3084 4777 3191 4833 Vos
3241 4779 3417 4835 facitis
3462 4797 3628 4852 opera

2048 4864 2217 4933 patris
2243 4863 2407 4917 vestri
2434 4861 2616 4933 (JOan.
2640 4866 2759 4937 vni)
2782 4885 2801 4918 ι
2838 4882 2851 4918 :
2875 4868 3320 4937 respondebimus
3344 4874 3471 4927 illud
3498 4890 3627 4943 apo-

2049 4954 2297 5010 stolicum
2335 4972 2346 5008 :
2381 4972 2401 5005 (
2452 4954 2519 5008 Εῐ
2562 4953 2834 5010 Christum
2884 4956 3173 5027 aliquando
3206 4961 3361 5030 juxta
3407 4979 3635 5019 carnem

2051 5050 2421 5118 cognovimus,
2449 5050 2541 5103 sed
2572 5039 2841 5120 nunciam
2866 5066 2969 5104 non
2994 5054 3237 5106 novimus
3258 5053 3343 5123 (II
3361 5054 3480 5109 Cor.
3498 5058 3573 5128 v).
3600 5078 3631 5110 »-
3658 5096 3671 5107 ,ν

2051 5138 2290 5208 Denique
2322 5139 2465 5192 idem
2517 5138 2792 5209 apostolus
2849 5139 2901 5193 in
2938 5141 3198 5209 principio
3238 5144 3487 5212 Epistula:
3514 5163 3632 5203 sum

2050 5230 2239 5285 scribit
2265 5231 2332 5284 ad
2356 5229 2577 5284 Galatas
2605 5248 2618 5283 :
2657 5249 2676 5281 ‹
2710 5229 2907 5283 Paulus
2937 5230 3206 5298 aptstolus
3234 5249 3339 5287 non
3364 5236 3431 5289 ab
3453 5238 3643 5296 humi-.-

2051 5321 2230 5385 nibus,
2252 5335 2426 5389 neque
2451 5334 2549 5388 per
2571 5321 2863 5384 hominem,
2878 5321 2984 5377 .sed
3010 5336 3106 5389 per
3128 5318 3310 5376 Jesum
3325 5323 3631 5396 Christum,

2050 5419 2106 5465 et
2136 5410 2302 5464 Deum
2338 5409 2578 5475 Patrem,
2611 5411 2703 5481 qui
2745 5410 3027 5465 suscitavit
3082 5426 3205 5467 eum
3239 5429 3270 5467 ει
3299 5419 3543 5485 mortuis,
3571 5432 3641 5480 et.

2048 5502 2138 5572 qui
2168 5516 2378 5555 mecum
2426 5508 2551 5555 sunt
2598 5499 2791 5555 fratres
2825 5515 3013 5555 omnes
3041 5500 3180 5573 (Cal.
3228 5503 3289 5577 ι).
3330 5525 3350 5557 ι
3389 5505 3446 5561 Si
3480 5512 3653 5567 enim.

2049 5607 2198 5647 mors
2242 5591 2496 5660 absorpta
2536 5598 2621 5646 est
2640 5590 2695 5643 in
2722 5589 3101 5661 vicloria(Ose.
3126 5608 3244 5660 xm;
3272 5594 3301 5648 1
3315 5593 3436 5651 Cor.
3465 5601 3578 5671 xv),
3601 5622 3651 5654 ιη

2052 5697 2219 5753 quare
2246 5698 2353 5737 non
2383 5680 2563 5736 carnis
2589 5681 2886 5747 humilitas,
2919 5698 3037 5750 quae
3076 5693 3296 5756 preptcr
3335 5688 3647 5750 humanam.

2052 5772 2282 5830 salutem
2309 5783 2582 5844 assumpta
2614 5781 2697 5828 est
2734 5774 2791 5829 in
2841 5772 3134 5829 divinitatis
3180 5778 3470 5835 transﬁxit.
3506 5798 3622 5837 ma.»
