4022 6186
465 335 564 395 967

455 461 729 526 jestatcm,
757 458 815 506 ut
840 452 1033 508 fecerit
1061 462 1349 524 utrumque
1373 471 1538 511 unum
1571 474 1584 510 :
1627 465 1682 512 ει
1707 472 1812 511 non
1845 457 2033 511 adore-
2060 459 2108 516 Α

461 561 582 602 mus
626 553 954 611 creaturam,
997 546 1091 601 sed
1121 557 1442 615 creatorem,
1472 551 1563 620 qui
1593 560 1678 605 est
1721 551 2034 607 benedictus

460 635 514 689 in
537 635 767 690 smeula?
787 634 1099 692 Maledictus
1124 646 1208 692 est
1237 638 1398 709 igitur
1424 653 1528 694 non
1555 640 1744 701 solum,
1773 642 1862 711 qui
1882 657 2031 711 spem

460 727 621 786 habet
661 727 714 782 in
764 721 1003 795 homine,
1032 729 1124 784 scd
1156 731 1244 799 qui
1292 732 1443 801 ponit
1485 748 1699 787 carnem
1751 735 2031 789 brachium

458 833 633 883 suum,
662 819 713 872 id
741 827 848 885 est,
877 817 1247 875 fortitudinem
1279 837 1454 886 suam,
1479 831 1534 876 et
1558 824 1812 892 quidquid
1838 825 2030 893 egerit,

458 925 560 964 non
589 908 800 964 Domini
829 910 1150 976 clementiae,
1185 912 1277 966 sed
1309 928 1419 968 suae
1451 915 1722 983 putaverit
1769 931 1887 971 esse.
1925 916 2031 969 vir-

457 1001 608 1056 tutis.
639 999 739 1067 Qui
766 1001 909 1055 enim
929 1001 1043 1056 hac
1064 1001 1193 1072 agit,
1226 1019 1256 1057 a
1287 1003 1514 1059 Domino
1547 1006 1748 1061 recedit
1781 1021 1876 1061 cor
1912 1007 2028 1077 ejus

455 1104 702 1146 asserens
729 1107 788 1145 se
811 1105 993 1160 posse,
1037 1094 1177 1162 quod
1206 1110 1310 1148 non
1344 1103 1535 1163 potest.
1578 1114 1597 1146 ‹
1636 1096 1696 1151 Et
1747 1097 1851 1152 erit
1875 1098 2027 1167 quasi

452 1183 674 1253 myrice,
709 1202 726 1234 ι
763 1199 881 1253 qua:
906 1184 1168 1239 llebraice
1197 1185 1392 1240 dicitur
1415 1199 1572 1252 ’τιν-ἰν
1601 1205 1771 1254 araer,
1805 1189 1938 1254 sive,
1969 1199 2029 1243 ut

454 1271 838 1342 interpretatus
873 1283 956 1329 est
997 1274 1375 1346 Symmachus,
1408 1279 1604 1347 lignum
1644 1280 2024 1348 infructuosum

449 1363 504 1416 in
530 1364 828 1420 solitudine.
863 1383 882 1416 ‹
915 1365 983 1420 Ει
1011 1382 1117 1421 non
1149 1368 1349 1422 videbit
1385 1384 1504 1422 cum
1535 1368 1782 1424 venerint
1805 1371 1968 1435 bona,
2001 1390 2018 1424 ι

450 1469 570 1526 quae
602 1456 786 1532 visura
816 1466 900 1512 est
947 1459 1185 1529 gentium
1214 1459 1519 1524 multitudo,
1546 1460 1638 1514 sed
1679 1460 1944 1515 habitabit
1971 1462 2023 1515 in

449 1547 695 1602 siccitate
722 1547 775 1602 in
799 1549 1032 1603 deserto.
1050 1549 1162 1604 Hoc
1184 1550 1249 1604 de
1270 1549 1463 1620 popqu
1488 1551 1684 1605 dicitur
1696 1550 2023 1619 Judaeorum,

449 1639 538 1708 qui
571 1639 815 1693 habitant
844 1640 896 1693 in
925 1640 1162 1705 deserto,
1209 1640 1524 1710 fructusque
1571 1657 1676 1694 non
1721 1641 1944 1706 faciunt,
1969 1651 2024 1698 et

447 1739 572 1784 sunt
598 1731 650 1785 in
686 1739 827 1785 terra
874 1731 1182 1802 salsuginis,
1214 1748 1333 1801 qua}
1379 1733 1553 1788 nullos
1601 1733 1807 1789 fructus
1841 1736 2020 1800 faciat,

447 1834 503 1880 et
529 1825 892 1892 inhabitabili,
939 1843 1058 1897 quae
1084 1829 1347 1900 hospitem
1383 1845 1486 1883 non
1517 1830 1676 1884 habet
1707 1831 1895 1896 Deum,
1926 1848 2024 1886 nec
2055 1807 2098 1866 Β

447 1916 759 1985 angelorum
788 1918 1060 1988 praesidia,
1113 1935 1214 1975 nec
1268 1919 1506 1992 Spiritus
1554 1920 1725 1976 sancti
1774 1923 2024 1993 gratiam,

448 2022 550 2063 nec
573 2007 856 2062 scientiam
885 2009 1290 2079 magistrorum.

519 2116 541 2149 ς
568 2097 890 2154 Benedictus
936 2101 1039 2166 vir,
1070 2101 1161 2171 qui
1202 2101 1429 2158 confidit
1475 2103 1531 2157 in
1569 2101 1816 2167 Domino,
1841 2112 1896 2158 et
1921 2104 2028 2159 erit

450 2207 468 2240 ι
502 2188 764 2246 Dominus
811 2190 1006 2246 fiducia
1053 2190 1170 2260 ejus
1220 2191 1346 2262 (sive
1387 2192 1554 2266 spes).
1600 2194 1668 2249 Et
1711 2195 1818 2251 erit
1873 2195 2026 2264 quasi

451 2299 470 2333 ι
504 2281 703 2354 lignum
731 2286 872 2354 quod
902 2286 1348 2356 transplantatum
1391 2296 1475 2344 est
1511 2287 1639 2361 (sive
1663 2288 2024 2359 fructiferum)

450 2391 470 2424 ι
501 2390 662 2446 super
681 2391 864 2444 aquas,
895 2378 1037 2448 quod
1066 2380 1131 2434 ad
1145 2379 1425 2435 humorem
1454 2381 1850 2437 mittitradices
1877 2397 2022 2446 suas,

449 2482 471 2517 α
499 2475 669 2520 etnon
702 2467 907 2522 timebit
926 2484 1047 2524 cum
1067 2471 1271 2524 venerit
1289 2481 1472 2526 aestus.
1491 2471 1558 2527 Et
1581 2472 1884 2528 eritfolium
1909 2471 2025 2541 ejus

449 2574 469 2606 ι
503 2555 673 2610 viride
705 2555 830 2628 (sive
857 2559 1144 2615 ramusculi
1174 2557 1292 2627 ejus
1330 2559 1684 2634 frondentes).
1722 2563 1791 2618 Et
1811 2563 1865 2618 in
1889 2571 2024 2618 tem-

449 2666 468 2697 ε
497 2662 629 2716 pore
674 2646 800 2717 (sive
825 2648 988 2720 anno)
1025 2650 1286 2706 siccitatis
1319 2667 1427 2706 non
1458 2653 1564 2708 erit
1591 2653 1853 2708 sollicitus
1897 2654 2023 2725 (sive

450 2757 468 2788 ι
499 2752 605 2792 non
621 2738 870 2810 timebit),
889 2753 988 2795 nec
1007 2741 1294 2811 aliquando
1311 2743 1520 2798 desinet
1533 2742 1711 2800 facere
1733 2743 1984 2800 fructum.
1999 2763 2016 2795 ι

443 2828 579 2886 illud
609 2829 677 2885 de
699 2829 897 2884 Judaeis
921 2830 1121 2886 dictum
1149 2832 1220 2887 sit
1245 2841 1301 2888 et
1323 2833 1388 2888 de
1416 2831 1707 2900 haereticis,
1737 2833 1827 2902 qui
1869 2849 2018 2904 spem

443 2927 645 2982 halent
673 2927 725 2981 in
757 2927 994 2992 homine,
1043 2928 1095 2982 in
1147 2927 1364 2983 Christo
1408 2928 1660 2984 videlicet
1709 2943 1826 2993 suo,
1861 2943 2018 2998 quem

441 3034 548 3073 non
575 3018 766 3074 Filium
783 3019 1008 3082 Dei,sed
1026 3036 1215 3089 pumm
1242 3020 1514 3074 hominem
1537 3029 1728 3091 putant
1751 3035 1870 3076 esse
1896 3034 2020 3075 ven-

445 3115 642 3162 turum.
671 3109 713 3161 Ε
734 3110 1007 3163 contrario
1029 3109 1113 3163 vir
1138 3109 1557 3175 ecclesiasticus,
1601 3111 1692 3180 qui
1719 3109 1940 3165 conlidit
1963 3111 2018 3166 in

440 3192 688 3260 Domino,
721 3197 870 3250 audit
898 3195 1063 3251 illud:
1098 3217 1115 3248 ‹
1159 3198 1224 3252 Ει
1253 3199 1443 3252 εείιοιε
1475 3199 1728 3267 quoniam
1760 3199 2018 3255 Dominus

442 3283 558 3352 ipse
603 3296 687 3339 est
713 3285 854 3340 Deus
897 3285 1066 3354 (Paul.
1100 3286 1265 3358 xcrx).
1288 3305 1305 3337 ι
1340 3287 1571 3342 Conﬁdit
1607 3289 1658 3342 in
1689 3288 1935 3354 Domino,
1963 3297 2020 3344 et

440 3371 516 3426 illi
540 3372 686 3443 ligno
713 3376 1134 3443 comparabitur,
1181 3376 1246 3430 de
1290 3391 1397 3445 quo
1435 3385 1487 3431 et
1532 3377 1584 3431 in
1613 3379 1788 3447 primo
1814 3379 2022 3448 psalmo

444 3463 693 3518 canitur:
727 3484 745 3516 ι
775 3464 841 3520 Et
870 3465 973 3520 erit
1005 3474 1254 3535 tanquam
1282 3465 1508 3534 lignum,
1549 3469 1691 3538 quod
1717 3469 2017 3539 plantatum

440 3564 524 3610 est
569 3569 727 3611 secus
777 3558 1033 3612 decursus
1080 3572 1358 3627 aquarum,
1412 3561 1552 3627 quod
1584 3560 1812 3616 fructum
1860 3577 2018 3618 suum

441 3645 589 3699 dabit
618 3646 670 3700 in
703 3653 942 3715 tempore
977 3661 1096 3711 suo,
1141 3655 1195 3701 et
1222 3646 1405 3702 folium
1450 3648 1566 3719 ejus
1607 3667 1713 3705 non
1752 3651 1967 3707 detinet.
1993 3672 2013 3706 ι

447 3753 466 3786 ι
501 3734 677 3804 Super
703 3751 872 3805 aquas
905 3754 924 3788 ι
958 3744 1158 3801 autem,
1187 3734 1418 3805 Spiritus
1457 3738 1628 3792 sancti
1657 3741 1906 3808 gratiam,
1931 3741 2016 3796 di-

441 3839 628 3879 versas
679 3824 996 3881 donationes
1051 3825 1304 3895 intelligo.
1339 3845 1358 3878 ι
1411 3827 1565 3895 Quod
1620 3829 1684 3884 ad
1739 3831 2016 3886 humorem

443 3915 611 3968 mittit
641 3915 852 3970 radices
892 3932 1036 3982 suas,
1059 3937 1076 3968 ι
1116 3927 1175 3972 ιιι
1205 3935 1233 3973 ιι
1279 3921 1503 3974 Domino
1539 3923 1764 3991 accipiat
1795 3925 2017 3979 uberta-

441 4017 568 4062 tem.
611 4007 715 4061 Sed
765 4016 819 4061 et
849 4009 1004 4062 aliter
1032 4025 1314 4079 possumus
1345 4012 1559 4067 dicere:
1593 4016 1733 4081 quod
1765 4017 1828 4068 dc
1860 4018 2019 4072 sicci-

442 4109 551 4153 tate
577 4099 796 4153 Judaica
831 4101 1070 4155 translati
1114 4117 1300 4155 smnus
1340 4104 1388 4156 in
1419 4105 1754 4172 baptismatis
1787 4109 2014 4174 gratiam

439 4192 839 4258 sempiternam.
880 4209 896 4241 ‹
927 4190 991 4244 Ει
1017 4207 1144 4256 ιιοιι,
1176 4192 1366 4260 inquit,
1419 4193 1621 4247 timebit
1664 4211 1784 4248 cum
1813 4199 2014 4250 venerit

440 4290 605 4334 tostus
641 4299 659 4331 ι
693 4281 804 4333 sive
855 4289 1062 4349 tempus
1105 4283 1399 4338 curationis
1447 4281 1902 4357 [persecutionis],
1933 4287 2014 4340 vel

441 4369 558 4424 dics
606 4369 815 4439 judicii.
857 4387 877 4421 ι
934 4370 1002 4425 Et
1047 4371 1150 4426 erit
1202 4369 1386 4426 folium
1439 4371 1556 4440 ejus
1606 4373 1800 4438 viride,
1831 4393 1847 4425 ›
1901 4375 2014 4429 sive

1128 337 1189 393 B.
1228 337 1480 394 RABANI
1519 338 1733 399 MAURI
1770 339 2084 398 ARClllEP.
2125 338 2432 397 MOGU'NT.
2474 338 2757 398 OPERUM
2795 341 2974 398 PARS
3014 342 3079 397 lll

3590 347 3689 403 94$

2211 473 2229 504 ε
2260 454 2490 508 Pravum
2518 464 2601 508 est
2640 469 2734 508 cor
2755 455 3029 509 hominum
3061 465 3114 510 ει
3159 458 3545 525 inscrutabile;
3583 461 3700 531 quis

2140 564 2157 596 ι
2188 555 2475 615 cognoscet
2514 545 2681 600 illud?
2729 545 2839 615 Ego
2881 546 3137 601 Dominus
3181 557 3433 603 scrutans
3482 565 3594 616 cor,
3641 559 3703 608 et

2139 655 2155 686 ι
2190 638 2424 704 probans
2455 651 2627 695 renes,
2663 636 2754 704 qui
2791 636 2858 690 do
2907 637 3196 706 unicuique
3236 635 3392 705 juxta
3437 639 3599 704 viam,
3643 649 3704 697 et

2137 747 2155 778 ι
2186 725 2340 794 juxta
2399 725 2632 781 fructum
2681 728 3116 782 adinventionum
3161 744 3401 783 suarum.
3425 749 3443 780 ›
3476 729 3703 800 Septua-

2129 819 2309 890 ginta:
2340 835 2359 870 ι
2387 817 2712 873 Profundum
2757 829 2841 874 est
2886 835 2979 874 cor
3006 835 3168 888 super
3203 822 3406 885 omnia,
3437 832 3493 876 et
3544 823 3704 877 homo

2136 926 2154 959 ε
2184 916 2288 970 εει,
2339 909 2458 977 quis
2507 917 2795 978 cognoscet
2841 911 3005 964 eum?
3033 928 3050 960 ι
3094 918 3147 962 ει
3188 919 3386 965 cmtera
3437 911 3701 967 similiter.

2137 1001 2365 1056 Verbum
2411 999 2731 1057 llehraicum
2778 1011 2920 1063 unus:
2975 1005 3163 1056 euosch
3213 1012 3445 1072 quatuor
3511 1003 3704 1058 litteris

2129 1093 2403 1159 scribitur,
2424 1103 2618 1153 imm.
2653 1092 2710 1148 Si
2741 1094 2904 1163 igitur
2933 1093 3141 1165 legatur
3166 1095 3542 1156 enosclzJiomo
3573 1096 3706 1150 diei-

2129 1195 2255 1252 tur;
2307 1186 2354 1242 si
2410 1196 2586 1241 autem
2639 1202 2874 1251 musca,
2927 1185 3297 1252 inscrutabile,
3357 1187 3471 1242 sive
3527 1187 3706 1255 despe-

2127 1277 2312 1342 rabile,
2339 1293 2404 1332 eo
2431 1277 2575 1346 quod
2601 1277 2779 1332 nullus
2798 1291 2892 1333 cor
2926 1277 3202 1332 hominum
3225 1277 3402 1332 valeat
3437 1279 3702 1333 invenire.

2128 1363 2484 1436 Symmachus
2512 1382 2642 1422 vero
2668 1369 2809 1423 hunc
2844 1367 3018 1424 locum
3058 1369 3133 1422 ita
3175 1368 3558 1438 interpretatus
3582 1378 3666 1425 est
3686 1385 3704 1422 :

2131 1474 2149 1506 ι
2177 1455 2526 1513 lnscrutabile
2549 1473 2646 1513 cor
2671 1459 2947 1514 hominum
2971 1476 2986 1526 ;
3032 1461 3117 1514 vir
3146 1469 3322 1516 autem
3349 1460 3469 1529 quis
3492 1468 3575 1515 est
3611 1460 3706 1531 qui

2127 1549 2364 1605 inveniat
2411 1549 2582 1605 illud?
2617 1570 2636 1603 ο
2675 1550 2862 1607 Solent
2913 1552 3130 1622 quidam
3185 1553 3376 1617 nostri,
3413 1552 3556 1606 bono
3585 1552 3708 1621 qui-

2126 1641 2248 1696 dem
2266 1649 2412 1706 voto,
2443 1641 2537 1696 sed
2567 1657 2671 1696 non
2702 1643 2993 1696 secundum
3022 1642 3326 1706 scientiam,
3350 1643 3427 1696 uti
3456 1643 3558 1697 hoc
3585 1641 3706 1696 loco

2125 1741 2312 1788 contra
2341 1731 2575 1797 Judzeos,
2611 1733 2754 1803 quod
2785 1735 2944 1789 homo
2992 1734 3064 1788 sit
3114 1733 3372 1790 Dominus
3397 1742 3558 1804 atque
3586 1733 3708 1788 Sal—

2128 1834 2299 1889 vator,
2328 1826 2622 1880 secundum
2665 1825 3119 1894 dispensationem
3169 1827 3352 1882 carnis
3393 1836 3705 1896 assumptus,

2127 1913 2412 1984 nullusque
2454 1916 2626 1986 possit
2673 1915 2970 1970 nativitatis
3012 1913 3129 1984 ejus
3176 1916 3318 1971 scire
3364 1917 3706 1987 mysterium,

2127 2007 2418 2062 secundum
2450 2007 2579 2062 illud
2606 2007 2748 2077 quod
2791 2009 3051 2078 scriptum
3089 2017 3208 2063 est:
3237 2027 3256 2058 ι
3287 2007 3706 2062 Gcncrationem

2126 2096 2242 2166 cjus
2266 2097 2386 2166 quis
2425 2097 2668 2152 narrabit
2704 2096 2838 2168 (Isa.
2868 2099 3009 2168 un),
3059 2116 3077 2149 ι
3108 2098 3210 2152 nisi
3251 2098 3397 2153 solus
3440 2097 3582 2154 Deus
3611 2099 3706 2168 qui

2125 2205 2321 2244 arcana
2354 2189 2602 2257 rimatur,
2633 2201 2688 2246 ει
2714 2191 2890 2246 reddit
2907 2191 3194 2261 unicuique
3215 2191 3507 2246 secundum
3537 2205 3707 2260 opera

2125 2295 2242 2336 sua.
2292 2281 2481 2336 Melius
2524 2289 2701 2336 autem
2749 2291 2854 2348 est,
2905 2291 2964 2335 ut
3012 2281 3327 2352 simpliciter
3352 2281 3708 2352 accipiamus,

2125 2371 2267 2441 quod
2321 2371 2503 2426 nullus
2549 2371 2933 2442 cogitationum
2986 2381 3192 2428 secreta
3229 2379 3542 2442 cognoscat,
3601 2373 3707 2426 nisi

2125 2462 2271 2519 solus
2301 2463 2462 2517 Deus.
2496 2462 2716 2518 Dixerat
2755 2464 2899 2519 enim
2949 2479 3109 2535 supra
3141 2483 3154 2518 :
3194 2483 3213 2516 ι
3250 2464 3559 2519 Maledictus
3609 2463 3707 2519 ho-

2125 2567 2232 2615 mo,
2267 2552 2356 2621 qui
2389 2567 2538 2623 spem
2584 2551 2747 2608 habet
2796 2553 2849 2608 in
2886 2553 3145 2619 homine;
3193 2571 3212 2605 ι
3239 2562 3294 2606 ει
3333 2554 3703 2609 econtrario:

2129 2659 2148 2694 ι
2183 2641 2504 2697 Benedictus
2529 2643 2611 2696 vir
2656 2643 2746 2712 qui
2773 2644 2994 2698 conlidit
3026 2645 3078 2698 in
3109 2644 3354 2699 Domino.
3396 2662 3414 2694 ι
3453 2642 3611 2698 Unde
3639 2659 3707 2698 ne

2124 2735 2401 2790 hominum
2446 2744 2654 2790 certum
2697 2747 3011 2806 putaremus
3045 2751 3164 2791 esse
3209 2734 3492 2804 judicium,
3523 2734 3707 2789 intulit

2122 2827 2362 2883 omnium
2390 2829 2770 2898 propemodum
2801 2827 2964 2883 corda
3012 2843 3132 2884 esse
3179 2842 3459 2895 perversa,
3491 2828 3706 2882 dicente

2121 2917 2406 2974 Psalmista
2431 2935 2444 2971 :
2481 2936 2500 2969 ι
2526 2917 2610 2973 Ab
2631 2917 2856 2974 occultis
2877 2917 3010 2973 meis
3029 2919 3226 2974 munda
3251 2932 3356 2982 me,
3382 2917 3628 2984 Domine,
3653 2924 3707 2972 et

2105 3005 2190 3063 'ab
2219 3005 2408 3062 alienis
2443 3021 2608 3077 parce
2635 3021 2791 3062 servo
2826 3005 2998 3080 (Psal.
3041 3005 3213 3078 xvnt),
3247 3026 3265 3060 ι
3298 3007 3438 3061 haud
3479 3007 3702 3062 dubium

2121 3096 2250 3170 quin
2287 3097 2718 3171 cogitationibus.
2755 3099 2822 3154 Et
2867 3099 2922 3154 in
2957 3097 3148 3155 Genesi
3177 3118 3188 3153 :
3219 3118 3239 3151 ‹
3271 3097 3476 3154 Videas
3522 3107 3701 3155 autem

2123 3189 2282 3254 Deus,
2306 3189 2446 3259 quod
2471 3187 2635 3244 multa
2663 3187 2864 3242 malitia
2889 3189 3165 3244 hominum
3193 3197 3338 3244 esset
3373 3189 3424 3242 in
3456 3197 3626 3253 terra,
3651 3195 3704 3242 et

2120 3291 2312 3337 cuncta
2346 3281 2605 3354 cogitatio
2631 3282 2808 3337 cordis
2833 3282 3038 3337 intenta
3066 3289 3209 3336 esset
3230 3281 3294 3335 ad
3325 3279 3526 3335 malum
3551 3280 3699 3334 omni

2119 3378 2360 3442 tempore
2404 3369 2554 3442 (Gen.
2579 3370 2676 3443 vi).
2701 3389 2720 3423 ι
2768 3370 2838 3426 Et
2884 3373 3114 3427 iterum:
3144 3390 3163 3422 ‹
3219 3370 3426 3425 Sensus
3466 3369 3614 3425 enim
3651 3376 3704 3425 et

2118 3463 2374 3533 cogitatio
2394 3463 2609 3516 humani
2640 3463 2820 3518 cordis
2839 3462 2892 3516 in
2922 3462 3119 3516 malum
3135 3477 3298 3532 prona
3327 3469 3452 3516 sunt
3476 3459 3547 3515 ab
3571 3460 3704 3515 ado-

2117 3552 2372 3608 lescentia
2402 3569 2495 3608 sua
2545 3551 2698 3616 (Gen.
2722 3553 2864 3621 vni).
2889 3571 2907 3604 ι
2941 3553 3043 3609 Per
3087 3569 3206 3623 qua:
3248 3553 3505 3608 discimus
3533 3552 3701 3607 Deum

2119 3644 2290 3700 solum
2318 3659 2477 3699 nosse
2507 3645 2857 3714 cogitationes
2899 3661 3107 3700 eorum.
3161 3643 3218 3698 Si
3249 3652 3427 3699 autem
3470 3646 3540 3699 de
3583 3643 3702 3698 Sal-

2115 3741 2302 3788 vatore
2329 3734 2559 3787 dicitur:
2590 3754 2607 3784 ί
2657 3731 2858 3788 Videas
2909 3742 3087 3788 autem
3138 3733 3294 3788 Jesus
3343 3735 3700 3802 cogitationes

2116 3823 2600 3894 eorum(Luc.1x).
2633 3842 2651 3874 ›
2698 3823 2982 3892 nullusque
3030 3832 3209 3893 potest
3257 3824 3437 3878 videre
3486 3823 3698 3890 cogita-

2116 3916 2292 3972 tiones
2321 3928 2508 3969 eorum
2560 3915 2662 3969 nisi
2701 3913 2849 3969 solus
2875 3914 3050 3977 Deus;
3079 3929 3208 3983 ergo
3253 3914 3502 3968 Christus
3559 3911 3700 3966 Deus

2115 4015 2217 4066 est,
2249 4005 2339 4073 qui
2363 4012 2634 4058 scrutatur
2679 4004 2840 4058 corda
2871 4014 2927 4058 et
2958 4005 3149 4074 probat
3197 4019 3372 4066 renes,
3405 4011 3462 4057 et
3513 4003 3701 4057 reddat

2115 4096 2398 4165 unicuique
2423 4097 2713 4150 secundum
2741 4111 2904 4165 opera
2931 4111 3046 4150 sua.

2191 4291 2207 4322 ι
2246 4269 2440 4324 Perdix
2502 4271 2635 4326 fovit
2676 4272 2800 4342 (sive
2843 4273 3212 4344 congregavit)
3264 4289 3380 4339 qua:
3433 4289 3539 4326 non
3599 4288 3691 4341 pe-

2120 4377 2137 4409 ‹
2171 4359 2328 4428 perit.
2356 4379 2372 4410 ι
2429 4360 2493 4412 Ει
2554 4369 2612 4414 ιιι
2656 4359 3001 4432 Septuaginta
3051 4360 3478 4414 transtulcrtmt:
3512 4381 3530 4411 ι
3569 4361 3693 4418 Cl..-

446 4479 466 4511 ι
499 4473 658 4515 erunt
709 4461 760 4514 in
791 4476 856 4516 eo
898 4461 1186 4517 ramusculi
1236 4461 1566 4527 frondentes,
1599 4484 1616 4516 ι
1655 4473 1712 4518 ut
1741 4481 2011 4536 nunquam

2123 4469 2142 4499 ι
2176 4451 2340 4503 ruavit
2364 4451 2573 4520 perdix,
2601 4453 2945 4522 congregavit
2984 4468 3103 4521 quae
3133 4470 3236 4507 non
3278 4455 3502 4522 peperit.
3545 4453 3696 4508 FCt'il

441 4551 631 4604 timeat
659 4550 981 4615 siceitatem,
1003 4551 1096 4605 sed
1126 4560 1438 4606 cunctarum
1471 4553 1725 4608 virtutum
1754 4555 2015 4624 germinel

441 4642 693 4712 gratiam.
718 4641 956 4713 Cumque
991 4653 1222 4713 tempus,
1253 4644 1364 4698 sive
1396 4661 1587 4710 annus,
1620 4647 1826 4700 venerit
1861 4647 2018 4702 sicci-

442 4731 604 4796 tatis,
657 4748 760 4784 non
805 4741 1006 4788 metuet
1039 4734 1254 4802 quando
1297 4735 1550 4790 Dominus
1593 4736 1764 4791 iratus
1794 4739 2017 4791 manda-

439 4826 580 4880 verit
609 4825 837 4879 nubibus
867 4825 1143 4894 nepluaut
1162 4841 1322 4894 super
1345 4825 1504 4879 lsrael
1527 4828 1752 4881 imbrem
1779 4828 1911 4896 (lsa.
1936 4827 2012 4896 v).

441 4917 701 4986 Quodque
730 4916 1011 4984 sequitur:
1047 4934 1065 4965 ι
1106 4913 1214 4968 Nec
1243 4915 1448 4970 desinet
1495 4915 1677 4972 facere
1705 4916 1957 4980 fructum,
1992 4940 2006 4968 ι

439 5007 591 5062 illum
619 5006 817 5069 locutu,
856 5005 944 5074 qui
976 5005 1026 5058 in
1055 5003 1234 5059 Marco
1281 5006 1514 5074 scriptus
1557 5015 1641 5061 est
1670 5006 1862 5077 (Marc.
1907 5010 2009 5074 λι),

437 5089 583 5167 quod
615 5097 820 5151 venerit
849 5096 1105 5151 Dominus
1138 5095 1200 5149 ad
1232 5094 1413 5160 ﬁcum,
1445 5103 1499 5150 et
1521 5112 1625 5150 non
1669 5096 1932 5152 invenerit
1954 5099 2007 5152 lu

439 5204 502 5241 ea
526 5187 754 5254 fructus,
780 5187 904 5257 quia
937 5186 1159 5240 necdum
1188 5192 1304 5238 erat
1332 5194 1562 5254 tempus,
1595 5195 1648 5240 et
1674 5187 2012 5241 maledixerit

439 5277 511 5339 ci,
545 5286 604 5330 ut
641 5265 844 5331 fructus
873 5290 976 5329 non
1025 5274 1190 5329 faciat
1230 5273 1281 5326 in
1311 5282 1590 5339 auernum,
1629 5290 1894 5345 exponere
1915 5292 2007 5345 po-

439 5368 586 5422 terit.
618 5367 881 5435 Quienim
931 5367 1154 5437 confidit
1193 5367 1244 5421 in
1274 5366 1520 5430 Domino,
1566 5376 1618 5420 et
1654 5368 1910 5424 Dominus
1931 5379 2013 5423 est

440 5457 632 5512 ﬁducia
660 5457 796 5526 ejus,
823 5459 984 5511 etiam
1011 5457 1061 5510 in
1091 5466 1326 5527 tempore
1349 5455 1585 5511 Judaiczc
1615 5457 1874 5512 siccitatis
1906 5474 2010 5512 non

441 5555 661 5610 metuet,
693 5546 784 5601 sed
814 5561 1027 5616 semper
1053 5546 1240 5601 aﬂ'eret
1275 5546 1503 5610 fructus,
1536 5547 1762 5602 credens
1809 5548 1859 5601 in
1887 5564 2008 5602 eum

440 5638 530 5703 qui
571 5635 734 5686 semel
766 5651 865 5703 pro
892 5635 1046 5688 nobis
1071 5646 1313 5690 mortuus
1341 5647 1444 5701 est,
1467 5646 1521 5691 et
1548 5637 1686 5690 ultra
1714 5651 1820 5690 non
1847 5638 2010 5690 mori-

445 5735 528 5777 tur
551 5722 725 5786 (nam.
745 5726 843 5795 γι),
870 5734 925 5778 et
953 5726 1082 5780 dicit
1117 5745 1127 5778 :
1160 5748 1177 5777 ‹
1209 5727 1318 5796 Ego
1345 5745 1462 5783 sum
1486 5729 1590 5782 vita
1618 5727 1798 5799 (Joan.
1822 5732 1952 5799 xlv).

2123 4562 2142 4592 ‹
2177 4541 2390 4595 divitias
2414 4558 2561 4605 suas,
2591 4560 2693 4596 non
2745 4559 2866 4598 cum
2892 4544 3110 4613 judicio.
3145 4545 3200 4599 in
3237 4546 3454 4600 dimidio
3483 4547 3694 4600 dierum

2125 4653 2142 4684 ι
2171 4649 2387 4688 suorum
2423 4634 2689 4704 relinquet
2733 4651 2824 4690 cas
2865 4635 2988 4706 (sive
3017 4636 3067 4689 in
3094 4636 3314 4690 dimidio
3346 4637 3554 4704 dierum
3578 4638 3693 4706 ejus

2124 4745 2142 4776 ι
2174 4725 2468 4794 relinquent
2487 4726 2654 4797 cum).
2670 4733 2720 4780 et
2743 4727 2794 4781 in
2819 4727 3108 4782 novissimo
3129 4743 3225 4780 suo
3247 4727 3352 4782 erit
3376 4727 3687 4795 insipiens.»

2119 4819 2281 4871 Aiunt
2307 4820 2602 4886 scriptores
2639 4818 2896 4875 naturalis
2940 4819 3199 4882 historice,
3252 4827 3357 4873 tam
3395 4819 3691 4874 bestiarum

2119 4916 2174 4962 Ct
2205 4908 2478 4961 volucrum
2507 4924 2664 4976 quam
2703 4909 2954 4961 arborum
2994 4908 3409 4975 herbarumque,
3459 4923 3688 4976 quorum

2121 4998 2387 5067 principes
2422 4997 2696 5066 suntapud
2719 4998 2933 5052 Graecos
2961 4997 3279 5052 Aristotcles
3302 5007 3355 5050 et
3381 4997 3692 5066 Theophra-

2118 5098 2269 5151 stus;
2311 5087 2448 5156 apud
2499 5103 2617 5151 nos,
2655 5088 2857 5143 Plinius
2902 5087 3218 5143 Secundus:
3279 5089 3415 5143 hanc
3461 5087 3692 5156 perdicis

2114 5198 2231 5236 csse
2260 5192 2526 5244 naturam,
2561 5191 2619 5236 ut
2647 5198 2742 5235 ova
2769 5182 2988 5236 alterius
3025 5184 3277 5252 perdicis,
3307 5185 3359 5237 id
3387 5193 3471 5237 est
3493 5183 3689 5248 aliena,

2115 5273 2336 5335 t'aretur,
2368 5280 2420 5326 et
2439 5272 2520 5326 eis
2550 5273 2762 5328 incubet
2790 5272 3106 5342 foveatque:
3139 5289 3366 5343 cumque
3403 5274 3545 5329 fetus
3571 5275 3688 5329 ado-

2119 5364 2343 5418 lcvcrint
2370 5364 2586 5417 avolare
2609 5366 2676 5417 ab
2711 5379 2793 5428 eo,
2825 5375 2880 5419 et
2922 5365 3151 5419 alienum
3201 5376 3479 5435 parentem
3525 5365 3687 5420 retin-

2118 5470 2301 5522 quere.
2352 5452 2728 5522 llujuscemodi
2778 5456 2970 5511 divites
3017 5465 3161 5521 sunt,
3217 5457 3307 5525 qui
3359 5455 3687 5510 alicnadiri-

2117 5544 2287 5614 piunt,
2338 5553 2391 5597 ct
2440 5544 2641 5615 absque
2681 5547 3064 5615 recogitationc
3105 5547 3292 5613 judicii
3344 5547 3434 5600 Dei
3487 5545 3682 5600 faciunt

2116 5635 2350 5699 divitias,
2390 5651 2495 5689 non
2539 5651 2659 5690 cum
2699 5637 2939 5705 judicio:
2987 5654 3119 5707 quas
3159 5638 3209 5691 in
3243 5639 3419 5692 medio
3452 5646 3684 5705 tempore

2118 5727 2516 5796 derelinquunt,
2539 5729 2714 5784 subita
2748 5741 2920 5786 morte
2943 5731 3219 5794 subtracti,
3259 5729 3472 5799 quando
3497 5728 3680 5782 dicitur
