4022 6186
324 345 432 402 969

1206 343 1571 401 EXPOSITIO
1608 344 1835 402 SUPER
1872 345 2239 406 JEREMIAM.
2275 381 2348 411 -ι-
2380 349 2508 406 LIB.
2553 350 2686 407 Vill?

3495 359 3639 415 950"

321 460 439 514 eis:
477 477 496 511 ι
531 456 727 521 Stulte,
768 456 870 511 bac
896 436 1054 511 nocte
1077 463 1319 526 repetent
1346 457 1580 513 animam
1610 468 1759 513 tuam
1781 468 1910 524 ate,
1943 463 1992 522 Α
2017 461 2286 532 quomodo
2312 461 2665 517 novissimum
2713 462 2832 533 ejus
2872 462 2977 518 erit
3004 463 3242 516 stultum.
3289 463 3394 520 lswe
3418 468 3485 523 ab
3512 485 3600 536 eo,
3634 518 3641 519 ,

323 562 445 617 quae
483 557 665 602 autem
691 545 1005 616 praeparasti
1028 544 1181 614 cujus
1204 548 1408 602 erunt?
1444 567 1463 598 ι
1493 546 1645 619 (Luc.
1672 549 1795 619 xu.)
1830 549 1919 603 Ni-

322 639 509 709 hilque
536 638 882 709 insipientius
914 653 1076 710 quam
1112 653 1218 694 non
1270 639 1553 708 providere
1595 640 1913 709 novissima,

321 739 379 786 et
422 730 606 786 brevia
655 738 849 801 putare
896 738 1179 801 perpetua.
1230 732 1334 787 Alii
1393 748 1551 797 vero,-
1590 741 1646 787 et
1697 737 1920 804 prepter

321 822 657 893 superiorem
718 823 1045 891 historiam,
1106 831 1163 879 et
1220 833 1444 895 propter
1491 826 1757 893 alteram,
1808 840 1916 898 qua

319 913 530 979 dicunt,
565 913 839 983 perdiccm
870 924 955 969 est
991 911 1445 985 pugnacissimum
1471 923 1529 971 et
1558 916 1913 983 immundum,

320 1003 398 1058 ita
458 1014 520 1060 ut
581 1005 783 1060 victum
840 1004 1082 1074 polluat,
1142 1006 1414 1061 diabolum
1475 1008 1576 1064 sub
1645 1007 1765 1078 ejus
1822 1024 1918 1065 uo-

320 1097 470 1152 mine
526 1096 951 1168 interpretantur
981 1137 997 1163 ,
1066 1098 1208 1168 quod
1267 1098 1472 1155 alienas
1532 1099 1638 1156 sibi
1701 1091 1917 1161 divitias

318 1187 686 1259 congregant,
737 1188 924 1242 dicens
983 1187 1050 1241 ad
1090 1186 1376 1243 Dominum
1433 1205 1447 1243 :
1503 1208 1523 1242 ‹
1578 1186 1706 1245 Haec
1733 1190 1915 1245 omnia

320 1276 420 1330 tibi
469 1277 631 1339 dabo,
680 1277 723 1330 si
775 1275 977 1330 cadens
1020 1275 1332 1331 adoraveris
1377 1291 1465 1332 me
1512 1275 1731 1348 (Matth.
1761 1277 1856 1349 tv).
1889 1298 1909 1330 ι

317 1367 491 1435 Quem
522 1366 833 1435 relinquent
855 1366 1059 1421 divitiae
1090 1368 1221 1429 ‘suae,
1266 1382 1386 1436 quae
1418 1368 1561 1421 male
1586 1369 1656 1423 ab
1683 1383 1749 1423 eo
1790 1369 1913 1424 fue-

317 1467 445 1514 rant
493 1466 847 1529 congregatae,
903 1464 958 1511 et
1005 1471 1104 1526 per
1150 1457 1426 1527 apostolos
1478 1465 1818 1513 revertentur
1845 1452 1931 1513 ad.

317 1548 648 1602 Dominum:
702 1557 758 1602 et
785 1548 877 1617 qui
926 1546 1031 1601 sibi
1086 1542 1368 1601 videbatur
1410 1561 1532 1603 esse
1557 1547 1915 1617 prudentissi-

318 1654 465 1703 mus,
484 1639 592 1692 erit
619 1639 860 1693 omnium
883 1637 1090 1708 judicio
1122 1637 1401 1709 insipiens.
1431 1638 1695 1708 Quodque
1721 1654 1751 1693 a
1776 1638 1913 1709 Sep-

317 1729 562 1799 tuaginta
581 1728 798 1793 dicitur,
822 1746 840 1779 ‹
874 1726 1128 1783 clamavit
1146 1729 1356 1797 perdix,
1381 1747 1400 1780 ι
1440 1729 1507 1783 ad
1528 1729 1909 1785 haereticorum

2019 552 2162 623 quod
2188 553 2287 608 fuit
2311 554 2528 624 sapiens
2545 554 2706 621 male,
2733 556 3031 626 sapientior
3048 556 3190 610 enim
3218 565 3335 611 erat
3355 561 3635 617 omnibus

2018 642 2209 697 bestiis
2237 657 2401 714 super
2425 638 2629 699 terram
2653 685 2667 709 ,
2703 644 2794 700 ﬁet
2815 647 3092 702 contrario
3116 646 3182 711 ei,
3217 647 3359 717 quod
3389 651 3603 718 sapiens

2018 732 2120 788 fuit
2148 734 2309 797 male,
2342 734 2622 805 insipiens.
2654 735 2920 808 lutelliges
2956 753 3085 792 vero
3112 740 3238 807 quid
3268 739 3338 794 sit
3374 757 3393 790 ‹
3424 741 3595 797 novis

2018 823 2212 878 simum
2239 821 2377 893 ejus,
2405 826 2510 880 erit
2533 826 2790 896 insipiens
2819 841 2882 880 εει
2918 828 2963 882 si
2987 828 3128 885 scias
3150 830 3417 900 quomodo
3439 830 3605 885 etiam
3630 857 3643 875 κ

2017 915 2113 969 tibi
2141 929 2240 984 per
2282 914 2597 986 Apostolum
2652 918 3012 988 praecipiatur,
3068 929 3124 974 ut
3156 934 3256 990 pro
3309 920 3481 975 salute
3511 930 3600 977 tua
3623 954 3634 970 η.

2018 1005 2381 1075 insipientiam
2412 1007 2663 1077 recipias.
2707 1025 2725 1060 ι
2773 1008 2827 1063 Si
2859 1010 3001 1079 quis,
3036 1011 3228 1081 inquit,
3260 1012 3474 1068 videtur
3499 1012 3603 1068 sibi

2017 1095 2233 1165 sapiens
2270 1110 2392 1151 esse
2421 1097 2476 1151 in
2504 1098 2657 1152 vobis
2694 1116 2706 1152 :
2749 1100 2800 1152 in
2833 1099 2936 1154 isto
2976 1101 3171 1155 s‘eculo
3202 1102 3401 1157 stultus
3426 1101 3540 1157 ﬁat.
3575 1120 3598 1157 ι

2016 1186 2267 1254 Attende,
2298 1189 2422 1259 quia
2455 1204 2558 1244 non
2591 1188 2761 1244 solum
2802 1206 2907 1245 non
2934 1191 3189 1247 clamavit
3234 1193 3451 1259 stultus,
3480 1200 3600 1249 esto

2016 1286 2071 1332 et
2099 1279 2296 1341 lautus,
2329 1280 2422 1334 sed
2451 1289 2509 1333 ut
2538 1280 2756 1350 sapiens
2787 1281 2906 1337 ﬁas.
2951 1280 3008 1337 Si
3042 1282 3224 1353 itaque
3248 1294 3335 1347 est
3356 1284 3603 1355 quaedam
3633 1312 3643 1332 .-

2015 1368 2274 1439 sapicntia
2323 1370 2626 1440 eulpabilis,
2672 1371 2824 1441 juxta
2871 1388 3032 1443 quam
3083 1373 3176 1428 ﬁlii
3229 1374 3387 1443 hujus
3419 1362 3603 1435 saeculi

2015 1458 2374 1528 sapientiores
2416 1470 2541 1516 sunt
2576 1477 2605 1515 a
2652 1461 2779 1517 tiliis
2824 1462 2959 1518 lueis
3000 1464 3053 1518 in
3081 1467 3426 1535 generatione
3454 1470 3558 1524 ista
3585 1512 3599 1526 .

2014 1548 2186 1606 bonus
2231 1560 2313 1606 est
2364 1553 2528 1615 Deus,
2577 1553 2668 1623 qui
2722 1555 3012 1609 contrariis
3064 1555 3273 1611 diversa
3318 1560 3617 1628 subvertit,

2014 1652 2073 1696 ut
2094 1641 2259 1698 faciat
2280 1644 2537 1714 compleri
2568 1646 2618 1701 id
2640 1646 2785 1715 quod
2806 1646 3003 1701 dictum
3032 1658 3150 1703 est:
3187 1667 3204 1700 ι
3239 1648 3601 1708 Novissimum

2014 1731 2131 1801 ejus
2152 1733 2258 1789 erit
2280 1734 2557 1804 insipiens.
2590 1754 2609 1786 ι
2638 1735 2862 1803 Quando
2881 1738 3231 1793 novissimum
3257 1740 3371 1812 ejus
3393 1743 3498 1798 erit
3521 1743 3618 1799 in--

316 1836 606 1893 personam
633 1820 975 1876 referendum
996 1829 1100 1885 est,
1127 1821 1271 1891 quod
1302 1820 1493 1890 perdix
1532 1821 1634 1876 iste
1659 1820 1904 1878 diabolus
1933 1815 1980 1875 Β
2008 1826 2231 1898 sipiens,
2254 1839 2466 1899 oportet
2487 1829 2761 1886 Christum
2796 1847 3044 1902 regnare,
3070 1851 3242 1905 usque
3273 1837 3400 1892 dum
3438 1850 3603 1909 ponat

214 1978 221 1985 ,
316 1915 640 1971 clamaverit
667 1928 766 1984 per
798 1913 1070 1984 principes
1096 1913 1497 1979 haereticorum,
1527 1921 1584 1968 et
1611 1929 1908 1986 congrega-

317 2005 476 2069 verit,
501 2019 620 2075 qua:
640 2019 745 2059 non
774 2005 1006 2074 peperit,
1030 2013 1087 2060 et
1110 2006 1455 2074 deceptorum
1483 2004 1584 2060 sibi
1613 2004 1911 2062 multitudi-

315 2110 439 2152 nem
470 2096 813 2167 congregavit
848 2113 863 2149 :
891 2111 1012 2167 qute
1041 2103 1224 2166 postea
1254 2096 1491 2152 dimittat
1518 2111 1664 2162 eum,
1702 2108 1758 2154 et
1793 2112 1912 2153 om-

252 2212 262 2219 -
312 2189 466 2242 nium
493 2186 701 2257 judicio
735 2186 1089 2243 stultissimus
1118 2186 1518 2257 comprobetur.
1558 2185 1757 2260 (Θήρ.)
1792 2188 1913 2244 Cla-

313 2277 487 2332 mavit
535 2277 682 2332 enim
735 2276 924 2347 perdix
973 2291 1072 2347 per
1104 2275 1477 2341 Valentinum,
1511 2275 1767 2332 clamavit
1814 2288 1911 2347 per

312 2367 628 2432 Basilidem,
682 2383 780 2438 per
829 2367 1179 2434 Marcionem,
1231 2383 1331 2439 per
1357 2382 1569 2432 omnes,
1600 2369 1693 2439 qui
1722 2368 1912 2425 aliena:

313 2478 345 2516 a
379 2463 493 2517 Deo
517 2460 703 2533 gloriae
729 2460 1023 2531 cupiditate
1053 2460 1191 2531 rapti
1223 2468 1369 2515 sunt.
1409 2459 1598 2515 Nullus
1633 2460 1778 2514 enim
1820 2474 1912 2515 eo-

311 2568 437 2607 rum
461 2566 658 2608 sonare
678 2559 892 2623 poterat
917 2565 1104 2606 vocem
1134 2551 1344 2604 Domini
1367 2549 1492 2614 Jesn
1515 2565 1536 2625 ;
1571 2569 1590 2602 ι
1629 2550 1758 2606 Meae
1780 2565 1911 2606 oves

313 2656 505 2698 vocem
527 2655 701 2697 meam
732 2640 955 2695 audiunt
976 2638 1159 2711 (Joan.
1183 2639 1264 2711 ι),
1296 2660 1313 2691 ι
1351 2641 1447 2695 sed
1469 2646 1587 2696 erat
1621 2656 1724 2695 vox
1746 2638 1909 2695 Chri-

313 2736 384 2791 sti
410 2736 465 2791 in
495 2733 682 2799 Paulo,
709 2744 829 2789 erat
867 2734 919 2788 in
943 2733 1107 2789 Petro
1130 2750 1153 2800 ;Δ
1173 2742 1393 2804 propter
1420 2734 1565 2802 quod
1603 2733 1804 2789 Paulus
1831 2733 1910 2787 di-

317 2825 516 2883 cebat:
550 2843 569 2875 ι
604 2824 685 2880 An
733 2824 1161 2895 experimentum
1202 2824 1447 2894 quteritis
1474 2824 1590 2894 ejus
1618 2824 1711 2893 qui
1740 2823 1794 2877 in
1822 2838 1910 2880 me

312 2918 575 2987 loquitur,
587 2916 873 2973 Christus?
897 2935 917 2969 ι
939 2914 1023 2988 (ΙΙ
1043 2913 1165 2970 Cor.
1191 2913 1338 2986 xui.)
1358 2915 1470 2969 Vox
1491 2924 1670 2971 autem
1684 2928 1910 2984 congre-

312 3009 499 3082 gantis
539 3022 661 3079 quae
716 3022 828 3064 non
875 3007 1088 3079 peperit
1139 3007 1395 3077 perdicis,
1448 3006 1502 3061 in
1549 3005 1656 3061 illis
1683 3013 1785 3069 est,
1814 3004 1905 3074 qui

312 3100 589 3172 simplices
611 3084 851 3171 quasque
880 3098 1116 3154 ﬁdelium
1144 3098 1340 3170 laqueo
1371 3098 1637 3154 hmreticte
1657 3096 1906 3153 factionis

311 3163 643 3262 impediunt:
658 3210 677 3242 ι
699 3163 964 3247 Clamavit
984 3190 1169 3259 itaque
1182 3163 1771 3260 perdix,congregavit,
1786 3201 1906 3258 quae
1931 3163 1975 3226 (ἶ

311 3298 423 3338 non
461 3283 689 3354 peperit,
722 3281 902 3337 facere
933 3281 1153 3339 divitias
1209 3295 1336 3336 suas
1361 3296 1467 3334 non
1516 3294 1638 3334 cum
1676 3276 1903 3347 judicio.

312 3377 478 3433 Dives
501 3375 674 3432 factus
699 3385 782 3431 est
805 3374 1024 3446 perdix.
1057 3393 1076 3427 ι
1109 3373 1250 3430 Ecce
1271 3372 1387 3444 ejus
1411 3379 1616 3444 quanta
1637 3378 1762 3427 sunt
1786 3371 1908 3426 mil-

312 3466 409 3530 lia,
439 3468 628 3535 ingens
657 3466 851 3521 turba:
884 3463 1036 3520 multi
1068 3463 1249 3533 populi
1275 3463 1631 3532 captivorum.
1675 3462 1740 3515 Et
1780 3461 1909 3517 facit

314 3558 537 3614 divitias
559 3572 706 3622 suas,
750 3568 857 3611 non
893 3555 1138 3626 cogitans
1174 3552 1460 3623 judicium,
1502 3568 1677 3624 neque
1703 3554 1907 3609 habens

311 3650 369 3706 in
397 3649 563 3704 corde
580 3647 847 3719 justitiam
871 3664 886 3702 :
914 3647 1009 3702 sed
1040 3646 1224 3701 omnia
1247 3644 1365 3701 sine
1392 3645 1506 3715 lege
1531 3660 1724 3716 gerens
1749 3663 1762 3699 :
1790 3660 1925 3733 me:

313 3742 424 3797 rito
450 3742 696 3810 arguitur
726 3754 834 3795 non
865 3752 987 3793 cum
1013 3737 1221 3808 judicio
1259 3736 1455 3793 fecisse
1477 3737 1719 3793 divitias.
1759 3736 1908 3792 Meus

314 3841 500 3888 autem
525 3830 682 3888 Iesus
707 3831 837 3886 facit
856 3828 1076 3885 divitias
1098 3844 1227 3886 suas
1261 3836 1385 3885 cum
1417 3827 1645 3897 judicio.
1686 3829 1909 3884 Exami-

315 3931 443 3978 nata
460 3932 544 3977 est
565 3931 620 3978 et
648 3920 853 3977 deiecta
869 3919 985 3992 ejus
997 3919 1292 3992 opulentia.
1321 3937 1341 3970 ι
1372 3918 1429 3973 ιιι
1452 3919 1676 3975 dimidio
1696 3920 1906 3976 dierum

318 4014 438 4083 ejus
466 4013 1027 4082 derelinquenteum:
1065 4031 1085 4064 ι
1118 4025 1217 4066 nos
1254 4024 1465 4073 omnes,
1496 4010 1589 4079 qui
1632 4010 1906 4080 quondam

314 4106 524 4162 fuimus
564 4106 665 4161 sub
711 4104 994 4160 clamantis
1038 4111 1304 4176 potestate
1334 4102 1600 4173 perdicis,
1654 4100 1908 4157 clamavit

314 4198 516 4268 quippe
550 4211 659 4251 non
684 4195 855 4250 solum
892 4209 989 4265 per
1017 4209 1133 4259 eos,
1183 4208 1320 4264 quos
1372 4206 1534 4262 supra
1585 4190 1909 4246 memoravi-

315 4304 464 4353 mus,
495 4289 588 4343 scd
616 4302 718 4358 per
743 4301 931 4342 omnes
965 4287 1304 4358 generaliter,
1343 4284 1436 4355 qui
1490 4284 1646 4355 quasi
1695 4284 1765 4338 ad
1792 4283 1909 4352 pie-

318 4390 509 4445 tatem,
539 4389 595 4435 et
618 4380 686 4434 ad
711 4378 1023 4448 religionem
1059 4386 1337 4442 vocantes,
1376 4377 1478 4432 sub
1504 4374 1783 4430 contrario
1809 4388 1907 4429 ve—

315 4471 465 4526 ritati
488 4471 740 4541 dogmate
762 4469 1133 4525 clamaverunt
1159 4485 1173 4521 :
1201 4467 1580 4536 nos,inquam,
1607 4466 1659 4520 in
1680 4464 1904 4521 dimidio

315 4560 558 4616 universi
587 4560 796 4615 dierum
823 4558 940 4631 ejus
966 4558 1388 4627 derelinquimus
1420 4571 1566 4612 eum.
1601 4556 1667 4611 Et
1714 4568 1908 4610 omnes

317 4653 540 4723 quidem
585 4652 701 4707 dies
728 4648 866 4722 ejus,
906 4649 1025 4706 dies
1072 4647 1233 4719 hujus
1258 4648 1437 4703 saeculi
1468 4656 1614 4703 sunt.
1646 4646 1753 4703 Sed
1777 4647 1907 4717 quia

315 4744 465 4798 eruit
508 4758 609 4797 nos
651 4756 719 4797 ex
767 4741 989 4797 instanti
1034 4741 1232 4797 saeculo
1278 4753 1506 4810 nequam
1646 4739 1915 4796 Dominus

314 4833 498 4898 .Icsus,
528 4833 731 4888 idcirco
759 4833 814 4888 in
841 4832 1063 4889 dimidio
1090 4832 1297 4887 dierum
1330 4830 1449 4900 ejus
1477 4831 1915 4902 derelinquimus

314 4942 467 4992 cum,
493 4935 550 4982 et
570 4925 923 4983 novissimum
943 4925 1059 4997 ejus
1080 4926 1186 4981 erit
1210 4925 1492 4996 insipiens.
1513 4926 1740 4995 Quando
1759 4927 1905 4982 enim

317 5018 539 5088 sapiens
567 5015 692 5082 fuit,
744 5025 805 5072 ut
850 5017 1204 5072 novissimum
1249 5015 1364 5087 ejus
1396 5018 1592 5073 meriti)
1624 5019 1909 5089 .insipiens

320 5107 455 5163 ﬁat?
482 5106 591 5165 Sed
630 5107 874 5163 dicamus
901 5122 1027 5163 eum
1064 5106 1235 5164 fuisse
1274 5108 1591 5179 sapientem.
1613 5129 1632 5160 ι
1672 5108 1908 5180 Serpens

318 5199 520 5270 quippe
546 5199 844 5270 sapientior
869 5209 989 5255 erat
1008 5200 1261 5255 omnibus
1287 5200 1477 5255 bestiis
1497 5215 1663 5270 super
1683 5211 1907 5268 terram,

319 5292 461 5359 «fuas
495 5287 623 5343 fecit
652 5288 913 5345 Dominus
959 5290 1098 5345 Deus
1144 5288 1298 5362 (Gen.
1329 5287 1432 5360 ιιι).
1464 5308 1484 5339 ι
1535 5289 1763 5360 Sapiens
1808 5289 1921 5344 fuit-

310 5381 470 5451 juxta
491 5381 544 5436 id
567 5382 708 5452 quod
727 5384 986 5451 scriptum
1009 5392 1093 5437 est
1115 5400 1129 5437 :
1158 5402 1175 5434 ι
1204 5382 1675 5454 Adducamsuper
1686 5382 1904 5439 sensum

319 5475 583 5545 grandem
622 5474 920 5546 principem
951 5475 1314 5546 Assyriorum.
1359 5473 1504 5529 Dixit
1545 5483 1765 5530 autem:
1800 5475 1905 5530 γε-

319 5564 484 5619 lentia
514 5578 633 5618 mea
680 5563 898 5628 faciam,
930 5563 1274 5636 etsapieutia
1322 5564 1627 5620 intellectus
1664 5562 1904 5618 auferam

323 5655 461 5711 ﬁnes
498 5658 762 5725 gentium,
791 5659 1055 5727 dcpascar
1075 5666 1130 5713 et
1150 5660 1296 5715 vires
1321 5674 1509 5715 eorum
1533 5676 1547 5712 ε
1578 5667 1635 5712 ct
1667 5673 1925 5713 commo--

322 5749 459 5806 velut)
483 5750 735 5808 civitates
759 5752 1111 5808 inhabitans.
1143 5771 1162 5805 ι
1183 5751 1238 5809 Si
1270 5754 1391 5823 quis
1420 5761 1599 5823 potest
1620 5750 1902 5822 intelligat,

1934 4527 1984 4586 D

2013 1932 2202 1973 omnes
2225 1919 2474 1975 inimicos
2502 1920 2620 1990 ejus
2644 1920 2785 1977 Deus
2811 1923 2911 1975 sub
2936 1922 3162 1991 pedibus
3184 1924 3321 1994 ejus.
3350 1924 3485 1981 Cum
3514 1942 3604 1982 au-

2012 2014 2119 2061 tem
2155 2009 2333 2061 omnia
2387 2006 2679 2079 sul-jecerit
2724 2010 2799 2075 ei,
2848 2011 3172 2067 novissimus
3216 2014 3466 2072 inimicus
3505 2017 3600 2073 de-

2012 2106 2252 2152 struetur
2297 2114 2487 2155 mors:
2538 2115 2662 2155 cum
2702 2101 2976 2156 destructa
3038 2102 3201 2158 fuerit
3255 2121 3422 2169 mors,
3476 2117 3605 2163 tunc

2013 2199 2251 2246 extrema
2309 2192 2545 2263 perdicis
2593 2200 2793 2249 erunt:
2855 2202 2911 2249 et
2961 2180 3316 2251 novissimum
3353 2196 3471 2267 ejus
3507 2197 3603 2254 ﬁet

2008 2281 2291 2351 insipiens.

2087 2394 2105 2427 ι
2143 2373 2348 2430 Solium
2372 2375 2557 2447 gloriae
2588 2375 2891 2433 altitudinis
2926 2392 2957 2432 a
2986 2377 3269 2449 principio,
3301 2377 3451 2456 locus
3477 2394 3606 2434 san-

2016 2484 2035 2516 e
2068 2465 2412 2522 ctiﬁcationis
2466 2475 2686 2524 nostrm.
2742 2466 3090 2538 Exspectatio
3116 2467 3301 2533 Israel,
3355 2468 3601 2538 Domine,

2018 2574 2037 2607 ι
2069 2570 2259 2611 omnes
2304 2557 2395 2629 qui
2439 2567 2492 2612 te
2539 2556 2942 2628 derelinquunt,
2991 2557 3406 2623 confundentur,
3452 2572 3604 2623 rece-

2015 2664 2034 2696 ‹
2074 2645 2264 2701 dentes
2290 2661 2319 2700 a
2351 2653 2404 2701 te
2432 2647 2485 2701 in
2518 2654 2662 2702 terra
2710 2646 3123 2703 describantur:
3164 2649 3418 2719 quoniam
3448 2649 3602 2705 dere-

2016 2737 2341 2809 «liquerunt
2396 2753 2591 2795 venam
2641 2738 2770 2811 (sive
2818 2738 3045 2812 fontem)
3109 2755 3373 2811 aquarum
3412 2741 3601 2797 viven-

2016 2847 2035 2879 (
2072 2829 2204 2883 tium
2245 2828 2552 2887 Dominum.
2577 2848 2596 2881 ι
2633 2828 2904 2902 (Ηὶετοη.)
2935 2829 3161 2886 Perdice
3201 2837 3421 2901 propter
3444 2844 3617 2886 suam.

2010 2918 2295 2979 stultitiam
2327 2918 2605 2986 derelicta,
2657 2919 2990 2989 exspectatio
3038 2918 3220 2985 Israel,
3278 2919 3332 2976 id
3369 2926 3473 2985 est,
3504 2932 3605 2990 po-

2008 3007 2117 3078 puli
2150 3008 2264 3074 Dci,
2292 3019 2347 3064 et
2374 3010 2646 3067 credentis
2674 3010 2729 3065 iu
2756 3009 3065 3075 Dominum,
3089 3009 3202 3080 ipse
3220 3018 3322 3076 est,
3350 3011 3441 3080 qui
3469 3008 3617 3065 fecit;

2008 3098 2228 3152 omnia:
2285 3097 2440 3167 cujus
2489 3098 2680 3154 solium
2731 3098 3022 3168 gloriosum
3051 3107 3108 3155 et
3157 3097 3430 3155 excelsum
3457 3107 3608 3156 esta.

2006 3187 2288 3259 principio,
2328 3188 2587 3259 locusque
2613 3188 3057 3244 sanctificationis
3092 3188 3332 3243 omnium
3361 3188 3592 3245 creden-

2010 3280 2166 3347 tium,
2194 3290 2254 3337 ut
2280 3296 2386 3336 non
2432 3282 2487 3336 in
2536 3283 2773 3338 locosit
2817 3283 3092 3346 Dominus,
3126 3283 3220 3338 sed
3273 3290 3335 3338 ut
3377 3282 3469 3341 ubi
3508 3282 3613 3341 ille

2007 3372 2190 3438 fuerit,
2222 3372 2373 3428 locus
2405 3366 2775 3430 sanctiﬁcatus
2795 3373 2886 3428 sit.
2914 3370 3112 3444 (θήῃ.)
3137 3372 3262 3427 Sive
3290 3374 3359 3430 de
3379 3371 3599 3431 Christo

2005 3464 2244 3520 volueris
2296 3464 2399 3521 ista
2451 3462 2793 3537 intelligere,
2855 3479 2963 3531 non
3020 3464 3306 3534 peccabis;
3365 3464 3479 3520 sive
3528 3463 3600 3521 de

2005 3554 2186 3619 Patre,
2217 3569 2322 3609 non
2350 3554 2520 3625 impie
2536 3556 2740 3611 senties
2765 3574 2778 3609 :
2812 3563 2898 3611 est
2923 3555 3066 3610 enim
3091 3554 3316 3610 thronus
3335 3553 3603 3610 claritatis

2007 3654 2062 3700 et
2084 3643 2353 3710 excelsus,
2377 3653 2434 3701 et
2459 3660 2489 3699 a
2513 3645 2781 3716 principio
2808 3634 3061 3701 Salvator
3085 3663 3098 3699 :
3135 3645 3360 3703 thronus
3389 3645 3596 3718 gloria).

2004 3742 2227 3806 propter
2274 3734 2417 3804 quod
2450 3735 2722 3790 excelsum
2776 3750 2998 3805 regnum
3035 3732 3189 3803 ejus:
3242 3734 3600 3791 sanctiﬁcatio

2007 3835 2192 3881 nostra
2227 3826 2477 3881 Christus
2500 3834 2606 3892 est,
2639 3847 2657 3878 ι
2685 3826 2809 3896 quia
2833 3834 2889 3883 et
2911 3826 3002 3882 ille
3026 3826 3394 3889 sanctiﬁcans,
3420 3834 3473 3880 ct
3494 3838 3607 3881 nos.

2008 3915 2334 3972 sanctiﬁcati
2355 3930 2421 3971 ex
2436 3932 2544 3971 uno
2568 3932 2757 3972 omnes
2785 3932 2992 3971 sumus.
3013 3913 3344 3970 Sustentatio
3369 3915 3551 3969 Israel.
3568 3936 3586 3963 ι

2008 4009 2162 4064 Sicut
2196 4010 2311 4078 ipse
2353 4008 2564 4087 justitia
2614 4007 2795 4073 Jesus,
2841 4008 2956 4078 ipse
2988 4007 3209 4071 veritas,
3257 4008 3371 4075 ipse
3396 4007 3596 4061 sancti-

2008 4101 2207 4165 ﬁcatio,
2240 4100 2488 4157 similiter
2526 4099 2639 4170 ipse
2665 4109 2748 4155 est
2788 4100 2951 4155 etiam
2990 4097 3352 4155 sustentatio:
3394 4104 3450 4152 et
3486 4112 3625 4153 non.

2007 4202 2092 4250 est
2113 4193 2315 4263 aliquid
2333 4191 2540 4261 justum
2574 4192 2691 4248 sine
2735 4191 2972 4258 Christo,
3006 4205 3179 4261 neque
3205 4199 3448 4246 sanctum
3477 4190 3594 4245 sine

2007 4299 2093 4350 eo,
2118 4299 2293 4353 neque
2318 4284 2548 4355 patiens,
2576 4283 2720 4354 quod
2763 4283 2816 4337 in
2859 4299 2918 4339 se
2947 4297 3054 4337 non
3083 4282 3245 4338 habet
3272 4281 3549 4338 Christum
3574 4298 3589 4336 :

2010 4377 2124 4447 ipse
2149 4388 2232 4432 est
2264 4378 2408 4433 enim
2436 4377 2756 4433 sustentatio
2781 4378 2965 4433 Israel.
3012 4377 3070 4432 Si
3099 4384 3280 4431 autem
3311 4383 3367 4431 et
3394 4375 3463 4431 ad
3494 4375 3595 4429 Pa-

2010 4478 2146 4523 trem
2171 4468 2273 4523 hoc
2304 4467 2588 4524 retuleris:
2618 4484 2723 4524 non
2753 4469 2916 4539 impie
2956 4467 3241 4538 intelliges,
3278 4486 3297 4519 ι
3342 4466 3588 4532 Domine,
3620 4518 3629 4525 .

2008 4567 2198 4614 Ollllles
2255 4559 2347 4628 qui
2398 4558 2801 4629 dereliqueruut
2858 4569 2912 4614 te
2960 4557 3363 4613 confundantur
3413 4555 3629 4611 disce-7

2009 4650 2215 4706 dentes.
2244 4667 2264 4701 ι
2297 4648 2570 4722 (Hieme)
2617 4648 2719 4717 Qui
2751 4648 3128 4718 derelinquunt
3157 4646 3439 4703 Dominum
3462 4658 3611 4701 con-.

2008 4740 2301 4796 fundentur
2332 4739 2647 4795 confusione
2682 4748 2937 4810 perpetua
2966 4780 2987 4804 ,
3019 4746 3074 4793 ct
3111 4736 3450 4801 recedentes,
3477 4735 3595 4790 sive

2009 4832 2337 4888 declinantes
2365 4831 2432 4885 ab
2460 4846 2547 4896 eo,
2579 4830 2883 4886 scribentur
2909 4831 2961 4886 in
2994 4839 3156 4895 terra,
3181 4828 3342 4884 deleti
3367 4828 3434 4883 de
3456 4825 3595 4880 libro

2008 4922 2322 4978 Viventinm.
2362 4919 2515 4977 Sicut
2539 4922 2682 4976 enim
2723 4922 2816 4992 qui
2851 4928 3026 4993 potest
3068 4937 3189 4976 cum
3220 4916 3477 4989 Apostolo
3503 4914 3593 4970 di-

2013 5029 2182 5069 cere:
2235 5033 2253 5066 ‹
2309 5012 2506 5069 Noster
2563 5022 2744 5068 autem
2803 5013 3161 5082 municipatus
3214 5010 3269 5063 in
3320 5007 3457 5062 caelo
3505 5012 3617 5061 est-

2013 5109 2234 5181 (Philip.
2259 5110 2366 5180 ιιι),
2389 5130 2407 5162 ›
2441 5110 2494 5164 in
2523 5109 2833 5166 coelestibus
2869 5108 3123 5164 scribitur
3148 5123 3161 5158 :
3205 5104 3284 5161 sic
3304 5101 3396 5172 qui
3424 5100 3621 5155 relin-..

2011 5199 2134 5269 quit
2162 5199 2474 5265 Dominum,
2501 5198 2589 5253 vel
2612 5197 2849 5253 declinat
2868 5197 2937 5251 ab
2954 5210 3038 5259 eo,
3072 5192 3339 5249 scribetur
3361 5190 3415 5244 in
3443 5197 3617 5243 terra.

2012 5308 2136 5348 cum
2184 5292 2269 5347 bis
2296 5292 2390 5361 qui
2424 5301 2638 5347 terrena
2690 5290 2926 5361 sapiunt.
2980 5284 3177 5358 (Θήῃ.)
3212 5282 3609 5352 Unusquisque-

2012 5394 2257 5440 nostrum
2282 5383 2496 5454 quando
2538 5390 2747 5453 peccat,
2787 5397 2883 5451 per
2926 5394 3011 5443 ea,
3041 5393 3161 5448 quae
3188 5383 3394 5446 peccat,
3429 5370 3597 5427 Chri-

2011 5484 2153 5529 stum
2184 5472 2440 5544 relinquit
2470 5492 2483 5527 :
2513 5474 2823 5540 relinquens
2849 5478 3027 5526 autem
3064 5467 3259 5528 Filium
3286 5478 3461 5528 suum,
3498 5476 3598 5517 re—

2013 5567 2208 5637 linquit
2229 5574 2285 5621 et
2305 5565 2542 5621 Patrem.
2570 5564 2810 5635 lujustus
2833 5579 2863 5617 a
2906 5561 3115 5631 iustitia
3140 5561 3297 5631 longe
3336 5564 3440 5621 est,
3468 5553 3611 5624 ροισι

2013 5661 2157 5716 lutus
2182 5672 2213 5712 a
2240 5656 2593 5713 sanctimonia
2620 5656 2867 5723 bellator,
2892 5671 2921 5709 a
2952 5670 3084 5724 pace
3120 5670 3132 5708 :
3165 5661 3220 5708 et
3247 5651 3339 5723 qui
3362 5650 3463 5705 sub
3490 5661 3595 5714 po-

2012 5750 2209 5808 testate
2238 5749 2442 5806 inimici
2474 5764 2594 5805 esse
2621 5747 2831 5818 incipit,
2877 5763 2906 5803 a
2960 5747 3322 5817 redemptione
3353 5743 3415 5799 ﬁt
3464 5738 3601 5795 al»:
