4022 6186
445 285 540 340 a5|

1083 283 1141 338 Β.
1187 284 1438 341 ιιΑῐιΑΝι
1477 285 1696 344 ΜᾹΠΒΙ
1733 285 2050 346 ARCHIEP.
2095 285 2402 344 MOGUNT.
2439 283 2722 344 OPERUH
2762 282 2942 338 PARS
2979 281 3064 338 Ill.

3599 284 3713 340 9‘3

444 415 582 453 nus:
625 405 680 450 et
705 395 795 466 qui
823 402 906 451 cst
934 407 1088 452 cura
1116 397 1437 468 sapientiam
1460 398 2030 488 Dei,sapientiamdg—
2059 405 2104 464 Α
2139 419 2156 451 ι
2186 415 2292 454 non
2339 399 2439 456 fias
2481 399 2613 456 mihi
2657 395 2908 468 alienus),
2955 389 3182 466 parcens
3227 396 3360 452 mihi
3383 397 3441 452 in
3467 397 3555 452 die
3585 413 3718 468 pes.

444 487 722 558 relinquit.
755 486 966 543 Docens
991 489 1175 559 itaque
1198 504 1296 544 nos
1321 491 1583 560 propheta
1615 491 1744 562 quid
1773 490 1838 546 de
1858 486 2031 546 omni-

445 579 569 644 bus,
598 577 688 646 qui
719 577 888 631 Deum
919 577 1196 640 deserunt,
1228 577 1298 632 sit
1328 575 1590 644 futurum,
1623 579 1736 634 ait:
1782 579 2030 636 Universi

444 670 538 741 qui
565 669 948 738 derelinquunt
975 668 1390 732 confundantur,
1415 669 1774 736 discedentes,
1799 673 1902 728 hoc
1924 682 2030 739 est,

443 767 706 831 quantum
745 767 799 813 te
840 758 1114 824 deserunt,
1165 765 1372 814 tantum
1401 758 1820 824 confundantur,
1859 759 2033 816 disce-

444 849 635 904 dentes
661 864 690 902 a
720 855 790 900 te.
829 865 846 896 ι
873 841 1048 916 Super
1077 856 1279 902 terram
1303 847 1628 902 scribantur.
1654 869 1673 900 ι
1706 848 1906 905 Omnes
1935 849 2033 904 ho-

444 939 620 994 mines
639 938 1020 995 describuntur
1046 938 1218 994 sancti
1247 937 1300 993 in
1329 939 1469 994 caelo
1493 957 1506 994 :
1538 947 1851 1010 peccatores
1869 953 2034 1009 super

444 1041 670 1088 terram.
699 1031 843 1088 Dicit
863 1031 933 1087 ad
959 1031 1250 1102 discipulos
1277 1030 1472 1088 Iesus:
1513 1052 1531 1084 ι
1561 1032 1802 1089 Gaudete
1826 1041 2030 1099 autem,

445 1124 573 1194 quia
597 1123 1030 1178 nominavestra
1065 1123 1268 1193 scripta
1307 1131 1435 1180 sunt
1459 1123 1512 1180 in
1542 1124 1695 1179 cmlis
1725 1123 1876 1196 (Luc.
1908 1122 1985 1196 ιι).
2006 1141 2026 1176 ι

446 1237 463 1266 ι
497 1214 614 1283 Quo
639 1214 785 1269 enim
813 1224 990 1269 metro
1033 1215 1207 1270 mensi
1241 1222 1386 1280 sunt,
1411 1215 1726 1270 remetietur
1749 1213 1829 1270 eis
1877 1213 2030 1285 (Luc.

443 1306 539 1380 vi).
565 1325 584 1358 ι
610 1305 728 1376 Ipse
743 1305 846 1361 sibi
870 1307 1239 1377 unusquisque
1259 1321 1423 1362 causa
1447 1315 1546 1371 est,
1570 1315 1632 1361 ut
1651 1306 1922 1364 scribatur
1941 1321 2034 1362 sn-

441 1415 540 1469 per
565 1409 765 1455 terram
789 1398 868 1455 :si
894 1415 1003 1454 non
1027 1399 1270 1456 cmlestia
1291 1401 1530 1470 requirat
1549 1401 1602 1456 in
1627 1409 1791 1468 terra,
1814 1401 1862 1456 si
1884 1416 2031 1457 sem-

449 1507 546 1560 per
579 1491 760 1546 anima
797 1491 915 1563 ejus
934 1491 1001 1546 de
1029 1491 1187 1546 istius
1207 1492 1394 1546 mundi
1421 1491 1649 1564 negotiis
1673 1501 1887 1558 aastuet,
1911 1506 2034 1563 quae

443 1583 694 1638 videntur
743 1581 939 1640 saeculo
979 1583 1159 1648 bona;
1191 1582 1237 1637 si
1291 1597 1421 1638 vero
1448 1583 1674 1638 audiens
1717 1580 1902 1638 Jesum
1947 1581 2032 1638 lo-

441 1682 736 1745 quentem:
775 1693 794 1727 ‹
827 1672 1002 1730 Nolite
1042 1673 1196 1730 vobis
1237 1674 1608 1730 thesaurizare
1638 1675 1922 1731 thesauros
1945 1690 2036 1730 su-

2138 509 2157 542 c
2189 490 2388 546 simo.»
2439 489 2712 562 (Hieron)
2767 488 2870 557 Qui
2918 503 3027 544 non
3079 495 3275 558 putant
3321 495 3569 554 ventura,
3595 504 3724 560 qua:

2133 581 2275 636 dicta
2301 590 2450 648 sunt,
2473 581 2768 652 loquuntur
2795 580 2863 636 ad
2893 579 3217 650 prophetam
3241 593 3259 633 :
3291 599 3312 634 ι
3349 579 3450 636 Ubi
3479 589 3568 638 est
3595 596 3726 638 ver-

2131 672 2258 728 bum
2317 673 2576 728 Domini?
2630 672 2874 737 veniat,»
2915 671 3408 728 dissimulationem
3439 673 3730 728 sententis

2131 764 2444 821 dilationem
2489 765 2839 820 arbitrantes.
2872 763 2983 818 Illis
3013 771 3217 830 autem,
3273 763 3469 832 inquit,
3501 763 3610 820 ista
3631 764 3725 820 di-

2131 856 2398 922 centibus,
2447 871 2548 926 ego
2597 871 2704 912 non
2761 871 2880 910 sum
2918 855 3184 920 turbatus,
3245 869 3348 910 nec
3373 853 3612 911 laboravi
3669 863 3731 908 te

2130 953 2402 1016 pastorem
2449 961 2706 1016 sequens,
2761 946 2878 1001 sive
2911 956 3035 1015 post
3063 953 3154 1000 tua
3208 945 3522 1015 ingrediens
3553 946 3726 1000 vesti-

2129 1034 2254 1105 gia:
2295 1049 2398 1090 nec
2425 1035 2530 1091 hoc
2554 1033 2632 1091 fui
2681 1034 2786 1090 ﬁne
2815 1043 3122 1096 contentus,
3175 1033 3272 1088 sed
3297 1033 3440 1090 diem
3487 1033 3730 1088 hominis

2130 1139 2239 1180 non
2263 1124 2588 1192 desideravi,
2629 1125 2715 1181 vel
2764 1125 2930 1180 vitam
2978 1124 3298 1196 longiorem,
3329 1123 3413 1178 vel
3463 1137 3728 1195 prospera

2130 1231 2360 1288 quaeque
2379 1215 2540 1286 huius
2563 1216 2744 1273 saeculi
2771 1231 2786 1269 :
2810 1217 3094 1286 ipsumque
3123 1225 3283 1271 vocat
3307 1224 3501 1272 testem
3517 1257 3534 1283 ,
3562 1230 3729 1286 quem

2131 1314 2186 1362 et
2211 1306 2448 1376 judicem
2478 1325 2493 1360 :
2531 1323 2550 1357 ι
2591 1313 2651 1361 ιιι
2686 1307 2850 1362 nosti.
2889 1321 2964 1360 ιί
2988 1306 3130 1362 Εραι
3159 1306 3262 1376 ipsi
3285 1306 3476 1362 dicunt
3495 1307 3565 1361 ad
3597 1321 3688 1362 me
3709 1323 3727 1360 :

2132 1398 2234 1455 Ubi
2256 1408 2337 1454 cst
2357 1415 2538 1456 sermo
2556 1401 2771 1456 Domini
2788 1401 2812 1454 ἲ
2831 1401 3030 1456 veniat.
3046 1401 3160 1470 Ego
3179 1409 3358 1457 autem
3382 1417 3494 1458 non
3514 1401 3732 1459 labora-

2131 1491 2183 1544 vi
2211 1491 2548 1561 subsequens
2568 1499 2693 1562 post
2713 1501 2786 1548 te.
2812 1511 2831 1545 ι
2853 1491 3050 1564 (Ονὶθ.)
3077 1492 3234 1550 Jesus
3251 1494 3342 1550 tibi
3360 1495 3493 1549 dicit
3515 1512 3530 1548 :
3561 1514 3581 1546 ι
3602 1493 3736 1551 Τοι-

2131 1581 2182 1636 le
2202 1597 2420 1638 crucem
2442 1590 2611 1648 tuam,
2634 1591 2690 1637 ct
2704 1583 2850 1650 veni,
2873 1598 3102 1654 sequere
3127 1598 3244 1650 me;
3274 1603 3295 1635 ι
3317 1593 3375 1639 et
3396 1601 3411 1638 :
3437 1603 3459 1636 ι
3491 1585 3588 1654 qui
3619 1599 3730 1640 non

2133 1672 2416 1742 reliquerit
2438 1682 2645 1743 patrem
2667 1683 2761 1728 aut
2799 1681 3056 1738 matrem,
3085 1681 3142 1729 et
3174 1683 3398 1730 secutus
3423 1689 3532 1730 non
3559 1673 3730 1731 fuerit

439 1783 536 1838 per
567 1778 790 1835 terram,
816 1767 910 1822 ubi
936 1767 1082 1822 tinea
1119 1777 1176 1823 et
1199 1767 1398 1824 vermis
1427 1767 1812 1834 exterminant,
1841 1775 1898 1822 et
1933 1766 2026 1822 ubi
2056 1753 2102 1813 Β
2129 1778 2236 1826 me,
2266 1779 2372 1819 non
2401 1774 2485 1818 est
2501 1765 2696 1836 dignus
2721 1779 2874 1820 meus
2896 1779 3020 1820 esse
3039 1765 3334 1835 discipulus
3355 1764 3510 1834 (Luc.
3533 1765 3672 1836 ιιι).
3703 1785 3725 1818 ι

441 1858 592 1916 fures
612 1858 873 1916 effodiunt
919 1868 975 1913 et
1018 1856 1286 1922 furantur,
1342 1857 1438 1914 sed
1487 1857 1854 1916 thesaurizate
1881 1856 2034 1912 vobis
2133 1851 2191 1908 Si
2220 1853 2384 1925 igitur
2411 1853 2534 1909 talis
2567 1853 2758 1921 fueris,
2794 1862 2856 1910 ιιι
2880 1870 3095 1926 semper
3121 1853 3400 1912 Christum
3424 1859 3679 1927 sequaris
3709 1875 3726 1910 :

440 1951 726 2006 thesauros
752 1949 807 2004 in
863 1947 1000 2004 coelo
1056 1946 1207 2021 (Luc.
1237 1949 1358 2020 ιιι),
1381 1967 1400 2002 ι
1443 1949 1538 2020 qui
1584 1947 2033 2007 thesaurizaverit
2131 1953 2337 2014 quanto
2380 1944 2501 2016 plus
2526 1953 2746 2002 secutus
2785 1945 2982 2011 fueris,
3011 1954 3162 2002 tanto
3191 1946 3373 2002 minus
3407 1947 3686 2004 laborabis
3709 1967 3724 1980 -

439 2040 541 2095 sibi
592 2039 648 2094 in
701 2038 863 2106 ctelo,
915 2039 1030 2111 ipse
1076 2039 1182 2096 sibi
1235 2054 1400 2096 causa
1440 2048 1543 2103 est,
1587 2046 1650 2094 ut
1677 2039 1948 2096 scribatur
1975 2039 2030 2094 in

439 2131 614 2188 caelis.
643 2130 914 2203 (Ηὶενοη.)
955 2131 1239 2201 Causaque
1283 2128 1570 2186 manifesta
1595 2145 1696 2186 cur
1720 2129 2032 2186 scribantur

437 2226 686 2290 interra,
718 2223 845 2294 quia
902 2224 1243 2294 reliquerunt
1289 2221 1493 2278 fontem
1540 2221 1666 2277 vitae
1717 2221 2025 2288 Dominum,

437 2317 551 2370 sive
600 2315 806 2372 fontem
835 2330 1100 2387 aquarum
1144 2313 1442 2369 viventium
1492 2313 1804 2380 Dominum,
1833 2313 1926 2384 qui
1952 2313 2030 2369 lo-

437 2403 622 2475 quitur
650 2405 706 2460 in
740 2405 1070 2476 Evangelio:
1105 2422 1123 2455 ι
1153 2403 1213 2458 Si
1259 2403 1382 2474 quis
1407 2403 1524 2458 sitit
1553 2403 1736 2458 veniat
1761 2404 1829 2459 ad
1853 2418 1940 2458 me
1973 2412 2030 2458 et

437 2500 626 2557 bibat:
655 2498 758 2568 Qui
785 2499 959 2554 credit
1007 2498 1059 2552 in
1097 2511 1206 2562 me,
1256 2497 1398 2551 sicut
1424 2495 1556 2551 dicit
1601 2495 1906 2566 Scriptura,
1931 2494 2030 2552 ﬂu-

434 2589 581 2642 mina
611 2587 677 2642 de
722 2594 914 2642 ventre
961 2584 1080 2656 ejus
1129 2583 1294 2639 fluent
1322 2597 1476 2653 aquze
1500 2583 1654 2638 vivze.
1684 2583 1799 2640 Hoc
1845 2593 2028 2640 autem

435 2678 572 2733 t'lixit
626 2676 696 2733 de
731 2675 936 2748 Spiritu
987 2689 1148 2746 quem
1194 2673 1472 2746 accepturi
1533 2681 1691 2729 erant
1739 2675 2028 2734 credentes

429 2768 618 2851 (Joan.
643 2767 763 2842 vn).
787 2787 808 2820 ι

509 2886 528 2918 ι
565 2864 710 2920 Sana
735 2879 846 2931 me,
877 2862 1126 2929 Domine.
1161 2869 1219 2920 et
1256 2863 1528 2929 sanabor;
1565 2861 1774 2920 salvum
1805 2877 1892 2918 me
1917 2863 2023 2928 fac,

438 2976 459 3014 ι
491 2966 546 3012 et
575 2955 756 3011 salvus
781 2971 894 3021 ero,
919 2955 1172 3026 quoniam
1197 2954 1314 3009 laus
1335 2967 1455 3009 mea
1491 2961 1548 3011 tu
1572 2967 1652 3008 es.
1675 2971 1694 3006 ι
1726 2951 1878 3008 Multi
1915 2967 2030 3008 me-

429 3047 535 3103 dici
582 3048 638 3103 in
675 3046 968 3118 Evangelio
994 3045 1209 3118 (Matth.
1234 3045 1312 3116 ix)
1361 3045 1837 3103 haemorrhoissam
1865 3061 2026 3101 cura-

431 3145 640 3203 verant,
691 3153 812 3208 quae
845 3151 1062 3192 omnem
1111 3137 1468 3192 substantiam
1505 3145 1661 3190 suam
1708 3135 2023 3206 perdiderat

435 3229 488 3282 in
516 3229 619 3291 eis,
645 3235 701 3282 et
747 3239 924 3285 tamen
956 3241 987 3282 a
1017 3225 1164 3281 nullo
1187 3225 1368 3282 curari
1398 3225 1574 3298 potuit
1600 3225 1708 3281 nisi
1740 3224 1811 3280 ab
1837 3239 1902 3281 eo
1927 3227 2024 3296 qui

429 3335 595 3376 verus
618 3329 704 3376 est
749 3319 1014 3384 medicus,
1045 3326 1100 3374 et
1142 3317 1296 3390 cujus
1333 3319 1538 3374 sanitas
1578 3319 1634 3373 in
1661 3318 1856 3390 pennis
1883 3319 2018 3390 ejus.

433 3411 586 3470 Unde
619 3420 675 3466 et
704 3426 849 3466 nunc
899 3411 1159 3482 propheta
1192 3425 1223 3465 a
1260 3409 1458 3480 popqu
1488 3424 1681 3480 passus
1710 3409 2020 3480 opprobria,

427 3513 486 3560 et
506 3504 698 3560 crebro
725 3502 933 3558 insidiis
957 3502 1353 3557 circumventus
1374 3501 1442 3556 ab
1478 3514 1544 3556 eo
1569 3501 1744 3556 curari
1766 3509 1823 3556 et
1843 3501 2025 3558 salvus

429 3597 550 3654 fieri
579 3597 766 3666 cupit:
805 3595 958 3666 cujus
995 3610 1124 3650 vera
1173 3595 1309 3660 laus,
1353 3608 1587 3665 veraque
1621 3594 1890 3650 medicina
1919 3602 2021 3650 est.

431 3687 630 3759 (Oi-ig.)
685 3686 984 3742 Dicendum
1008 3700 1135 3756 ergo
1161 3685 1498 3741 confidenter
1523 3685 1592 3740 ab
1631 3699 1716 3751 eo,
1741 3685 1832 3751 qui
1857 3700 2027 3757 aegro-

433 3787 636 3834 tantem
659 3793 819 3833 suam
842 3776 1076 3832 animam
1097 3776 1210 3831 vult
1232 3775 1427 3832 salvari
1451 3793 1465 3830 :
1495 3793 1516 3826 ι
1551 3791 1682 3831 sana
1706 3793 1814 3841 me,
1840 3775 2026 3832 Domi-

429 3883 520 3931 ne,
552 3874 606 3923 et
635 3867 871 3923 sanabor
898 3881 913 3921 :
951 3885 969 3918 ι
1013 3873 1142 3921 tunc
1162 3863 1426 3936 siquidem
1464 3865 1786 3922 medicinam
1819 3866 2024 3922 sanitas

431 3958 700 4031 sequitur,
731 3957 779 4013 si
813 3954 1064 4013 Christus
1091 3970 1286 4012 curare
1316 3957 1583 4027 dignetur.
1624 3975 1643 4008 ι
1684 3954 1906 4010 Salvum
1937 3972 2026 4013 me

433 4051 538 4118 fac,
563 4057 619 4106 et
639 4049 819 4105 salvus
843 4062 958 4103 ero.
990 4067 1007 4099 ι
1035 4047 1105 4104 Ει
1125 4048 1226 4108 hoc
1249 4048 1322 4102 ita
1346 4047 1589 4118 gaudebo
1611 4047 1782 4116 loqui,
1807 4048 1850 4102 si
1877 4048 2026 4103 omni

431 4143 616 4212 gloriae
641 4138 958 4196 renuntians
983 4137 1250 4206 saeculari,
1271 4146 1500 4208 potuero
1519 4145 1578 4194 et
1593 4138 1802 4208 reliqua
1823 4139 2024 4206 dicere,

433 4233 688 4302 quoniam
712 4230 830 4284 laus
855 4242 976 4284 mea
1007 4237 1062 4284 tu
1089 4242 1148 4285 es
1174 4247 1186 4283 :
1215 4237 1308 4284 aut
1337 4243 1464 4284 cum
1488 4228 1829 4299 complevero
1871 4245 2027 4286 man-

2050 3097 2096 3161 C

2129 2051 2237 2092 non
2260 2043 2346 2092 est
2370 2037 2518 2092 enim
2562 2035 2826 2092 lassitudo
2875 2036 2931 2092 in
2978 2035 3184 2097 Iacob:
3221 2052 3402 2108 neque
3441 2040 3726 2110 apparebi-

2129 2127 2285 2184 dolor
2332 2128 2387 2182 in
2413 2127 2598 2184 Israel.
2630 2127 2922 2200 Propterea
2965 2129 3136 2194 dixit,
3179 2137 3244 2187 ut
3279 2146 3390 2188 non
3413 2129 3733 2192 laboremus

2128 2219 2355 2276 ulterius
2403 2237 2418 2275 :
2463 2219 2773 2276 laborantes
2818 2229 2946 2276 ante
2973 2237 3138 2292 quam
3182 2237 3308 2280 eum
3335 2223 3732 2295 incmperimus

2127 2311 2280 2382 sequi
2307 2327 2322 2364 :
2353 2329 2374 2363 ι
2403 2309 2597 2368 Venite
2637 2310 2702 2365 ad
2753 2327 2857 2377 me,
2883 2327 3076 2368 omnes
3095 2313 3186 2382 qui
3234 2314 3513 2380 laboratis,
3546 2327 3610 2370 et
3635 2315 3734 2386 qui

2127 2401 2342 2456 onerati
2385 2402 2537 2468 estis,
2567 2409 2622 2456 et
2663 2417 2766 2474 ego
2811 2402 3050 2460 reficiam
3087 2420 3184 2459 vos
3225 2404 3441 2478 (Matth.
3463 2406 3618 2478 31);»
3668 2407 3732 2464 Si

2127 2494 2434 2551 laborantes
2459 2497 2768 2551 venerimus
2790 2495 2858 2550 ad
2885 2495 3088 2559 Jesum,
3122 2506 3178 2551 et
3203 2511 3328 2552 eum
3358 2495 3626 2553 fuerimus
3645 2513 3734 2555 sc-

2127 2585 2260 2650 cuti,
2289 2593 2420 2640 tunc
2440 2571 2620 2640 dicere
2649 2586 2987 2655 poterimus:-
3027 2606 3046 2636 ‹
3081 2586 3194 2656 Ego
3217 2595 3400 2643 autem
3433 2604 3546 2643 non
3579 2589 3735 2646 labo-

2127 2676 2242 2730 ravi
2269 2677 2604 2746 subsequens
2632 2684 2755 2746 post
2785 2683 2878 2730 te:
2925 2684 2981 2730 et
3029 2677 3194 2741 diem,
3249 2677 3449 2748 inquit,
3490 2679 3734 2735 hominis

2127 2783 2236 2824 non
2263 2767 2568 2838 concupivi.
2609 2787 2626 2819 ι
2669 2767 2767 2822 Est
2794 2769 3040 2836 quaedam
3071 2769 3186 2824 dies
3225 2769 3494 2830 hominis.
3542 2779 3602 2826 et
3643 2780 3731 2828 est

2128 2861 2372 2932 quaedam
2407 2861 2521 2916 dies
2551 2860 2668 2925 Dei,
2700 2861 2752 2916 id
2781 2869 2868 2915 est
2919 2863 3358 2928 resurrectionis,
3379 2863 3525 2920 hanc
3542 2866 3732 2922 omnis

2129 2962 2350 3007 sanctus
2361 2950 2632 3006 desiderat
2652 2968 2664 3002 :
2687 2966 2791 3006 non
2809 2951 2975 3016 illam,
2994 2953 3060 3007 de
3081 2967 3184 3020 qua
3203 2953 3467 3022 scriptum
3481 2959 3588 3006 est:
3599 2969 3622 3003 ι
3639 2957 3727 3010 Va:

2128 3042 2229 3107 eis,
2245 3041 2339 3112 qui
2361 3040 2670 3096 desiderant
2691 3041 2832 3095 diem
2859 3041 3114 3107 hominis,
3137 3057 3261 3095 nam
3281 3041 3403 3096 dies
3415 3050 3500 3098 est
3521 3043 3626 3098 ista
3653 3053 3730 3098 tc-

2129 3135 2332 3200 nebrae,
2354 3143 2410 3189 et
2437 3150 2545 3190 non
2565 3134 2679 3188 lux.
2710 3153 2728 3185 ι
2761 3133 2894 3201 Quis
2920 3141 3025 3199 est,
3053 3133 3143 3203 qui
3172 3135 3344 3204 possit
3367 3136 3588 3192 dicere:
3613 3155 3636 3187 ι
3671 3147 3728 3192 et

2126 3227 2268 3282 diem
2293 3226 2528 3282 hominis
2553 3241 2661 3280 non
2684 3226 3008 3296 concupivi?
3039 3245 3058 3278 ι
3078 3226 3401 3296 Explanatio
3424 3228 3576 3284 verbi
3587 3245 3728 3284 con-

2124 3319 2294 3376 vincit
2319 3333 2456 3374 nos:
2484 3318 2610 3388 quia
2645 3317 2786 3373 diem
2819 3316 3270 3388 concupiscamus
3295 3319 3555 3376 hominis.
3583 3319 3724 3374 Fre-

2124 3416 2358 3480 quenter
2383 3409 2581 3482 quippe
2610 3416 2940 3480 aegrotantes
2957 3423 3080 3464 cum
3105 3409 3158 3463 in
3194 3411 3578 3480 phantasmate
3601 3426 3728 3467 esse

2125 3501 2358 3558 febrium
2385 3501 2736 3572 coeperimus,
2767 3509 2822 3556 et
2842 3500 3035 3556 mortis
3069 3499 3257 3556 limine
3273 3503 3479 3572 urgeri,
3509 3503 3578 3558 ad
3603 3515 3724 3567 eos,

2125 3593 2218 3664 qui
2265 3607 2378 3649 nos
2400 3593 2617 3648 visitant
2667 3590 2896 3657 fratres,
2940 3591 3109 3647 lassas
3145 3607 3339 3647 manus
3373 3593 3682 3649 attollimus
3707 3612 3727 3648 :

2126 3691 2348 3740 orantes
2367 3698 2479 3747 eos,
2505 3691 2567 3736 ut
2585 3697 2684 3753 pro
2703 3681 2860 3737 nobis
2883 3681 3170 3736 Dominum
3188 3683 3732 3756 deprecenturatque

2126 3775 2368 3830 dicentes
2401 3787 2416 3826 :
2449 3772 2596 3843 Roga
2628 3772 2761 3826 mihi
2793 3771 3010 3842 aliquod
3045 3773 3279 3842 spatium
3302 3774 3428 3829 vita:
3463 3792 3478 3828 :
3513 3791 3646 3844 rogo
3671 3787 3731 3830 ut

2127 3866 2518 3937 aliquantisper
2567 3865 2621 3918 in
2653 3865 2755 3920 hac
2790 3863 2910 3920 luce
2953 3879 3337 3932 permaneam:
3381 3865 3488 3920 ista
3513 3881 3728 3922 memo-

2126 3969 2332 4026 rantes,
2357 3975 2465 4016 non
2493 3959 2634 4014 diem
2666 3966 2910 4012 sanctum
2934 3956 3166 4031 Domini,
3187 3957 3281 4012 sed
3315 3957 3460 4013 diem
3490 3959 3732 4017 hominis

2127 4051 2521 4108 desideramus.
2551 4048 2893 4120 Quapropter
2913 4047 3086 4118 longa:
3105 4049 3228 4104 vitae
3247 4063 3434 4105 amore
3459 4051 3730 4121 deposito,

2129 4153 2188 4200 et
2211 4141 2482 4200 desiderio
2511 4141 2762 4196 humanae
2789 4140 2918 4205 diei,
2947 4154 3256 4210 qnmramus
3284 4140 3430 4196 illam
3475 4143 3619 4198 diem
3643 4144 3736 4198 vi-

2128 4236 2280 4300 dere,
2329 4233 2384 4288 in
2439 4247 2544 4302 qua
2591 4231 2885 4300 participes
2932 4231 3049 4301 ejus
3099 4231 3470 4298 beatitudinis,
3523 4235 3732 4304 qutein

435 4327 644 4390 datum,
675 4323 730 4378 in
779 4337 888 4394 quo
933 4321 1286 4394 praecipitur:
1320 4342 1338 4374 ι
1371 4321 1486 4378 Νοιι
1518 4321 1778 4395 glorietur
1814 4326 2030 4396 sapiens
2131 4327 2351 4384 Christo
2373 4335 2474 4387 est.
2503 4326 2819 4381 elliciamur.
2872 4326 3168 4394 Sequitur:
3201 4347 3219 4378 ι
3257 4327 3410 4396 Quod
3441 4345 3729 4399 egressum

435 4415 488 4468 in
518 4413 784 4486 sapientia
813 4429 934 4480 sua,
967 4427 1141 4484 neque
1176 4413 1334 4468 fortis
1361 4412 1413 4468 in
1441 4413 1756 4471 fortitudine
1787 4431 1909 4482 sua,
1940 4431 2032 4471 ne-
2062 4465 2109 4492 “
2133 4420 2303 4474 estde
2331 4418 2489 4473 labiis
2515 4418 2669 4483 meis,
2709 4424 2916 4473 rectum
2961 4418 3060 4472 fuit
3097 4420 3152 4476 in
3202 4431 3495 4492 conspectu
3537 4431 3669 4490 tuo;
3703 4441 3726 4477 ι

435 4521 540 4573 que
567 4505 718 4561 dives
743 4505 801 4561 in
834 4505 1038 4561 divitiis
1083 4505 1216 4572 suis,
1249 4505 1346 4562 sed
1391 4505 1447 4561 in
1485 4507 1590 4562 isto
1623 4507 1908 4578 glorietur,
1938 4510 2032 4579 qui

2141 4513 2412 4586 (Iliorum)
2465 4521 2524 4568 ιιι
2551 4529 2825 4585 nunquam
2865 4515 3124 4568 mentitus
3171 4514 3262 4580 sit,
3289 4523 3344 4570 et
3372 4517 3586 4572 Domini
3633 4532 3732 4574 vo-

437 4594 700 4664 gloriatur
727 4594 1028 4665 intelligere
1067 4603 1124 4652 et
1157 4595 1297 4652 scire
1326 4596 1450 4666 quia
1479 4611 1579 4666 ego
1623 4612 1741 4653 sum
1773 4598 2032 4654 Dominus
2136 4602 2331 4659 luntati
2361 4603 2584 4658 adversa
2615 4619 2720 4656 non
2760 4603 2960 4658 dixerit
2985 4621 2997 4658 :
3027 4623 3046 4655 ι
3087 4602 3205 4657 Νοιι
3232 4605 3326 4668 sis,
3362 4605 3564 4674 inquit,
3594 4607 3732 4664 mihi

438 4683 572 4756 (Jcr.
597 4683 696 4756 Ix).
721 4703 741 4736 ι
777 4684 972 4740 Beatus
1002 4685 1186 4756 itaque
1213 4687 1319 4752 vir,
1345 4686 1436 4756 qui
1463 4687 1854 4743 renuntiaverit
1882 4689 2028 4744 omni

437 4775 642 4849 gloriae,
666 4789 786 4844 qua:
808 4775 1063 4830 deorsum
1087 4784 1171 4831 est
1195 4794 1209 4830 :
1233 4776 1400 4832 veluti
1421 4791 1585 4847 super
1613 4779 1777 4834 nobili
1806 4795 2024 4850 genere,

437 4882 603 4939 super
655 4863 1052 4938 pulchritudine
1103 4874 1160 4923 et
1211 4867 1583 4936 corporalibus
1636 4866 1815 4934 bonis,
1863 4885 2028 4939 super

439 4960 646 5015 divitiis
687 4966 743 5012 et
788 4957 1085 5030 jactatione
1125 4973 1142 5012 :
1191 4958 1402 5026 beatus,
1451 4961 1542 5031 qui
1603 4968 1888 5016 contentus
1921 4976 2026 5016 una

439 5053 608 5125 gloria
635 5051 767 5107 dicit
791 5052 858 5107 ad
879 5049 1198 5107 Dominum:
1222 5069 1240 5103 ι
1261 5053 1518 5122 quoniam
1541 5051 1656 5106 laus
1676 5067 1795 5106 mea
1817 5061 1872 5108 tu
1896 5068 1975 5108 es.
2003 5073 2020 5105 ι

515 5165 532 5194 ι
569 5145 712 5200 Ecce
756 5143 859 5215 ipsi
891 5144 1078 5200 dicunt
1123 5143 1191 5199 ad
1229 5159 1353 5199 me:
1402 5142 1503 5198 Ubi
1539 5153 1623 5199 est
1658 5145 1881 5200 verbum
1925 5145 2028 5199 Do-

446 5258 464 5288 I
504 5238 678 5292 mini?
705 5236 916 5294 Veniat.
977 5235 1092 5307 Ego
1134 5244 1312 5290 autem
1360 5252 1464 5290 non
1510 5251 1632 5290 sum
1679 5235 1927 5290 turbatus
1976 5244 2028 5290 tc

445 5346 468 5382 ‹
501 5339 775 5400 pastorem
805 5343 1038 5398 sequens
1069 5327 1198 5399 (sive
1224 5344 1334 5383 non
1379 5328 1621 5384 laboravi
1669 5344 1900 5398 sequens
1931 5327 2026 5399 te),

445 5433 468 5470 α
499 5425 554 5472 et
591 5418 734 5474 diem
788 5419 1023 5475 heminis
1069 5434 1178 5475 non
1231 5419 1555 5475 desideravi.
1613 5419 1692 5473 Tn
1749 5419 1858 5475 scis
1887 5421 2028 5488 quod

448 5523 470 5559 ι
500 5522 777 5578 egressum
805 5517 888 5562 cst
912 5509 978 5563 de
1032 5509 1190 5564 labiis
1233 5511 1386 5575 meis,
1438 5518 1643 5566 rectum
1673 5509 1776 5566 fuit
1825 5511 1874 5565 in
1904 5526 2032 5564 con-

2137 4700 2192 4746 tu
2223 4691 2518 4757 formidini,
2565 4705 2689 4762 spes
2727 4707 2845 4746 mea
2897 4693 2950 4746 in
3003 4693 3092 4748 die
3143 4693 3515 4750 aﬂlicti‘onis.»
3573 4696 3726 4764 Quod

2129 4783 2473 4853 perspicuum
2509 4791 2591 4837 est
2609 4781 2766 4851 juxta
2792 4781 3132 4839 liebraicnm.
3161 4783 3319 4839 Juxta
3349 4785 3401 4839 id
3425 4801 3559 4843 vero
3583 4787 3729 4858 quod

2133 4872 2488 4944 Septuaginta
2535 4873 2929 4929 transtulerunt
2955 4875 3229 4930 dicentes:
3273 4894 3291 4926 ι
3344 4874 3424 4931 Ne
3467 4877 3570 4933 fias
3592 4881 3724 4934 mihi

2134 4965 2367 5031 alienus,
2413 4981 2646 5036 parcens
2697 4966 2828 5021 mihi
2865 4967 2918 5021 in
2969 4965 3057 5023 die
3105 4967 3266 5031 malo,
3293 4987 3310 5019 ι
3351 4977 3438 5024 est
3493 4984 3724 5026 sensus:

2133 5055 2210 5110 Ne
2239 5071 2432 5125 parcas
2453 5056 2584 5112 mihi
2609 5056 2660 5110 in
2681 5057 2934 5127 praesenti
2961 5057 3180 5123 smculo,
3209 5059 3353 5130 quod
3375 5060 3577 5115 malum
3599 5069 3682 5116 est
3703 5078 3724 5126 ς

2133 5147 2228 5202 scd
2256 5147 2419 5202 redde
2447 5147 2578 5202 mihi
2629 5147 2780 5218 juxta
2810 5158 3031 5217 peccata
3059 5163 3196 5214 mea,
3241 5158 3302 5204 ut
3332 5153 3577 5222 requiem
3623 5154 3724 5208 ha-

2131 5239 2288 5292 beam
2332 5238 2738 5308 sempiternam.
2791 5237 2920 5294 Scio
2959 5241 3104 5294 enim
3153 5241 3414 5312 scriptum
3451 5262 3465 5295 :
3497 5263 3514 5294 ι
3553 5237 3722 5312 Quem

2133 5326 2308 5393 diligit
2361 5326 2620 5382 Dominus
2665 5328 2889 5397 corripit
2925 5370 2940 5394 ,
2988 5328 3240 5400 flagellat-
3272 5341 3451 5388 autem
3508 5346 3722 5388 omnem

2134 5417 2304 5470 tilium
2333 5432 2493 5486 quem
2521 5419 2710 5490 recipit
2745 5419 2932 5490 (Hebr.
2967 5421 3090 5492 xu).
3121 5441 3138 5472 ι
3169 5421 3292 5478 Dies
3317 5431 3501 5478 autem
3528 5424 3725 5489 matus,

2133 5509 2219 5562 vel
2243 5525 2404 5566 omne
2434 5511 2689 5566 sacculum
2729 5521 2836 5576 est,
2876 5512 2958 5568 vel
2989 5513 3104 5568 dies
3122 5513 3333 5584 judicii,
3375 5515 3464 5569 his
3484 5515 3574 5586 qui
3603 5531 3722 5585 pri»

449 5614 471 5650 ι
505 5607 693 5664 spectu
725 5608 818 5652 tuo
870 5598 997 5671 (sive
1024 5610 1149 5657 ante
1187 5602 1380 5662 faciem
1437 5613 1582 5658 tuam
1633 5603 1758 5676 est).
1815 5604 1931 5659 Non
1957 5604 2033 5659 sis
2137 5617 2257 5672 pter
2283 5611 2506 5672 peccata
2543 5607 2874 5662 cruciantur.

448 5707 468 5742 ι
507 5710 538 5745 ι;
560 5689 636 5743 ibi
665 5698 720 5743 ιιι
763 5691 1058 5750 l'ot'midini.
1077 5709 1204 5762 spes
1232 5710 1350 5750 mea
1377 5694 1431 5750 in
1459 5695 1544 5750 dic
1577 5695 1880 5752 atilictionis
1908 5695 2034 5766 (sive

2217 5712 2235 5744 ι
2265 5693 2676 5750 Confundantur
2703 5699 2792 5768 qui
2824 5709 3224 5770 persequuntur
3250 5717 3354 5770 mc,
3383 5711 3570 5758 etnon
3597 5715 3712 5755 con-
