4022 6186
320 344 431 404 955

1215 338 1576 396 EXPOSITIO
1615 338 1839 396 SUPER
1874 337 2237 394 JEREMIAM.
2280 370 2348 380 —-—
2384 339 2513 395 LIB.
2553 336 2684 393 Vill.

3477 335 3579 391 955

325 458 566 515 φΐιιιιιιειι·
600 473 734 527 ego;
766 465 997 527 paveant
1024 455 1122 520 illi,
1154 465 1209 509 et
1237 469 1341 509 non
1388 467 1613 525 paveam
1649 467 1768 523 ego.
1821 450 1907 504 [n-
1935 454 1986 512 A
2016 473 2034 505 ι
2062 451 2295 507 rusalem
2315 492 2330 517 ,
2379 460 2434 506 et
2483 466 2589 505 non
2633 449 3019 519 exstinguetur.
3052 465 3070 497 ι
3121 443 3202 500 Ne
3261 457 3583 515 prteccptum

325 570 348 603 ι
366 551 480 605 due
502 563 664 618 super
681 563 777 603 eos
800 547 941 600 diem
965 544 1269 601 amictiouis
1291 552 1347 600 et
1371 544 1567 613 duplici
1588 544 1910 599 contritione

327 659 348 690 ι
368 647 592 695 contere
604 652 717 692 eos.
740 655 760 689 ι
777 638 1015 706 Impreca
1022 644 1109 690 tur
1120 636 1400 691 adversum
1412 650 1508 691 eos
1515 634 1776 704 propheta
1786 672 1801 698 ,
1817 632 1908 702 qui

321 729 655 800 exprobrant
681 726 733 782 ei
767 725 991 781 verbum
1028 725 1271 789 Domini,
1308 734 1363 778 et
1386 724 1572 779 dicunt
1597 739 1611 776 :
1647 740 1667 774 ι
1694 722 1798 779 Ubi
1828 729 1911 776 est

324 820 551 876 verbum
576 818 825 875 Domini?
844 819 1052 883 veniat;
1079 837 1099 869 ι
1119 825 1180 872 ιιι.
1202 816 1601 873 confundantur
1615 816 1707 886 qui
1728 827 1912 885 perse-

322 918 565 980 quuntur
587 924 738 973 eum,
772 916 829 963 et
856 907 1198 973 erubescant,
1226 915 1282 961 et
1302 907 1525 961 redeant
1547 906 1613 961 ad
1641 905 1868 960 salutem
1892 922 1905 958 :

323 1008 386 1054 ut
413 999 492 1053 illi
520 1007 751 1069 paveant
779 997 1124 1062 mentientes,
1154 1006 1209 1052 et
1233 1011 1340 1050 non
1361 997 1486 1055 iste.
1508 996 1601 1065 qui
1626 1010 1756 1050 vera
1782 1009 1914 1064 prte-

323 1089 459 1145 dicit
492 1107 507 1143 :
534 1103 768 1158 cumque
810 1088 928 1142 dies
952 1087 1171 1142 ultionis
1216 1086 1515 1151 advenerit,
1549 1085 1746 1156 duplici
1779 1101 1911 1141 con-

326 1180 547 1236 tritione
573 1186 824 1234 conterat
849 1192 964 1244 eos,
992 1177 1134 1233 fame
1172 1186 1229 1232 et
1263 1176 1461 1248 gladio.
1498 1175 1673 1231 Aliter
1698 1177 1911 1246 spiritao

321 1270 406 1325 les
431 1269 685 1340 nequitiae
713 1282 836 1324 cum
875 1283 907 1321 a
942 1268 1100 1322 nobis
1123 1281 1221 1337 per
1258 1266 1352 1320 Dei
1399 1265 1726 1336 adiutorium
1754 1280 1911 1333 supe-

323 1369 540 1426 rantur,
575 1357 998 1423 eonfunduntur,
1022 1365 1075 1412 et
1103 1357 1373 1413 anxietate
1396 1354 1561 1411 nimia
1584 1353 1907 1424 afﬂiguntur,

322 1452 401 1504 ita
435 1459 497 1504 ut
519 1448 717 1504 merito
751 1447 948 1517 duplici
977 1446 1301 1502 contritione
1329 1444 1546 1500 contriti
1576 1458 1695 1498 esse
1723 1442 1908 1498 dican-

325 1550 418 1593 tur
448 1552 464 1592 :
499 1539 755 1608 primum,
792 1535 935 1607 quod
969 1535 1277 1592 hominibus
1308 1533 1682 1605 expetentibus
1712 1532 1913 1588 sancti-

325 1639 517 1695 tatem,
545 1630 621 1685 illi
644 1645 763 1685 eam
790 1627 1128 1699 possidentes
1160 1626 1460 1692 amiserint,
1488 1639 1770 1694 causaaque
1811 1639 1909 1679 ex-

324 1721 568 1777 stiterint
590 1718 908 1791 perditionis
930 1719 1178 1773 humanae
1206 1733 1220 1770 :
1250 1716 1444 1772 deinde
1469 1716 1612 1787 quod
1639 1713 1911 1786 spiritales

2008 544 2218 600 sabbati
2240 543 2594 598 instauratum
2626 556 2724 611 per
2758 538 3043 594 Jeremiam
3070 538 3122 592 in
3153 535 3322 592 frusta
3384 537 3585 592 discer'

2007 648 2213 706 perem,
2235 642 2406 688 totum
2436 648 2637 703 ponere
2674 630 2890 701 placuit,
2917 639 2976 683 ut
2998 628 3155 684 simul
3183 628 3365 682 omnia
3390 643 3587 699 cogno-

2009 740 2242 781 scamus.
2307 723 2552 779 Custodit
2596 721 2832 775 animam
2878 736 3029 775 suam
3057 761 3072 784 ,
3120 720 3209 789 qui
3256 734 3361 773 non
3408 728 3584 790 portat

2008 816 2246 886 pondera
2284 825 2629 883 peccatorum
2677 813 2728 865 in
2780 811 2866 864 die
2904 811 3100 879 quietis
3127 820 3179 863 et
3207 810 3450 875 sabbati,
3491 826 3586 865 nec

2011 902 2172 959 infert
2204 920 2266 957 ea
2305 919 2402 972 per
2436 913 2619 973 portas
2654 900 2982 954 Hierusalem
3020 917 3034 952 :
3072 914 3207 968 quas
3245 900 3470 954 virtutes
3504 901 3581 954 (le-

2007 994 2196 1048 hemus
2238 994 2500 1064 accipere.
2551 993 2618 1046 Et
2666 991 2871 1056 nolite,
2921 990 3139 1060 inquit,
3187 988 3383 1057 ejicere
3421 1006 3586 1045 onera

2010 1086 2076 1140 de
2102 1084 2349 1139 domibus
2378 1082 2588 1138 vestris.
2640 1081 2755 1134 Non
2799 1080 2943 1135 enim
2990 1081 3250 1150 portanda
3297 1089 3445 1145 sunt,
3494 1082 3586 1134 sed

2008 1176 2224 1244 penitus
2273 1174 2591 1244 abjicienda.
2645 1172 2712 1226 Et
2749 1186 2908 1226 omne
2946 1186 3080 1241 Opus
3116 1186 3187 1225 ne
3228 1170 3458 1235 faciatis,
3506 1171 3590 1225 vel

2011 1265 2224 1331 servile',
2244 1266 2328 1321 vel
2349 1265 2493 1319 aliud
2524 1266 2590 1320 de
2613 1280 2721 1334 quo
2743 1264 3000 1331 scriptum
3035 1271 3117 1316 est
3143 1279 3157 1315 :
3193 1281 3211 1312 ι
3244 1263 3381 1318 Esca
3416 1264 3587 1316 ventri

2009 1368 2065 1413 et
2119 1368 2304 1414 venter
2345 1360 2484 1415 escis
2517 1376 2530 1413 :
2561 1359 2699 1413 Deus
2747 1366 2927 1412 autem
2964 1367 3019 1412 et
3049 1356 3195 1413 hunc
3234 1368 3288 1412 et
3326 1357 3467 1411 illam
3498 1359 3590 1413 de-

2010 1456 2183 1503 struet
2203 1448 2254 1519 (I
2282 1448 2531 1519 Cor.v1);
2562 1450 2655 1503 sed
2686 1447 2812 1501 illud
2840 1462 2976 1517 opus
3003 1449 3355 1518 operandam,
3390 1449 3455 1503 de
3481 1464 3588 1518 quo

2011 1539 2263 1596 Salvator
2286 1541 2525 1612 loquitur
2557 1560 2570 1595 :
2604 1561 2622 1593 ι
2650 1540 2959 1610 Operamini
2990 1556 3122 1610 opus
3149 1543 3288 1620 quod
3313 1558 3420 1597 non
3450 1543 3590 1612 perit

2012 1631 2194 1704 (Joan.
2220 1632 2316 1703 v1).
2343 1652 2363 1685 ι
2421 1651 2440 1684 ι
2470 1631 2836 1697 Sanctiﬁcate,
2883 1632 3074 1701 inquit,
3124 1633 3262 1687 diem
3304 1632 3535 1697 sabbati,
3566 1653 3586 1684 ι

2011 1730 2072 1777 ιιι
2109 1738 2269 1777 omne
2306 1731 2515 1792 tempus
2558 1723 2681 1777 vitm
2730 1723 2782 1776 in
2820 1721 3241 1777 sanctiﬁcatione
3287 1722 3546 1777 ducamus
3573 1763 3591 1787 ,

324 1811 645 1868 substantia).
696 1807 900 1864 fuerint
942 1824 975 1863 a
1020 1806 1325 1864 carnalibus
1374 1807 1711 1876 terrenisque
1762 1804 1911 1861 dei’i-
1939 1796 1985 1857 Β
2014 1814 2154 1868 sicut
2182 1811 2425 1869 fecerunt
2456 1820 2640 1883 patres
2678 1813 2847 1869 nostri
2884 1812 3178 1879 Abraham,
3212 1811 3363 1869 lsaac
3407 1822 3461 1867 et
3502 1812 3592 1867 Ja-

328 1917 452 1961 (31.8.

404 2014 425 2047 ‹
444 1994 572 2049 Haec
595 1992 727 2048 dicit
750 1990 1009 2047 Dominus
1038 1991 1108 2046 ad
1130 2003 1254 2045 me:
1288 1990 1455 2056 Vade,
1485 1999 1542 2044 et
1570 1997 1653 2046 sta
1677 1989 1732 2044 in
1752 1996 1909 2059 porta

331 2105 351 2134 ι
382 2086 511 2154 (sive
535 2084 589 2139 in
613 2084 807 2154 portis)
832 2082 1063 2151 ﬁliorqu
1092 2082 1296 2153 p0puli,
1328 2096 1427 2152 per
1464 2096 1626 2152 quam
1659 2079 1786 2153 (sive
1814 2094 1912 2150 per

332 2198 349 2225 ι
379 2175 537 2247 quas)
568 2175 940 2247 ingrediuntur
961 2189 1114 2245 reges
1141 2172 1293 2230 Iuda:
1310 2183 1365 2229 et
1389 2174 1751 2245 egredientur,
1778 2181 1834 2227 et
1854 2172 1910 2227 in

332 2288 351 2315 ι
380 2266 593 2320 cunctis
619 2264 789 2335 portis
816 2263 1170 2329 Hierusalem,
1196 2272 1252 2319 et
1275 2264 1421 2320 dices
1447 2264 1515 2319 ad
1542 2279 1638 2320 eos
1669 2280 1684 2317 :
1716 2262 1912 2318 Audite

332 2378 350 2407 ι
386 2357 607 2412 \erbum
634 2402 635 2405 η
658 2355 891 2422 Domini,
940 2370 1094 2427 reges
1134 2355 1287 2420 Juda,
1333 2363 1390 2410 et
1423 2357 1598 2411 omnis
1622 2354 1758 2411 Iuda
1787 2355 1914 2427 (sive

332 2468 351 2499 ι
379 2447 607 2519 Iudaea),
625 2448 913 2517 cunctique
928 2448 1258 2504 habitatores
1268 2447 1622 2513 Hierusalem,
1639 2452 1728 2517 qui
1745 2448 1915 2518 ingreo

332 2561 351 2593 ι
380 2539 569 2595 dimini
619 2553 716 2608 per
758 2547 943 2608 portas
993 2539 1108 2591 has.
1141 2557 1158 2589 ι
1210 2537 1501 2605 Quoniam,
1526 2537 1720 2608 inquit,
1745 2538 1910 2593 verba

329 2643 423 2685 tua
453 2630 639 2686 audire
670 2636 1040 2691 contemnunt,
1073 2644 1172 2683 nec
1202 2628 1269 2683 ad
1295 2635 1345 2683 te
1374 2627 1615 2694 veniunt,
1653 2641 1711 2681 ut
1736 2628 1914 2697 requi-

330 2728 474 2784 rant,
504 2733 624 2788 quae
657 2719 728 2773 sit
756 2718 1019 2787 sapientia
1046 2717 1163 2782 Dei,
1200 2726 1253 2771 tu
1280 2731 1446 2787 perge
1483 2717 1551 2771 ad
1577 2716 1752 2772 locum
1777 2716 1917 2771 cele-

327 2812 647 2872 licrrimum,
680 2806 763 2861 vel
800 2816 1073 2876 portarum
1106 2807 1309 2877 templi,
1339 2806 1424 2862 vel
1456 2806 1629 2873 urbis,
1662 2822 1758 2877 per
1778 2822 1915 2877 quas

330 2915 487 2970 rcges
512 2908 567 2953 ct
595 2912 754 2953 omne
784 2897 968 2968 vulgus
1011 2897 1307 2966 ingreditur
1329 2906 1382 2951 et
1407 2897 1714 2968 egreditur,
1741 2906 1802 2950 ut
1821 2911 1916 2951 nec

329 2992 589 3048 cessitate
617 2999 879 3061 eugantur
914 2989 1120 3054 audire,
1156 2998 1213 3044 et
1241 2989 1564 3059 importune,
1593 2995 1908 3059 opportune,

330 3084 596 3153 prtedices
618 3082 842 3138 verbum
872 3080 969 3136 Dei
1000 3080 1084 3151 (“Il
1114 3079 1249 3135 Tim.
1283 3080 1358 3154 IV)
1387 3088 1483 3134 :ut
1507 3096 1610 3136 nec
1636 3079 1742 3134 ulla
1769 3081 1910 3150 apud

326 3191 427 3230 vos
457 3180 733 3229 remaneat
758 3171 1052 3237 excusatio,
1072 3172 1215 3241 quod
1234 3170 1354 3226 ideo
1379 3186 1486 3226 non
1509 3171 1759 3237 fecerint,
1784 3171 1908 3241 quia
1938 3148 1985 3210 Ο

330 3284 442 3324 non
491 3266 778 3323 audierint.

400 3378 427 3433 ,ι
451 3357 581 3412 Haec
626 3356 759 3412 dicit
802 3354 1395 3412 Dominus:Custodite
1433 3357 1643 3412 animas
1681 3367 1910 3423 vestras,

334 3472 351 3498 ι
384 3458 441 3503 et
462 3446 626 3502 nolite
646 3455 861 3516 portare
884 3446 1118 3516 pondera
1144 3446 1195 3500 in
1224 3448 1311 3502 die
1332 3448 1559 3514 sabbati,
1592 3464 1691 3505 nec
1718 3449 1915 3504 infera-

334 3559 353 3588 ι
388 3538 460 3593 tis
483 3552 580 3607 per
612 3544 796 3606 portas
832 3536 1186 3592 Hierusalem.
1224 3537 1292 3592 Et
1326 3538 1489 3595 nolite
1525 3539 1720 3610 ejicere
1748 3555 1916 3597 onera

335 3649 353 3679 ι
386 3628 456 3683 de
499 3626 747 3681 domibus
795 3626 991 3682 vestris
1030 3625 1086 3681 in
1129 3626 1216 3682 die
1263 3628 1490 3692 sabbati,
1516 3637 1571 3684 et
1596 3645 1756 3686 omne
1780 3647 1918 3703 opus

336 3742 354 3770 ι
389 3735 498 3775 non
546 3717 775 3783 facietis,
827 3726 883 3772 et
926 3717 1258 3774 sanctiﬁcate
1300 3718 1442 3774 diem
1493 3719 1722 3788 sabbati,
1761 3722 1918 3777 sicuti

338 3832 355 3861 ο
392 3809 625 3881 praecepi
671 3808 915 3879 patribus
951 3809 1166 3864 vestris.
1209 3808 1278 3863 Et
1318 3824 1423 3864 non
1463 3810 1767 3878 audierunt,
1819 3828 1920 3868 nec

339 3923 358 3952 ι
392 3899 785 3957 inclinaverunt
810 3913 995 3953 aurem
1027 3913 1201 3962 suam,
1237 3905 1292 3953 et
1331 3899 1719 3955 induraverunt
1746 3901 1920 3957 cervi-

339 4013 358 4044 ι
387 4008 509 4049 cem
533 4006 687 4046 suam
711 4010 730 4044 ι
754 3990 992 4062 (etquod
1023 3991 1075 4045 in
1106 3991 1368 4046 chraioo
1396 4007 1503 4046 non
1532 3992 1765 4047 habetur
1791 4010 1812 4045 ι
1834 4010 1920 4049 su-

339 4104 359 4135 c
390 4098 491 4154 per
520 4089 702 4152 patres
727 4080 876 4153 suos)
901 4095 970 4135 ne
1010 4082 1259 4136 audirent
1281 4097 1387 4147 me,
1417 4091 1471 4137 et
1513 4098 1580 4137 ne
1612 4083 1919 4153 acciperent

340 4195 360 4225 σ
390 4173 753 4243 disciplinam.
807 4172 875 4227 Et
897 4173 1020 4238 erit,
1045 4172 1240 4243 inquit,
1270 4174 1315 4229 si
1347 4175 1625 4230 audieritis
1653 4191 1760 4243 me,
1787 4176 1922 4232 dicit

340 4284 359 4315 ι
394 4263 682 4327 Dominus,
718 4271 778 4315 ut
809 4277 916 4316 non
945 4261 1189 4317 inferatis
1213 4278 1377 4318 onera
1407 4273 1584 4320 vestra
1609 4282 1708 4336 per
1734 4277 1920 4336 portas

341 4374 359 4406 ι
386 4354 630 4410 civitatis
658 4353 817 4423 hujus
851 4353 903 4407 in
929 4352 1015 4408 die
1051 4354 1279 4410 sabbati.
1323 4356 1390 4411 Et
1419 4356 1465 4411 si
1497 4357 1920 4414 sanctiﬁcaveri-

341 4466 359 4495 ι
397 4445 464 4502 tis
493 4444 636 4501 diem
663 4444 904 4510 sabbati,
934 4460 1004 4499 ne
1032 4444 1242 4501 faciatis
1268 4446 1322 4499 in
1355 4463 1417 4502 ea
1451 4463 1611 4502 omne
1632 4464 1766 4518 opus
1793 4468 1808 4505 :
1838 4451 1921 4506 in-

342 4555 361 4587 ο
393 4534 711 4607 gredientur
768 4550 866 4604 per
920 4544 1104 4604 portas
1151 4521 1386 4591 civitatis
1439 4536 1598 4605 hujus
1660 4555 1815 4610 reges
1866 4550 1923 4596 et

344 4651 360 4679 ι
394 4626 668 4697 principes
714 4625 962 4681 sedentes
1002 4641 1163 4697 super
1198 4626 1391 4681 solium
1421 4627 1611 4692 David,
1638 4637 1696 4684 et
1728 4646 1919 4686 ascen-

343 4739 363 4769 ι
394 4719 525 4771 dent
550 4716 607 4770 in
640 4715 890 4770 curribus
919 4724 975 4770 et
998 4717 1175 4787 equis,
1211 4717 1310 4786 ipsi
1337 4725 1392 4771 et
1416 4719 1685 4788 principes
1711 4735 1919 4787 eorum,

343 4830 363 4861 ι
393 4807 497 4862 viri
525 4804 664 4862 Iuda
690 4812 747 4861 et
768 4806 1096 4862 habitatores
1122 4807 1453 4863 Hierusalem
1470 4848 1484 4872 ,
1513 4817 1567 4862 et
1593 4810 1925 4866 habitabitur

343 4922 363 4953 ι
393 4898 593 4955 civitas
620 4897 735 4953 haec
766 4898 819 4952 in
850 4898 1237 4968 sempiternum
1271 4913 1285 4952 :
1322 4908 1378 4955 et
1402 4900 1619 4955 venient
1648 4901 1714 4955 de
1739 4902 1925 4957 civita-

345 5013 365 5044 ο
399 4994 545 5048 tibus
568 4988 726 5056 Juda,
755 4998 811 5044 et
833 4991 899 5044 de
921 4990 1148 5045 circuitu
1184 4989 1538 5057 Hierusalem,
1572 5002 1628 5048 et
1669 4994 1735 5048 de
1775 5002 1923 5050 terra

344 5113 362 5142 ι
396 5085 700 5157 Benjamin,
730 5092 785 5138 et
812 5085 877 5139 de
908 5083 1319 5154 campestribus,
1348 5093 1404 5139 et
1431 5085 1498 5140 de
1526 5087 1846 5151 montuosis,
1873 5095 1928 5143 et

345 5202 364 5231 ι
392 5180 465 5233 ab
490 5185 698 5242 austro,
732 5184 1012 5246 portantes
1040 5175 1408 5230 holocaustum
1438 5184 1492 5232 et
1526 5177 1774 5233 victimas
1801 5176 1928 5249 (sive

347 5292 366 5321 ι
402 5266 801 5341 thymiamata),
829 5275 884 5321 et
911 5266 1234 5323 sacrificium
1271 5267 1396 5337 (sive
1426 5267 1669 5334 manna),
1700 5279 1752 5323 et
1785 5271 1926 5334 thus,

349 5385 367 5414 σ
398 5375 453 5416 σοι
500 5361 727 5417 inferent
774 5360 1101 5415 oblationem
1143 5357 1267 5431 (sive
1308 5358 1574 5430 laudem),
1618 5359 1671 5413 in
1710 5360 1926 5414 domum

351 5476 368 5505 ι
408 5452 639 5507 immini.
692 5450 749 5507 Si
775 5460 954 5507 autem
984 5467 1088 5506 non
1119 5450 1395 5506 audieritis
1421 5465 1528 5516 me,
1551 5462 1610 5505 ut
1630 5452 1932 5508 sanctiﬁce-

352 5572 367 5597 ι
406 5548 474 5600 :is
505 5546 647 5599 diem
686 5544 918 5609 sabbati,
953 5552 1008 5598 et
1047 5560 1152 5597 non
1189 5543 1415 5614 portctis
1440 5558 1597 5607 onus,
1623 5552 1677 5597 ct
1705 5560 1772 5597 ne
1799 5543 1933 5597 infc-

353 5662 374 5692 ι
405 5660 445 5693 ιν
472 5641 540 5694 tis
566 5655 665 5710 per
689 5649 873 5709 portas
898 5638 1232 5694 Hierusalem
1258 5639 1308 5692 in
1339 5634 1425 5694 dic
1453 5636 1683 5702 sabbati,
1711 5650 1926 5689 succcn-

357 5753 376 5782 ο
408 5750 529 5785 ..ιιειι
566 5731 741 5807 ignem
767 5730 816 5783 in
843 5730 1021 5800 portis,
1043 5730 1179 5801 ejus,
1204 5737 1259 5783 et
1290 5729 1570 5784 devorabit
1597 5729 1782 5783 domos
1810 5726 1932 5780 Hie—

2010 1902 2130 1959 cob.
2158 1903 2399 1973 Cumque
2420 1906 2523 1961 ista
2543 1908 2858 1975 praeceperit
2881 1908 3041 1972 Deus,
3070 1922 3174 1961 non
3203 1906 3597 1962 inclinaverunt

2010 2008 2197 2048 aurem
2221 2009 2391 2057 suam,
2425 1995 2624 2051 mentis
2655 1996 2840 2065 utique
2869 2010 2973 2050 non
3010 1996 3220 2060 carnis;
3252 1997 3343 2050 sed
3370 1995 3590 2049 indura-

2009 2092 2203 2139 vernnt
2241 2085 2509 2141 cervicem
2558 2102 2734 2154 suam,
2784 2087 3089 2157 rejieientes
3117 2085 3304 2156 jugum
3336 2086 3468 2155 legis
3496 2103 3510 2139 :
3535 2093 3593 2142 et

2011 2191 2109 2246 per
2138 2178 2533 2246 metaphoram,
2568 2178 2950 2233 indomitorum
2986 2178 3297 2232 animalium
3332 2178 3595 2234 habentes

2008 2266 2437 2323 similitudinem.
2492 2267 2780 2324 Videamus
2808 2270 2950 2339 quo]
2975 2269 3047 2324 sit
3069 2267 3348 2338 prcemium
3379 2282 3590 2334 eorum,

2011 2359 2102 2427 qui
2125 2373 2228 2414 non
2258 2367 2475 2428 portant
2497 2376 2660 2415 onera
2701 2360 2754 2414 in
2788 2361 2873 2415 die
2899 2361 3130 2425 sabbati,
3169 2366 3226 2416 et
3254 2358 3595 2414 sanctiﬁcant

2011 2449 2180 2504 illum.
2240 2468 2258 2501 ι
2284 2449 2677 2520 lngrcdientur,
2705 2451 2800 2514 ait,
2835 2464 2931 2518 per
2965 2458 3147 2518 portas
3173 2448 3405 2503 civitatis
3436 2447 3595 2516 hujus

2012 2553 2187 2608 rcges,
2221 2558 2238 2588 ι
2266 2554 2494 2608 quorum
2516 2555 2613 2594 cor
2638 2541 2692 2594 in
2715 2556 2875 2593 manu
2908 2539 3002 2595 Dei
3027 2548 3129 2603 est,
3158 2547 3213 2593 et
3238 2540 3329 2609 qui
3366 2548 3594 2609 regnant

2013 2628 2325 2697 corporibus
2351 2628 2464 2682 suis
2495 2624 2675 2698 (Prov.
2707 2626 2841 2699 xxx),
2896 2646 2915 2676 ι
2943 2636 2998 2681 et
3043 2628 3290 2682 sedentes
3326 2628 3596 2697 principes

2012 2732 2176 2787 super
2197 2718 2390 2773 solium
2414 2718 2597 2782 David,
2622 2737 2641 2770 ι
2670 2727 2728 2771 ιιι
2747 2717 2943 2773 Christi
2968 2718 3592 2788 imitenturexemplnm:

2019 2826 2039 2859 ι
2067 2809 2137 2864 Et
2174 2809 2530 2864 ascendentes
2574 2810 2645 2863 in
2672 2803 2920 2864 curribus
2953 2819 3009 2864 et
3048 2810 3223 2880 equis,
3253 2829 3271 2861 ι
3306 2810 3373 2865 de
3401 2810 3597 2878 quibus

2013 2897 2275 2968 scriptum
2302 2907 2385 2954 est
2409 2918 2422 2953 :
2453 2919 2471 2952 ι
2500 2898 2701 2955 Currus
2730 2900 2823 2955 Dei
2851 2901 3031 2955 decem
3056 2900 3289 2955 millibus
3316 2900 3593 2969 multiplex

2014 2991 2179 3046 millia
2208 2990 2523 3057 laetantium,
2556 2993 2813 3046 Dominus
2840 2992 2893 3046 in
2916 2991 3016 3056 eis,
3050 2994 3102 3046 in
3127 2990 3296 3056 Sinai,
3330 2995 3383 3047 in
3412 3000 3599 3047 sancto

2015 3078 2184 3151 (Psal.
2210 3080 2431 3148 vau).i
2449 3079 2515 3133 Et
2535 3080 2660 3133 alibi
2684 3097 2697 3133 :
2725 3098 2743 3129 ι
2772 3080 3044 3149 Equitatio
3072 3088 3161 3135 tua
3189 3082 3331 3136 salus
3361 3081 3593 3154 (Habac.

2017 3169 2118 3242 ιιι).
2149 3189 2167 3222 ›
2212 3169 2401 3225 Omnis
2430 3170 2509 3222 vir
2533 3170 2623 3239 qui
2656 3169 2945 3224 conﬁtetur
2966 3171 3131 3225 Deum
3151 3211 3167 3237 ,
3198 3181 3252 3227 et
3275 3172 3367 3242 qui
3394 3172 3600 3227 habitat

2017 3260 2070 3315 in
2093 3259 2532 3325 llierusalem,de
2551 3276 2658 3328 qua
2687 3260 2887 3315 dictum
2909 3269 3024 3316 est:
3047 3280 3065 3312 ι
3088 3261 3283 3317 Factus
3311 3271 3396 3316 est
3424 3263 3477 3316 in
3506 3262 3603 3317 Sa-

2018 3350 2123 3405 lem
2151 3349 2224 3422 (id
2237 3359 2311 3431 est
2325 3350 2376 3403 in
2390 3350 2543 3420 pace)
2560 3349 2706 3405 locus
2719 3348 2855 3419 ejus,
2885 3357 2941 3405 et
2962 3351 3221 3407 habitatio
3243 3353 3359 3423 ejus
3389 3352 3444 3407 in
3470 3352 3599 3429 Sion

2020 3440 2191 3515 (Psal.
2222 3442 2407 3512 Lxxv),
2432 3461 2450 3493 ι
2482 3450 2537 3497 et
2561 3441 2889 3497 habitabitur
2909 3442 2962 3497 in
2984 3443 3221 3500 Ecclesia
3247 3445 3337 3500 Dei
3372 3444 3422 3498 in
3446 3453 3602 3500 aeter-

2020 3551 2169 3591 num.
2197 3554 2216 3586 ι
2244 3536 2574 3606 Venientque
2594 3537 2658 3591 de
2680 3536 2990 3593 civitatibus
3016 3537 3149 3593 Juda
3185 3547 3241 3593 et
3278 3541 3344 3595 de
3373 3541 3600 3595 circuitu

2020 3625 2375 3689 Hierusalem,
2404 3645 2422 3678 ι
2463 3627 2527 3679 de
2553 3625 2748 3695 quibus
2762 3625 2873 3694 jam
2902 3628 3135 3683 diximus
3166 3647 3180 3682 :
3216 3649 3235 3681 ι
3262 3629 3330 3683 Et
3362 3631 3428 3685 de
3458 3639 3599 3686 terra

2022 3717 2319 3788 Benjamin,
2344 3717 2434 3786 qui
2464 3717 2606 3772 ﬁlius
2625 3726 2708 3771 est
2731 3718 2948 3773 virtutis
2972 3727 3026 3773 et
3047 3721 3298 3775 dexterae.
3330 3740 3348 3774 ι
3392 3741 3410 3772 ι
3439 3723 3505 3776 Ει
3535 3723 3606 3777 de

2021 3808 2435 3879 campestribus,
2465 3828 2484 3861 ι
2517 3810 2657 3877 quod
2704 3808 2968 3863 Hebraice
3011 3810 3207 3864 dicitur
3248 3795 3412 3872 .1va
3456 3814 3601 3867 sche-

2020 3899 2193 3971 phela,
2244 3908 2300 3953 et
2349 3899 2565 3968 planam
2598 3900 2837 3953 historia:
2872 3899 3136 3970 signiﬁcat
3168 3901 3597 3969 intelligentiam.

2027 4011 2045 4044 ι
2074 3993 2140 4046 Et
2184 3992 2250 4046 de
2290 3992 2608 4054 montuosis,
2632 4009 2649 4041 ι
2690 3991 2921 4046 excelsis
2956 3991 3204 4046 videlicet
3241 3992 3598 4063 dogmatibus.

2028 4106 2047 4137 ι
2073 4086 2139 4141 Et
2182 4087 2249 4141 ab
2289 4094 2493 4151 austro,
2526 4105 2545 4138 ι
2595 4085 2662 4140 de
2695 4099 2802 4154 quo
2844 4084 3104 4154 scriptum
3142 4092 3264 4139 est:
3304 4102 3322 4134 ι
3351 4086 3492 4140 Dens
3534 4086 3602 4140 ab

2024 4183 2209 4232 austro
2227 4176 2407 4232 veniet
2427 4174 2655 4247 (Habac.
2687 4174 2791 4243 ιιι).
2814 4193 2832 4226 ι
2871 4173 3021 4230 Unde
3050 4173 3198 4228 calor
3219 4182 3276 4228 et
3304 4174 3458 4244 plena
3489 4176 3604 4242 lux,

2024 4278 2079 4323 et
2104 4267 2196 4324 ubi
2227 4282 2385 4322 omne
2425 4266 2593 4338 frigus
2622 4266 2928 4336 expellitur.
2982 4284 3001 4316 ι
3027 4265 3330 4328 Portantes,
3371 4267 3465 4329 ait,
3508 4268 3606 4322 ho-

2024 4357 2315 4417 locausta,»
2359 4356 2566 4427 seipsos
2601 4365 2979 4412 consecrantes
3012 4356 3151 4420 Deo;
3185 4374 3203 4405 ‹
3232 4365 3287 4410 et
3331 4356 3605 4413 victimam

2022 4449 2154 4515 (sive
2202 4448 2545 4518 thymiama,»
2582 4456 2642 4501 ut
2688 4447 2869 4503 dicant
2900 4463 2913 4501 :
2948 4466 2966 4497 ι
3001 4445 3337 4501 Sacriﬁcium
3379 4445 3609 4504 Domino

2026 4541 2245 4613 spiritus
2273 4538 2661 4595 cuntribulalus
2689 4538 2860 4611 (Psal.
2889 4538 2977 4605 1.);
3003 4544 3021 4591 ι
3050 4548 3103 4592 et
3129 4557 3141 4591 :
3171 4558 3189 4587 ι
3211 4536 3407 4593 Christi
3435 4539 3610 4597 bonus

2027 4634 2161 4689 odor
2179 4649 2364 4688 sumus
2384 4634 2440 4688 in
2468 4635 2613 4688 omni
2639 4633 2755 4688 loco
2781 4631 2832 4705 (Ι
2869 4630 2992 4688 Cor.
3019 4633 3111 4700 It);
3136 4653 3154 4686 ι
3194 4642 3247 4687 et
3282 4633 3408 4688 alibi
3434 4651 3446 4687 :
3474 4650 3491 4685 ι
3516 4634 3607 4688 Di-

2028 4723 2235 4792 rigatnr
2261 4722 2434 4778 oratio
2463 4738 2582 4777 mea
2621 4721 2759 4777 sicut
2792 4721 3068 4777 incensum
3102 4721 3154 4775 in
3183 4729 3472 4791 conspectu
3519 4730 3610 4775 tuo

2032 4811 2203 4886 (Psal.
2253 4810 2397 4881 CXL).
2431 4832 2450 4865 ›
2512 4831 2530 4863 ι
2558 4812 2624 4866 Et
2660 4811 3008 4877 sacriﬁcium,
3036 4829 3055 4863 ι
3106 4827 3205 4881 pro
3243 4826 3351 4881 quo
3383 4800 3612 4878 Septua-

2032 4904 2181 4973 ginta
2210 4902 2385 4973 ipsum
2409 4903 2630 4957 verbum
2668 4916 2897 4972 posuere
2925 4898 3251 4955 Hebraicum
3296 4909 3472 4963 nmio,
3500 4914 3615 4951 ma-

2031 5013 2152 5060 naa,
2194 4993 2336 5063 quod
2372 4994 2605 5062 pessima
2662 4991 3066 5055 consuetudine,
3125 4989 3234 5044 imo
3288 4988 3614 5056 scriptorum

2032 5085 2350 5157 negligentia
2378 5124 2393 5147 ,
2435 5099 2629 5136 manna
2675 5083 2729 5136 in
2775 5081 2976 5136 nostris
3030 5080 3182 5133 libris
3223 5078 3440 5148 legitur.
3499 5095 3518 5127 ι
3546 5077 3615 5131 Et

2032 5179 2179 5242 thus,
2208 5196 2226 5228 ι
2275 5178 2341 5231 de
2387 5191 2495 5245 quo
2537 5174 2738 5227 dictum
2777 5181 2861 5226 est
2887 5187 2900 5224 :
2929 5170 3041 5225 «Ut
3069 5169 3197 5238 quid
3237 5168 3367 5222 mihi
3408 5165 3618 5225 oﬂ‘ertis

2034 5269 2158 5322 thus
2180 5267 2244 5322 de
2266 5264 2471 5319 Saba?»
2492 5262 2708 5334 (Supra.
2725 5262 2822 5331 Vl.)
2842 5281 2860 5312 ‹
2884 5262 2950 5315 Ει
2969 5258 3207 5313 inferent
3221 5257 3570 5324 oblationem,
3592 5277 3611 5310 ι

2037 5373 2157 5426 qua:
2194 5354 2458 5409 Hebraice
2499 5353 2715 5416 dicitur,
2750 5361 2908 5415 mm,
2947 5348 3127 5413 thoda,
3161 5355 3216 5403 et
3243 5347 3297 5401 in
3325 5347 3618 5416 gratiarum

2039 5448 2293 5502 actionem
2335 5443 2471 5498 verti
2512 5451 2708 5512 potest,
2742 5448 2797 5497 et
2831 5455 2993 5509 quam
3023 5438 3234 5492 laudem
3263 5434 3619 5507 Septuaginta

2042 5538 2447 5594 transtulerunt.
2502 5555 2520 5586 ι
2551 5535 2607 5588 ln
2660 5535 2874 5588 domum
2918 5531 3151 5596 David,»
3201 5529 3346 5586 haud
3401 5530 3620 5584 dubium

2039 5630 2167 5699 quin
2191 5629 2243 5681 in
2269 5626 2580 5682 Ecclesiam.
2619 5624 2745 5679 Haec
2772 5632 2899 5679 sunt
2919 5621 3139 5694 praemia
3165 5634 3353 5677 eorum
3387 5619 3479 5690 qui
3505 5635 3627 5673 san-

2039 5719 2278 5776 ctiﬁcant
2306 5718 2607 5785 sabbatum,
2648 5724 2702 5771 et
2741 5714 2887 5770 nullo
2913 5714 3151 5784 pondere
3185 5718 3599 5785 przegravantur
