4022 6186
498 333 600 390 955

1130 330 1192 384 Β.
1235 327 1486 385 ΠΔΒΔΝῙ
1524 327 1744 386 MAURI
1779 326 2097 385 ARCHIEP.
2138 325 2447 384 MOGUNT.
2487 322 2773 382 OPEBUM
2810 323 2990 382 PARS
3025 324 3111 380 Ill.

3630 328 3749 385 955

493 444 552 502 Si
596 453 793 511 autem,
834 436 1027 514 inquit,
1065 458 1170 498 non
1215 443 1493 500 audieritis
1529 454 1794 514 prmeepta
1837 458 1976 507 mea,
2016 452 2072 497 et
2099 458 2147 515 Α
2172 457 2358 498 errore
2411 457 2509 495 suo
2566 441 2873 511 paraboiam
2930 444 3202 513 iiguraret.
3258 442 3601 513 Rursumque
3653 445 3754 502 ille

494 548 598 587 non
642 532 897 599 feceritis,
930 548 1053 603 quae
1098 533 1341 588 iacienda
1388 534 1655 597 mandavi,
1708 534 2067 588 «succendam

495 625 672 697 ignem
711 624 765 684 in
807 625 977 694 portis
1014 623 1151 694 ejus,
1186 625 1239 679 id
1273 633 1356 679 est
1397 624 1750 690 Hierusalem,
1798 625 1969 687 illum,
2002 624 2069 679 de

491 728 601 783 quo
650 713 878 768 dicitur:
913 710 1153 768 «Omnes
1189 712 1573 777 adulterantes,
1624 715 1775 784 quasi
1826 714 2068 769 clibanus

492 807 654 861 corda
689 819 874 860 eorum
914 804 1060 874 (Ore.
1090 804 1232 873 vu)‘:
1261 805 1352 875 qui
1386 807 1607 860 devorat
1638 809 1827 862 duinos
1854 806 1967 861 sive
1989 805 2069 858 vi-

491 903 585 951 ξοδ
629 895 982 958 Hierusalem,
1013 909 1149 963 quos
1185 895 1553 965 Septuaginta,
1596 893 1826 971 ἄμφοδας
1875 894 2066 964 Aquila

491 994 547 1042 et
576 985 948 1058 Symmachus,
982 986 1176 1060 βάςιις,
1208 987 1261 1042 id
1286 996 1390 1051 est,
1420 987 1642 1042 turritas
1667 988 1870 1053 domos,
1907 986 2067 1041 inter-

491 1077 686 1147 pretati
706 1087 851 1142 sunt,
879 1079 1317 1147 appellanturque
1343 1078 1629 1141 Hebraice,
1664 1088 1907 1139 nim-in.
1955 1094 2066 1132 ars-

490 1168 718 1222 menoth.
768 1168 832 1222 Et
877 1185 1147 1239 nunquam
1190 1170 1299 1224 .hoc
1336 1170 1710 1240 exstinguetur
1736 1170 2063 1234 incendium,

490 1261 700 1317 dicente
735 1262 994 1332 Apostulo
1022 1263 1070 1333 (Ι
1102 1261 1225 1318 Cor.
1253 1265 1337 1337 ιιι)
1368 1283 1381 1318 :
1418 1282 1437 1314 ι
1470 1263 1899 1334 Uniuscujusque
1931 1280 2065 1335 opus

489 1357 647 1435 quale
687 1358 760 1413 sit
811 1359 951 1431 ignis
996 1359 1276 1431 probabit;
1306 1379 1325 1413 ι
1379 1370 1435 1416 et
1482 1361 1724 1418 iterum;
1757 1383 1776 1415 ι
1805 1362 1862 1418 Si
1910 1363 2065 1433 cujus

487 1461 621 1516 opus
651 1450 845 1504 arserit
865 1450 1244 1505 detrimentum
1285 1451 1518 1522 patietur
1545 1471 1558 1506 :
1587 1453 1702 1522 ipse
1741 1462 1921 1509 autem
1957 1455 2064 1509 sal-

489 1549 587 1591 vus
604 1537 739 1601 erit,
769 1537 846 1592 sic
874 1544 1049 1592 tamen
1085 1539 1240 1607 quasi
1288 1554 1386 1610 per
1434 1540 1634 1610 ignem.
1666 1559 1685 1592 ι
1739 1539 1835 1595 Sin
1883 1550 2062 1596 autem

486 1629 658 1683 nostri
685 1628 1045 1699 judaizantes,
1072 1628 1504 1700 explanationem
1529 1632 1790 1701 tropicam
1817 1633 2063 1703 repudia-

487 1719 616 1783 rint,
663 1726 758 1772 aut
794 1716 965 1774 Judaei
1002 1733 1121 1775 esse
1144 1727 1423 1791 cogentur,
1452 1730 1510 1777 et
1534 1736 1656 1778 eum
1685 1725 2063 1779 observatione

2171 531 2381 602 figulus,
2409 531 2501 601 qui
2534 546 2633 587 vas
2651 546 2682 585 e
2706 531 2818 585 luto
2840 540 2956 586 rota
2989 539 3240 585 currente
3264 532 3589 601 perdiderat,
3616 532 3755 589 fecit

2168 607 2311 679 aliud
2346 625 2481 689 sibi,
2510 633 2573 679 ut
2598 624 2648 679 ei
2682 626 2854 680 visum
2898 633 3001 679 est.
3046 606 3352 694 Statimque
3386 624 3643 680 Dominus
3682 629 3761 682 ad

2167 719 2483 787 prophetam
2511 736 2524 771 :
2559 717 2616 773 Si
2654 717 2863 789 ﬁgulus,
2902 717 3000 776 ait.
3032 717 3169 772 hanc
3206 717 3370 771 habet
3399 725 3752 786 potestatem,

2168 816 2227 862 ut
2246 822 2315 862 ex
2343 810 2528 863 eodem
2560 808 2671 862 luto
2702 821 2913 862 rursum
2943 806 3137 870 faciat,
3161 808 3302 876 quod
3330 805 3493 863 fuerit
3522 808 3755 880 dissipa-

2169 906 2303 961 tum,
2327 913 2426 969 ego
2448 899 2501 952 in
2522 897 2694 963 vobis,
2729 898 2823 966 qui
2848 905 3104 967 quantum
3140 898 3195 951 in
3223 897 3372 952 vobis
3402 908 3486 953 est
3521 900 3757 969 periisse

2164 987 2439 1053 videmini,
2490 989 2595 1044 hoc
2636 987 2816 1043 facere
2860 1003 2967 1043 non
3010 988 3242 1057 potero?
3292 987 3357 1042 Et
3410 998 3473 1044 ut
3518 988 3754 1045 liberum

2165 1077 2495 1149 significaret
2534 1079 2837 1145 arbitrium,
2881 1080 3012 1134 dicit
3053 1094 3112 1133 se
3154 1087 3211 1134 et
3245 1080 3384 1133 maia
3425 1081 3755 1138 annuntians

2164 1174 2330 1242 genti.
2359 1181 2415 1227 et
2446 1187 2611 1245 regno
2650 1173 2746 1239 illi,
2777 1174 2858 1227 vel
2888 1174 2985 1239 illi,
3012 1182 3066 1228 et
3098 1188 3313 1228 rursum
3342 1175 3505 1238 bona,
3536 1190 3641 1231 nec
3672 1185 3760 1231 ta-

2165 1279 2285 1318 men
2306 1266 2408 1321 Inc
2432 1268 2649 1321 evenire
2667 1267 2808 1335 quod
2832 1269 2943 1336 ipse
2961 1267 3291 1337 praedixerit,
3307 1270 3400 1323 sed
3421 1285 3453 1324 e
3475 1272 3761 1325 contrario

2166 1355 2299 1415 fleri.
2329 1364 2386 1409 nt
2414 1365 2471 1411 et
2490 1357 2629 1411 bona
2661 1357 2816 1412 malis
2841 1352 3114 1424 eveniant,
3154 1359 3199 1414 si
3237 1360 3445 1431 egerint
3480 1362 3756 1430 pmniten-

2163 1449 2293 1503 tiam
2323 1467 2336 1503 :
2361 1457 2413 1503 et
2440 1449 2597 1504 bonis
2625 1450 2789 1515 mala,
2822 1451 2868 1505 si
2904 1459 3027 1521 post
3067 1452 3517 1521 repromissiones
3546 1452 3758 1508 fuerint

2163 1543 2230 1596 ad
2256 1550 2473 1610 peccata
2504 1542 2770 1595 conversi.
2803 1541 2868 1596 Et
2894 1542 2995 1597 hoc
3022 1542 3271 1607 dicimus,
3297 1557 3401 1597 non
3425 1544 3574 1615 quod
3603 1544 3759 1617 igno-

2164 1642 2245 1687 ret
2290 1630 2433 1687 Deus
2478 1632 2596 1693 hoc,
2652 1632 2734 1687 vei
2786 1632 2940 1699 illud,
2984 1642 3200 1703 gentem
3236 1643 3329 1687 aut
3368 1647 3595 1704 regnum
3631 1644 3758 1691 esse

2161 1724 2452 1782 facturum.
2475 1725 2569 1779 sed
2591 1725 2732 1796 quod
2759 1724 2993 1780 dimittat
3019 1724 3290 1780 hominem
3318 1727 3583 1781 voluntati
3615 1740 3755 1795 suae,

484 1810 695 1866 sabbati
717 1809 1101 1866 circumcidere
1126 1813 1388 1882 praeputia
1412 1830 1429 1866 :
1456 1821 1549 1869 aut
1582 1824 1730 1870 certe
1771 1816 2062 1886 reprehen-
2087 1819 2136 1879 Β
2162 1824 2222 1871 ιιι
2243 1818 2327 1871 vel
2348 1817 2591 1888 prmmia,
2621 1817 2705 1871 vel
2738 1830 2924 1886 poenas
2956 1830 3053 1871 sua
3076 1817 3374 1882 voluntate,
3410 1825 3467 1871 et
3496 1832 3601 1872 suo
3641 1834 3759 1875 me-

483 1902 613 1957 dere
648 1900 982 1957 Salvatorem
1012 1943 1026 1967 ,
1078 1904 1166 1972 qui
1209 1902 1373 1971 jussit
1415 1904 1470 1959 in
1509 1903 1733 1960 sabbato
1768 1905 2064 1976 paralytico

484 2001 543 2046 ut
573 2001 813 2064 portaret
835 1996 1032 2052 lectum
1054 2013 1230 2064 suum,
1253 1998 1581 2071 evangelista
1608 2000 1855 2055 dicente:
1892 2018 1912 2052 ι
1932 2000 2065 2056 Pro-

485 2090 669 2153 pterea
696 2088 867 2156 magis
901 2089 1214 2158 quaerebant
1244 2105 1367 2145 eum
1398 2090 1704 2146 interficere
1733 2090 1924 2156 Judaei,
1954 2107 2061 2145 non

482 2175 653 2235 solum
691 2177 818 2248 quia
849 2180 1090 2235 solvebat
1124 2182 1405 2237 sabbatum
1424 2222 1439 2245 ,
1468 2183 1562 2237 sed
1590 2192 1646 2237 et
1671 2192 1881 2253 patrem
1904 2196 2060 2239 suum

482 2264 698 2324 dicebat
718 2268 907 2337 Deum,
932 2272 1195 2341 zequaiem
1217 2287 1275 2328 se
1304 2272 1508 2329 faciens
1533 2275 1643 2330 Deo
1666 2272 1850 2345 (Joan.
1881 2273 1958 2347 v).
2000 2293 2020 2327 ι

1045 2429 1273 2486 CAPUT
1328 2429 1508 2485 XVIII.

495 2535 630 2595 Vasa
654 2539 805 2611 ﬁguli
824 2544 1448 2615 prOpItelaﬂosteudtmmr
1470 2559 1488 2597 :
1511 2545 1575 2598 de
1598 2546 1843 2615 passione
1867 2543 2061 2601 Christi

947 2623 994 2666 et
1042 2613 1235 2668 ultione
1264 2613 1595 2669 Judtrorum.

556 2747 576 2780 ι
603 2726 838 2782 Verbum
888 2728 1031 2797 quod
1082 2727 1283 2783 factum
1336 2737 1417 2784 est
1458 2729 1525 2784 ad
1565 2728 1855 2784 Ieremiam
1885 2746 1914 2784 a
1958 2731 2061 2786 Do-

486 2839 504 2869 ι
537 2818 700 2881 mino,
733 2818 916 2873 dicens
943 2833 959 2872 :
991 2819 1169 2890 Surge
1192 2829 1242 2876 et
1281 2821 1545 2877 descende
1565 2821 1620 2876 in
1647 2822 1864 2876 domum
1890 2823 2057 2895 figuli,

487 2928 506 2961 ι
534 2920 589 2963 et
619 2910 691 2965 ibi
726 2910 915 2967 audies
942 2913 1104 2967 verba
1153 2927 1269 2969 mea
1309 2930 1323 2968 :
1359 2920 1415 2969 et
1455 2912 1705 2970 descendi
1744 2914 1798 2969 in
1841 2913 2061 2970 domum

454 3030 507 3064 ,οι
539 3009 702 3081 figuli,
731 3019 786 3067 et
817 3025 945 3067 ecce
972 3011 1085 3081 ipse
1109 3011 1339 3067 faciebat
1362 3026 1497 3084 opus
1523 3024 1685 3083 super
1719 3021 1913 3075 rotam,
1949 3013 2061 3068 sive

2162 1908 2266 1963 rito
2304 1908 2543 1976 recipiat,
2584 1921 2685 1962 nec
2717 1907 2901 1962 statim
2950 1916 3118 1961 totum
3164 1907 3272 1962 erit
3320 1900 3558 1962 hominis
3604 1909 3757 1979 quod

2160 1999 2389 2059 eveniet,
2439 1999 2533 2053 sed
2584 1998 2701 2069 ejus
2747 1998 2962 2069 gratim,
2997 1998 3090 2068 qui
3132 2006 3325 2053 cuncta
3371 1997 3604 2070 largitus
3646 2008 3752 2054 est.

2159 2086 2236 2143 Ita
2264 2089 2407 2142 enim
2431 2087 2654 2143 libertas
2677 2088 2885 2142 arbitrii
2917 2088 3243 2144 reservanda
3282 2098 3388 2154 est,
3431 2096 3493 2143 ut
3533 2089 3592 2143 in
3630 2104 3757 2145 om-

2161 2179 2319 2234 nibus
2343 2178 2569 2234 excellat
2603 2178 2774 2249 gratia
2803 2177 3096 2249 largitoris,
3119 2177 3274 2246 juxta
3303 2179 3433 2233 illud
3465 2179 3755 2250 propheti-

2160 2280 2304 2325 Cum.
2360 2289 2379 2322 ι
2408 2269 2518 2325 Nisi
2543 2269 2802 2325 Dominus
2827 2268 3175 2326 aedificaverit
3195 2271 3433 2336 domum,
3464 2271 3521 2326 in
3545 2286 3759 2327 vanum

2158 2361 2556 2428 laboraverunt,
2572 2361 2663 2432 qui
2683 2360 2952 2417 aedificant
2974 2374 3124 2426 eam;
3147 2360 3250 2416 nisi
3279 2356 3537 2417 Dominus
3568 2372 3758 2418 custo-

2159 2452 2320 2508 dierit
2347 2453 2644 2519 civitatem,
2667 2454 2721 2508 in
2748 2468 2947 2508 vanum
2975 2454 3219 2525 vigilabit
3242 2455 3336 2524 qui
3368 2455 3609 2511 custodit
3631 2473 3757 2512 eam

2162 2541 2338 2613 (Paul.
2402 2545 2609 2616 cxxvn).
2666 2542 2782 2599 Non
2840 2545 2983 2599 enim
3028 2545 3262 2601 volentis
3310 2560 3491 2615 neque~
3528 2562 3759 2603 curren-

2159 2633 2251 2698 tis,
2278 2632 2372 2689 sed
2398 2634 2704 2689 miserentis
2730 2641 2809 2710 est
2838 2632 2935 2689 Dei
2975 2632 3154 2707 (Rom.
3197 2634 3297 2709 ix).
3321 2654 3339 2687 ι
3387 2634 3561 2690 Porro
3609 2638 3757 2707 quod

2158 2724 2354 2798 ﬁgulus
2382 2726 2504 2791 iste,
2543 2728 2646 2781 hoc
2677 2735 2787 2791 est,
2811 2737 3027 2781 creator
3047 2735 3253 2793 noster,
3280 2735 3336 2782 et
3362 2724 3541 2782 factor
3566 2728 3757 2798 appel-

2161 2813 2302 2870 latur
2334 2815 2493 2881 Deus,
2526 2832 2632 2870 non
2664 2816 2835 2870 solum
2869 2813 3151 2881 Jeremias,
3181 2818 3275 2872 sed
3302 2817 3466 2871 etiam
3494 2817 3671 2873 Isaias
3702 2827 3757 2874 et

2161 2905 2359 2961 Paulus
2386 2904 2657 2976 apostolus
2691 2912 2990 2972 testantur;
3036 2921 3161 2961 nam
3210 2908 3264 2962 in
3306 2907 3441 2963 Isaia
3483 2909 3755 2979 scriptum

2161 3003 2245 3050 est
2273 3011 2288 3049 :
2325 3014 2343 3047 ι
2368 2994 2461 3050 Vae
2488 2995 2577 3067 qui
2602 2996 2922 3050 contradicit
2946 2995 3118 3051 lictori
3151 3010 3269 3061 suo,
3304 3005 3445 3051 testa
3470 2995 3538 3051 de
3562 2998 3759 3052 Samiis

486 3119 505 3149 ο
536 3100 758 3169 lapides,
782 3107 837 3155 et
860 3100 1180 3170 dissipatum
1214 3108 1298 3158 est
1321 3082 1417 3157 vas
1438 3082 1729 3172 quodiipse
1762 3101 1996 3158 faciebat
2031 3115 2063 3157 e

2171 3092 2342 3140 terras.
2397 3083 2647 3154 Nunquid
2676 3084 2809 3140 dicit
2837 3084 3007 3140 lutum
3048 3082 3210 3155 figulo
3247 3098 3388 3140 suo:
3425 3082 3566 3151 Quid
3594 3085 3757 3150 facis,

487 3210 504 3240 ι
535 3168 646 3244 luto
682 3190 931 3246 manibus
964 3193 1097 3247 suis.
1148 3190 1561 3263 Couversusque
1594 3191 1719 3264 (sive
1743 3200 1800 3248 et
1826 3191 2062 3262 rursum)

2171 3189 2217 3235 et
2240 3195 2374 3250 opus
2404 3188 2553 3234 tuum
2590 3179 2793 3250 absque
2832 3178 3079 3233 manibus
3111 3178 3235 3233 est?
3260 3196 3279 3231 ι
3333 3177 3471 3249 (ha.
3504 3178 3662 3248 ην.)
3693 3178 3757 3233 Et

490 3300 507 3331 ι
538 3280 664 3337 fecit
689 3281 819 3337 illud
855 3298 954 3338 vas
998 3283 1252 3350 alterum,
1298 3284 1438 3340 sicut
1478 3284 1757 3355 placuerat
1800 3285 1854 3339 in
1894 3284 2066 3340 oculis

489 3390 507 3421 ι
536 3370 668 3439 ejus,
707 3380 767 3428 ut
804 3371 1027 3429 faceret.
1078 3373 1146 3428 Et
1173 3373 1372 3430 factum
1397 3381 1479 3430 est
1503 3376 1725 3431 verbum
1758 3376 1967 3430 Domini
1996 3374 2063 3430 ad

491 3480 507 3509 ι
540 3475 623 3517 me
645 3461 828 3517 dicens
857 3480 871 3516 :
902 3461 1152 3532 Nunquid
1189 3463 1329 3518 sicut
1363 3463 1554 3535 figulus
1582 3465 1682 3520 iste
1713 3479 1817 3521 non
1847 3480 2064 3536 possum

491 3569 509 3598 ι
541 3548 720 3604 facere
764 3550 947 3616 vobis,
995 3552 1185 3607 domus
1228 3551 1421 3618 Israel,
1468 3554 1545 3608 ait
1588 3554 1890 3611 Dominus?
1928 3555 2067 3612 Ecce

493 3660 510 3689 ι
543 3642 680 3696 sicut
707 3640 877 3698 lutum
907 3644 961 3698 in
990 3659 1153 3698 manu
1184 3643 1349 3714 figuli,
1391 3646 1471 3703 sic
1508 3661 1605 3703 vos
1640 3647 1693 3702 in
1734 3661 1897 3702 manu
1925 3662 2063 3714 mea,

494 3753 513 3783 ι
545 3734 735 3788 domus
777 3732 964 3790 Israel.
1008 3736 1246 3807 Repente
1282 3737 1410 3810 (sive
1447 3740 1514 3794 ad
1550 3740 1838 3813 summam)
1878 3740 2069 3811 loquar

496 3842 515 3874 ι
545 3824 826 3881 adversum
859 3836 1092 3898 gentem,
1121 3838 1176 3884 et
1201 3830 1483 3886 adversum
1510 3846 1757 3900 regnum,
1797 3840 1857 3887 ιιι
1887 3834 2067 3888 eradi-

493 3936 512 3966 ι
541 3931 657 3973 cem
679 3917 805 3988 (sire
830 3919 1115 3993 auferam),
1137 3929 1191 3976 et
1213 3922 1484 3978 destruam
1508 3936 1563 3979 et
1582 3924 1888 3993 disperdam
1916 3926 2065 3981 illud.

495 4024 516 4059 ι
545 4007 600 4063 Si
628 4010 1001 4078 paenitentiam
1024 4012 1194 4082 egerit
1223 4026 1355 4081 gens
1383 4012 1471 4066 illa
1514 4028 1543 4067 a
1588 4013 1729 4068 malo
1772 4029 1888 4080 suo,
1928 4014 2069 4083 quod

496 4117 515 4147 ι
547 4098 754 4154 locutus
780 4114 898 4154 sum
933 4099 1217 4155 adversum
1240 4116 1383 4165 eam,
1411 4117 1565 4172 agam
1593 4110 1647 4157 et
1677 4118 1775 4173 ego
1799 4105 2068 4173 pmniten-

498 4203 515 4233 ι
550 4185 676 4238 tiam
723 4199 887 4254 super
923 4183 1060 4237 malo
1096 4184 1237 4254 quod
1281 4186 1511 4256 cogitavi
1551 4196 1609 4241 ut
1638 4186 1871 4244 facerem
1894 4189 1963 4244 ei.
2005 4188 2073 4243 Et

497 4294 516 4324 ι
545 4275 721 4330 subito
743 4275 868 4346 (sive
895 4275 962 4329 ad
997 4277 1283 4345 summam)
1319 4277 1509 4348 loquar
1533 4279 1600 4335 de
1620 4288 1778 4350 gente
1799 4287 1853 4335 et
1874 4296 2069 4354 regno,

499 4381 519 4414 ι
546 4374 604 4417 ιιι
638 4365 901 4421 mdilicem
931 4377 987 4421 et
1024 4374 1083 4421 ut
1123 4367 1358 4437 plantem
1389 4369 1535 4425 illud.
1596 4370 1653 4426 Si
1689 4370 1850 4427 fuerit
1873 4372 2071 4427 malum

500 4476 519 4505 α
550 4456 603 4509 in
642 4457 812 4512 oculis
848 4460 1003 4523 meis,
1030 4469 1089 4514 ut
1116 4476 1220 4515 non
1246 4462 1427 4517 audiat
1464 4476 1649 4519 vocem
1678 4480 1873 4528 meam,
1907 4466 2076 4535 paeni-

506 4564 522 4594 ι
554 4545 774 4600 tentiam
796 4562 949 4618 agam
976 4564 1140 4619 super
1167 4551 1306 4606 bono
1327 4552 1469 4621 quod
1498 4552 1708 4608 locutus
1734 4569 1852 4608 sum
1892 4563 1952 4609 ut
1987 4553 2071 4608 fa-

504 4650 521 4682 c
551 4646 729 4688 verem
756 4635 825 4690 ci.
856 4655 875 4688 ι
926 4636 1029 4692 Per
1055 4654 1244 4694 omnes
1263 4640 1477 4709 quidem
1506 4656 1696 4698 sensus
1724 4644 1791 4698 ad
1811 4640 2075 4711 judicium

498 4735 554 4781 et
586 4726 990 4797 intelligentiam
1022 4721 1189 4785 animi
1221 4732 1555 4802 pervenitur,
1584 4735 1849 4798 auditum,
1879 4737 2077 4790 odora-

500 4827 634 4883 tum,
678 4826 917 4888 gustum,
963 4828 1204 4873 tactum:
1237 4822 1330 4876 sed
1367 4823 1540 4891 magis
1577 4832 1757 4879 mente
1789 4826 2073 4890 retinetur,

499 4909 643 4979 quod
670 4908 839 4963 oculis
867 4910 1125 4964 cernitur.
1177 4910 1330 4966 Unde
1351 4911 1573 4983 jubetur
1606 4914 1865 4983 propheta
1900 4916 1979 4972 ire
2008 4918 2076 4972 ad

500 5001 722 5055 domum
752 4997 919 5070 figuli,
945 5009 997 5055 et
1026 4999 1097 5055 ibi
1130 4997 1342 5056 Domini
1374 5003 1559 5060 audire
1582 5014 1870 5075 praerepta.
1925 5005 2081 5062 Cum-

501 5091 748 5161 que,ait,
794 5091 1174 5162 perrexissem,
1223 5100 1278 5148 et
1322 5092 1722 5151 descendissem
1762 5097 1816 5151 in
1862 5098 2081 5153 domum

506 5182 674 5254 figuli,
704 5182 935 5238 faciebat
960 5182 1075 5252 ipse
1101 5197 1237 5252 opus
1266 5198 1428 5253 super
1448 5191 1646 5249 rotam,
1670 5200 1830 5254 quam
1855 5186 2083 5258 Septua-

502 5273 650 5342 ginta
689 5271 841 5328 verbi
880 5271 1229 5339 a-ubiguitate
1268 5273 1507 5338 seducti,
1554 5272 1754 5343 lapides
1788 5275 2081 5331 transtule~

507 5375 641 5422 runt
694 5383 708 5421 :
766 5374 939 5426 olims
979 5365 1123 5420 enim
1172 5380 1269 5435 pro
1316 5365 1575 5435 qualitate
1616 5366 1753 5431 loci,
1806 5378 1863 5421 et
1909 5367 2083 5423 diver-

507 5456 668 5513 sitate
708 5457 1194 5526 pronuntiationis,
1234 5465 1290 5512 et
1326 5472 1609 5528 organum,
1642 5457 1694 5511 id
1728 5464 1834 5522 est,
1868 5468 1984 5512 rota
2026 5457 2081 5512 fi-

508 5547 618 5617 guli
648 5557 900 5613 vocatur,
937 5556 992 5603 et
1019 5547 1238 5618 lapides.
1269 5547 1529 5617 Cumque,
1561 5548 1758 5618 inquit,
1804 5563 2083 5603 cernerem

513 5650 607 5693 vas
641 5653 672 5693 θ
700 5638 828 5693 luto
872 5639 1020 5701 lieri,
1069 5638 1248 5694 subito
1290 5638 1607 5707 dissipatum
1659 5647 1747 5695 est
1793 5657 1808 5693 :
1854 5639 1955 5694 hoc
1995 5638 2087 5693 Dei

514 5738 702 5796 agente
737 5730 1093 5798 providentia,
1126 5740 1185 5783 ut
1212 5745 1400 5784 manus
1435 5731 1659 5785 artilicis
1697 5731 1823 5785 dum
1851 5729 2088 5786 nesciret

2164 3271 2451 3342 Apostolus
2478 3273 2532 3325 in
2558 3269 2798 3340 Epistoia
2828 3285 2924 3325 sua
2959 3270 3025 3324 ad
3054 3270 3326 3325 Romanos
3357 3270 3634 3340 loquitur,
3675 3269 3759 3324 di-

2165 3376 2295 3435 cens
2324 3379 2338 3415 :
2377 3380 2394 3412 ι
2422 3360 2674 3430 Nunquid
2696 3360 2827 3415 dicit
2857 3359 3167 3431 figmentum
3209 3359 3280 3424 ei,
3308 3360 3400 3429 qui
3444 3374 3505 3414 se
3550 3358 3714 3414 ﬁnxit
3736 3376 3755 3413 :

2165 3453 2303 3520 Quid
2326 3469 2412 3508 me
2430 3452 2604 3508 fecisti
2623 3452 2701 3509 sic
2721 3452 2746 3507 ’ἓ
2827 3450 3031 3507 Annon
3043 3459 3364 3522 potestatem
3380 3453 3548 3507 habet
3559 3453 3758 3525 figulus

2167 3544 2264 3598 luti
2288 3559 2354 3599 ex
2378 3544 2564 3600 eadem
2591 3559 2768 3600 massa
2801 3543 2979 3600 facere
3014 3544 3230 3616 quidem
3261 3543 3404 3599 aliud
3437 3561 3536 3602 vas
3566 3547 3622 3601 in
3654 3548 3758 3603 bo-

2166 3650 2373 3701 norem,
2405 3635 2549 3690 aliud
2573 3650 2701 3691 vero
2730 3635 2781 3690 in
2808 3635 3227 3690 contumeliam?
3253 3633 3430 3705 (Rom.
3454 3634 3530 3705 ix)
3547 3634 3572 3685 ἲ
3602 3659 3622 3688 ι

2242 3750 2261 3783 ι
2287 3730 2441 3786 Ntmc
2483 3746 2613 3802 ergo
2654 3731 2741 3786 dic
2772 3732 2891 3786 viro
2926 3729 3080 3795 Juda,
3107 3740 3162 3786 et
3186 3731 3474 3786 habitatori
3498 3728 3759 3788 Hierusa-

2173 3841 2191 3874 ι
2218 3822 2345 3887 lem,
2385 3823 2612 3878 dicens:
2641 3822 2768 3878 lla'c
2804 3821 2931 3895 (sive
2968 3822 3066 3893 sic)
3110 3823 3241 3879 dicit
3280 3824 3538 3879 Dominus
3569 3842 3583 3877 :
3618 3823 3763 3881 Ecce

2173 3934 2191 3965 ι
2219 3927 2319 3985 ego
2348 3913 2490 3986 fingo
2514 3924 2701 3969 contra
2731 3929 2829 3969 vos
2864 3914 3063 3969 malum
3108 3923 3163 3969 et
3200 3914 3376 3986 cogito
3419 3922 3610 3970 contra
3662 3930 3765 3970 vos

2173 4020 2192 4054 ι
2220 4002 2617 4074 cogitationem.
2681 4003 3005 4058 Revertatur
3044 4003 3413 4073 unusquisque
3450 4019 3480 4056 a
3529 4003 3618 4058 via
3660 4019 3757 4059 sua

2168 4092 2331 4157 maia,
2358 4100 2415 4148 et
2444 4094 2655 4164 dirigite
2680 4092 2796 4149 vias
2821 4102 3047 4157 vestras,
3085 4101 3140 4148 et
3175 4094 3352 4147 studia
3386 4102 3592 4148 vestra.
3652 4094 3758 4162 Qui

2170 4184 2417 4239 dixerunt
2453 4198 2468 4238 :
2501 4184 2909 4255 Desperavimus
2940 4183 3064 4255 (sive
3110 4182 3580 4256 confortabimur),
3634 4193 3761 4256 post

2177 4293 2196 4326 ι
2226 4274 2578 4345 cogitationes
2610 4275 2756 4330 enim
2789 4284 3003 4330 nostras
3038 4275 3234 4330 ibimus
3253 4317 3266 4336 .
3298 4284 3353 4328 et
3380 4276 3761 4347 unusquisque

2177 4383 2195 4416 ι
2223 4365 2538 4435 pravitatem
2562 4366 2687 4436 (sive
2710 4366 2852 4435 quod
2880 4364 3098 4435 placuit)
3122 4365 3299 4420 cordis
3330 4366 3411 4420 sui
3438 4366 3567 4419 mali
3595 4366 3763 4421 facie-

2180 4474 2199 4507 ι
2228 4470 2365 4511 mus.
2408 4456 2533 4510 Ideo
2561 4457 2674 4512 hate
2703 4455 2835 4510 dicit
2862 4455 3157 4511 Dominus:
3181 4455 3512 4527 interrogate
3533 4467 3765 4527 gentes:

2181 4563 2200 4595 ι
2230 4546 2351 4614 quis
2385 4546 2590 4601 audivit
2619 4544 2743 4600 talia
2770 4545 3075 4610 horribilia,
3106 4558 3227 4615 qua:
3255 4543 3382 4599 fecit
3413 4546 3580 4601 nimis
3608 4547 3763 4618 virgo

2182 4634 2432 4691 «Israel?
2462 4655 2481 4688 ι
2542 4633 2812 4708 (Hieron)
2854 4635 3043 4705 Implet
3089 4636 3346 4691 Dominus
3401 4639 3765 4707 parabolam,

2177 4741 2339 4795 quam
2371 4736 2426 4781 et
2455 4736 2675 4797 aspectu
2713 4735 2769 4782 et
2799 4727 3139 4782 sermonibus
3174 4730 3450 4792 docuerat,
3486 4738 3545 4785 et
3584 4730 3760 4786 dicit:

2183 4836 2202 4868 ι
2229 4817 2367 4873 Ecce
2394 4830 2493 4889 ego
2526 4818 2667 4890 fingo
2693 4828 2881 4874 contra
2916 4834 3011 4876 vos
3036 4819 3232 4875 malum
3252 4860 3267 4886 ,
3302 4840 3322 4872 ι
3369 4821 3524 4890 quasi
3570 4822 3767 4892 figulus

2178 4908 2369 4962 lutum.
2420 4908 2613 4963 Malum
2651 4917 2832 4964 autem
2853 4907 3010 4978 juxta
3044 4908 3260 4977 Isaiam,
3301 4911 3393 4982 qui
3434 4912 3600 4968 dicit:
3628 4912 3766 4968 «Fa-

2183 5000 2332 5056 ciens
2376 5015 2564 5070 pacem
2609 5011 2666 5057 et
2715 5016 2909 5058 creans
2952 5001 3153 5056 malum
3201 5002 3339 5074 (ιω.
3392 5002 3552 5074 va);
3583 5022 3601 5055 ι
3655 5019 3767 5059 non

2183 5092 2324 5159 quod
2355 5104 2448 5161 per
2475 5106 2534 5145 se
2567 5091 2765 5146 malum
2790 5092 2894 5158 sit,
2923 5095 3016 5147 sed
3041 5092 3184 5163 quod
3204 5093 3535 5162 patientibus
3559 5093 3768 5149 malum

2181 5196 2305 5237 esse
2322 5182 2587 5237 videatur.
2640 5201 2659 5233 ι
2680 5182 2747 5236 Ει
2772 5183 2952 5255 cogito
2974 5190 3164 5239 contra
3189 5198 3287 5238 vos
3313 5184 3716 5254 cogitationem,
3737 5201 3759 5235 ι

2183 5270 2237 5325 id
2258 5280 2360 5335 est,
2386 5284 2485 5340 pro
2513 5272 2707 5326 merito
2736 5269 2934 5327 inferre
2964 5273 3307 5327 sententiam.
3349 5271 3554 5328 Mutate
3577 5286 3763 5340 opera,

2190 5377 2209 5410 ι
2237 5369 2294 5413 et
2317 5360 2531 5429 dirigite
2556 5359 2675 5414 vias
2695 5368 2921 5426 vestras,
2953 5380 2972 5414 ι
2999 5371 3059 5416 ιιι
3083 5370 3139 5417 et
3162 5362 3438 5433 prosperis
3458 5375 3618 5432 ptena
3643 5375 3758 5415 mu-

2186 5462 2347 5508 tetur.
2378 5453 2502 5522 Qui,
2532 5455 2725 5524 inquit,
2757 5470 2788 5511 e
2809 5455 3081 5510 contrario
3111 5456 3381 5510 dixerunt.
3430 5473 3449 5506 ι
3472 5451 3765 5509 'Conforta-

2187 5544 2386 5611 bimur,
2412 5565 2431 5597 ι
2461 5545 2516 5600 in
2542 5544 2700 5600 malis
2722 5544 2970 5601 videlicet
2994 5546 3267 5614 operibus,
3294 5544 3407 5601 sive
3417 5542 3572 5611 juxta
3593 5540 3762 5609 Aqui-

2189 5635 2293 5690 lam
2326 5650 2341 5666 °
2375 5654 2394 5688 ι
2423 5636 2851 5706 desperavimus,
2875 5656 2894 5689 ι
2924 5644 2979 5689 et
3001 5635 3155 5706 juxta
3184 5622 3588 5707 Symmachum,
3623 5650 3641 5683 ι
3668 5631 3764 5684 de-

2190 5727 2436 5795 fccimus,
2465 5746 2482 5779 ι
2514 5727 2657 5797 quod
2684 5736 2972 5798 utrumque
2991 5727 3209 5783 offendit
3237 5729 3521 5783 Dmuinum
3541 5767 3561 5788 ,
3584 5733 3641 5779 ut
3666 5732 3760 5777 aut
