4022 6186
261 347 367 403 937

255 474 603 533 nequaquam
629 478 690 515 se
713 467 866 531 putet
885 474 1043 529 posse
1065 457 1293 524 salvari,
1317 468 1411 513 aut
1435 458 1502 513 ad
1528 456 1844 527 placandum
1876 460 1920 520 A

254 555 428 609 Deum
456 552 641 609 animo
668 550 949 606 defecisse.
978 569 997 601 ι
1018 550 1084 604 Et
1104 559 1224 620 post
1244 550 1620 619 cogitationes,
1650 548 1842 617 inquit,

252 657 475 704 nostras
503 644 719 699 ibimus.
744 663 762 695 ι
806 643 908 700 Ubi
945 650 1030 698 cst
1061 659 1189 714 ergo
1217 643 1419 712 absque
1457 642 1629 713 gratia
1656 642 1751 696 Dei
1774 641 1841 695 li-

249 739 372 795 beri
394 737 605 792 arbitrii
631 744 898 806 potestas:
917 742 972 790 et
994 734 1229 805 propriae
1243 734 1507 805 judicium
1526 732 1842 796 voluntatis,

250 845 383 886 cum
410 828 633 898 grandis
653 826 859 882 offensa
883 828 954 881 sit
976 827 1091 889 Dei,
1126 827 1279 897 sequi
1309 825 1665 896 cogitationes
1692 839 1841 887 suas,

249 928 309 975 et
338 920 491 990 pravi
520 920 699 975 cordis
726 917 903 974 facere
928 918 1258 974 voluntatem
1285 917 1310 971 ?
1343 917 1632 988 Propterea
1659 915 1839 980 infert,

248 1009 491 1065 dicens:
523 1028 540 1060 ι
567 1009 898 1080 lnterrogate
926 1017 1137 1080 gentes,
1181 1020 1237 1064 et
1281 994 1470 1064 omnes
1510 1009 1564 1064 in
1611 1009 1840 1064 circuitu

245 1103 524 1167 nationes,
560 1102 689 1172 quis
724 1101 930 1165 fecerit,
965 1100 1088 1170 quis
1119 1100 1350 1155 audierit
1384 1100 1541 1155 idolis
1577 1101 1840 1163 serviens,

245 1209 374 1266 quae
397 1194 525 1250 fecit
548 1194 711 1249 nimis
729 1194 883 1264 virgo
906 1192 1115 1248 Israel?
1144 1213 1163 1245 ι
1192 1192 1453 1262 virginem
1474 1201 1657 1248 autem
1683 1201 1842 1247 vocat

244 1300 316 1340 eo
342 1285 491 1354 quod
514 1285 603 1339 uni
626 1285 737 1340 Deo
761 1284 1030 1349 servierit,
1053 1284 1269 1340 dicente
1288 1283 1553 1352 Propheta
1579 1301 1594 1336 :
1624 1303 1644 1335 ‹
1672 1282 1842 1339 Notus

245 1376 303 1430 in
325 1375 514 1431 Iudaea
544 1377 707 1440 Deus,
738 1377 792 1431 in
818 1375 981 1432 Israel
1011 1390 1265 1446 magnum
1291 1389 1485 1430 nomen
1517 1373 1633 1443 eius
1662 1372 1836 1445 (Psal.

244 1468 437 1534 LXIV).
469 1488 487 1523 ι

322 1581 342 1613 ι
371 1559 626 1630 Nunquid
671 1559 887 1616 deficiet
920 1560 987 1615 de
1019 1569 1170 1630 petra
1197 1558 1309 1630 agri
1347 1559 1437 1614 nix
1477 1558 1704 1625 Libani,
1744 1566 1839 1614 aut

248 1670 268 1702 ι
298 1650 460 1705 avelli
508 1659 733 1722 possunt
771 1665 924 1721 aqute
965 1660 1310 1719 erumpentes
1355 1649 1561 1717 frigidm
1586 1690 1600 1715 ,
1650 1656 1708 1703 et
1740 1649 1836 1703 de-

249 1764 269 1795 ι
300 1742 610 1798 fluentes?)
668 1741 1025 1814 Septuaginta
1068 1759 1083 1795 :
1132 1760 1150 1792 ι
1184 1739 1435 1811 Nunquid
1479 1740 1732 1796 deficient
1771 1740 1836 1795 de

1159 340 1527 403 EXi‘OSlTIO
1562 342 1787 401 SUPER
1822 338 2192 400 IEREMIAM.
2228 375 2299 393 —-
2334 344 2465 402 LIB.
2503 344 2639 402 Vill.

3422 353 3530 409 95$

2026 477 2044 510 ι
2075 457 2224 515 Sicut
2261 467 2454 515 ventus
2501 476 2663 516 urens
2710 462 3011 533 disperdam
3060 477 3153 519 eos
3195 481 3378 520 coram
3427 468 3533 522 iui-

1950 569 1969 599 σ
1997 550 2139 606 mico
2172 547 2299 621 (sive
2325 549 2582 623 inimicis)
2615 571 2626 604 :
2665 553 2882 606 dorsum
2909 561 2962 608 et
2994 568 3098 608 non
3126 552 3318 609 faciem
3356 566 3535 611 osten-

1950 659 1968 690 ι
1998 640 2119 694 dam
2157 641 2240 696 eis
2277 638 2331 697 in
2365 642 2450 696 die
2487 643 2803 713 perditionis
2840 660 3047 699 eorum.
3078 663 3098 696 ι
3148 643 3331 715 Usque
3374 649 3532 703 hodie

1944 733 2209 789 sententia
2234 733 2327 788 Dei
2363 743 2644 803 permanet
2681 737 2734 791 in
2767 734 2984 802 Iudaeis,
3031 738 3085 792 in
3132 746 3243 794 toto
3283 739 3415 795 orbe
3452 742 3533 795 di-

1922 820 2114 892 spersi
2152 832 2274 879 sunt
2301 840 2485 880 coram
2520 825 2737 883 inimico
2762 827 3005 893 diabolo,
3038 828 3125 884 vel
3153 828 3387 886 inimicis
3416 830 3529 886 dte-

1943 916 2213 981 monibus,
2251 924 2306 995 et
2342 932 2463 973 cum
2497 917 2687 973 diebus
2732 933 2796 973 ac
2838 920 3099 993 noctibus
3131 920 3187 976 in
3238 923 3526 993 synagogis

1942 1008 2158 1066 Sataoa:
2184 1010 2434 1066 invocent
2472 1025 2668 1064 nomen
2701 1010 2816 1076 Dei,
2877 1011 3092 1067 dorsum
3120 1022 3177 1070 et
3202 1030 3306 1069 non
3335 1013 3528 1072 faciem

1940 1117 2093 1157 suam
2131 1101 2367 1158 ostendit
2403 1102 2482 1157 eis
2525 1102 2683 1167 Deus,
2721 1110 2780 1155 ut
2816 1102 3114 1172 intelligant
3153 1118 3275 1159 eum
3313 1119 3529 1174 semper

1940 1196 2305 1260 recedentem,
2328 1203 2384 1248 et
2411 1208 2687 1264 nunquam
2714 1194 2780 1249 ad
2818 1208 2879 1250 se
2907 1195 3241 1260 venientem;
3282 1194 3398 1251 dies
3432 1211 3526 1251 au-

1942 1295 2045 1340 tem
2075 1286 2393 1355 perditionis
2412 1284 2667 1347 Iudaicae,
2694 1300 2856 1341 omne
2891 1295 3100 1356 tempus
3133 1295 3217 1341 est
3248 1296 3368 1357 post
3397 1303 3527 1357 pas-

1938 1379 2143 1432 sionem
2166 1377 2477 1437 Salvatoris,
2505 1392 2675 1447 usque
2695 1377 2762 1432 ad
2782 1378 3300 1433 consummationem
3320 1379 3527 1443 surculi,

1936 1477 1995 1522 ut
2021 1476 2327 1540 postquam
2367 1468 2753 1523 subintraverit
2784 1467 3061 1537 plenitudo
3098 1469 3357 1539 gentium,
3401 1478 3532 1525 tunc

1934 1561 2112 1615 omnis
2145 1561 2311 1616 Israel
2341 1561 2523 1617 salvus
2556 1560 2649 1616 ﬁat
2681 1559 2860 1632 (Rom.
2897 1560 2999 1634 ιι).

2010 1672 2028 1703 ι
2057 1653 2124 1708 Et
2164 1653 2420 1709 dixerunt
2450 1672 2462 1709 :
2500 1653 2691 1709 Venite
2724 1660 2780 1709 et
2819 1655 3120 1725 cogitemus
3153 1663 3343 1710 contra
3380 1652 3528 1712 Iere-

1940 1760 1961 1793 ι
1992 1743 2155 1797 miam
2176 1743 2562 1814 cogitationes;
2594 1757 2700 1798 non
2724 1743 2867 1799 enim
2904 1744 3105 1814 peribit
3145 1743 3233 1801 lex
3273 1760 3304 1799 a
3342 1760 3530 1802 sacer-

249 1851 271 1886 ι
302 1842 459 1905 petra
500 1835 663 1889 ubera
690 1874 706 1898 ,
746 1845 841 1888 aut
876 1834 964 1888 nix
1005 1834 1072 1888 de
1110 1832 1356 1887 Libano?
1407 1840 1501 1886 aut
1542 1832 1837 1887 declinabit
1871 1828 1911 1890 Β
1945 1852 1964 1885 ι
1991 1834 2138 1897 dote,
2185 1847 2362 1905 neque
2409 1834 2693 1890 consilium
2738 1849 2769 1889 a
2817 1835 3081 1904 sapiente,
3135 1851 3235 1892 nec
3276 1851 3456 1893 sermo
3496 1853 3524 1892 a

249 1945 271 1978 ι
296 1940 498 1995 aquam
543 1924 810 1979 violenter
838 1923 1103 1980 sublatam
1135 1924 1340 1978 vento?
1367 1942 1385 1974 ι
1442 1921 1574 1978 Tale
1614 1922 1742 1992 quid
1785 1930 1839 1975 et

243 2019 384 2077 illud
406 2019 759 2088 Virgilianutn
792 2029 949 2074 sonat
971 2015 1176 2087 (Eclog.
1206 2017 1246 2089 ι)
1282 2035 1295 2072 :

374 2132 505 2182 Ante
523 2132 662 2182 leves
686 2144 807 2192 ergo
826 2138 1083 2192 pascentur
1107 2132 1154 2178 in
1181 2130 1371 2178 antltrre
1402 2128 1535 2179 corvi
1556 2164 1571 2190 ,

374 2195 437 2245 Bt
457 2194 582 2245 freta
604 2194 882 2243 destituent
906 2195 1061 2243 nudos
1092 2194 1140 2240 in
1167 2192 1331 2242 littore
1357 2193 1521 2252 pisces
1540 2226 1556 2252 ,

372 2257 529 2316 Quam
563 2262 731 2306 nostro
756 2254 886 2306 illius
910 2254 1100 2305 labatur
1125 2263 1326 2319 pectore
1359 2252 1535 2302 vultus.

242 2359 313 2415 Et
338 2360 393 2415 in
420 2358 526 2415 alio
553 2357 673 2414 loco
692 2356 849 2429 (ίΕη.
876 2360 917 2427 ι)
945 2376 958 2409 :

374 2477 427 2527 In
449 2476 579 2527 freta
611 2475 727 2524 dum
753 2474 883 2523 ﬂuvii
907 2481 1128 2530 current,
1146 2473 1263 2520 dum
1280 2472 1524 2521 montibus
1546 2471 1733 2519 umbrae

371 2537 693 2596 Lustrabunt,
719 2548 936 2585 convexa
965 2536 1105 2596 polus
1124 2536 1238 2582 dum
1264 2535 1423 2596 sidera
1446 2541 1630 2592 pascet,

370 2602 580 2663 Semper
600 2593 754 2647 Itonos
777 2593 1055 2658 nomenque
1075 2604 1209 2645 tuum
1228 2594 1496 2656 laudi-sque
1522 2593 1802 2645 manebunt.

236 2684 546 2752 Quomodo,
568 2682 762 2753 inquit,
786 2683 878 2739 nix
897 2682 960 2738 de
971 2681 1159 2736 Libani
1179 2679 1579 2735 summitatibus
1605 2676 1837 2733 deiicere

238 2794 348 2833 non
370 2784 570 2847 potest,
593 2792 692 2833 nec
717 2775 845 2842 ullo,
877 2782 937 2830 ut
964 2774 1142 2831 omnis
1169 2774 1449 2843 liquescat,
1484 2772 1613 2826 solis
1642 2772 1835 2826 ardore

252 2879 555 2940 mperatur,
580 2867 917 2939 “nentesque
947 2868 1014 2922 de
1044 2865 1317 2922 montibus
1341 2865 1464 2929 rivi,
1490 2870 1832 2934 nequaquam

234 2959 519 3014 siccantur
557 2957 612 3011 in
652 2956 891 3013 fontibus
923 2975 935 3010 :
972 2956 1051 3012 sic
1097 2971 1275 3010 meum
1317 2969 1512 3010 nomen
1550 2953 1691 3024 quod
1737 2964 1837 3024 per

237 3056 301 3105 se
328 3047 524 3105 stabile
548 3056 653 3116 est,
687 3058 850 3118 atque
881 3054 1142 3120 perpetuo
1170 3061 1277 3101 non
1309 3044 1506 3116 poterit
1532 3042 1832 3109 immutari,

236 3153 295 3200 et
339 3152 524 3198 tamen
581 3157 703 3197 cum
758 3150 953 3197 caetera
1010 3146 1217 3195 natura:
1273 3138 1517 3194 ordinem
1575 3143 1827 3201 servent,
1857 3179 1889 3217 ί

237 3234 469 3308 pepalus
514 3250 666 3289 meus
711 3234 911 3290 oblitus
952 3242 1037 3289 est
1076 3233 1202 3287 mei.
1255 3232 1517 3302 Sequitur
1558 3231 1710 3286 enim
1744 3248 1757 3285 :

298 3332 333 3376 ’‹
362 3326 501 3394 Quia
521 3324 721 3380 oblitus
746 3333 830 3382 est
852 3325 956 3381 mei
983 3324 1209 3395 populus
1236 3338 1407 3389 meus,
1436 3322 1636 3378 frustra
1660 3321 1832 3376 liban-

240 3435 259 3467 ι
292 3423 396 3478 tes,
419 3422 474 3469 et
495 3412 856 3485 impingcntes
883 3412 937 3467 in
962 3411 1061 3476 viis
1089 3412 1225 3477 suis,
1248 3420 1305 3468 et
1338 3412 1392 3465 in
1418 3410 1627 3467 semitis
1651 3410 1829 3467 seculi

238 3526 259 3558 ι
292 3504 424 3577 (sive
473 3501 862 3576 sempiternis),
901 3510 960 3558 ut
1000 3500 1339 3557 ambularent
1377 3515 1591 3572 pereas
1636 3499 1830 3556 itinere

238 3616 260 3651 ι
289 3614 399 3652 non
433 3597 580 3651 trito.
613 3618 629 3648 ι
682 3596 785 3664 Qui
820 3594 1159 3650 obliviscitur
1196 3593 1315 3659 Dei,
1346 3600 1401 3649 et
1431 3591 1650 3662 reliquit
1681 3607 1827 3656 eum,

234 3690 330 3762 qui
362 3689 534 3744 dicit:
571 3708 588 3739 ι
615 3688 727 3759 Ego
755 3702 874 3742 sum
908 3686 993 3741 via
1024 3684 1205 3758 (Joan.
1242 3683 1378 3757 xxv),
1402 3704 1419 3735 ι
1454 3683 1693 3753 libatque
1727 3683 1831 3739 diis

236 3781 457 3848 alienis,
505 3779 754 3851 impingit
800 3778 856 3834 in
901 3778 1002 3833 viis
1049 3777 1181 3844 suis,
1224 3791 1567 3848 nequaquam
1589 3775 1705 3841 Dei,
1733 3776 1828 3832 sed

234 3875 376 3940 suis,
406 3883 462 3930 et
486 3873 737 3943 antiquas
758 3871 1221 3943 sempiternasque
1241 3870 1462 3925 semitas
1481 3868 1827 3939 derelinquit,

235 3975 361 4032 quae
387 3960 629 4015 omnium
659 3967 970 4014 sanctorum
1010 3964 1137 4013 sunt
1180 3956 1321 4012 trita:
1360 3954 1606 4026 vestigiis
1650 3955 1830 4010 colen-

234 4053 377 4107 tium
407 4049 595 4104 Dcum.
658 4047 745 4103 lsti
780 4061 911 4103 vero
952 4046 1365 4101 ambulaverunt
1400 4045 1450 4098 in
1494 4044 1686 4100 itinere
1722 4060 1825 4098 non

134 4182 139 4187 ν
236 4144 392 4208 trito,
422 4152 480 4197 et
515 4139 700 4195 relicto
728 4138 871 4194 cultu
917 4136 1011 4193 Dei
1051 4136 1190 4192 idola
1231 4136 1469 4192 venerati
1516 4145 1663 4200 sunt,
1701 4150 1827 4206 pro-

236 4244 363 4306 pter
393 4247 517 4303 qua:
544 4229 773 4286 infertur
795 4243 953 4298 poma
978 4242 1099 4297 qua:
1125 4227 1369 4309 sequitur
1394 4244 1405 4280 :

316 4345 336 4375 ι
364 4324 435 4379 Ut
469 4324 626 4378 fieret
660 4329 803 4376 terra
833 4333 1021 4375 eorum
1055 4320 1107 4373 in
1135 4319 1543 4385 desolationem,
1587 4327 1641 4375 ct
1676 4319 1727 4372 in
1760 4319 1830 4373 si-

241 4416 463 4473 chilum
508 4412 918 4482 sempiternum.
982 4409 1169 4466 Omnis
1225 4411 1316 4481 qui
1367 4413 1688 4481 praeterierit
1732 4429 1831 4483 per

1945 1926 2295 1997 «propheta:
2326 1927 2507 1982 venite
2551 1935 2607 1982 et
2645 1927 3012 1997 percutiamus
3054 1943 3177 1983 eum
3221 1928 3421 1999 lingua,
3471 1938 3527 1984 et

1945 2035 1965 2069 ι
1993 2032 2099 2071 non
2125 2018 2465 2072 attendamus
2488 2017 2555 2072 ad
2585 2016 2870 2071 universos
2890 2030 3171 2073 sermones
3192 2018 3328 2088 ejus.
3362 2038 3381 2069 ι
3419 2018 3525 2073 Ista

1936 2119 1991 2167 et
2019 2120 2149 2167 tunc
2171 2110 2478 2167 Iudaeorum
2507 2124 2698 2167 contra
2728 2111 3051 2178 Jeremiam,
3088 2114 3205 2168 sive
3240 2113 3528 2169 Dominum
3564 2156 3565 2159 η

1940 2201 2297 2269 Salvatorem,
2324 2211 2378 2257 et
2398 2204 2560 2259 hodie
2575 2205 2956 2261 haereticorum
2979 2214 3171 2260 contra
3197 2198 3381 2262 servos
3409 2207 3528 2273 ejus

1937 2298 2197 2370 cogitatio
2227 2306 2330 2363 est,
2362 2306 2422 2352 ut
2449 2298 2748 2354 calumnias
2787 2309 3018 2362 struant,
3050 2308 3105 2356 et
3133 2308 3350 2355 sanctos
3378 2301 3531 2355 viros

1937 2394 2283 2449 accusatione
2308 2394 2641 2463 praeveniunt
2667 2412 2679 2448 :
2708 2408 2808 2448 nec
2837 2393 3074 2465 cogitent
3105 2394 3233 2464 quid
3266 2392 3339 2448 illi
3375 2393 3523 2448 vcti-

1938 2485 2065 2540 tatis
2093 2484 2400 2556 loquantur,
2431 2486 2524 2541 sed
2561 2486 2688 2555 quid
2722 2486 2822 2556 ipsi
2856 2494 3067 2542 struant
3095 2487 3378 2542 mendacii.
3429 2483 3523 2538 Ia-

1937 2586 2087 2633 ctant
2136 2568 2283 2632 enim
2336 2578 2392 2632 in
2439 2578 2810 2633 sacerdotibus
2862 2587 2916 2633 et
2966 2580 3017 2632 in
3056 2578 3411 2648 sapientibus,
3470 2586 3530 2631 et

1935 2670 2417 2740 pseudoprophetis
2444 2670 2555 2724 suis
2582 2669 2758 2741 legem
2790 2670 2908 2735 Dei,
2937 2678 2993 2724 et
3018 2670 3299 2725 consilium
3331 2678 3386 2725 et
3414 2670 3526 2723 elo-

1937 2762 2121 2831 quium
2164 2777 2505 2831 permanere,
2550 2763 2763 2817 dicente
2796 2760 3085 2832 Scriptura
3117 2780 3131 2817 :
3163 2782 3180 2813 ι
3207 2763 3264 2817 ln
3304 2778 3527 2833 perver—

1922 2868 2053 2908 sam
2085 2855 2321 2908 animam
2359 2868 2465 2909 non
2497 2853 2721 2910 intrabit
2748 2855 3011 2922 sapientia
3044 2853 3198 2925 (δαν.
3228 2854 3291 2927 ι).
3327 2874 3347 2907 ι

2013 2970 2030 3004 ι
2060 2951 2316 3018 Attende,
2346 2952 2592 3017 Domine,
2617 2954 2683 3008 ad
2710 2968 2814 3019 me,
2842 2961 2897 3007 ct
2917 2953 3041 3008 audi
3066 2968 3250 3007 vocem
3274 2953 3524 3008 adversa-

1941 3063 1961 3097 ι
1990 3044 2191 3099 riorum
2216 3056 2480 3100 meorum.
2533 3043 2783 3116 Nunquid
2810 3044 3064 3101 reddetur
3097 3061 3195 3115 pro
3238 3046 3379 3101 bono
3411 3062 3527 3099 ma-

1942 3156 1961 3189 (
1991 3136 2120 3203 lum,
2152 3137 2277 3209 quia
2304 3128 2551 3193 foderunt
2577 3135 2783 3192 foveam
2807 3136 3002 3190 anima:
3020 3136 3191 3191 meat?
3217 3135 3524 3191 Recordare

1942 3220 2134 3300 (quod
2180 3229 2421 3284 steterim
2462 3225 2515 3282 in
2556 3234 2843 3296 conspectu
2895 3234 3007 3292 tuo,
3056 3233 3114 3279 ut
3150 3225 3399 3296 loquerer
3424 3241 3525 3296 pro

1939 3339 1959 3373 ι
1990 3322 2070 3376 eis
2112 3321 2334 3385 bonum,
2379 3328 2434 3374 et
2482 3327 2784 3374 avorterem
2824 3318 3248 3389 indignationem
3281 3325 3426 3371 tuam
3456 3315 3524 3369 ab

1939 3430 1960 3465 ι
1985 3404 2085 3468 eis.
2138 3410 2427 3483 Propterea
2451 3413 2516 3466 da
2541 3411 2678 3466 filios
2708 3425 2896 3466 eorum
2924 3410 2979 3465 in
3002 3409 3223 3476 famem,
3261 3417 3316 3465 et
3351 3408 3525 3464 deduc

1938 3523 1957 3556 σ
1987 3519 2082 3559 eos
2119 3504 2170 3557 in
2212 3517 2403 3557 manus
2443 3501 2624 3571 gladii.
2683 3500 3077 3556 Fiant‘uxores
3103 3514 3288 3555 eorum
3319 3499 3525 3569 absque

1936 3615 1955 3648 ι
1986 3595 2170 3651 liberis
2190 3604 2241 3649 et
2265 3594 2457 3658 viduae,
2502 3602 2555 3647 et
2574 3592 2675 3646 viri
2698 3605 2884 3646 earum
2908 3591 3301 3646 interficiantur
3326 3600 3518 3645 morte.

1937 3708 1955 3741 ι
1981 3688 2214 3744 Iuvenes
2239 3702 2423 3741 eorum
2453 3682 2827 3741 confodiantur
2863 3684 3038 3753 gladio
3081 3685 3134 3738 in
3168 3682 3382 3753 prtelio,
3427 3698 3523 3738 au-

1936 3800 1957 3834 ‹
1986 3781 2163 3835 diatur
2201 3779 2406 3835 clamor
2436 3779 2503 3834 de
2546 3778 2793 3833 domibus
2827 3791 3035 3832 eorum.
3068 3796 3086 3828 ι
3148 3775 3206 3830 ln
3243 3785 3372 3847 typo
3400 3777 3521 3847 qui-

1931 3870 2050 3924 dem
2084 3869 2381 3925 Salvatoris
2415 3868 2531 3924 haec
2576 3882 2606 3921 a
2657 3866 2851 3937 populo
2904 3864 3212 3919 Iudaeorum
3258 3865 3529 3921 Ieremias

1931 3962 2182 4017 universa
2207 3960 2526 4030 perpetitur,
2558 3958 2647 4027 qui
2682 3965 2888 4027 postea,
2919 3956 3216 4026 Babylonio
3243 3959 3527 4021 veniente,

1930 4060 2232 4106 vastantur.
2288 4048 2393 4104 Sed
2422 4047 2633 4119 plenius
2664 4056 2826 4117 atque
2858 4046 3153 4116 perfectius
3180 4046 3532 4115 complentur

1931 4143 1985 4199 in
2029 4141 2266 4205 Christo,
2304 4148 2361 4196 et
2396 4141 2530 4195 urbe
2560 4140 2839 4203 subversa,
2879 4136 3121 4195 Romano
3150 4138 3327 4209 gladio
3356 4139 3533 4195 truci--

1931 4236 2041 4293 dati
2079 4242 2204 4291 sunt
2234 4253 2248 4289 :
2279 4249 2386 4289 non
2414 4232 2483 4288 ob
2512 4231 2889 4297 idololatriam,
2922 4247 3040 4301 quae
3062 4246 3125 4285 eo
3151 4242 3389 4301 tempore
3410 4246 3531 4286 none

1929 4340 2070 4398 erat,
2101 4332 2195 4387 sed
2231 4331 2301 4386 ob
2328 4327 2758 4384 interfectionem
2801 4326 2920 4381 Filii
2961 4326 3077 4391 Dei,
3124 4326 3339 4397 quando
3380 4342 3529 4382 cun-

1929 4433 2048 4482 ctus
2070 4416 2229 4478 simul
2253 4420 2479 4492 populus
2502 4418 2858 4475 conclamavit
2882 4437 2895 4473 :
2930 4437 2949 4470 ‹
2978 4416 3145 4479 Tolle,
3173 4418 3293 4471 tolle
3326 4417 3481 4473 talem
3502 4437 3531 4484 ;.

239 4529 263 4562 ι
290 4522 413 4563 eam
460 4505 843 4573 ObSll'Pesceh
894 4510 948 4557 ει
983 4501 1219 4593 ιηφνεὺῖῐ
1262 4513 1423 4571 (Ἥρω
1471 4520 1647 4558 sum“.
1681 4524 1701 4555 ³
1762 4505 1827 4560 Et
1856 4535 1905 4593 υ
1932 4534 2036 4573 non
2069 4516 2329 4572 habemus
2359 4528 2562 4585 regem,
2590 4512 2692 4568 nisi
2723 4511 2987 4569 Caesarem
3020 4511 3198 4584 (Joan.
3234 4510 3367 4583 vix).
3392 4532 3409 4561 ι
3453 4513 3531 4568 Et

237 4598 365 4670 quia
394 4595 813 4663 dereliquerunt,
855 4593 948 4657 ait,
987 4592 1189 4646 cultum
1233 4593 1344 4659 Dei,
1387 4601 1442 4648 et
1481 4610 1678 4665 pravas
1713 4597 1828 4653 ido-

235 4686 469 4744 lolatria:
495 4683 716 4740 semitas
745 4691 870 4737 sunt
897 4683 1087 4749 secuti,
1132 4694 1416 4755 propterea
1457 4693 1598 4741 terra
1638 4703 1825 4747 eorum

238 4782 462 4835 redacta
484 4785 569 4833 est
594 4778 646 4832 in
673 4774 1037 4839 solitudinem,
1069 4785 1123 4831 et
1156 4777 1208 4831 in
1241 4776 1559 4833 miraculum
1586 4783 1824 4838 omnium

234 4869 587 4937 sibilumque,
632 4864 708 4920 ita
748 4874 805 4919 ut
841 4864 932 4937 qui
980 4875 1182 4921 terram
1227 4868 1494 4936 quondam
1541 4878 1593 4924 et
1637 4873 1826 4927 urbem

236 4958 680 5015 florentissimam
723 4956 952 5011 viderint
988 4954 1041 5011 in
1081 4957 1351 5012 desertum
1386 4966 1441 5012 et
1465 4959 1676 5016 cineres
1708 4977 1828 5021 esse
1866 4968 1873 4971 ⁷

236 5052 563 5121 collapsam,
587 5048 922 5103 admirentur
954 5056 1009 5102 et
1043 5056 1313 5118 stupeant,
1341 5058 1393 5103 et
1422 5051 1614 5106 anima:
1643 5052 1831 5107 confu-

237 5146 450 5201 sionem
481 5151 634 5214 gestu
673 5141 919 5211 corporis
952 5141 1206 5196 indicent.
1255 5140 1368 5196 Hoc
1407 5153 1489 5198 est
1522 5144 1667 5199 enim
1710 5160 1829 5199 mo-

236 5249 369 5290 vere
403 5243 566 5302 caput
590 5241 645 5289 et
688 5241 962 5301 stuporem
1002 5232 1200 5287 mentis
1237 5231 1394 5287 sibilo
1436 5232 1825 5289 demonstrare.

235 5329 395 5398 Quod
417 5328 630 5400 plenius
657 5334 711 5382 et
736 5326 939 5381 rectius
960 5331 1079 5396 post
1109 5326 1399 5380 adventum
1433 5326 1643 5381 Domini
1676 5324 1832 5381 intel-

236 5420 459 5493 ligimus
491 5432 611 5474 esse
654 5416 999 5488 completum,
1046 5416 1262 5487 quando
1308 5416 1485 5472 nullus
1521 5413 1827 5472 Iudaeorum

240 5524 441 5569 terram
491 5511 790 5581 quondam,
838 5519 893 5563 et
947 5508 1132 5564 urbem
1180 5518 1424 5564 sanctam
1470 5508 1672 5580 ingredi
1714 5508 1830 5579 lege

236 5604 610 5675 permittatur,
656 5603 749 5658 sed
797 5618 916 5657 cum
962 5603 1028 5657 ad
1087 5602 1361 5673 planctum
1418 5603 1683 5666 venerint,
1728 5604 1831 5657 mi—

241 5705 432 5749 rantur
465 5704 519 5749 ct
554 5695 744 5749 delicat
778 5694 1032 5750 vaticinia
1067 5689 1452 5766 prophetarum
1491 5709 1654 5765 opere
1684 5710 1832 5750 eom-

246 5789 409 5857 picta.

1930 4605 2246 4677 imprecatio
2273 4619 2461 4659 eorum
2496 4611 2697 4659 aeterna
2723 4603 3067 4658 damnatione
3096 4601 3356 4671 completa
3392 4612 3473 4657 est
3500 4620 3529 4657 ε

1936 4717 1956 4750 ι
1985 4696 2216 4767 Sanguis
2236 4693 2351 4765 ejus
2372 4708 2534 4764 super
2545 4707 2644 4748 nos
2659 4702 2715 4748 et
2733 4708 2895 4763 super
2917 4692 3054 4748 ﬁlios
3072 4699 3283 4746 nostros
3300 4690 3524 4764 (Matth-

1930 4787 2441 4863 xxvtt).tFoderant
2469 4787 2614 4843 enim
2645 4786 2860 4842 Christo
2885 4785 3115 4852 foveam,
3147 4797 3201 4844 et
3229 4788 3477 4844 dixerant
3501 4807 3524 4840 ;

1938 4899 1956 4932 ι
1986 4878 2307 4934 Auferamus
2342 4891 2464 4933 eum
2513 4877 2579 4932 de
2616 4886 2763 4932 terra
2801 4878 3095 4932 viventium
3143 4877 3278 4950 (ha.
3324 4876 3463 4947 Llll).
3493 4895 3519 4927 ι

1932 4969 2034 5038 Qui
2063 4977 2225 5025 tanta:
2246 4983 2371 5038 erga
2400 4983 2494 5024 eos
2515 4967 2898 5024 misericordiae
2918 4968 3039 5034 fuit,
3062 4976 3117 5024 et
3136 4970 3286 5025 stetit
3305 4968 3360 5022 in
3384 4982 3520 5022 con-

1931 5068 2116 5130 specto
2145 5056 2342 5130 Patris,
2372 5052 2433 5113 nt
2462 5058 2771 5128 loqueretur
2797 5075 2896 5128 pro
2925 5057 3005 5113 eis
3033 5060 3252 5122 bonum,
3283 5065 3339 5112 et
3366 5071 3523 5112 aver-

1931 5159 2070 5206 teret
2088 5150 2509 5221 indignationem
2538 5149 2681 5203 illius
2706 5149 2773 5204 ab
2798 5150 2897 5215 eis,
2936 5155 2995 5202 ut
3027 5149 3077 5201 in
3106 5162 3268 5203 cruce
3304 5160 3518 5217 quoque

1934 5241 2137 5298 diceret
2174 5260 2186 5294 :
2226 5259 2243 5291 ι
2269 5239 2460 5304 Pater,
2509 5241 2726 5311 ignosce
2756 5241 2835 5297 eis
2863 5258 2876 5294 :
2908 5239 3049 5309 quod
3090 5238 3234 5293 enim
3277 5236 3516 5304 faciunt,

1932 5330 2178 5386 nesciunt
2203 5327 2355 5400 (Luc.
2387 5328 2566 5400 χχιιι).
2596 5349 2615 5382 ι
2667 5328 2948 5384 Manifesta
2985 5327 3424 5395 transcurrimus,
3460 5324 3543 5383 ut.

1932 5425 1988 5478 in
2029 5420 2434 5477 obscurioribus
2487 5419 2836 5476 immorcmur
2878 5434 2894 5473 :
2937 5433 3274 5489 nequaquam
3321 5419 3519 5475 delira-

1935 5521 2118 5568 menta
2150 5513 2526 5581 quorumdam,
2569 5520 2621 5566 ct
2652 5510 3016 5580 captivitatem
3046 5508 3284 5565 coalestis
3328 5508 3518 5563 Hieru-

1936 5604 2101 5660 salem
2144 5603 2590 5671 interpretantes,
2631 5601 2723 5656 sed
2761 5601 3095 5672 perspicuam
3133 5598 3433 5667 historiam,
3462 5609 3518 5656 et

1936 5694 2428 5751 manifestissimam
2461 5686 2797 5763 prophetiam
2823 5693 2968 5748 omni
2995 5693 3284 5750 verborum
3314 5700 3371 5750 ct
3394 5706 3518 5750 scut-

1939 5801 2095 5843 suum
2119 5785 2439 5844 conﬁdentia
2465 5794 2869 5857 persequentes.
