4022 6186
548 369 652 424 959

1181 367 1240 419 Β.
1283 363 1532 418 ΠᾹΒᾹΝΙ
1572 362 1790 417 MAURI
1825 359 2136 415 ARCHIEP.
2184 359 2487 415 MOGUNT.
2530 359 2810 416 OPERUM
2847 357 3025 416 PARS
3065 359 3158 415 Ill.-

3692 361 3812 420 901'

624 499 642 531 ι
679 473 924 534 Adduccs
953 478 1092 531 enim
1118 465 1276 544 super
1313 492 1405 529 eos
1433 471 1692 528 latmnem
1725 482 1963 543 repente,
1991 472 2116 540 quia
2149 481 2190 532 Α
2219 482 2402 557 amp,
2428 471 2634 538 karath,
2659 474 2759 528 tria
2787 475 2902 528 haec
2922 473 3210 542 signiﬁcat,
3231 474 3468 544 vultque,
3495 489 3612 545 qua:
3636 477 3814 532 dictu-

551 590 573 623 ‹
612 571 862 624 foderunt
896 568 1134 630 foveam,
1169 576 1227 618 ut
1249 573 1502 634 caperent
1530 579 1634 628 me,
1667 571 1723 616 et
1751 563 1970 633 lgqueos
2000 563 2125 616 abs-

554 677 574 711 ‹
612 657 907 714 conderunt
947 655 1170 726 pedibus
1215 653 1365 707 meis.
1405 651 1484 706 Tu
1510 663 1711 718 autem,
1744 650 1990 715 Domine,
2021 652 2129 706 seis

553 765 571 798 ς
612 761 770 801 rumne
798 744 1081 800 consilium
1123 758 1308 798 eorum
1345 744 1626 797 adversum
1669 756 1756 797 me
1786 741 1838 796 in
1875 750 2124 796 mortem.

555 860 572 888 ι
617 837 691 892 Ne
721 835 1028 906 propitieris
1064 833 1333 902 iniquitati
1367 847 1588 898 eorum,
1629 840 1684 886 et
1718 843 1993 902 peccatum
2033 846 2126 886 eo‘

554 949 570 977 ‹
615 944 728 981 rum
774 942 802 979 a
847 926 984 979 faeie
1029 933 1119 978 tua
1164 939 1267 977 non
1310 922 1574 978 deleatur.
1613 921 1774 976 Fiant
1798 932 2129 984 ,corruentcs

557 1039 572 1068 ι
614 1019 752 1087 (sive
791 1013 1175 1086 impingentes)
1220 1015 1272 1068 in
1312 1021 1602 1083 conspectu
1644 1022 1762 1077 tuo,
1803 1013 1854 1066 in
1889 1021 2129 1079 tempore

555 1126 573 1155 ι
614 1105 808 1159 furoris
846 1105 919 1158 tui
972 1105 1193 1157 abutere
1232 1103 1310 1157 eis
1347 1101 1483 1172 (sive
1523 1101 1607 1156 fac
1645 1101 1700 1154 in
1737 1100 1869 1172 eis).
1907 1119 1926 1152 ι
1971 1098 2027 1153 Si
2061 1098 2128 1154 de

546 1195 780 1250 Jeremia
825 1193 1200 1262 intelligimus,
1241 1191 1580 1262 repentinum
1621 1190 1886 1244 latronem
1928 1187 2131 1242 refera-

550 1301 670 1338 mus
696 1285 762 1338 ad
790 1281 1308 1344 Nabuchodonosor;
1350 1279 1395 1334 si
1429 1281 1494 1334 de
1524 1278 1824 1343 Salvatore,
1863 1278 2006 1348 quod
2040 1293 2130 1333 ve-

549 1377 660 1430 rius
699 1385 752 1430 et
792 1375 982 1428 melius
1017 1380 1134 1438 est,
1173 1373 1240 1427 ad
1274 1370 1576 1426 Romanum
1613 1369 1932 1424 exercitum.
1966 1369 2032 1422 Et
2069 1376 2131 1422 ut

542 1468 686 1538 justa
727 1465 971 1520 videatur
1007 1463 1278 1518 sententia
1313 1459 1437 1528 Dei,
1482 1461 1702 1530 exponit
1734 1460 1862 1529 quid
1903 1458 2133 1513 fecerint

551 1561 743 1609 contra
787 1552 1061 1608 Christum
1107 1551 1299 1605 Filium
1345 1551 1470 1615 Dei,
1520 1559 1575 1604 et
1625 1548 1754 1618 quid
1798 1548 1942 1620 passi
1995 1549 2127 1604 sint.

546 1644 700 1713 Quod
739 1654 921 1699 autem
955 1641 1118 1698 infert
1155 1661 1168 1697 :
1213 1661 1232 1694 ι
1275 1641 1354 1696 Ne
1390 1641 1696 1712 propitieris
1728 1641 1997 1710 iniquitati
2037 1655 2134 1694 eo-

549 1747 702 1798 rum,
732 1740 786 1786 et
805 1740 1083 1802 peccatum
1110 1746 1296 1786 eorum
1326 1747 1355 1784 a
1387 1730 1523 1786 facie
1553 1739 1645 1785 tua
1672 1743 1778 1784 non
1808 1731 2072 1794 deleatur,
2104 1748 2126 1781 ι

2229 579 2321 619 rus
2335 576 2438 628 est,
2450 573 2505 619 et
2523 581 2678 636 reges
2687 563 2821 621 J‘uda
2837 566 3044 632 audire,
3069 576 3124 621 et
3139 565 3468 622 habitatores
3480 563 3804 630 Jerusalem,

2225 655 2280 709 id
2305 665 2388 709 est
2413 665 2468 710 et
2502 656 2724 725 stirpem
2761 657 2964 726 regiam
2993 665 3048 711 et
3075 672 3290 711 omnem
3325 658 3599 729 populum,
3629 669 3699 713 ut
3729 660 3811 715 in-

2224 745 2562 800 excusabiles
2588 746 2716 809 sint,
2751 747 2841 815 qui
2869 746 3056 802 audire
3089 746 3376 802 noluerint.

2302 854 2321 886 ι
2350 833 2473 890 Haec
2493 835 2621 890 dicit
2641 836 2896 890 Dominus
2915 836 3272 900 exercituum,
3287 837 3430 892 Deus
3449 836 3652 892 Israel:
3675 837 3812 893 Ecce

2231 943 2252 976 ε
2285 941 2384 995 ego
2417 928 2663 981 inducam
2694 925 3032 982 aﬁlictionem
3070 925 3196 999 (sive
3232 929 3390 1000 mala)
3431 945 3593 1000 super
3627 929 3807 984 locum

2232 1033 2251 1066 ι
2287 1017 2478 1082 istum,
2521 1016 2594 1071 ita
2633 1025 2692 1070 ut
2728 1017 2906 1072 omnis
2939 1017 3028 1086 qui
3075 1017 3305 1072 audierit
3343 1017 3489 1072 illam
3519 1020 3665 1089 (sive
3701 1019 3810 1082 illa,

2232 1125 2252 1157 α
2287 1106 2518 1160 tinniant
2543 1121 2701 1160 aures
2739 1105 2878 1174 ejus,
2907 1121 2972 1161 eo
3001 1107 3144 1176 quod
3175 1106 3576 1177 dereliquerunt
3613 1122 3728 1170 me,
3760 1117 3813 1162 et

2233 1212 2254 1246 ‹
2290 1195 2523 1249 alienum
2553 1195 2797 1250 fecerunt
2830 1195 3006 1250 locum
3031 1196 3216 1260 istum,
3243 1205 3298 1251 et
3325 1197 3632 1251 libaverant
3659 1197 3718 1250 in
3747 1213 3814 1252 eo

2233 1301 2252 1334 ‹
2288 1284 2391 1339 diis
2417 1285 2629 1349 alienis,
2662 1299 2797 1355 quos
2833 1286 3144 1340 nescierunt
3177 1287 3278 1357 ipsi
3313 1293 3368 1341 et
3399 1295 3580 1356 patres
3617 1299 3808 1342 eorum

2233 1391 2251 1424 α
2289 1383 2345 1430 et
2383 1389 2534 1446 reges
2562 1373 2698 1430 Juda
2736 1395 2750 1431 :
2789 1383 2846 1430 et
2883 1375 3224 1446 repleverunt
3264 1375 3438 1431 locum
3479 1376 3649 1431 istum
3690 1393 3812 1432 san-

2235 1483 2253 1516 ι
2286 1466 2446 1536 guine
2468 1466 2834 1532 innocentum,
2861 1477 2917 1520 et
2935 1465 3338 1521 :ndiﬁcaverunt
3359 1465 3576 1521 excelsa
3607 1466 3822 1520 Baalim

2235 1577 2255 1610 ο
2291 1561 2357 1614 ad
2382 1559 2775 1614 comburendos
2797 1557 2936 1614 ﬁlios
2957 1572 3082 1613 suos
3107 1557 3160 1612 in
3189 1557 3560 1612 holocaustum
3583 1555 3810 1618 Baalim.

2235 1669 2255 1702 ι
2291 1667 2410 1722 qua:
2439 1665 2544 1706 non
2569 1651 2798 1721 praecepi
2835 1649 2961 1720 (sive
2988 1647 3264 1722 cogitavi),
3300 1663 3400 1704 nec
3424 1650 3644 1704 locutus
3673 1664 3819 1711 sum,

2237 1760 2254 1793 ι
2296 1757 2394 1797 nec
2431 1741 2788 1797 ascenderunt
2823 1741 2878 1796 in
2917 1755 3012 1796 cor
3041 1755 3239 1795 meum.
3275 1758 3300 1792 ι
3337 1739 3405 1793 Et
3445 1739 3594 1794 hunc
3639 1740 3814 1794 locum

548 1837 886 1892 nequaquam
923 1821 1090 1892 priori
1131 1821 1411 1876 sententiae
1435 1822 1769 1876 contrarium
1799 1829 1914 1887 est,
1944 1819 2001 1876 in
2026 1834 2132 1891 qua

2236 1829 2397 1886 stulte
2421 1830 2635 1898 quidam
2659 1829 2726 1884 ad
2753 1829 3027 1884 caelestem
3051 1827 3291 1884 referunt
3313 1825 3642 1882 Jerusalem.
3667 1827 3815 1894 Quod

549 1927 647 1981 pro
671 1912 865 1982 populo
889 1913 1209 1980 deprecatur
1235 1910 1472 1965 Patrem.
1502 1909 1606 1966 Sed
1635 1920 1918 1981 postquam
1947 1911 2131 1966 datum

549 2011 760 2073 tempus
798 2002 1128 2072 pmnitentiae
1167 2002 1456 2072 prieteriit,
1495 2010 1550 2058 et
1584 2001 1660 2056 illi
1699 2002 1755 2056 in
1793 2016 1894 2056 suo
1929 2001 2134 2057 scelere

547 2103 916 2164 perseverant,
943 2093 1125 2163 populi
1153 2108 1218 2148 ac
1253 2093 1496 2148 seniores
1520 2108 1628 2148 non
1667 2101 1779 2147 tam
1805 2105 1906 2162 pro
1940 2105 2000 2148 se
2031 2105 2133 2162 pu-

551 2184 777 2238 niuntur
803 2198 965 2254 quam
988 2197 1086 2252 pro
1115 2182 1255 2248 aliis,
1299 2197 1368 2238 ne
1409 2181 1636 2236 inultum
1663 2189 1945 2252 peccatum
1976 2188 2136 2236 caete-

552 2275 626 2328 ris
656 2282 849 2328 noceat
871 2272 1140 2342 exemplo.
1173 2272 1432 2342 Quodque
1461 2271 1664 2328 infert:
1701 2291 1720 2324 ι
1751 2271 1912 2328 Fiant
1943 2271 2136 2342 impin-

547 2375 738 2434 gentes
769 2384 788 2418 ι
825 2365 951 2437 (sive
997 2383 1016 2416 ι
1053 2373 1366 2420 corruentes
1399 2368 1446 2437 ι)
1484 2383 1502 2416 ι
1536 2366 1591 2420 in
1626 2372 1918 2435 conspectu
1948 2373 2072 2430 tuo,
2109 2381 2130 2416 ι

551 2456 692 2509 illius
731 2455 880 2510 Isaia:
921 2463 976 2510 et
1017 2453 1164 2510 Petri
1207 2455 1431 2524 apostoli
1474 2455 1651 2510 simile
1685 2462 1771 2510 est
1806 2473 1819 2508 :
1864 2472 1884 2505 ι
1921 2455 1990 2509 Ει
2023 2469 2134 2509 non

551 2546 855 2617 impingctis
903 2547 1044 2601 sicut
1091 2547 1144 2601 in
1191 2545 1421 2617 lapidem
1465 2546 1780 2603 oﬂ'ensionis
1825 2555 1881 2603 et
1925 2557 2134 2618 petram

548 2636 788 2689 scandali
811 2635 947 2706 (Isa.
971 2651 1101 2703 vm;
1131 2635 1161 2688 Ι
1205 2635 1350 2690 Petr.
1393 2635 1474 2710 ιι).
1514 2656 1533 2688 ι
1563 2637 1725 2708 Cujus
1749 2647 1806 2693 et
1832 2639 1884 2693 in
1907 2639 2137 2696 Psalmis

550 2725 816 2796 l‘r0pheta
843 2728 1130 2782 meminit:
1167 2746 1187 2780 ι
1219 2727 1474 2798 Lapidem
1511 2744 1670 2800 quem
1710 2731 2136 2800 reprobaverunt

549 2816 902 2884 aediﬁcantes,
928 2818 1016 2873 hic
1041 2819 1214 2875 factus
1239 2828 1324 2874 est
1345 2819 1397 2874 in
1421 2828 1584 2890 caput
1608 2820 1813 2892 anguli.
1837 2821 1884 2873 A
1907 2819 2136 2878 Domino

551 2906 751 2963 factum
777 2917 861 2965 est
887 2909 991 2965 hoc
1018 2907 1192 2982 (Psal.
1223 2909 1410 2980 cxvn).
1444 2929 1464 2963 ι

1138 3022 1366 3079 CAPUT
1405 3022 1543 3078 XIX.

552 3111 658 3166 Per
711 3113 1077 3185 contritione":
1139 3113 1433 3185 logimrulm
1475 3114 1830 3185 signiﬁcatur
1889 3114 2130 3170 contritio

771 3182 1064 3236 Jerusalem
1091 3182 1299 3254 propter
1323 3182 1674 3238 idololatrian:
1706 3183 1917 3249 Ennon.

629 3312 645 3343 ι
683 3292 810 3347 Haec
833 3293 963 3348 dicit
990 3293 1250 3349 Dominus
1279 3312 1294 3348 :
1327 3295 1492 3360 Vade,
1522 3303 1578 3350 et
1605 3309 1757 3350 sume
1793 3295 2130 3362 lagunculam

558 3406 574 3432 ο
621 3384 762 3455 ﬁguli
813 3392 1041 3440 testeam
1075 3385 1143 3440 de
1167 3385 1468 3441 senioribus
1488 3385 1688 3457 populi,
1719 3401 1784 3441 ac
1810 3387 1876 3442 de
1903 3387 2132 3443 seniori-

557 3494 572 3519 α
613 3475 710 3528 bus
750 3473 1090 3529 sacerdotum
1122 3493 1136 3528 :
1175 3484 1229 3530 et
1264 3477 1519 3546 egredere
1556 3477 1622 3532 ad
1660 3476 1853 3531 vallem
1893 3477 1988 3532 ﬁlii
2025 3478 2133 3532 En-

557 3590 571 3613 ‹
613 3582 767 3632 nom,
811 3583 931 3638 quas
963 3576 1049 3623 est
1085 3568 1242 3638 juxta
1283 3568 1560 3623 introitum
1596 3578 1765 3640 portae
1799 3569 1977 3626 ﬁctilis
2011 3569 2136 3643 (sive

558 3681 572 3704 ι
615 3657 910 3728 Charsith),
941 3667 995 3714 et
1021 3658 1340 3728 prmdicabis
1369 3659 1498 3729 (sive
1528 3657 1818 3724 clamabis,
1854 3659 1938 3714 vel
1967 3656 2133 3731 leges)

558 3767 574 3795 ‹
617 3747 687 3800 ibi
717 3745 880 3801 verba
910 3761 1030 3816 quae
1063 3763 1164 3820 ego
1204 3747 1396 3817 loquar
1425 3746 1493 3802 ad
1521 3757 1596 3812 te,
1636 3755 1692 3802 et
1725 3747 1872 3804 dices
1899 3766 1912 3801 :
1941 3746 2135 3804 Audite

557 3859 572 3885 ι
615 3837 836 3893 verbum
865 3839 1098 3905 Domini,
1129 3855 1283 3909 reges
1305 3838 1440 3894 Juda
1474 3849 1528 3894 ct
1554 3839 1888 3894 habitatores
1910 3837 2132 3894 Jerusa-

557 3949 572 3976 ι
615 3930 737 3984 lem.
773 3950 794 3982 ι
827 3930 934 3985 Pro
959 3931 1277 4002 languncula
1303 3931 1472 4004 ﬁguli,
1499 3947 1617 4002 quin
1645 3931 1908 3988 Hebraice
1937 3932 2138 3988 dicitur

547 4029 720 4105 papa,
746 4019 1041 4086 backebeck,
1066 4020 1210 4076 LXX
1233 4020 1485 4075 doliolum
1511 4021 1901 4076 transtulerunt
1927 4041 1939 4076 :
1965 4031 2020 4078 et
2035 4038 2136 4094 pro

550 4126 583 4179 ιι
625 4119 705 4164 rta
735 4111 887 4166 ﬁctili
914 4112 1128 4181 Aquila,
1157 4110 1514 4182 Symmachus
1534 4120 1590 4166 et
1614 4111 1930 4176 Theodotio,
1960 4112 2132 4184 ipsum

548 4201 774 4254 verbum
819 4210 1113 4270 posuerunt
1156 4199 1482 4256 Hebraicum
1515 4209 1720 4265 nlo-in,
1762 4201 1986 4267 harsith,
2037 4217 2136 4271 pro

549 4306 659 4359 quo
685 4288 847 4354 LXX,
871 4288 1028 4358 juxta
1059 4305 1261 4344 morem
1292 4304 1468 4353 suum,
1497 4304 1596 4360 pro
1622 4290 1948 4360 aspiratione
1970 4303 2011 4352 Π
2043 4291 2133 4347 lit-

551 4390 682 4436 terae
723 4380 1047 4436 addiderunt
1084 4402 1130 4454 χ
1177 4379 1458 4445 ϐιωοιιιιι,
1501 4387 1560 4433 ιιι
1602 4381 1846 4435 dicerent
1891 4379 2135 4434 Charsith

551 4489 650 4541 pro
679 4473 879 4526 harsitli
906 4489 926 4528 :
956 4473 1095 4527 sicut
1131 4472 1258 4526 illud
1287 4482 1371 4527 est
1409 4471 1620 4526 Hebron
1653 4487 1750 4542 pro
1779 4470 2046 4538 Chebron,
2079 4481 2134 4528 et

553 4577 650 4629 pro
687 4561 930 4628 Hieriho,
958 4561 1226 4616 Hiericho.
1260 4561 1382 4615 Vult
1410 4571 1588 4617 autem
1619 4562 1898 4632 Scriptura
1931 4563 2130 4630 dirina,

556 4668 658 4704 non
695 4651 866 4705 solum
909 4653 1129 4707 auribus
1171 4654 1348 4707 doceri
1391 4655 1669 4722 populum,
1707 4656 1799 4710 sed
1843 4664 1898 4710 et
1941 4656 2131 4712 oculis.

554 4739 722 4808 Magis
745 4740 888 4794 enim
911 4749 964 4794 ut
981 4740 1093 4808 jam
1108 4742 1340 4797 diximus
1356 4753 1536 4798 ruente
1561 4745 1822 4800 retinetur
1835 4746 2131 4814 quodvisu,

553 4844 715 4898 quam
749 4829 894 4898 quod
921 4831 1106 4884 auditu
1125 4831 1190 4884 ad
1221 4832 1456 4885 animum
1483 4835 1748 4902 pervenit.
1785 4853 1805 4888 ι
1840 4835 2010 4900 Tolle,
2045 4836 2130 4890 in-

553 4918 702 4987 quit,
732 4917 1068 4986 lagunculam
1097 4927 1322 4974 testeam
1347 4919 1483 4992 (sive
1513 4921 1785 4994 doliolum)
1816 4925 1880 4979 de
1907 4925 2134 4980 seniori-

556 5012 656 5064 bus
682 5009 862 5079 populi
892 5027 957 5065 ac
980 5011 1344 5076 sacerdotum,
1367 5021 1420 5066 ct
1448 5014 1700 5082 egredere
1727 5015 1794 5069 ad
1822 5015 2012 5072 vallem
2039 5016 2134 5072 ﬁlii

555 5101 815 5160 Ennom.»
845 5102 912 5156 de
937 5113 1040 5171 qua
1064 5117 1226 5171 supra
1263 5103 1496 5158 diximus
1529 5123 1542 5157 :
1576 5104 1666 5158 ubi
1701 5114 1818 5161 crat
1853 5106 2134 5163 delubrum

556 5189 702 5256 liaal,
743 5200 796 5247 et
827 5206 1016 5246 nemus
1051 5208 1114 5247 ac
1159 5192 1329 5258 lucus,
1385 5192 1530 5249 Siloe
1573 5193 1810 5250 fontibus
1859 5197 2131 5268 irrigatus.

555 5282 670 5350 Ipsa
697 5289 902 5346 autem,
937 5281 1130 5350 inquit,
1158 5281 1481 5351 vallisjnxta
1510 5292 1720 5352 portam
1743 5292 1846 5348 est,
1871 5272 1991 5354 quae
2025 5285 2132 5340 lle-

557 5374 702 5426 hrtco
726 5387 974 5431 sermone
995 5385 1204 5441 n‘Dﬁn,
1232 5377 1456 5442 Imrsith,
1487 5379 1586 5433 hoc
1614 5387 1696 5434 est
1723 5379 1922 5444 ﬁctilis,
1949 5380 2132 5449 appel-

556 5464 718 5518 latur.
769 5467 835 5520 Et
881 5469 1232 5536 prtedicabis,
1277 5469 1360 5523 vel
1399 5470 1543 5540 leges
1581 5471 1650 5524 ibi
1682 5472 1843 5526 verba
1879 5488 1999 5542 quae
2036 5487 2136 5542 ego

559 5552 747 5622 loquar
781 5565 988 5623 tecum,
1026 5567 1084 5610 ut
1127 5559 1197 5614 ibi
1233 5560 1541 5626 audiantur,
1572 5577 1691 5632 quae
1716 5561 1958 5616 dicturus
1991 5577 2132 5616 sum.

557 5639 682 5697 Ideo
711 5653 892 5700 autem
933 5647 1062 5718 (jam
1095 5658 1154 5702 ut
1191 5649 1446 5718 diximus)
1485 5660 1539 5705 et
1575 5649 1904 5720 pra-‘dicabis,
1941 5659 1994 5704 et
2023 5650 2134 5705 cla-

559 5736 745 5804 mabis,
793 5747 850 5793 ct
895 5739 1030 5810 leges
1073 5741 1308 5809 ponitur,
1360 5743 1484 5812 quia
1534 5745 1754 5798 verbum
1810 5742 2133 5798 ilcbraicum

2234 1935 2302 1978 ne
2337 1933 2551 1991 semper
2584 1921 2923 1986 admoneam,
2954 1929 3160 1976 tantum
3191 1921 3294 1976 hoc
3321 1921 3525 1976 dixisse
3561 1919 3814 1981 suﬁiciat,

2231 2011 2505 2067 vitandam
2531 2012 2834 2068 istiusmodi
2857 2011 3288 2082 explanationem
3321 2027 3461 2076 esse,
3493 2013 3608 2068 imo
3644 2014 3816 2068 haere-

2233 2103 2357 2166 sim,
2383 2118 2504 2172 qua:
2529 2101 2814 2157 manifesta
2841 2103 3124 2168 subvertit,
3147 2111 3206 2157 et
3227 2103 3528 2173 praestigias
3554 2103 3824 2172 quasdam-

2232 2191 2490 2247 Ecclesiis
2525 2191 2726 2247 Christi
2759 2202 2986 2248 conatur
3019 2192 3294 2248 inducere.
3331 2191 3470 2248 Nuili
3504 2202 3695 2250 autem
3725 2193 3820 2248 dn-

2234 2283 2379 2338 bium
2409 2285 2537 2354 quin
2567 2284 2618 2338 in
2652 2283 2848 2355 templo
2871 2283 2963 2338 Dei
2993 2284 3115 2339 Baal
3151 2283 3348 2339 idolum
3379 2285 3687 2355 posuerint,
3709 2286 3826 2341 sive

2235 2374 2288 2428 in
2317 2374 2560 2441 delubro,
2592 2375 2735 2445 quod
2759 2384 2876 2430 erat
2901 2375 2956 2429 in
2983 2374 3122 2430 valle
3151 2373 3245 2429 ﬁlii
3271 2373 3502 2442 Ennom,
3532 2377 3628 2431 ubi
3659 2385 3715 2431 et
3737 2375 3814 2430 lu-

2234 2479 2330 2519 cus
2367 2465 2512 2532 Baal,
2557 2475 2614 2520 et
2651 2480 2744 2520 ara
2783 2467 2900 2538 ejus
2935 2466 3056 2533 fuit,
3101 2479 3264 2536 super
3293 2482 3458 2537 quam
3500 2468 3815 2524 immolave-

2236 2569 2392 2624 runt,
2421 2567 2477 2615 et
2518 2560 2870 2614 incenderunt
2905 2559 3042 2616 ﬁlios
3085 2573 3236 2625 suos,
3275 2573 3393 2630 qua:
3420 2559 3692 2616 Dominus
3721 2575 3814 2616 nec

2234 2649 2508 2718 cogitavit,
2540 2664 2640 2704 nec
2686 2648 2897 2704 locutus
2924 2658 3028 2715 est,
3075 2663 3174 2704 nec
3219 2648 3580 2704 ascenderunt
3629 2653 3685 2706 in
3724 2666 3813 2708 cor

2234 2740 2352 2812 ejus
2377 2759 2392 2796 :
2425 2757 2531 2796 non
2557 2742 2701 2811 quod
2728 2741 2871 2797 Deus
2902 2741 3082 2796 futura
3136 2741 3409 2806 nescierit,
3437 2741 3532 2796 scd
3564 2743 3716 2812 quod
3736 2743 3811 2796 in-

2233 2833 2395 2906 digna
2445 2848 2541 2888 sua
2589 2833 2779 2887 notitia
2836 2833 3086 2904 ignorare
3137 2847 3196 2887 se
3251 2833 3416 2898 dicat,
3459 2831 3624 2902 juxta
3689 2833 3812 2889 illud

2233 2923 2598 2994 evangelicum
2627 2941 2642 2978 :
2676 2942 2694 2974 ‹
2731 2923 2984 2978 Recedite
3009 2939 3037 2977 a
3069 2938 3180 2988 me,
3210 2924 3442 2994 operarii
3475 2923 3814 2992 iniquitatis:

2233 3014 2416 3072 nescio
2444 3029 2542 3070 vos
2577 3013 2726 3086 (Luc.
2766 3014 2909 3086 xm).
2955 3035 2974 3068 ι
3008 3013 3169 3070 Novnt
3208 3016 3352 3070 enim
3394 3015 3664 3070 Dominus
3700 3029 3814 3080 eos,

2235 3108 2326 3178 qui
2351 3107 2434 3162 sui
2469 3116 2595 3162 sunt
2623 3107 2712 3180 (11
2745 3107 2880 3162 Tim.
2911 3110 2991 3179 ιι).
3029 3108 3138 3162 Et:
3177 3126 3196 3159 ι
3228 3107 3326 3176 Qui
3355 3109 3566 3178 ignorat
3596 3107 3810 3179 ignora-

2238 3197 2382 3252 bitur
2416 3195 2472 3270 (I
2512 3195 2636 3252 Cor.
2659 3198 2792 3270 xxv),
2825 3217 2844 3251 ι
2874 3199 2956 3254 vel
2981 3207 3130 3254 certe
3154 3199 3582 3274 ἀνθρωποπὰθως.
3617 3207 3678 3254 et
3702 3199 3810 3252 hinc

2235 3288 2302 3344 de
2328 3287 2440 3344 Deo
2465 3289 2797 3360 accipienda,
2826 3290 2964 3344 sicut
2991 3300 3047 3343 et
3074 3289 3196 3343 alia.
3225 3289 3412 3345 Omnis
3434 3298 3618 3343 autem
3647 3289 3810 3342 hatre-

2236 3382 2376 3438 ticus
2402 3381 2725 3453 derelinquit
2762 3384 2954 3449 Deum,
2991 3391 3046 3438 et
3078 3383 3308 3439 alienum
3341 3384 3472 3437 facit
3507 3384 3689 3437 locum
3719 3384 3807 3438 ha-

2235 3474 2512 3529 bitationis
2547 3473 2672 3539 Dei,
2710 3489 2870 3545 quem
2911 3491 3007 3530 sua
3046 3474 3234 3531 fraude
3268 3475 3546 3546 polluerit,
3583 3486 3646 3532 et
3685 3477 3808 3531 libat

2235 3566 2340 3622 diis
2367 3565 2576 3633 alienis,
2605 3582 2742 3638 quos
2772 3583 2874 3624 nec
2903 3569 3015 3640 ipse
3051 3577 3295 3636 noverat,
3331 3585 3434 3624 nec
3461 3578 3652 3640 patres
3677 3569 3812 3638 eius,

2235 3658 2461 3729 apostoli
2509 3658 2760 3714 videlicet
2801 3667 2856 3714 et
2897 3659 3175 3730 apostolici
3224 3659 3346 3714 viri.
3405 3659 3584 3729 Reges
3634 3671 3810 3714 autem

2233 3745 2369 3801 Juda
2386 3788 2401 3814 ,
2425 3747 2529 3804 hoc
2553 3756 2636 3804 est
2653 3749 3026 3804 haereticorum
3049 3750 3367 3820 patriarchae
3384 3749 3610 3820 implent
3638 3751 3806 3806 locum

2234 3839 2501 3908 quondam
2532 3839 2650 3903 Dei,
2677 3841 2937 3912 sanguine
2965 3841 3305 3910 deceptorum
3335 3849 3390 3896 et
3419 3841 3809 3897 innocentium-

2233 3924 2347 3981 Nisi
2376 3927 2518 3982 enim
2549 3928 2744 3984 stultus
2767 3937 2822 3985 et
2847 3929 3072 4000 simplex
3103 3929 3286 3995 fuerit,
3315 3947 3421 3984 non
3446 3931 3556 3987 cito
3589 3933 3803 3988 subver-

2235 4018 2384 4072 titur.
2415 4019 2484 4073 Et
2509 4018 2778 4074 aediﬁcant
2801 4019 3010 4075 excelsa
3043 4018 3271 4082 Baalim,
3308 4021 3434 4075 dum
3470 4022 3538 4076 de
3569 4022 3805 4077 sublimi-

2233 4109 2336 4164 bus
2371 4108 2645 4178 disputare
2685 4124 2745 4164 se
2775 4109 2980 4164 dicunt.
3030 4109 3096 4164 Et
3137 4111 3454 4166 comburunt
3505 4111 3649 4168 ﬁlios
3688 4128 3810 4168 suos

2235 4198 2395 4262 idolo,
2432 4213 2568 4268 quos
2596 4199 2650 4253 in
2675 4199 2868 4255 bteresi
2902 4211 3220 4271 genuerunt.
3261 4201 3390 4268 Qua:
3415 4203 3604 4258 omnia
3631 4204 3808 4260 Domi-

2233 4303 2334 4342 nus
2364 4289 2610 4360 ignorare
2635 4305 2694 4345 se
2721 4290 2873 4357 dicit,
2900 4305 3002 4346 nec
3029 4307 3264 4362 unquam
3290 4293 3606 4350 ascendisse
3639 4295 3695 4349 in
3723 4310 3806 4350 cm

2234 4380 2544 4451 gitationem
2575 4395 2748 4435 suam.
3719 4367 3734 4380 “

2312 4485 2331 4518 ι
2369 4467 2656 4538 Propterea
2694 4483 2821 4524 ecce
2849 4470 2965 4525 dies
2993 4471 3240 4535 veniunt,
3271 4473 3402 4528 dicit
3427 4473 3692 4530 Dominus
3718 4493 3733 4529 :
3758 4483 3812 4528 ct

2243 4577 2261 4609 ι
2300 4574 2403 4612 non
2430 4559 2710 4613 vocabitur
2737 4560 2888 4616 locus
2916 4561 3016 4616 iste
3039 4563 3268 4632 amplius
3301 4562 3550 4633 Topheth
3579 4583 3593 4621 :
3623 4575 3680 4624 et
3703 4567 3803 4620 val-

2245 4667 2263 4700 ι
2301 4649 2366 4704 lis
2395 4649 2488 4704 ﬁlii
2517 4649 2748 4714 Ennom,
2777 4651 2868 4705 sed
2891 4651 3046 4706 vallis
3067 4653 3372 4708 occisionis.
3397 4674 3416 4707 ι
3449 4654 3598 4710 LXX
3627 4676 3640 4710 :
3679 4676 3698 4708 ι
3724 4657 3804 4712 ιιι-

2244 4757 2262 4789 ι
2299 4739 2445 4795 circo
2471 4756 2597 4796 ecce
2624 4739 2738 4795 dies
2765 4741 3002 4806 veniunt,
3033 4743 3160 4798 dicit
3187 4742 3466 4810 Dominus,
3495 4756 3551 4801 et
3581 4764 3686 4803 non
3716 4765 3787 4799 vn

2244 4850 2262 4883 ι
2301 4833 2510 4888 cabitur
2535 4833 2683 4889 locus
2709 4833 2810 4889 istc
2834 4834 3062 4904 amplius
3098 4836 3250 4890 ruina
3275 4846 3330 4890 et
3363 4839 3691 4917 πολυάνδριον
3719 4839 3804 4894 ﬁlii

2245 4942 2264 4976 ι
2302 4924 2528 4987 Ennom,
2557 4924 2650 4978 sed
2674 4923 3010 5000 πολυάνδριον·
3027 4925 3330 4981 occisionis.
3355 4947 3375 4979 ι
3403 4929 3534 4996 Qua:
3566 4931 3638 4984 sit
3663 4929 3805 4984 vallis

2241 5011 2335 5066 ﬁlii
2363 5011 2600 5078 Ennom,
2646 5027 2765 5080 qua:
2805 5011 3068 5067 Hebraice
3099 5013 3297 5067 dicitur
3319 5025 3548 5080 manu,
3590 5017 3730 5071 unde
3755 5025 3804 5070 et

2238 5103 2536 5173 gehennam
2562 5102 2878 5172 appellatam
2906 5110 3124 5173 putant,
3164 5119 3322 5174 supra
3363 5105 3618 5161 diximus.
3652 5107 3804 5162 Miror

2239 5201 2418 5246 autem
2453 5191 2580 5262 quid
2605 5191 2706 5247 sibi
2734 5193 3007 5248 voluerint
3025 5193 3375 5264 Septuaginta
3411 5212 3512 5267 pro
3548 5196 3801 5266 Thoplieth

2239 5281 2542 5348 διάπτωσιν,
2567 5283 2670 5337 hoc
2699 5290 2783 5336 est
2819 5298 3021 5336 ruinam
3049 5298 3272 5353 ponere,
3299 5294 3356 5339 et
3391 5301 3492 5356 pro
3515 5286 3682 5350 valle,
3715 5307 3807 5340 too

2237 5373 2517 5446 λυὰνδριον,
2540 5373 2682 5442 quod
2704 5372 2972 5442 signiﬁcat
2996 5374 3238 5429 virorum
3263 5374 3682 5442 multitudinem,
3705 5373 3805 5428 nisi

2242 5465 2380 5520 forte
2419 5482 2486 5521 ex
2513 5455 2579 5520 e'o
2606 5465 2747 5534 quod
2791 5465 2860 5520 ibi
2891 5465 3116 5534 populus
3141 5468 3430 5532 corruerit,
3471 5477 3525 5523 et
3566 5483 3700 5523 caesa
3736 5466 3805 5519 sit

2241 5555 2516 5610 hominum
2553 5554 2859 5622 multitudo,
2884 5555 2967 5609 vel
3002 5555 3355 5626 spiritualiter
3385 5558 3438 5610 in
3474 5572 3658 5612 errore
3689 5557 3802 5611 idea

2237 5647 2486 5711 lolatriac,
2527 5645 2612 5700 vel
2652 5646 2805 5717 juxta
2852 5647 3086 5702 litteram
3132 5662 3164 5701 a
3212 5648 3505 5718 Babylonio
3547 5648 3798 5707 exercitu.

2242 5755 2348 5808 quo
2371 5739 2382 5790 l
2411 5738 2462 5792 in
2489 5738 2943 5806 consequentibus
2969 5738 3306 5794 manifestius
3329 5738 3542 5810 legitur.
