4022 6186
192 338 298 394 961

1096 326 1462 388 EXPOSITIO
1497 329 1724 388 SUPER
1761 325 2129 391 JEIlEMlAM.
2170 355 2241 367 -—
2278 324 2407 379 LIB.
2451 322 2583 379 VIII.

3364 322 3470 377 962

266 468 300 501 -ι
336 447 406 502 Et
425 444 697 516 dissipabo
717 443 1001 498 consilium
1022 441 1173 498 ιυάςρ
1193 453 1247 499 et
1268 442 1565 499 Jerusalem
1593 444 1645 497 in
1669 442 1785 503 loco
1817 451 1859 500 Α
1896 460 1913 491 ε
1950 448 2109 493 erant
2149 440 2340 493 domus
2382 436 2710 501 Jerusalem,
2755 447 2808 491 et
2847 437 3037 492 domus
3081 453 3266 508 regum
3312 435 3472 506 Juda,

195 560 223 596 ι
260 541 401 603 isto,
429 546 483 593 et
517 538 829 592 subvertam
859 550 952 589 eos
980 536 1158 607 gladio
1195 536 1248 589 in
1288 544 1577 604 conspectu
1615 535 1794 589 inimi—

198 648 222 685 ι
263 642 457 686 corum
502 639 748 688 suorum,
791 634 847 678 et
889 624 942 677 in
987 638 1149 677 manu
1193 608 1548 694 quaerent-ium
1585 623 1794 677 animas

199 740 222 775 ο
260 734 455 776 eorum
478 757 494 781 ,
521 727 574 771 et
605 717 744 770 dabo
774 716 1035 769 cadavera
1064 730 1456 770 eorumescam
1488 714 1795 769 volatilibus

194 831 222 853 σε
261 809 416 873 cteli,
447 815 503 863 et
527 805 718 862 bestiis
750 813 924 859 terrze.
955 805 1020 859 Et
1047 821 1241 874 ponam
1273 796 1544 859 civitatem
1575 806 1714 859 hanc
1739 805 1792 859 in

203 921 226 952 ο
265 911 544 970 stuporem
576 906 630 950 et
661 897 712 950 in
744 895 979 949 sibilum.
1013 895 1201 950 Omnis
1229 895 1318 963 qui
1354 896 1675 966 praeterierit
1701 910 1797 963 per

203 1011 225 1044 ε
263 1007 390 1046 eam
421 990 789 1057 obstupescet,
817 994 872 1040 et
899 986 1136 1042 sibilabit
1171 1002 1333 1057 super
1360 987 1614 1041 universa
1640 986 1793 1056 plaga

209 1102 225 1134 ι
264 1081 409 1149 ejus.
442 1081 508 1134 Et
545 1079 737 1133 cibabo
772 1093 866 1132 eos
903 1078 1157 1132 carnibus
1192 1077 1423 1131 filiorum
1462 1092 1705 1142 suorum,
1743 1086 1799 1132 et

207 1191 229 1227 ι
269 1173 529 1228 carnibus
560 1170 790 1226 ﬁliarum
818 1185 1068 1234 suarum,
1106 1179 1159 1223 et
1186 1170 1552 1239 unusquisque
1579 1184 1796 1224 carnem

210 1289 229 1320 ι
269 1266 433 1322 antici
464 1266 546 1321 sui
577 1264 819 1320 comedet
853 1263 906 1317 in
941 1262 1239 1326 obsidione,
1278 1270 1333 1316 et
1360 1262 1412 1316 iu
1443 1262 1710 1331 angustia,
1744 1260 1797 1313 in

209 1380 230 1411 ‹
265 1374 375 1429 qua
404 1357 728 1413 coacludout
751 1370 843 1409 eos
873 1354 1072 1407 inimici
1103 1369 1318 1418 eorum,
1354 1363 1407 1406 et
1434 1353 1524 1421 qui
1552 1362 1798 1421 quierunt

213 1470 231 1502 ι
271 1451 487 1504 animus
513 1463 720 1502 eorum.
759 1466 775 1497 ι
821 1446 1134 1513 Quanquam
1176 1445 1292 1499 haec
1323 1454 1378 1498 el.
1419 1445 1470 1499 in
1509 1444 1798 1515 Babylonia

207 1543 526 1611 captivitate
556 1538 815 1593 accidisse
856 1535 1051 1605 populo
1094 1534 1428 1598 noverimus,
1472 1544 1651 1591 tamen
1688 1535 1800 1605 ple-

209 1632 338 1684 nius
369 1629 679 1683 referuntur
709 1626 776 1680 ad
817 1635 1054 1696 tempora
1100 1623 1419 1692 Salvatoris,
1457 1626 1672 1693 quando
1706 1627 1800 1680 ob-

207 1722 349 1776 sessi
379 1728 507 1774 sunt
530 1734 560 1773 a
587 1717 918 1787 Vespasiano
946 1725 1000 1769 et
1025 1716 1171 1779 Tito,
1193 1722 1248 1769 et
1271 1715 1461 1770 civitas
1482 1730 1671 1770 eorum
1695 1714 1802 1769 Ha-

211 1813 395 1867 driani
424 1809 755 1881 temporibus
782 1808 834 1861 in
861 1816 1091 1862 aeternos
1118 1807 1329 1863 cineres
1355 1808 1590 1878 collapsa
1614 1817 1721 1873 est,
1744 1818 1804 1863 ut
1832 1790 1877 1848 Β

212 1903 307 1972 qui
331 1902 642 1956 obtulerant
661 1899 798 1954 ﬁlios
823 1914 949 1954 suos
980 1898 1154 1964 idolis,
1188 1899 1289 1968 ipsi
1314 1914 1408 1954 eos
1433 1909 1620 1969 postea
1647 1899 1803 1956 famis

213 1994 546 2050 necessitate
591 1990 851 2061 compulsi
902 1993 955 2045 in
1014 1991 1259 2045 ciborum
1300 2004 1453 2045 usum
1496 2000 1802 2057 verterent,

214 2103 522 2157 carnesque
556 2086 793 2141 omnium
830 2086 1088 2138 darentur
1126 2082 1433 2138 volatilibus
1465 2083 1586 2138 οωΙὶ
1622 2084 1807 2157 ethe-

215 2180 339 2233 stiis
380 2155 538 2232 terra:
572 2194 587 2229 :
623 2184 683 2230 ut
712 2176 805 2246 qui
839 2175 936 2229 Dei
968 2174 1283 2229 muneribus
1314 2174 1467 2229 abusi
1508 2155 1719 2229 fuerant
1750 2176 1803 2228 in

218 2269 585 2337 impietatem,
627 2275 683 2322 et
720 2264 938 2336 propria
986 2265 1194 2319 viscera
1235 2263 1391 2319 idolis
1430 2264 1803 2331 immolarant,

218 2367 439 2413 ventres
469 2372 596 2412 suos
625 2356 868 2426 sepulcra
903 2354 1141 2410 facerent
1178 2354 1489 2410 liberorum.

298 2467 318 2499 ‹
359 2447 433 2501 Et
466 2455 715 2503 conteres
754 2445 1089 2515 lagunculam
1132 2445 1185 2499 in
1220 2444 1391 2501 oculis
1413 2445 1671 2510 virorum,
1714 2447 1806 2516 qui

226 2559 247 2592 ι
290 2539 446 2594 ibunt
467 2537 565 2609 (vel
582 2534 955 2609 egredientur)
980 2544 1248 2601 tecum,et
1268 2536 1416 2592 dices
1435 2537 1502 2591 ad
1529 2551 1623 2591 eos
1645 2554 1658 2590 :
1684 2535 1811 2593 Ilaec

225 2647 247 2682 ‹
289 2630 421 2685 dicit
453 2630 710 2683 Dominus
737 2627 1070 2683 exercituum
1097 2645 1110 2680 :
1137 2625 1230 2682 Sic
1251 2637 1528 2681 conteram
1553 2626 1807 2695 populum

227 2742 247 2775 ι
284 2724 457 2777 istum
482 2730 536 2778 et
562 2722 834 2777 civitatem
858 2721 1020 2784 hanc,
1042 2719 1181 2775 sicut
1201 2720 1505 2775 conteritur
1523 2734 1617 2774 vas
1640 2718 1806 2788 ﬁguli,

228 2832 248 2865 ι
292 2812 435 2881 quod
478 2826 584 2865 non
613 2820 790 2880 potest
816 2810 951 2865 ultra
976 2810 1286 2866 instaurari.
1325 2830 1343 2862 ι
1380 2810 1667 2879 Perspicue
1702 2827 1808 2865 non

225 2903 292 2956 de
340 2900 654 2969 Babylonia,
705 2901 798 2955 sed
839 2900 905 2954 de
949 2901 1190 2955 Romana
1233 2900 1430 2955 dicitur
1471 2900 1805 2970 captivitate.

223 2993 356 3048 Post
386 2993 707 3063 Babylonios
735 2993 932 3062 quippe
960 3002 1016 3048 et
1043 2994 1171 3048 urbs
1200 2994 1522 3057 instaurata,
1552 3002 1604 3047 et
1643 3007 1809 3062 popu—

223 3083 311 3137 lus
338 3084 590 3139 reductus
625 3083 677 3136 in
711 3080 972 3147 Judzeam,
1005 3092 1060 3137 et
1088 3083 1429 3139 abundantiae
1452 3083 1694 3153 pristinae
1731 3098 1813 3137 rc-

226 3173 447 3226 stitutus
484 3179 583 3225 est.
625 3171 753 3226 Post
779 3171 1142 3241 captivitatem
1175 3180 1386 3238 autem,
1422 3187 1543 3242 qua:
1580 3172 1681 3227 sub
1707 3171 1811 3227 Ve-

226 3262 481 3332 Spasiano
523 3271 578 3316 et
622 3260 762 3326 Tito,
815 3271 869 3316 et
919 3271 1103 3331 postea
1154 3263 1352 3317 accidit
1397 3263 1496 3318 sub
1538 3261 1813 3316 Hadriano

227 3366 402 3420 usque
430 3351 497 3404 ad
523 3351 1038 3405 consummationem
1071 3352 1288 3416 saeculi,
1318 3352 1488 3406 ruime
1514 3349 1813 3407 Jerusalem

226 3455 596 3512 permansurae
629 3451 754 3496 sunt
780 3457 793 3496 :
822 3456 1127 3512 quanquam
1155 3443 1256 3498 sibi
1282 3441 1447 3498 Judaei
1479 3458 1695 3498 auream
1725 3458 1815 3497 ar-

226 3542 587 3605 genteamque
623 3540 784 3602 atque
817 3541 1141 3603 gemmatam
1182 3531 1478 3589 Jerusalem
1522 3535 1813 3589 restituen—

232 3622 355 3675 dam
398 3630 588 3690 puteot
624 3639 639 3676 :
685 3638 1005 3692 rursumque
1045 3623 1296 3678 victimas
1334 3632 1389 3678 et
1425 3624 1719 3689 sacriﬁcia,
1761 3633 1817 3679 et

230 3712 480 3784 conjugia
530 3722 870 3781 sanctorum,
926 3724 981 3771 et
1028 3728 1251 3785 regnum
1298 3714 1351 3771 in
1400 3716 1561 3770 terris
1604 3714 1816 3770 Domini

232 3807 553 3862 Salvatoris.
580 3807 708 3876 Quae
732 3807 856 3864 licet
877 3824 983 3863 non
1014 3824 1321 3878 sequamur,
1352 3817 1531 3865 tamen
1560 3808 1819 3867 damnare

232 3913 342 3952 non
362 3911 684 3968 possumus:
708 3896 832 3966 quia
861 3898 1012 3953 multi
1042 3898 1531 3954 ccclesiasticorum
1555 3899 1814 3963 virorum,

230 3994 287 4040 et
333 3994 600 4057 martyres
644 3985 749 4041 ista
794 3987 1069 4052 dixerunt,
1112 3995 1165 4043 et
1213 3988 1578 4057 unusquisque
1624 3987 1676 4041 in
1721 4003 1819 4044 suo

232 4093 394 4133 sensu
428 4077 696 4143 abundet,
733 4086 790 4132 et
826 4078 1035 4135 Domini
1075 4088 1267 4134 cuncta
1301 4077 1505 4147 judicio
1537 4092 1818 4133 reserven-

234 4175 341 4220 tur.
374 4166 655 4234 Quomodo
681 4176 858 4223 autem
892 4183 989 4222 vas
1027 4168 1212 4234 ﬁctile,
1246 4178 1300 4224 et
1328 4177 1554 4224 testeum
1576 4168 1673 4232 ,si
1708 4168 1821 4222 fra-

233 4266 382 4310 etum
416 4256 598 4320 fuerit,
629 4257 681 4311 in
717 4258 993 4327 antiquam
1025 4259 1256 4328 speciem
1294 4278 1400 4315 non
1436 4268 1616 4331 potest
1652 4259 1822 4313 refor-

235 4348 373 4402 mari
404 4365 416 4401 :
457 4348 535 4401 sic
573 4358 625 4401 et
663 4349 888 4418 populus
919 4348 1225 4405 Judaeorum
1265 4360 1320 4406 et
1360 4350 1658 4406 Jerusalem
1696 4351 1823 4406 sub-

234 4453 390 4492 versa
420 4448 618 4492 statum
657 4440 941 4507 pristinum
977 4455 1079 4494 non
1110 4441 1400 4496 habebunt.
1441 4439 1681 4510 Denique
1705 4456 1823 4495 cas-

236 4542 356 4582 sum
401 4538 483 4581 cst
532 4528 688 4584 hodie
736 4544 931 4584 nomen
977 4531 1148 4601 ipsius
1192 4531 1449 4594 civitatis,
1487 4539 1543 4587 et
1569 4532 1637 4586 ab
1672 4530 1817 4587 ιιΕΙὶο

238 4616 511 4672 Hadriano
533 4617 676 4672 Ailia
695 4619 899 4674 dicitur
927 4638 939 4674 :
975 4628 1028 4675 et
1055 4636 1177 4676 cum
1214 4622 1411 4675 habitat
1424 4622 1543 4676 ioue
1564 4621 1647 4690 pri
1668 4621 1815 4687 tina,

236 4710 525 4779 pristinum
553 4726 763 4782 quoque
796 4730 990 4769 nomen
1025 4714 1207 4769 amisit
1231 4715 1297 4768 ad
1323 4714 1693 4769 decutiendatn
1729 4731 1819 4769 su-

238 4801 481 4869 perbiam
513 4802 870 4859 habitatorum
906 4806 1041 4875 ejus.
1081 4806 1291 4860 Sancta:
1324 4813 1501 4860 autem
1532 4806 1736 4870 crucis,
1766 4796 1823 4860 et

240 4893 656 4948 resurrectionis
682 4895 963 4959 voeabula,
996 4911 1100 4951 non
1140 4894 1327 4949 urbem
1363 4895 1696 4965 signiﬁcant,
1728 4896 1822 4952 sed

238 4980 415 5037 locum
450 4999 463 5034 :
498 4997 597 5037 nec
662 4985 968 5040 divitiarum
1029 4985 1301 5056 quondam
1372 4987 1824 5057 magnitudinem,

240 5089 336 5143 per
361 5087 523 5143 quam
548 5076 709 5143 periit
735 5076 963 5146 populus
989 5077 1316 5142 Judaaorum,
1341 5079 1433 5133 sed
1456 5078 1681 5148 gloriam
1702 5094 1827 5133 san-

240 5163 471 5226 ctitatis,
495 5178 656 5232 quam
681 5172 861 5218 nostra
882 5166 1208 5236 paupercula
1232 5166 1470 5235 possidet
1490 5167 1825 5235 Betblebem,

241 5267 346 5306 non
377 5252 581 5311 habens
610 5270 802 5309 aurum
827 5266 882 5312 ct
908 5273 1168 5328 gemmas,
1201 5259 1293 5314 sed
1322 5275 1513 5329 panem
1540 5261 1630 5329 qui
1667 5260 1721 5316 in
1761 5274 1824 5315 ea

242 5350 402 5397 natus
425 5352 529 5397 est.

316 5454 335 5483 ε
371 5433 435 5488 Ει
458 5434 510 5489 in
538 5435 784 5506 Topheth
805 5439 1129 5508 sepelientur
1149 5439 1249 5511 (vel
1276 5440 1577 5513 sepelicnt),
1598 5455 1662 5495 eo
1682 5441 1827 5511 quod

247 5539 269 5575 α
305 5540 410 5578 non
436 5527 509 5580 sit
533 5528 671 5583 alius
699 5529 849 5585 locus
875 5532 940 5585 ad
969 5532 1351 5600 sepeliendum.
1377 5532 1468 5587 Sic
1493 5532 1681 5587 faciam
1710 5533 1827 5587 loco

249 5630 272 5667 ι
307 5615 454 5681 huic,
482 5619 560 5673 ait
587 5618 866 5686 Dominus,
890 5632 944 5677 et
966 5622 1356 5678 habitatoribus
1376 5621 1489 5690 ejus
1515 5641 1527 5677 :
1551 5631 1605 5676 et
1632 5637 1826 5692 ponam

251 5725 274 5759 ς
306 5709 584 5765 civitatem
622 5713 776 5767 istam
805 5715 944 5771 sicut
970 5713 1213 5784 Thopbet
1245 5717 1373 5778 (sive
1393 5725 1449 5769 ut
1476 5717 1725 5783 ruinam).
1764 5715 1829 5768 Et

1898 549 1915 579 ι
1952 528 2091 583 sicut
2121 527 2269 580 locus
2299 526 2544 595 Thopbet
2571 523 2697 596 (sive
2730 526 2940 614 I'IIIIIIB):
2974 545 2992 578 ι
3026 526 3178 593 Quod
3202 537 3382 582 autem
3418 529 3472 582 iu

1894 618 2035 672 LXX
2068 617 2314 679 infertur,
2352 635 2371 666 ι
2408 615 2585 670 omnis
2611 616 2800 670 domus
2828 632 3009 686 regum
3037 615 3193 679 Juda,
3227 618 3365 672 sicut
3392 618 3475 673 ιο·-

1894 727 1989 765 cus
2025 709 2337 779 Thopheth,
2383 727 2401 760 ι
2433 707 2498 761 in
2537 707 2801 762 lIebraico
2845 722 2950 761 non
2994 707 3238 762 habetur.
3286 707 3353 761 Et
3390 725 3476 764 sc—

1857 816 1863 823 ·
1896 801 2077 870 quitur
2111 815 2125 854 :

1972 911 1990 943 ι
2024 891 2316 947 Immundze
2355 905 2546 944 omnes
2583 889 2775 945 domus
2817 887 2868 942 in
2909 904 3132 957 quarum
3174 889 3478 944 domatibus

1903 1002 1923 1035 ι
1959 981 2085 1053 (sive
2120 980 2298 1050 tectis)
2338 979 2783 1035 sacriﬁcavitrunt
2830 979 2971 1032 omni
3010 979 3212 1033 militia:
3241 981 3395 1044 caeli,
3426 989 3482 1033 et

1905 1092 1923 1125 ι
1958 1074 2263 1129 libaverunt
2296 1070 2551 1126 libamina
2584 1070 2684 1124 diis
2716 1069 2923 1125 alienis.
2961 1090 2980 1122 ι
3021 1070 3172 1137 Quod
3207 1088 3363 1141 supra
3396 1074 3478 1127 dic

1900 1172 2054 1217 xerat
2083 1181 2095 1215 :
2131 1180 2149 1212 ι
2183 1159 2300 1214 Non
2326 1161 2608 1215 vocabitur
2627 1160 2777 1213 locus
2799 1160 2899 1215 iste
2922 1160 3151 1230 amplius
3170 1161 3479 1232 Th‘opheth,

1898 1265 1953 1312 et
1974 1256 2128 1311 vallis
2150 1254 2381 1309 ﬁliorum
2406 1254 2630 1316 Ennom,
2657 1252 2749 1306 sed
2779 1252 2930 1306 vallis
2953 1250 3267 1317 Occisionis,
3291 1274 3307 1303 ι
3337 1271 3479 1309 nunc

1900 1350 2049 1418 ponit
2080 1347 2436 1413 manifestius,
2469 1348 2610 1417 quod
2646 1357 2793 1401 tanta
2826 1348 2879 1402 in
2911 1348 3025 1417 ipso
3055 1346 3172 1401 loco
3203 1348 3378 1402 futura
3411 1350 3482 1404 sit

1900 1441 2094 1505 credes,
2122 1451 2179 1493 ut
2212 1441 2285 1496 ibi
2315 1440 2603 1494 acervatim
2640 1439 2866 1509 populus
2903 1439 3209 1507 sepeliatur,
3241 1451 3294 1495 et
3328 1440 3481 1496 lucus

1901 1533 2168 1602 quondam
2212 1531 2517 1600 religionis,
2554 1530 2648 1584 ﬁat
2688 1531 2923 1586 tumulus
2959 1541 3313 1587 mortuorum.
3362 1533 3481 1603 Ipsa

1901 1639 2117 1694 quoque
2150 1622 2359 1687 civitas,
2399 1638 2519 1693 quae
2554 1623 2679 1677 huic
2725 1623 2969 1678 imminet
3012 1624 3164 1689 loco,
3205 1624 3298 1679 ﬁat
3341 1625 3487 1680 sicut

1906 1714 2220 1785 Thopbeth,
2252 1729 2348 1783 pro
2373 1729 2479 1784 quo
2507 1713 2649 1768 LXX
2686 1716 2895 1768 ruinam
2932 1716 3341 1772 transtulerunt.
3378 1716 3487 1772 Do.

1904 1819 2024 1859 mus
2060 1819 2273 1873 quoque
2307 1802 2602 1859 Jerusalem
2644 1819 2938 1874 regumque
2968 1805 3163 1875 palatia
3206 1806 3259 1861 in
3301 1807 3488 1862 ruinas

1904 1892 2106 1948 similes
2152 1901 2555 1948 convertantur.
2605 1892 2887 1963 Causaque
2932 1896 3193 1962 redditur,
3236 1911 3301 1952 eo
3341 1899 3484 1967 quod

1904 1985 2196 2041 immundae
2219 1984 2438 2051 fuerint,
2469 1995 2526 2041 et
2550 1985 2867 2041 idololatriae
2893 1986 3110 2055 polluta:
3138 1987 3358 2052 scelere,
3387 2004 3487 2059 pro

1905 2088 1970 2130 eo
1998 2075 2142 2145 quod
2170 2074 2224 2128 in
2257 2073 2564 2129 domatibus
2588 2083 2644 2130 et
2675 2075 2832 2130 tectis
2861 2091 3047 2131 earum
3077 2076 3197 2140 soli,
3235 2086 3289 2132 et
3325 2078 3484 2141 lunae,

1904 2173 1959 2220 et
1994 2163 2165 2221 stellis
2197 2164 2319 2220 C(BII
2356 2165 2787 2231 immolaverint,
2825 2173 2883 2221 et
2919 2168 3074 2221 thura
3105 2167 3440 2223 inccnderint
3469 2185 3484 2222 :

1907 2269 2008 2309 nec
2048 2255 2151 2310 hoc
2189 2252 2389 2311 fuerint
2422 2270 2606 2310 errore
2642 2256 2913 2322 contenti,
2958 2257 3052 2312 sed
3090 2256 3490 2314 immolaveriut

1906 2346 2236 2402 daemonibus
2260 2356 2316 2402 et
2341 2347 2629 2403 libaverint
2658 2349 2762 2404 diis
2787 2347 2995 2403 alienis.

1985 2455 2004 2489 ι
2038 2439 2196 2494 Venit
2221 2447 2401 2493 autem
2429 2436 2694 2494 Jeremias
2722 2439 2789 2493 de
2813 2437 3117 2507 Thopheth,
3138 2452 3245 2506 quo
3267 2437 3492 2493 miserat

1915 2546 1935 2580 ε
1969 2544 2092 2585 eum
2130 2529 2388 2585 Dominus
2424 2529 2491 2584 ad
2518 2529 2967 2601 prophetandum,
2996 2539 3051 2585 et
3075 2531 3226 2586 stetit
3259 2531 3313 2586 in
3354 2533 3493 2586 atrio

1915 2638 1934 2672 ‹
1970 2621 2159 2676 domus
2176 2620 2479 2685 Domini,‘et
2499 2621 2713 2676 dixitad
2730 2637 2943 2677 omnem
2959 2623 3212 2692 populum
3231 2638 3245 2677 :
3274 2624 3399 2679 Haec
3412 2625 3491 2677 di-

1914 2732 1935 2765 c
1970 2714 2046 2770 cit
2068 2714 2327 2770 Dominus
2354 2715 2687 2770 exercituum
2716 2715 2855 2770 Deus
2887 2715 3047 2770 Israel
3078 2733 3090 2768 :
3117 2715 3381 2787 Ecceego
3405 2717 3492 2771 in-

1916 2822 1937 2856 ‹
1970 2803 2159 2858 ducam
2191 2818 2353 2874 super
2375 2805 2647 2860 civitatem
2667 2803 2829 2870 hanc,
2854 2813 2911 2860 et
2935 2822 3099 2876 super
3118 2822 3305 2862 omnes
3334 2809 3495 2863 urbes

1917 2910 1937 2943 ‹
1971 2892 2087 2964 ejus
2133 2892 2382 2948 universa
2430 2893 2572 2948 mala
2617 2910 2737 2964 qua:
2786 2894 2992 2950 locutus
3039 2912 3157 2951 sum
3208 2898 3492 2954 adversum

1917 3005 1936 3039 ι
1972 3001 2124 3052 eam,
2166 2974 2419 3057 quoniam
2465 2988 2851 3043 induraverunt
2894 2988 3156 3043 cervicem
3208 3005 3394 3054 suam,
3435 3000 3497 3043 ut

1919 3094 1939 3127 ‹
1976 3090 2081 3130 non
2107 3076 2360 3131 audirent
2392 3091 2669 3132 sermones
2694 3092 2861 3132 meos.
2895 3097 2913 3129 ι
2947 3076 3239 3147 Postquam
3272 3079 3324 3133 in
3353 3079 3497 3135 Tho-

1913 3168 2078 3238 pbeth
2101 3167 2456 3236 przesemibus
2475 3168 2654 3238 populi
2680 3168 3000 3234 senioribus,
3022 3185 3159 3239 quos
3172 3171 3397 3226 duxerat
3415 3187 3496 3225 se-

1917 3277 2039 3318 cum
2068 3261 2351 3328 Jeremias,
2380 3263 2643 3334 confregit
2670 3263 3028 3334 lagunculam,
3059 3265 3171 3318 sive
3198 3262 3419 3328 dolium,
3444 3271 3499 3317 et

1913 3357 2258 3428 prophetarit
2305 3357 2486 3412 verbis
2536 3356 2744 3411 Domini
2792 3357 2859 3410 ad
2901 3357 3286 3411 conterendum
3333 3369 3499 3424 popu-

1914 3452 2060 3520 lum,
2097 3461 2152 3507 et
2179 3452 2451 3507 civitatem
2492 3449 2790 3507 Jerusalem
2831 3469 2844 3506 :
2888 3453 3178 3507 revertitur
3215 3460 3270 3506 et
3303 3459 3413 3507 stat
3444 3452 3495 3505 iu

1915 3544 2052 3598 atrio
2079 3544 2271 3600 domus
2306 3544 2554 3610 Domini,
2586 3553 2641 3599 et
2677 3545 2939 3600 universae
2983 3545 3223 3616 loquitur
3254 3545 3497 3600 multitu-

1915 3632 2063 3699 dini,
2109 3647 2227 3703 quse
2265 3633 2331 3688 ad
2368 3634 2541 3688 locum
2586 3632 2866 3703 Thopbetb
2908 3633 2985 3688 ire
3022 3633 3315 3689 noluerat:
3359 3635 3499 3703 quod

1917 3724 2237 3781 inducturus
2274 3725 2346 3779 sit
2376 3724 2631 3779 Dominus
2674 3739 2834 3793 super
2862 3724 3140 3780 civitatem
3180 3723 3496 3783 Jerusalem.

1916 3822 1972 3868 et
1998 3828 2158 3883 super
2181 3828 2371 3869 omnes
2394 3814 2555 3867 urbes
2575 3810 2690 3879 ejus
2714 3812 2963 3868 universa
2996 3811 3131 3866 mala
3152 3828 3271 3880 qua:
3295 3811 3506 3867 locutas

1918 3905 1989 3959 sit
2028 3904 2311 3958 adversum
2342 3917 2484 3957 eam.
2538 3902 2605 3955 Et
2665 3916 2733 3955 ne
2777 3909 3027 3970 putemus
3074 3899 3345 3956 crudelem
3387 3916 3507 3954 esse

1919 3991 2270 4056 sententiam,
2299 3991 2477 4045 reddit
2509 4005 2702 4045 causas
2731 4006 2829 4045 cur
2866 3991 3184 4045 inducturus
3221 3990 3291 4045 sit
3314 3988 3453 4043 mala
3488 4005 3502 4041 :

1925 4104 1944 4137 ε
1976 4084 2272 4152 Quoniam,
2305 4082 2508 4153 inquit,
2534 4082 2919 4137 induraverunt
2942 4082 3208 4137 cervicem
3239 4096 3415 4142 suam,
3447 4089 3509 4133 ut

1919 4188 2027 4230 non
2044 4173 2291 4228 audirent
2312 4185 2590 4227 sermones
2606 4187 2775 4237 meos,
2807 4191 2825 4223 ι
2858 4187 2926 4227 ne
2939 4180 3058 4242 post
3070 4172 3268 4226 multas
3291 4171 3506 4242 quidem

1921 4263 2226 4334 impietates
2254 4261 2498 4319 volentes
2524 4278 2686 4333 agere
2714 4261 3103 4332 paenitentiam.

2520 4370 2749 4428 CAPUT
2786 4373 2905 4428 XX.

1849 4481 1899 4547 ι)
1923 4461 2180 4517 Jeremias
2202 4464 2491 4547 percutitur
2510 4472 2558 4516 et
2579 4463 2859 4547 ponituriu
2874 4462 3294 4547 custodiamtqui
3307 4463 3507 4547 plangit

2042 4548 2199 4603 super
2224 4532 2415 4603 papula
2443 4549 2561 4597 suo,
2590 4542 2644 4586 et
2668 4532 2932 4586 maledicit
2960 4532 3064 4587 diei
3094 4532 3398 4590 natiuitatis.

2002 4643 2021 4677 σ
2055 4625 2122 4681 Et
2161 4625 2367 4681 audivit
2402 4626 2643 4681 Phassur
2680 4625 2820 4681 ﬁlius
2856 4625 3074 4683 Emmer
3106 4627 3382 4694 sacerdos,
3415 4629 3509 4699 qui

1934 4736 1952 4768 ι
1991 4718 2315 4772 constitutus
2352 4724 2471 4771 erat
2505 4717 2758 4787 princeps
2790 4715 2843 4769 in
2884 4715 3043 4772 domo
3079 4714 3323 4785 Domini,
3359 4716 3509 4774 Jere-

1934 4827 1952 4859 ι
1994 4808 2152 4883 miam
2188 4807 2596 4878 praphetantem
2635 4821 2930 4863 sermones
2955 4810 3106 4864 istos.
3149 4809 3216 4863 Et
3249 4813 3514 4881 percussit

1937 4918 1955 4949 ι
1991 4897 2231 4954 Phassur
2268 4896 2557 4954 Jeremiam
2599 4898 2954 4969 prophetam,
3002 4907 3057 4953 et
3098 4899 3249 4954 misit
3285 4914 3408 4954 eum
3454 4899 3507 4951 in

1935 5009 1954 5042 ι
1991 5007 2236 5057 nervum,
2266 4991 2408 5062 quod
2437 4998 2553 5044 erat
2581 4990 2635 5044 in
2664 4997 2819 5059 porta
2847 4989 3122 5057 Benjamin
3160 4988 3420 5059 superiori
3455 4988 3506 5040 in

1933 5098 1952 5132 ι
1989 5079 2149 5136 domo
2173 5080 2406 5136 Domini.
2439 5099 2458 5133 ι
2493 5081 2599 5134 Pro
2628 5076 2867 5136 Phassur
2892 5079 3242 5151 Septuaginta
3274 5086 3510 5133 transtu—

1928 5170 2109 5226 lerunt
2153 5171 2409 5237 Pliascor,
2457 5172 2546 5240 qui
2588 5172 2976 5241 interpretatur
3010 5172 3115 5225 oris
3151 5169 3362 5240 nigredo
3398 5183 3418 5222 :
3456 5178 3511 5222 ct

1925 5278 2025 5332 pro
2052 5278 2224 5328 nervo,
2256 5277 2416 5332 quem
2455 5278 2555 5317 nos
2582 5262 2835 5327 diximus,
2867 5260 3217 5330 Septuaginta
3254 5269 3310 5315 et
3335 5260 3510 5314 Theo-

1930 5356 2077 5412 dotio
2096 5364 2308 5409 vertere
2329 5364 2627 5408 calaracten
2649 5372 2668 5408 :
2693 5353 3063 5423 Symmachus.
3085 5353 3509 5429 βασανιστήριον,

1929 5446 2043 5501 sive
2071 5445 2493 5519 στρεϐλωτὴριον,
2525 5444 2667 5511 quod
2706 5451 2975 5510 utrunque
3013 5451 3268 5495 tormenta
3307 5441 3512 5512 signifi-

1930 5545 2037 5602 cat,
2063 5551 2161 5591 nos
2198 5544 2378 5590 autem
2410 5551 2622 5589 nervum
2652 5532 2887 5588 diximus
2914 5548 3064 5589 more
3096 5533 3299 5602 vulgari
3325 5551 3339 5587 :
3365 5536 3508 5602 quot

1931 5628 2183 5682 tormenti
2222 5642 2390 5698 genus
2427 5624 2591 5680 etiam
2632 5625 2685 5678 in
2723 5623 2947 5678 Actibus
2981 5624 3343 5695 apostolorum
3388 5623 3512 5693 legi-

1933 5731 2052 5770 mus
2084 5716 2219 5771 (Λα.
2251 5714 2384 5786 xvi),
2424 5714 2638 5785 quando
2680 5714 2907 5786 apostoli
2947 5715 3142 5770 Paulus
3184 5724 3233 5768 ct
3279 5715 3421 5771 Silas
3456 5715 3510 5770 iu
