4022 6186
519 335 624 391 963

1149 333 1211 389 Β.
1251 330 1504 388 RABANI
1542 329 1758 388 MAURI
1799 327 2114 386 ARCHIEP.
2153 327 2460 386 MOGUNT.
2495 327 2780 387 OPERUM
2818 327 2997 384 PARS
3035 328 3119 384 Ill.

3667 331 3786 386 911!

519 443 818 500 custodiam
845 443 1080 500 carceris
1106 443 1216 499 dati
1246 453 1390 500 sunt.
1421 443 1528 500 Iste
1557 455 1736 498 autem
1771 451 1890 498 erat
1915 443 2092 514 ponti-
2117 447 2165 504 Α
2198 459 2218 492 ι
2255 456 2528 510 pavorem,
2569 451 2628 496 te
2669 451 2724 497 et
2765 455 2957 498 omnes
2995 442 3211 496 amicos
3235 449 3380 504 mos,
3419 449 3472 494 et
3519 453 3788 500 cert-nent

522 533 616 589 fex"
645 533 858 603 templi,
888 541 943 588 et
981 532 1106 588 data
1145 534 1246 590 sibi
1275 533 1559 589 sacerdotii
1587 533 1847 605 dignitate
1885 533 1936 590 in
1976 545 2099 600 per-

523 639 735 678 versum
763 622 1002 677 abutitur
1037 641 1051 676 :
1091 637 1200 678 non
1225 632 1285 678 ut
1308 623 1532 687 doceat,
1563 631 1618 678 et
1653 637 1900 678 sermone
1926 621 2099 676 corri-

521 713 651 784 piat,
683 713 776 769 sed
817 719 874 766 ut
912 713 1236 768 cruciatibus
1277 719 1495 768 terreat.
1545 711 1698 767 Unde
1734 719 1791 766 et
1829 709 2096 775 Salvator,

522 813 576 858 et
613 803 883 874 apostolus
928 803 1123 858 Paulus
1156 801 1398 870 iussione
1433 799 1704 874 pontiﬁcis
1743 801 2100 856 verberantur

523 893 705 965 (Joan.
737 911 861 959 xix;
889 895 1004 948 Act.
1032 895 1163 964 xw).
1196 892 1305 950 Nec
1331 893 1548 957 mirum,
1574 891 1620 946 si
1647 889 1806 946 hodie
1829 889 1969 944 servi
1998 888 2096 944 Dei

523 985 797 1038 ca-dantur
839 1001 868 1039 a
910 983 1147 1039 Phascor
1186 994 1241 1039 et
1287 984 1570 1046 mittantur
1616 982 1667 1036 in
1713 994 1984 1038 carcerem
2031 995 2096 1036 ac

522 1073 766 1128 horribili
792 1075 1034 1128 custodia
1066 1083 1422 1130 reserventur.
1468 1073 1638 1128 Datur
1672 1072 1816 1126 enim
1853 1074 1968 1126 hanc
1996 1087 2094 1141 po-

527 1173 688 1220 testas
726 1181 755 1219 a
786 1165 916 1227 Deo,
951 1174 1007 1217 ut
1037 1165 1414 1234 prophetarum
1444 1161 1758 1218 ostendatur
1783 1159 1920 1217 ﬁdes
1949 1179 1962 1215 :
1995 1176 2096 1215 nec

524 1263 702 1308 tamen
749 1253 920 1322 major
943 1262 1022 1308 est
1053 1252 1159 1317 ille,
1187 1253 1276 1322 qui
1308 1252 1464 1306 caedit
1485 1291 1500 1318 ,
1530 1251 1626 1308 sed
1661 1249 1850 1304 fortior
1878 1251 1976 1305 iste
2003 1250 2094 1318 qui

521 1343 761 1398 caeditur.
817 1341 883 1396 Et
941 1343 1206 1410 patienter
1251 1341 1510 1411 propheta
1562 1339 1787 1409 suscipit
1833 1339 2093 1408 judicium

521 1431 647 1496 Dei,
677 1445 775 1486 nec
803 1431 1060 1486 reclamat
1088 1431 1156 1486 ad
1182 1430 1437 1496 verbera,
1473 1430 1566 1486 sed
1595 1429 1900 1484 considerat
1927 1429 2095 1498 impc-

521 1531 748 1578 rantem.
787 1521 1004 1576 Emmer
1029 1520 1248 1576 verbum
1279 1529 1453 1586 sonat,
1485 1520 1550 1576 de
1575 1534 1684 1590 quo
1709 1534 1849 1590 saepe
1874 1518 2095 1590 nigredo

520 1627 810 1688 generatur
845 1635 859 1670 :
899 1632 1002 1671 non
1043 1615 1281 1686 parentis
1309 1615 1458 1678 vitio,
1493 1615 1589 1670 sed
1628 1613 1834 1669 scelere
1865 1613 2096 1683 degene-

521 1710 710 1767 rantis.
764 1708 1108 1763 Tormentum
1135 1715 1334 1773 autem,
1379 1720 1488 1776 quo
1513 1705 1786 1761 cruciatur
1809 1705 2089 1774 pzopbeta,

2203 550 2222 584 ι
2259 531 2437 602 gladio
2476 533 2814 588 inimicorum
2843 547 3064 588 suorum
3095 550 3108 586 :
3137 539 3189 586 et
3215 530 3357 585 oculi
3387 530 3464 584 tui
3496 529 3784 589 videbunt.

2204 639 2222 672 ι
2257 621 2326 676 Et
2351 635 2566 676 omnem
2589 619 2782 676 ludam
2807 621 2946 676 dabo
2976 621 3028 675 in
3055 635 3272 674 manum
3297 619 3438 689 regis
3459 617 3786 690 Babylonis,

2202 731 2222 765 ι
2257 721 2313 768 et
2341 713 2588 768 traducat
2626 727 2721 768 eos
2761 713 2814 767 in
2859 711 3218 784 Babylonem,
3264 718 3320 765 et
3365 710 3635 782 percutiet
3687 725 3788 766 eos

2175 811 2221 856 ἰ
2257 804 2436 876 gladio
2464 824 2478 859 :
2509 804 2577 860 Et
2612 805 2752 860 dabo
2773 805 3078 860 universam
3105 803 3471 859 substantiam
3502 803 3644 874 (sive
3673 801 3788 858 for-

2201 913 2220 946 ι
2256 895 2559 965 titudinem)
2585 895 2821 950 civitatis
2849 893 3022 963 hujus,
3051 902 3106 950 et
3125 909 3339 950 omnem
3368 893 3608 958 laborem
3637 893 3791 964 ejus.

2203 1003 2222 1036 ι
2257 1000 2520 1054 omneque
2555 985 2784 1054 pretium
2822 983 2959 1054 (sive
2992 971 3268 1054 gloriam),
3307 992 3362 1039 et
3396 993 3628 1038 cunctos
3661 983 3786 1037 the-

2201 1095 2219 1128 ι
2256 1091 2446 1130 sauros
2487 1089 2670 1146 regum
2713 1075 2871 1141 Juda,
2905 1073 3042 1130 dabo
3078 1073 3132 1127 in
3173 1087 3390 1128 manum
3430 1072 3792 1127 inimicorum

2203 1187 2220 1220 ι
2255 1183 2464 1230 eorum,
2504 1177 2561 1224 et
2601 1167 2854 1237 diripient
2895 1179 3014 1231 eos,
3054 1173 3109 1218 et
3155 1163 3343 1218 toilent
3385 1171 3443 1221 et,
3477 1161 3686 1217 ducent
3731 1159 3786 1216 in

2201 1275 2220 1308 ι
2258 1258 2603 1330 Babylonem.
2637 1255 2720 1310 Tu
2745 1264 2950 1320 autem,
2981 1254 3237 1318 lessur,
3270 1262 3326 1308 et
3347 1268 3538 1308 omnes
3567 1251 3790 1306 habita?-

2202 1367 2219 1398 ι
2261 1356 2406 1404 tores
2431 1349 2623 1403 domus
2653 1358 2787 1411 tute,
2823 1344 2971 1403 ibitis
3003 1345 3055 1398 in
3083 1344 3466 1416 rpptititatem,
3503 1349 3560 1394 et
3599 1340 3657 1394 in
3689 1339 3790 1392 Ba-

2201 1458 2220 1491 ‹
2255 1440 2504 1512 bylonem
2537 1439 2740 1502 venies,
2773 1445 2829 1492 et
2853 1435 2924 1492 ibi
2961 1435 3223 1496 morieris,
3255 1434 3437 1503 ibique
3471 1430 3787 1502 sepelieris,

2201 1548 2220 1582 ι
2259 1539 2312 1585 tu
2339 1539 2395 1586 et
2421 1543 2608 1586 omnes
2637 1527 2796 1582 amici
2839 1526 2918 1580 tui
2956 1525 3008 1580 in
3037 1523 3230 1594 quibus
3263 1520 3601 1592 prophetasti
3633 1535 3784 1574 nien-

2203 1641 2220 1674 ι
2258 1621 2490 1677 daeium.
2522 1639 2541 1673 ι
2575 1619 2735 1674 Juxta
2762 1617 3095 1688 superiorem
3125 1613 3655 1684 interpretationem,
3677 1627 3786 1682 qua

2199 1713 2434 1768 Phassur
2459 1725 2652 1766 nomen
2690 1710 2866 1764 fuerat
2906 1709 3379 1777 immutatum,_ut
3416 1704 3788 1773 appellaretur

521 1801 733 1855 videtur
757 1799 810 1853 in
846 1807 998 1868 parte
1022 1798 1272 1860 dexterae,
1304 1797 1446 1865 quod
1490 1797 1872 1865 interpretatur
1907 1795 2096 1866 Benja—
2124 1785 2170 1844 Β
2194 1810 2364 1868 ἾἎὩ,
2401 1818 2592 1858 omnes
2639 1801 2888 1857 similiter
2927 1799 3348 1862 transtulerunt,
3394 1805 3455 1851 ut
3499 1797 3786 1866 signiﬁca-

522 1891 630 1945 min
660 1909 675 1946 :
712 1899 768 1944 et
803 1889 856 1943 in
887 1898 1042 1959 porta
1081 1887 1294 1944 sublimi
1315 1927 1329 1951 ,
1359 1903 1479 1956 qum
1513 1901 1622 1942 non
1645 1886 1930 1942 veritatem
1959 1885 2100 1940 indi-

519 1991 624 2045 cat,
654 1979 748 2038 sed
777 1978 1026 2048 injustam
1055 1979 1320 2048 pontiﬁcis
1349 1983 1686 2046 potestatem.
2069 2027 2072 2031 .

595 2088 614 2120 ι
651 2070 892 2138 Cumque
920 2068 1182 2128 illuxisset
1212 2068 1265 2122 in
1303 2067 1624 2133 crastinum,
1651 2067 1836 2123 eduxit
1860 2066 2099 2124 Phassnr

523 2180 542 2212 ι
580 2159 865 2218 Jeremiam
893 2161 958 2215 de
981 2174 1164 2224 nervo,
1189 2169 1243 2215 et
1267 2159 1404 2214 «linit
1423 2160 1491 2216 ad
1512 2175 1634 2215 eum
1655 2158 1918 2216 Jeremias
1941 2176 1954 2212 :
1979 2157 2096 2214 Non

523 2271 543 2305 ι
577 2253 816 2310 Phassur
843 2253 1056 2308 vocavit
1093 2252 1352 2308 Dominus
1380 2267 1578 2308 nomen
1600 2261 1771 2317 tuum,
1800 2253 1897 2307 sed
1933 2266 2099 2322 pavo-

525 2364 544 2397 ι
584 2361 695 2400 rem
723 2346 975 2416 undique.
1012 2365 1032 2398 ι
1065 2345 1133 2400 Ει
1155 2346 1244 2400 hic
1271 2355 1376 2400 tam
1403 2360 1598 2402 nomen
1621 2343 1908 2415 pontiﬁcis,
1932 2359 2110 2414 quam-

522 2437 776 2494 tormenti
819 2451 988 2508 genus
1031 2438 1278 2493 similiter
1319 2453 1480 2510 supra
1527 2452 1716 2494 omnes
1758 2437 2096 2508 interpretati

449 2567 455 2574 .
518 2535 664 2582 sunt.
701 2527 936 2582 Mutatur
965 2537 1144 2582 autem
1175 2542 1370 2582 nomen
1401 2527 1688 2598 pontiﬁcis,
1712 2535 1774 2581 ut
1791 2542 1858 2580 ex
1882 2526 2097 2582 nomine

517 2615 820 2672 futurorum
855 2617 1172 2686 supplicium
1210 2617 1689 2672 demonstraretur.
1723 2615 2090 2687 Nequaqua,

517 2704 708 2775 inquit,
738 2705 962 2760 habebis
989 2706 1099 2762 oris
1127 2705 1480 2776 nigredinem.
1511 2715 1564 2760 et
1585 2705 1782 2774 iniqute
1809 2703 2094 2774 imperium

515 2793 816 2864 potestatis,
839 2794 933 2850 sed
953 2795 1197 2864 captivus
1216 2795 1428 2852 duceris
1447 2794 1796 2867 Babylonem.
1821 2793 1936 2850 Hoc
1952 2794 2094 2852 enim

516 2883 783 2956 signiﬁcat
818 2900 980 2955 pauor
1019 2885 1243 2954 undique
1285 2884 1398 2940 sive
1427 2900 1522 2954 per
1554 2885 1860 2947 circuitum,
1897 2893 1957 2938 ut
1991 2891 2097 2938 tre-

515 2993 668 3032 mens
693 2985 744 3032 et
767 2977 998 3046 prop-riae
1020 2977 1206 3032 salutis
1229 2977 1467 3033 incertus
1488 2978 1594 3032 huc
1619 2977 1847 3046 illucque
1871 2977 2097 3034 circum-

515 3066 743 3136 spicias,
778 3075 832 3120 et
863 3066 1140 3121 venientes
1173 3075 1360 3121 contra
1391 3075 1444 3122 te
1482 3067 1819 3123 adversarios
1851 3066 2096 3122 reformi—

515 3132 628 3210 des.
693 3155 798 3210 Pro
863 3173 1051 3226 pavore
1090 3156 1231 3226 quod
1276 3156 1330 3211 in
1376 3155 1640 3212 Hebraico
1683 3157 1944 3227 scriptum
1987 3167 2092 3222 est,
2121 3132 2165 3194 ί]

512 3255 658 3308 ἾΊᾹὩ
679 3245 822 3302 LXX
843 3255 898 3301 et
926 3247 1244 3312 Theodotio,
1266 3249 1517 3318 μέτοικον,
1543 3245 1592 3300 id
1621 3253 1726 3310 est,
1751 3247 2059 3317 migrantur:
2075 3287 2092 3312 ,

516 3339 721 3407 Aquilae
760 3339 996 3394 secunda
1027 3338 1215 3410 editio,
1243 3338 1602 3410 peregrinum,
1640 3339 1835 3407 prima,
1868 3339 2106 3396 circum-.

514 3429 831 3496 spicientem,
886 3426 1241 3498 Symmachus
1277 3424 1530 3490 ablatum,
1559 3424 1674 3481 sive
1701 3435 2107 3496 congregatum,-

513 3527 567 3572 ct
593 3529 850 3584 coactum,
881 3505 1214 3587 interpretati
1243 3523 1386 3571 sunt.
1607 3588 1614 3594 .

593 3627 610 3658 ι
647 3608 780 3675 Quia
825 3609 938 3662 haec
972 3609 1102 3662 dicit
1141 3605 1398 3661 Dominus
1426 3623 1442 3660 :
1474 3605 1610 3660 Ecce
1634 3619 1733 3677 ego
1771 3605 1910 3662 dabo
1948 3615 2000 3661 te
2041 3605 2096 3660 in

2198 1903 2318 1948 rent
2350 1891 2430 1947 vel
2455 1907 2694 1963 pavorem
2712 1929 2728 1956 ,
2761 1889 2847 1965 vel
2871 1889 3367 1960 peregrinationem.
3397 1887 3481 1941 vel
3515 1885 3785 1942 sublatio-

2197 2002 2334 2051 nem,
2363 1993 2419 2040 et
2443 1983 2862 2049 translationem,
2898 1989 2954 2038 et
2979 1981 3457 2052 rommigratioum
3489 1992 3512 2032 :
3545 1979 3784 2036 commi-

2195 2082 2458 2145 naturque
2491 2088 2616 2130 eum
2651 2087 2772 2128 cum
2809 2071 3000 2127 amicis
3033 2071 3148 2127 suis
3171 2069 3284 2140 jam
3305 2070 3528 2141 jamque
3553 2070 3784 2140 capien-

2195 2164 2354 2227 dum,
2391 2158 2812 2233 tradendumque
2847 2161 3084 2218 hostium
3118 2159 3391 2226 manibus,
3431 2169 3488 2215 et
3521 2166 3784 2216 cunctum

2193 2254 2446 2326 populum
2485 2254 2658 2309 tribus
2693 2251 2864 2318 Judte,
2903 2250 3182 2322 Babylonii
3222 2250 3366 2320 regis
3393 2249 3656 2306 manibus
3687 2249 3784 2303 ob-

2198 2345 2470 2401 tinendum
2506 2363 2522 2398 :
2557 2343 2798 2414 aliosque
2834 2341 3236 2398 interﬁciendos
3268 2340 3468 2412 gladio,
3505 2340 3656 2395 alios
3691 2339 3786 2394 du-

2194 2439 2393 2496 cendos
2440 2438 2495 2494 in
2546 2436 2938 2506 captivitatem,
2981 2446 3042 2490 et
3085 2434 3364 2490 universas
3407 2432 3634 2487 divitias
3677 2440 3782 2486 mni

2195 2529 2364 2593 urbis,
2396 2541 2558 2598 quam
2586 2527 2964 2586 thesaurorum
3002 2525 3272 2596 regiorum
3298 2525 3366 2580 ab
3396 2523 3643 2579 inimicis
3665 2537 3788 2579 esse

2195 2621 2490 2692 capiendas
2517 2637 2531 2674 :
2563 2620 2846 2690 ipsumque
2873 2619 3105 2675 Phassur
3129 2633 3252 2674 cum
3279 2617 3426 2674 omni
3456 2616 3785 2686 cognatione

2194 2724 2290 2766 sua
2320 2717 2376 2764 et
2407 2706 2608 2762 familia
2644 2707 2948 2764 ducendum
2981 2706 3036 2762 in
3067 2705 3457 2776 captivitatem,
3496 2712 3562 2760 et-
3597 2705 3657 2759 in
3685 2704 3786 2758 Ba-

2195 2800 2391 2873 bylone
2418 2814 2540 2872 esse
2570 2800 2920 2866 moriturum,
2950 2813 3015 2854 eo
3048 2797 3190 2869 quod
3217 2797 3473 2870 populum
3501 2811 3606 2852 suo
3637 2812 3785 2854 men-

2197 2893 2349 2948 dacio
2375 2891 2648 2962 deceperit
2674 2905 2690 2946 :
2716 2905 3053 2961 nequaquam
3084 2889 3161 2944 illi
3187 2905 3314 2944 vera
3341 2901 3398 2944 et
3427 2884 3610 2944 tristia
3643 2906 3662 2942 ι
3693 2888 3786 2943 sed

2197 3000 2292 3056 per
2323 2982 2655 3039 mendacium
2687 2997 2945 3054 prospera
2985 2981 3304 3051 pollicendo.
3341 2979 3633 3050 Simulque
3669 2979 3782 3034 ani-

2199 3074 2635 3130 madvertendum
2665 3073 2937 3144 propheta:
2961 3071 3278 3140 patientiam
3297 3109 3313 3135 ,
3353 3078 3516 3139 atque
3549 3069 3786 3138 pruden-

2197 3165 2346 3229 tiam,
2391 3163 2536 3233 quod
2577 3163 2777 3218 missus
2823 3163 2879 3218 in
2929 3175 3207 3218 carcerem
3253 3169 3420 3224 tacet,
3466 3167 3524 3214 et
3563 3157 3782 3215 silentio

2197 3254 2364 3308 vincit
2393 3251 2666 3322 injuriam,
2695 3265 2797 3306 nec
2817 3258 2998 3306 tamen
3015 3248 3337 3312 dissimulat,
3366 3249 3509 3318 quod
3537 3247 3783 3304 senecta

2196 3357 2480 3402 venturum
2500 3385 2516 3410 ,
2564 3352 2626 3398 ut
2668 3345 2864 3399 saltem
2901 3343 2974 3400 sit
3016 3342 3480 3413 pseudopropheta
3534 3337 3782 3409 pontifex

2197 3454 2420 3509 peccare
2452 3439 2706 3504 desistat,
2747 3447 2804 3499 et
2845 3439 2938 3494 Dei
2965 3437 3304 3494 clementiam
3334 3436 3678 3505 deprecetur.
3705 3430 3780 3486 De

2197 3545 2304 3598 quo
2334 3529 2385 3583 in
2412 3528 2656 3598 sequenti
2685 3528 2824 3582 libro
2845 3527 3056 3598 plenius
3083 3526 3428 3582 disseremus.
3733 3521 3738 3523 ’

1771 3858 2073 3940 LIBER
2125 3858 2498 3936 NONUS.

1948 4043 2320 4060 ψ

589 4155 839 4228 Legimus
865 4155 917 4210 in
943 4154 1232 4224 Evangelio
1274 4156 1558 4210 Dominum
1583 4153 1649 4209 tle
1689 4151 1946 4210 Paracliti
1991 4151 2088 4208 ad-

519 4259 676 4307 ventu
723 4247 998 4318 discipulis
1025 4248 1098 4301 ita
1126 4249 1468 4317 przcdixissc:
1505 4265 1522 4298 ι
1567 4246 1699 4302 Dum
1752 4245 1959 4300 venerit
2006 4243 2096 4299 ille

516 4349 704 4410 arguet
724 4341 976 4395 mundum
1003 4341 1070 4394 de
1093 4347 1336 4408 peccato,
1372 4349 1428 4394 et
1453 4341 1518 4394 de
1541 4337 1770 4409 justitia,
1797 4345 1854 4390 et
1873 4336 1939 4390 de
1955 4335 2098 4405 jndi-
2129 4379 2146 4435 Ι

517 4431 602 4486 cio
630 4431 809 4501 (Joau.
855 4432 987 4501 xvi).
1037 4449 1054 4480 ι
1097 4428 1154 4484 ln
1184 4444 1290 4498 quo
1330 4427 1457 4498 quid
1485 4427 1626 4481 aliud
1675 4426 1940 4486 innuitur,
1989 4423 2091 4478 nisi

517 4525 657 4593 quod
687 4525 786 4594 ipsi
823 4525 913 4594 qui
964 4517 1204 4592 ejusdem
1255 4522 1486 4593 Spiritus
1517 4524 1656 4577 dono
1699 4519 2002 4576 illustrandi
2041 4525 2096 4572 et

517 4611 853 4668 confortandi
879 4623 1058 4679 erant,
1099 4624 1372 4668 amatores
1397 4612 1576 4668 mundi
1613 4618 1668 4664 et
1698 4619 2096 4676 contemptores

517 4701 614 4757 Dei
665 4704 933 4772 arguendo
971 4705 1268 4775 correpturi
1306 4702 1522 4758 fuerunt
1549 4720 1561 4755 :
1593 4711 1852 4771 quatenus
1901 4698 2096 4754 intelli-

517 4799 726 4862 gerent,
774 4802 973 4860 quanto
1007 4794 1211 4848 scelere
1239 4791 1459 4862 captivi,
1511 4801 1566 4845 ct
1587 4799 1785 4860 quanta
1818 4803 1976 4858 poma
2017 4787 2098 4840 di-

517 4881 608 4952 gni
638 4889 792 4936 erant
819 4880 908 4950 qui
936 4881 1213 4948 perﬁdiam
1252 4895 1396 4934 sanae
1425 4880 1571 4944 ﬁdei,
1599 4877 1914 4947 injustitiam
1935 4873 2095 4948 justi-

519 4972 627 5036 tiae,
673 4979 730 5026 et
764 4971 1102 5041 iniquitatem
1123 4970 1328 5040 judicio
1358 4971 1759 5040 praeferebant?
1785 4970 1915 5034 Sed,
1966 4969 2091 5038 quia

517 5063 690 5118 sancti
739 5061 1013 5132 propheta:
1039 5061 1180 5115 idem
1218 5059 1448 5115 cilicium
1483 5077 1579 5131 pro
1621 5059 1918 5132 modosibi
1971 5060 2094 5112 dato

519 5163 760 5222 tempore
798 5170 895 5210 suo
923 5153 1202 5224 gerebant,
1237 5160 1524 5228 arguentes
1547 5152 1740 5221 impios
1773 5166 1870 5221 pro
1899 5149 2090 5204 inﬁde-

518 5241 688 5308 litate,
741 5251 1061 5312 peccatores
1103 5257 1202 5314 pro
1237 5242 1421 5315 pravis
1453 5241 1706 5311 operibus
1745 5259 1757 5295 :
1792 5239 1919 5310 quid
1948 5239 2094 5294 aliud

517 5327 858 5397 insinuatur,
912 5332 1017 5386 nisi
1062 5331 1204 5402 quod
1257 5331 1372 5402 ipse
1425 5340 1586 5402 atque
1646 5331 1788 5386 idem
1835 5329 2084 5400 Spiritus,

519 5419 804 5490 prophetas
832 5419 927 5475 Dei
953 5429 1078 5476 ante
1113 5421 1540 5476 incarnationem
1579 5420 1811 5485 Domini,
1842 5433 1938 5474 suo
1977 5433 2090 5472 mu—

521 5523 649 5564 nere
683 5509 1064 5578 illustraverat,
1090 5520 1150 5567 ut
1173 5513 1331 5581 digne
1352 5526 1508 5567 suum
1535 5511 1892 5567 ministerium
1927 5523 2090 5580 agere

519 5609 770 5664 possent,
841 5602 930 5670 qui
971 5600 1257 5672 apostolos
1321 5611 1442 5672 post
1485 5601 1908 5656 incarnationem
1971 5598 2088 5668 ejus

523 5686 834 5752 repleverat,
874 5699 930 5742 ut
973 5689 1137 5743 totius
1189 5690 1370 5744 mundi
1406 5699 1696 5758 arguerent
1741 5703 1956 5746 errores
1986 5705 1998 5740 :
2031 5693 2086 5740 et

2191 4155 2384 4211 diaboli
2421 4156 2714 4228 nequitiam
2739 4171 2924 4214 coram
2952 4153 3123 4212 oculis
3149 4155 3426 4211 hominum
3458 4155 3775 4226 detegat-rut

2196 4261 2260 4300 ac
2295 4246 2664 4315 publicarent?
2713 4248 2850 4302 Ecce
2895 4245 3156 4302 Jeremias
3202 4245 3462 4316 propheta
3523 4261 3682 4315 rcges
3720 4257 3775 4303 et

2199 4337 2508 4394 sacerdotes
2531 4355 2629 4408 pro
2655 4337 3020 4407 impietatibus
3051 4336 3164 4391 suis
3206 4337 3400 4406 arguit,
3449 4347 3504 4391 et
3554 4351 3774 4392 onmem

2198 4425 2356 4482 simul
2403 4425 2656 4497 populum
2701 4442 2801 4498 pro
2863 4426 3164 4482 sceleribus
3209 4427 3323 4482 suis
3362 4429 3670 4496 corripuit:
3719 4435 3778 4482 et

2194 4517 2318 4576 licet
2359 4519 2534 4587 poenis
2559 4535 2622 4574 ac
2647 4519 2922 4575 doloribus
2958 4517 3027 4574 ab
3077 4517 3160 4574 his
3193 4529 3413 4588 propter
3443 4521 3546 4572 hoc
3591 4517 3770 4574 attice-

2195 4617 2362 4668 retur,
2410 4616 2586 4664 tamen
2618 4623 2726 4664 non
2751 4609 2985 4664 cessavit
3006 4625 3036 4662 a
3062 4608 3392 4679 prmdicandi
3417 4609 3617 4666 cilicio.
3666 4609 3772 4662 vim

2195 4692 2426 4768 spiritus
2475 4699 2643 4756 sancti
2675 4715 2734 4754 se
2783 4699 2928 4758 intus
2957 4699 3166 4770 agentis
3199 4707 3536 4762 contestans,
3575 4709 3632 4752 et
3679 4713 3772 4767 spe

2193 4789 2575 4845 consolationis
2619 4788 2814 4845 divina:
2863 4790 3212 4859 semetipsum
3261 4788 3618 4854 confortans,
3655 4790 3767 4843 ait:

2195 4878 2386 4935 Factus
2415 4887 2502 4936 est
2530 4879 2586 4934 in
2610 4879 2772 4934 corde
2800 4894 2922 4934 meo
2949 4879 3102 4948 quasi
3129 4878 3270 4949 ignis
3295 4889 3556 4942 aestuans,
3623 4877 3770 4931 clau-

2191 4987 2389 5040 susque
2416 4971 2472 5026 in
2491 4971 2703 5027 ossibus
2725 4971 2860 5026 meis
2897 4988 2910 5026 :
2957 4969 3132 5027 deieci
3158 4969 3302 5026 ferre
3338 4985 3444 5024 non
3472 4971 3766 5024 sustinens.

2190 5061 2383 5116 Audivi
2409 5061 2766 5116 contumelias
2790 5060 3108 5122 multorum,
3127 5068 3192 5128 pet
3230 5067 3469 5126 terrores
3494 5058 3548 5112 in
3571 5057 3768 5114 circui—

2191 5157 2271 5216 tu,
2310 5149 2406 5206 sed
2433 5149 2689 5206 Dominus
2733 5163 2943 5204 mecum
2970 5156 3056 5204 est
3101 5147 3262 5217 quasi
3306 5145 3536 5204 bellator
3575 5146 3760 5202 fortis:

2190 5239 2412 5304 idcirco,
2467 5240 2560 5308 qui
2611 5253 2697 5293 me
2735 5249 3134 5308 persequuntur
3177 5237 3393 5300 cadent,
3461 5243 3518 5292 et
3565 5235 3764 5292 inﬁrmi

2188 5335 2368 5384 erunt.
2417 5327 2648 5384 Proinde
2693 5343 2836 5382 nunc
2881 5326 3035 5396 juxta
3089 5328 3216 5382 noni
3265 5327 3384 5381 libri
3433 5325 3764 5396 principium

2167 5396 2418 5486 "qualiter
2444 5415 2560 5472 haec
2593 5425 2902 5488 agerentur,
2935 5431 3168 5487 sequens
3197 5429 3378 5472 sermo
3403 5414 3711 5486 patefaciet.

2262 5523 2283 5556 ι
2327 5504 2598 5562 Seduxisti
2647 5523 2756 5573 me,
2799 5507 3044 5573 Domine,
3100 5517 3156 5562 et
3183 5508 3438 5562 seductus
3481 5521 3601 5562 sum
3637 5503 3762 5574 (sin

2191 5613 2210 5646 ‹
2254 5595 2508 5666 deccpisti
2533 5612 2638 5661 me,
2667 5596 2912 5660 Domine,
2930 5597 3247 5666 etdeceptus
3263 5593 3422 5669 sum).
3444 5595 3651 5652 Fortior
3674 5605 3759 5646 mo

2191 5705 2209 5738 ι
2249 5683 2421 5754 fuisti,
2469 5695 2526 5742 ct
2563 5685 2831 5742 invaluisti
2875 5687 3001 5757 (sive
3045 5688 3348 5748 obtinuisti,
3393 5695 3447 5741 et
3493 5683 3756 5756 potuisti).
