4022 6186
266 269 396 326 3435-

1174 267 1544 328 EXPOSlTlO
1581 269 1811 333 SUPER
1847 269 2211 335 JEREMIAM.
2252 305 2323 317 -—
2359 275 2484 331 LIB.
2528 273 2616 333 lX.

3445 287 3548 347 966

278 396 302 430 ι
346 376 544 431 Factus
582 388 799 473 summ
830 375 1069 473 derisum
1085 386 1211 473 tota
1261 380 1366 449 die,
1401 396 1592 473 omnes
1631 384 1856 440 subsan-
1889 401 1939 461 Α
1964 385 2283 444 idololatrim
2314 389 2861 457 deditaincivitatem,
2894 391 3223 453 incitabatur
3245 399 3459 473 spiritu,
3487 414 3548 465 et

266 484 296 516 1
347 472 481 520 nant
506 477 612 528 me,
632 463 756 533 quia
779 463 895 534 jam
917 465 1045 521 olim
1083 467 1295 539 loquor,
1327 469 1634 529 vociferans
1672 473 1866 543 iniqui-

275 574 300 609 ι
348 564 538 620 tatem,
590 563 647 611 et
690 558 1001 613 vastitatem
1052 559 1271 615 clamito
1317 561 1446 636 (sive
1504 546 1865 635 quia'aniaro

271 666 297 704 ι
340 648 510 705 verbo
539 661 661 703 meo
695 649 885 705 ridebo
933 653 1462 721 pmvaricationem.
1509 664 1562 711 et
1592 656 1864 712 miseriam

273 756 298 791 ι
344 737 652 810 invocabo).
701 757 721 791 ι
769 737 1039 812 (Hieron).
1090 742 1313 798 Dicitse
1339 746 1865 816 prophetaaDomi-

270 848 346 888 no
371 847 494 887 esse
533 831 837 900 deceptum,
869 834 991 901 quia
1022 834 1076 887 in
1104 836 1376 906 principio
1400 837 1647 901 audiens,
1684 856 1702 887 ι
1736 837 1865 891 Pro-

266 925 497 997 phetam
561 922 814 995 gentibus
867 923 988 978 dedi
1036 932 1089 979 te
1135 926 1315 996 (supra
1344 925 1419 999 t);
1459 946 1478 977 ι
1534 938 1590 981 et
1630 927 1859 980 iterum:

272 1033 294 1067 ς
338 1012 478 1073 Ecce
544 1013 803 1069 constitui
845 1021 896 1069 te
939 1014 1099 1070 hodie
1161 1030 1323 1086 super
1368 1026 1557 1087 gentes
1606 1024 1663 1071 et
1701 1030 1863 1085 super

266 1119 456 1173 regna,
484 1111 544 1158 ut
561 1102 761 1158 evellas
787 1104 1129 1171 etdcstruas',
1160 1114 1215 1159 et
1238 1106 1516 1176 disperdas
1534 1115 1589 1161 et
1611 1106 1859 1178 dissipes,

265 1206 325 1252 et
376 1194 615 1250 aediﬁces
660 1203 716 1250 et
754 1193 965 1264 plantes
997 1193 1207 1269 (Ibit),
1244 1215 1264 1249 ι
1300 1198 1597 1252 arbitratus
1628 1199 1700 1252 sit
1726 1197 1861 1252 nihil

264 1301 329 1343 se
356 1295 544 1341 contra
572 1284 825 1355 pupulum
873 1282 1201 1350 Judmorum,
1253 1287 1345 1341 sed
1374 1296 1564 1343 contra
1617 1289 1861 1344 diversas

266 1375 325 1429 in
355 1373 585 1428 circuitu
633 1373 881 1427 nationes
930 1387 1052 1427 esse
1105 1375 1400 1439 dicturum,
1448 1378 1587 1430 unde
1635 1387 1689 1431 et
1736 1391 1861 1446 pro-

262 1465 507 1536 phetiam
537 1462 768 1518 libenter
787 1465 1173 1534 assumpserit:
1210 1475 1265 1519 et
1291 1465 1536 1521 evenisse
1557 1469 1854 1533 contraria,

262 1566 325 1613 ut
357 1557 731 1629 captivitatem
776 1556 1112 1614 Hierusalem
1154 1560 1477 1631 praedicans,
1527 1562 1859 1631 persecutio-

260 1668 363 1708 nes
391 1660 450 1707 et
476 1651 754 1722 angustias
778 1650 1088 1713 sustineret.
1122 1650 1383 1722 Quodque
1406 1652 1589 1707 intulit
1614 1669 1634 1706 ‹
1661 1652 1856 1708 Factus

1966 487 2079 535 tota
2105 488 2287 535 mente
2320 480 2564 536 fervebat
2612 483 2749 555 (.tct.
2800 492 2956 556 xvii).
3008 488 3074 542 Et
3096 495 3440 558 postmodum
3488 499 3547 555 in

1962 569 2452 631 eodemvolumine
2480 572 2708 643 legimus
2735 574 2872 646 (Act.
2905 578 3061 647 xvnr)
3090 594 3106 632 :
3152 599 3171 632 ‹
3203 581 3336 639 Cum
3361 588 3546 645 venis-

1963 671 2085 715 sent
2117 669 2296 716 autem
2327 663 2397 718 de
2423 662 2735 719 Macedonia
2777 665 2917 721 Silas
2957 677 3010 722 et
3070 669 3408 741 Timotheus,
3455 676 3543 734 in-

1961 753 2140 805 stabat
2164 753 2329 808 verbo
2347 752 2567 820 Paulus,
2586 756 2887 812 testificaris
2907 756 3109 815 Iudaeis
3126 776 3249 817 esse
3263 763 3538 825 Christum

1961 839 2171 896 Jesum.
2216 864 2233 893 ι
2267 843 2372 899 Sed
2424 853 2477 898 et
2504 844 2746 915 plerique
2795 848 3075 903 doctorum
3110 867 3279 923 usque
3305 855 3462 913 hodie
3488 860 3541 915 in

1962 930 2204 989 Ecclesia
2236 934 2433 989 similia
2466 937 2756 1003 sustinent,
2787 939 3066 996 audientes
3092 943 3540 1015 vituperationem

1963 1025 2252 1079 multorum
2288 1036 2734 1098 congregatarum
2768 1031 3054 1087 adversum
3094 1048 3154 1089 se
3196 1036 3250 1090 in
3285 1038 3537 1106 circuitu,

1962 1123 2123 1185 atque
2150 1115 2486 1173 dicentium:
2522 1137 2539 1170 ι
2596 1118 3012 1190 Persequiniini,
3062 1132 3115 1178 ct
3144 1140 3536 1199 persequamur

1959 1222 2072 1263 806.

2034 1317 2053 1350 ι
2099 1299 2299 1357 Omnes
2346 1303 2469 1369 viri,
2520 1304 2794 1373 quierant
2835 1305 3046 1374 paciﬁci
3098 1308 3224 1375 mei,
3265 1318 3323 1366 et
3364 1320 3539 1368 custo-

1964 1409 1983 1442 ι
2027 1392 2236 1447 dientes
2280 1393 2421 1448 latus
2469 1410 2670 1460 meum,
2709 1397 2765 1453 Si
2796 1399 3063 1466 quomodo
3110 1399 3430 1470 decipiatur,
3484 1410 3539 1458 et

1964 1497 1983 1533 ι
2030 1484 2416 1553 praevaleamus
2465 1482 2774 1541 adversunr
2813 1505 2976 1553 eum,
3037 1498 3092 1544 et
3142 1506 3540 1562 consequamur

1964 1592 1982 1625 ι
2032 1573 2292 1630 ultionem
2324 1591 2393 1631 ex
2424 1591 2509 1633 eo.
2537 1577 2799 1633 Dominus
2821 1590 2998 1635 autem
3039 1597 3247 1637 mecum
3273 1593 3377 1650 est,
3410 1601 3539 1655 qna-

1964 1682 1983 1716 ‹
2025 1664 2071 1721 si
2099 1665 2328 1723 bellator
2347 1666 2523 1724 fortis.
2561 1688 2578 1721 ι
2610 1668 2743 1724 Cum
2774 1671 3071 1727 adversarii
3100 1684 3454 1741 surrexerint,
3481 1684 3538 1730 et

260 1758 385 1798 sum
429 1743 485 1798 in
511 1742 750 1799 derisum
803 1749 915 1797 tota
935 1743 1041 1810 die,
1089 1757 1279 1797 omnes
1321 1744 1657 1799 subsannant
1684 1760 1769 1798 me
1802 1763 1845 1809 ι,

1952 1757 2112 1813 amici
2154 1758 2422 1828 quondam
2466 1768 2633 1830 atque
2667 1761 2878 1830 paciﬁci
2904 1761 3108 1825 fuerint
3136 1764 3202 1818 ad
3231 1763 3369 1820 bella
3400 1779 3529 1823 cou-

259 1849 327 1887 eo
349 1836 494 1903 quod
519 1834 788 1888 testiment
816 1832 965 1897 illum
995 1833 1245 1887 universa
1271 1833 1582 1900 mentitum,
1621 1843 1678 1888 et
1703 1850 1838 1888 cun-

259 1935 376 1986 eta,
406 1938 529 1996 quae
540 1923 851 1995 prtedixerit
879 1938 1000 1979 esse
1021 1931 1268 1992 ventura,
1305 1924 1581 1979 mendacia
1603 1922 1841 1981 fuerat:

258 2027 318 2069 et
362 2015 623 2086 propheta
667 2015 810 2071 enim
852 2023 1137 2085 potaverat
1181 2014 1363 2070 statim
1414 2013 1653 2085 futurum
1703 2015 1847 2085 quod

258 2107 521 2169 Dominus
552 2108 898 2163 minabatur:
951 2115 1007 2161 et
1036 2106 1263 2178 populus
1292 2107 1597 2165 aestimabat
1638 2122 1844 2179 nequa-

257 2216 426 2271 quam
469 2198 609 2255 ultra
661 2207 974 2266 venturum,
1018 2199 1161 2269 quod
1210 2200 1391 2254 statim
1442 2214 1547 2254 non
1603 2208 1843 2255 venerat.

259 2294 444 2363 Atque
469 2290 739 2349 vociferor
768 2293 1074 2347 vastitatem
1114 2291 1445 2363 Babyloniae,
1497 2302 1552 2348 et
1593 2293 1846 2364 iniquita-

264 2397 379 2445 tem
423 2389 678 2454 hostium,
732 2402 831 2458 per
873 2402 1037 2457 quam
1082 2386 1467 2458 opprimendus
1511 2386 1582 2441 sit
1614 2385 1848 2456 populus

256 2495 433 2538 meus.
479 2479 573 2537 Sin
591 2488 773 2539 autem
798 2479 1076 2547 sequimur
1101 2476 1476 2549 Septuaginta,
1525 2478 1578 2531 in
1604 2492 1668 2531 eo
1701 2475 1844 2547 quod

257 2574 476 2633 dixere;
514 2592 533 2626 ι
566 2572 692 2643 quia
732 2585 919 2625 amaro
949 2568 1111 2625 verbo
1142 2583 1260 2622 meo
1290 2567 1474 2622 ridebo
1519 2569 1843 2636 prmvarica-

259 2666 488 2730 tionem,
539 2672 596 2720 et
632 2661 908 2725 miseriam
941 2660 1223 2724 invocabo,
1280 2678 1296 2710 ι
1350 2659 1437 2713 hic
1482 2673 1673 2713 sensus
1725 2666 1841 2711 est:

257 2758 391 2815 Scio
435 2764 751 2827 prxsentem
805 2751 1080 2807 tristitiam
1111 2749 1294 2806 futuro
1351 2751 1547 2821 gaudio
1601 2765 1845 2809 conmin-

258 2852 501 2914 tandam,
532 2847 689 2918 juxta
712 2846 842 2901 illud
874 2846 1016 2916 quod
1044 2845 1302 2915 scriptum
1329 2853 1447 2899 est:
1486 2862 1504 2895 ι
1542 2841 1692 2897 Beati
1717 2841 1846 2897 flen-

258 2954 362 3007 tes,
414 2941 669 3012 quoniam
706 2938 807 3008 ipsi
850 2937 1111 3003 ridebunt
1158 2935 1309 3008 (Luc.
1344 2936 1444 3006 vi).
1481 2954 1499 2995 ρ
1534 2934 1599 2989 Ει
1641 2935 1843 2990 idcirco

256 3033 534 3089 miseriam
573 3039 629 3087 et
675 3028 1042 3099 iniquitatem,
1103 3026 1557 3096 alllictioncmque
1606 3025 1840 3080 libenter

1950 1851 2114 1917 versi,
2149 1852 2523 1922 voluerintque
2555 1854 2711 1908 nobis
2744 1854 2969 1909 insidias
3011 1856 3254 1921 tendere,
3285 1872 3394 1913 non
3418 1871 3536 1912 ma-

1949 1958 2186 2014 gnopere
2220 1960 2490 2010 curemus,
2542 1945 2635 1999 sed
2660 1955 2908 2015 optemus
2948 1946 3049 2000 hoc
3075 1947 3274 2013 dicere,
3307 1950 3448 2019 quod
3477 1958 3534 2004 et

1947 2037 2210 2107 propheta
2264 2035 2542 2106 loquitur:
2582 2053 2602 2087 ι
2654 2035 2914 2091 Dominus
2965 2044 3146 2091 autem
3191 2052 3404 2101 mecum
3449 2048 3532 2094 est

1948 2132 2106 2203 quasi
2132 2130 2361 2187 bellator
2385 2129 2559 2185 fortis.
2591 2148 2612 2183 ι

2024 2241 2043 2275 ε
2086 2222 2291 2278 Idcirco
2320 2221 2411 2291 qui
2436 2231 2843 2291 persequuntur
2891 2236 2976 2276 me
3004 2221 3216 2287 cadent,
3251 2230 3306 2278 et
3333 2221 3528 2277 infirmi

1954 2332 1973 2366 ι
2012 2320 2176 2369 erunt
2199 2312 2324 2383 (sive
2352 2312 2473 2369 ideo
2503 2312 2772 2382 persecuti
2802 2320 2946 2376 sunt,
2997 2321 3052 2365 et
3082 2311 3378 2383 intelligere
3420 2328 3528 2367 non

1952 2421 1972 2455 ι
1996 2401 2350 2474 potuerunt).
2406 2401 2818 2459 Confundentur
2841 2400 3212 2466 vehementer,
3246 2401 3391 2471 quia
3421 2416 3527 2457 non

1952 2512 1971 2545 ι
2013 2492 2395 2549 intellexerunt
2422 2492 2769 2562 opprobrium
2805 2491 2930 2563 (sive
2959 2492 3331 2562 ignominiam)
3377 2508 3524 2551 sem-

1948 2604 1970 2638 t
2014 2586 2313 2656 piternum,
2364 2584 2509 2654 quod
2535 2600 2810 2654 nunquam
2838 2583 3122 2639 delebitur.
3162 2583 3297 2652 Quia
3341 2600 3525 2655 perse—

1946 2677 2055 2733 cuti
2103 2686 2253 2741 sunt,
2294 2675 2415 2729 ideo
2440 2675 2819 2745 propheticum
2868 2672 2973 2730 non
3000 2684 3292 2745 potuerunt
3323 2675 3525 2732 intelli-

1945 2786 2070 2842 gere
2104 2783 2431 2835 sermonem,
2470 2776 2525 2824 et
2551 2767 2914 2837 ignorantiam
2958 2768 3201 2824 confusio
3235 2770 3528 2825 vehemens
3622 2782 3633 2787 ‘

1944 2869 2230 2916 consecuta
2264 2868 2386 2914 est:
2415 2874 2515 2912 nec
2543 2858 2923 2914 intellexerunt
2946 2859 3293 2930 ignominiam
3316 2861 3519 2930 sempi-

1945 2960 2174 3017 ternam,
2218 2964 2337 3020 quae
2365 2950 2633 3006 obtinebit
2658 2965 2772 3014 eos,
2827 2958 2883 3005 et
2909 2950 3051 3005 utilia
3083 2950 3352 3005 oblivione
3375 2949 3522 3006 dele-

1942 3041 2104 3096 bitur.
2156 3041 2347 3098 Dicant
2404 3041 2569 3110 igitur
2631 3041 2775 3111 quod
2823 3040 3013 3095 volunt
3082 3041 3183 3095 viri
3251 3041 3522 3115 quondam

252 3127 520 3190 sustineo,
573 3124 647 3178 ita
677 3131 737 3177 ut
768 3122 980 3190 cupiam
1017 3128 1072 3173 et
1108 3118 1353 3174 invocem
1399 3132 1532 3172 eas:
1574 3126 1628 3171 et
1656 3116 1832 3172 brevi-
1864 3107 1906 3166 C
1936 3131 2169 3201 paciﬁci,
2224 3140 2279 3187 ει
2307 3131 2397 3202 qui
2426 3107 2807 3186 ξηειοειίέωηι
2834 3131 2975 3185 (ams
3023 3146 3221 3197 meum,
3269 3107 3330 3186 ξι
3381 3107 3524 3186 ἀρείζ.

257 3225 429 3271 tatem
455 3213 665 3284 injuria:
692 3209 965 3266 felicitatis
987 3207 1289 3271 aeternitate
1323 3219 1691 3275 compensem.

330 3345 351 3379 ο
394 3324 536 3393 Quia
577 3323 751 3377 factus
784 3329 870 3376 est
920 3319 1049 3374 mihi
1085 3332 1266 3378 sermo
1308 3316 1519 3373 Domini
1553 3316 1606 3370 in
1639 3329 1835 3386 oppro—

259 3437 278 3471 ι
320 3417 523 3479 brium,
549 3424 604 3468 et
630 3414 685 3467 iu
707 3412 945 3466 derisum
971 3417 1082 3463 tota
1109 3409 1215 3473 die,
1258 3418 1313 3461 et
1335 3407 1477 3462 dixi:
1511 3405 1628 3463 Non
1656 3419 1839 3463 recor-

257 3529 277 3560 α
326 3507 497 3563 dabor
523 3503 641 3574 ejus
688 3503 815 3573 (sive
864 3515 971 3555 non
1019 3498 1308 3555 nominabo
1357 3494 1687 3569 Dominum),
1739 3511 1839 3552 nec

258 3621 275 3651 ι
321 3598 516 3667 loquar
563 3595 701 3649 ultra
734 3592 792 3647 in
833 3591 1050 3647 nomine
1098 3588 1263 3645 illius.
1316 3588 1383 3642 Et
1431 3586 1608 3642 iactus
1652 3595 1736 3642 est
1783 3587 1836 3640 in

258 3709 276 3740 ι
318 3687 486 3744 corde
512 3700 655 3749 meo,
704 3682 857 3752 quasi
882 3680 1023 3751 ignis
1069 3676 1835 3749 exaestuans,claususquein

258 3799 277 3829 ι
322 3776 537 3832 ossibus
561 3772 730 3829 meis:
763 3780 818 3827 et
841 3768 1013 3829 deieci
1043 3768 1169 3838 (sive
1189 3766 1498 3837 dissolutus)
1530 3781 1672 3833 sum,
1698 3768 1838 3823 ferre

258 3890 277 3923 ι
322 3886 431 3927 non
451 3870 728 3925 sustinens
752 3884 765 3920 :
800 3865 978 3921 audivi
1003 3863 1148 3919 enim
1172 3861 1526 3917 contumelias
1552 3862 1676 3931 (sive
1698 3861 1811 3915 vitu

259 3984 278 4016 ι
327 3961 684 4037 perationem)
733 3961 1049 4025 multorum,
1102 3970 1159 4016 et
1187 3970 1447 4014 terrorem
1479 3958 1533 4012 in
1582 3957 1833 4023 circuitu,

260 4079 280 4110 ι
324 4058 454 4131 (εἰει
483 4063 931 4127 congregatorum
980 4052 1271 4122 undique):
1321 4049 1731 4121 Persequimini,
1784 4059 1839 4104 et
1892 4106 1893 4111 η

259 4173 278 4206 ι
320 4160 711 4224 persequamur
733 4164 878 4204 eum.
916 4169 934 4199 ι
968 4147 1247 4203 Clamante
1276 4159 1363 4200 me
1392 4150 1555 4213 atque
1583 4143 1830 4205 dicente,

254 4243 401 4314 quod
427 4243 543 4313 jam
592 4239 917 4309 Babylonius
947 4237 1155 4291 veniret
1206 4235 1501 4298 exercitus,
1551 4242 1606 4288 et
1652 4233 1837 4288 omnia

255 4334 472 4392 hostilis
496 4332 713 4401 gladius
739 4331 1093 4400 praedaretur,
1139 4339 1331 4382 versus
1356 4333 1443 4379 est
1471 4322 1605 4377 mihi
1652 4336 1836 4377 sermo

1938 3236 2065 3293 pere
2081 3222 2367 3294 cupiebant
2389 3222 2920 3293 :dummodojustum
2947 3221 3122 3275 virum
3148 3229 3310 3291 atque
3338 3222 3523 3277 docto—

1938 3330 2055 3369 rem
2104 3313 2359 3371 Ecclesia
2405 3320 2527 3384 post
2574 3312 3004 3385 persecutionem
3067 3320 3212 3366 tanta
3262 3311 3522 3378 vindicta,

1939 3416 2194 3476 tantaque
2223 3406 2446 3476 praimia
2486 3412 2908 3473 consequantur.

2012 3518 2029 3548 ε
2071 3498 2135 3551 Et
2168 3508 2243 3561 tu,
2294 3496 2522 3552 Domine
2544 3495 2898 3555 exercituum,
2953 3492 3209 3562 probator
3235 3491 3369 3562 justi
3397 3492 3523 3562 (sive

1944 3610 1961 3641 ι
2002 3591 2096 3658 qui
2138 3588 2543 3658 prohasjnsta),
2583 3588 2675 3656 qui
2702 3589 2853 3641 vides
2882 3602 3039 3643 renes
3069 3595 3121 3641 et
3149 3601 3265 3649 cor,
3286 3586 3520 3650 videam,

1945 3698 1962 3730 ι
2009 3696 2213 3749 quaeso,
2245 3680 2500 3735 ultionem
2533 3687 2677 3733 tuam
2708 3694 2770 3731 ex
2803 3679 2883 3731 eis
2917 3695 2929 3730 :
2977 3677 3072 3730 tibi
3113 3676 3255 3730 enim
3287 3674 3521 3729 revelavi

1945 3789 1962 3820 ι
2010 3786 2228 3824 causam
2261 3786 2459 3824 meam.
2516 3788 2534 3818 ι
2569 3768 2727 3823 Solus
2764 3777 2849 3821 est
2897 3767 3156 3819 Dominus
3185 3767 3272 3833 qui
3309 3764 3519 3817 noverit

1938 3864 2168 3933 probare
2204 3861 2494 3931 justitiam,
2542 3860 2808 3927 quomodo
2860 3857 3006 3913 solus
3060 3866 3143 3910 est
3195 3855 3287 3924 qui
3339 3855 3519 3908 cordis

1938 3957 2153 4011 interna
2182 3955 2497 4024 conspiciat.
2546 3952 2696 4008 Unde
2724 3961 2779 4005 et
2813 3950 2968 4005 Jesus
3020 3951 3196 4003 sciens
3237 3948 3514 4018 cogitatio-

1939 4061 2034 4102 nes
2063 4046 2338 4100 hominum
2369 4044 2519 4115 (an.
2552 4042 2645 4114 γι),
2682 4057 2786 4096 non
2813 4058 2879 4096 ex
2908 4040 3170 4112 profectu,
3212 4048 3268 4092 ut
3301 4039 3517 4108 quidam

1937 4143 2148 4205 putant,
2179 4136 2273 4193 sed
2298 4144 2492 4191 natura
2522 4133 2663 4189 Deus
2687 4142 2793 4187 est.
2819 4131 2946 4186 Tale
2972 4131 3101 4201 quid
3121 4139 3177 4184 et
3206 4129 3260 4183 in
3284 4127 3517 4184 Psalmis

1938 4234 2131 4281 sonat:
2170 4244 2189 4276 ι
2226 4224 2341 4280 Non
2364 4223 2751 4292 iustificabitur
2787 4224 2839 4278 in
2878 4230 3173 4291 conspectu
3201 4230 3291 4274 tuo
3341 4220 3519 4275 omnis

1938 4317 2126 4372 vivens
2152 4314 2324 4388 (Paul.
2347 4316 2533 4387 cxur).
2574 4336 2594 4370 ι
2627 4314 2686 4370 Si
2706 4316 2894 4370 vivens
2917 4312 3205 4368 virtutibus
3226 4327 3336 4367 non
3358 4311 3521 4380 justi-

253 4400 946 4493 Dominiopprobrium,
976 4416 1220 4488 atquein
1244 4415 1501 4477 derisum,
1555 4413 1683 4468 dum
1725 4420 1834 4466 tar-
1867 4450 1913 4508 Β
1941 4408 2154 4485 iicatur,
2185 4415 2390 4478 quanto
2441 4407 2610 4477 magis
2658 4405 2750 4474 qui
2806 4404 3042 4476 peccatis
3098 4411 3343 4457 mortuus
3393 4400 3520 4455 est?

254 4520 483 4574 ditatem
514 4514 808 4585 prophetia:
830 4517 1025 4580 putant
1064 4522 1185 4571 esse
1232 4505 1593 4560 mendacium.
1637 4502 1834 4571 Quam-

254 4608 443 4663 obrem
487 4604 545 4660 in
574 4618 693 4665 mea
727 4609 905 4656 mente
929 4597 1163 4661 decrevi,
1218 4604 1279 4651 ut
1303 4594 1442 4649 ultra
1489 4592 1556 4661 ad
1584 4591 1836 4663 populum

255 4695 352 4751 Dei
379 4693 562 4752 verbis
588 4707 696 4746 non
725 4690 994 4758 loquerer,
1045 4702 1151 4743 nec.
1172 4699 1368 4739 nomen
1400 4683 1543 4737 illius
1587 4683 1835 4736 nomina-

259 4802 372 4842 rem
418 4803 432 4839 :
466 4786 610 4855 quod
646 4797 767 4837 cum
801 4781 1006 4850 pudore
1033 4786 1342 4847 superatus,
1389 4775 1689 4830 verecunde
1715 4775 1869 4844 qui—_

255 4878 401 4941 dem,
437 4875 535 4931 sed
564 4873 728 4929 stulte
773 4871 1206 4942 ceustituissem,
1247 4867 1446 4923 Factits
1489 4874 1595 4931 est,
1643 4867 1838 4937 inquit,

257 4966 313 5019 in
335 4964 502 5019 corde
527 4977 671 5029 meo,
710 4961 866 5031 quasi
896 4960 1034 5030 ignis
1066 4964 1393 5022 exaestuans,
1423 4955 1745 5024 claususque
1784 4956 1837 5009 in

254 5056 470 5111 ossibus
499 5055 655 5119 uicis,
693 5073 712 5105 ι
748 5052 863 5109 sive
891 5050 1130 5120 undique
1159 5048 1453 5104 dissolutus
1484 5063 1626 5111 sum,
1678 5047 1749 5099 ita
1781 5055 1837 5099 ut
1876 5104 1877 5107 η

257 5149 399 5204 ferre
447 5162 555 5200 non
605 5145 826 5212 possim.
894 5141 1199 5211 Conceptus
1241 5140 1386 5195 enim
1435 5140 1616 5192 animo
1659 5152 1840 5193 St’l‘ulo

257 5240 494 5299 divinus,
542 5249 644 5289 nec
664 5248 761 5289 ore
783 5232 1026 5302 prolatus
1051 5231 1203 5286 ardet
1231 5231 1287 5285 in
1312 5237 1549 5299 pectore.
1599 5228 1748 5285 Unde
1786 5237 1840 5283 ct

260 5327 458 5383 Paulus
488 5323 792 5395 loquitur“
819 5321 941 5377 Cor.
972 5322 1080 5393 nt):
1111 5340 1129 5371 ι
1152 5321 1209 5376 Si
1236 5319 1702 5392 evangelizavero.
1732 5336 1836 5373 non

255 5429 339 5475 est
375 5419 507 5474 mihi
543 5414 753 5487 gloria:
808 5414 1104 5469 necessitas
1167 5413 1309 5467 enim
1359 5410 1491 5464 mihi
1554 5410 1835 5467 incumbit.

262 5508 352 5563 Vae
391 5509 538 5565 enim
571 5506 703 5560 mihi
737 5513 838 5568 est,
891 5503 937 5557 si
971 5517 1073 5555 non
1099 5501 1556 5571 evangelizavero.
1608 5498 1663 5553 Si
1694 5500 1837 5554 enim

261 5598 444 5653 volens
470 5598 573 5652 hoc
599 5611 722 5668 ago,
754 5595 1058 5649 mercedem
1090 5592 1291 5648 habeo:
1328 5592 1373 5646 si
1405 5601 1585 5645 autem
1617 5591 1834 5656 invitus,

262 5688 589 5759 dispensatio
624 5687 755 5741 mihi
787 5682 982 5739 tradita
1013 5692 1114 5739 est.
1158 5701 1177 5735 ι
1210 5682 1275 5737 Ει
1298 5683 1353 5737 in
1386 5684 1614 5739 Athenis
1648 5680 1835 5736 videns

1939 4497 2178 4566 Cumque
2200 4512 2259 4552 se
2281 4496 2418 4551 sciat
2436 4497 2615 4566 justus
2633 4496 2834 4550 habere
2850 4503 3299 4564 propugnatorem
3325 4493 3515 4559 Deum,

1940 4599 2120 4645 tamen
2165 4587 2500 4663 impatientia
2532 4586 2840 4656 fragilitatis
2888 4586 3153 4651 humanm,
3193 4586 3336 4655 quod
3369 4585 3515 4641 novit

1940 4697 2065 4739 esse
2105 4691 2420 4757 venturum,
2451 4679 2564 4748 jam
2605 4695 2750 4735 nunc
2780 4680 2960 4733 videre
3006 4678 3296 4742 desiderat,
3336 4679 3419 4732 cui
3465 4687 3516 4733 et

1944 4770 2205 4827 revelahit
2233 4786 2448 4825 causam
2481 4784 2655 4833 suam,
2685 4768 2776 4838 qui
2814 4768 2944 4822 dicit
2970 4767 3021 4821 in
3051 4766 3155 4821 alio
3182 4766 3334 4821 loco:
3372 4784 3389 4815 ι
3424 4766 3516 4819 Μὶ-

1945 4865 1999 4920 lli
2024 4864 2336 4928 vindictam,
2361 4871 2418 4918 et
2438 4876 2537 4931 ego
2560 4862 2877 4925 retribuam,
2905 4860 3035 4914 dicit
3056 4858 3309 4912 Dominus
3337 4856 3514 4926 (Dent.

1943 4956 2140 5023 mur).
2182 4972 2201 5005 ι
2238 4952 2386 5006 Felix
2416 4960 2596 5005 autem
2626 4951 2976 5017 conscientia,
3027 4949 3179 5018 cujus
3213 4963 3375 5004 causa
3420 4945 3524 4998 Do-

1940 5043 2088 5111 mino
2115 5042 2383 5097 revelatur
2412 5041 2597 5112 (Hebr.
2632 5059 2663 5095 χ
2691 5041 2735 5112 ),
2761 5041 2973 5101 dicente
2998 5036 3253 5108 Apostolo
3288 5054 3301 5090 :
3338 5055 3357 5087 ι
3392 5034 3524 5091 Om-

1942 5150 2008 5189 ne
2038 5133 2180 5203 quod
2206 5132 2582 5186 mannis-statur
2607 5131 2695 5185 lux
2728 5140 2810 5186 est
2841 5130 3053 5200 (Ephes.
3088 5126 3162 5197 v).
3201 5146 3220 5178 ι

2016 5244 2034 5275 ι
2065 5224 2287 5280 Cantate
2318 5220 2810 5286 Domino,’laudate
2834 5220 3140 5280 Dominum,
3171 5215 3295 5284 quia
3316 5213 3515 5267 libera-

1950 5334 1968 5366 ι
2002 5315 2077 5369 vit
2097 5315 2330 5367 animam
2362 5306 2653 5382 pauperum
2676 5312 2741 5366 de
2766 5325 2928 5364 manu
2952 5307 3326 5377 pessimorum.
3364 5322 3383 5355 ι
3413 5302 3515 5371 Qui

1943 5421 2147 5477 pauper
2174 5417 2254 5459 est
2281 5406 2494 5473 spiritu,
2550 5420 2649 5459 nec
2680 5404 2839 5457 habet
2866 5401 3102 5465 divitias,
3151 5415 3268 5469 qua:
3297 5411 3516 5468 recepe-

1945 5507 2071 5553 r-mt
2100 5498 2151 5573 in
2176 5497 2279 5552 isto
2299 5495 2494 5549 saccnlo
2518 5492 2934 5548 consdlatiouem
2964 5506 3138 5557 suam,
3159 5500 3214 5545 et
3236 5490 3302 5544 de
3325 5489 3517 5559 quibus

1942 5586 2142 5642 Paulus
2179 5585 2413 5655 loquitur
2456 5602 2469 5638 :
2507 5603 2525 5633 ι
2568 5594 2773 5637 tantum
2804 5590 2865 5638 ut
2913 5596 3200 5659 pauperum
3253 5596 3516 5636 memores

1943 5692 2183 5735 essemus
2235 5675 2283 5747 (1
2318 5673 2439 5730 Cor.
2494 5690 2590 5730 xm
2620 5674 2669 5743 ):
2716 5693 2735 5727 ι
2770 5689 2891 5728 cum
2943 5673 3104 5727 fuerit
3150 5673 3445 5729 vindictam
3488 5689 3516 5721 ιδ

1908 5792 1935 5821 χ
