4022 6186
465 313 570 370 967

1100 314 1160 369 Β.
1203 311 1454 368 RABANI
1494 309 1711 367 MAUfll
1755 309 2069 367 ARCIlIEl‘.

2175 305 2426 364 OGUNT.
2469 303 2750 362 OPERﬂM
2790 301 2972 358 PARS
3011 299 3096 357 ιιι.

3633 295 3743 352 θϐδ

461 426 690 482 Domino
715 433 1060 491 consecutus,
1098 425 1382 480 Dominum
1432 422 1618 478 laudat
1645 423 1700 477 in
1724 422 1944 493 spiritu,
1998 431 2052 477 et
2084 433 2128 490 Α
2157 429 2214 475 et
2254 417 2475 477 omnino
2503 433 2608 472 non
2633 431 2750 471 esse
2775 431 2940 486 quam
3007 411 3148 468 male
3168 425 3321 467 esse:
3371 407 3743 482 suhjtmgeus:

464 531 525 572 se
568 517 636 571 de
687 532 848 571 manu
902 517 1260 587 pessimorum
1310 523 1522 570 erutum
1573 513 1856 585 gloriatur.
1939 512 2055 567 Hoc

463 615 645 660 autem
679 614 847 660 totum
883 603 943 658 fit
973 620 1079 659 non
1125 613 1314 658 nostro
1343 603 1557 670 merito,
1589 602 1683 658 sed
1715 599 1831 670 ejus
1860 602 2055 672 gratia,

411 725 426 778 ί
461 699 554 770 qui
587 712 878 770 pauperem
925 696 1194 761 liberavit,
1237 711 1334 750 nec
1361 695 1526 750 habet
1547 691 1766 748 divitias
1792 693 2060 763 superbiae
2159 691 2277 747 dies
2307 690 2450 746 mei?
2472 711 2492 745 ι

463 791 792 853 corruentis,
819 789 913 844 sed
937 787 1296 842 humilitatem
1324 785 1578 856 pauperis
1605 784 1839 840 liberati.

541 897 562 930 ι
606 879 887 932 Maledicta
911 879 1047 938 dies,
1100 875 1280 945 inqua
1335 884 1498 930 natus
1522 891 1639 930 sum
1675 892 1689 928 :
1722 875 1838 928 dies
1867 873 1921 928 in
1953 886 2058 942 qua

473 987 490 1020 ι
537 971 746 1040 peperit
777 984 862 1022 me
888 977 1061 1022 mater
1095 983 1235 1032 mea,
1269 982 1373 1020 non
1399 967 1470 1020 sit
1499 965 1804 1022 benedicta.
1835 963 2058 1018 Maledi-

472 1079 488 1110 ι
531 1067 650 1114 ctus
675 1059 755 1112 vir
803 1057 928 1128 (sive
960 1056 1168 1130 homo),
1199 1058 1286 1126 qui
1333 1055 1680 1108 annuntiavit
1729 1053 1868 1124 patri
1916 1068 2058 1117 meo,

474 1168 492 1201 ι
536 1150 761 1204 dicens:
814 1147 984 1208 Natus
1014 1157 1098 1203 est
1128 1149 1222 1202 tibi
1271 1147 1412 1201 filius
1461 1145 1755 1210 masculus,
1807 1153 1860 1200 et
1905 1145 2058 1214 quasi

473 1257 490 1290 ι
537 1240 733 1312 gaudio
781 1239 1076 1293 laatiticavit
1123 1253 1268 1292 eum.
1333 1237 1417 1292 Sit
1461 1237 1622 1292 homo
1669 1236 1778 1301 ille,
1827 1245 1885 1299 ut
1936 1242 2064 1288 sunt

477 1347 494 1380 ι
541 1329 790 1385 civitates
819 1343 955 1398 quas
983 1327 1247 1382 subvertit
1276 1327 1556 1389 Ilo-alnus,
1588 1335 1642 1379 et
1669 1341 1772 1380 non
1809 1323 2064 1395 plenituit

473 1441 494 1475 ι
537 1437 680 1476 eum.
707 1420 906 1475 Audiat
933 1421 1222 1474 clamorem
1255 1435 1432 1484 mane,
1467 1427 1521 1473 et
1549 1418 1807 1472 ululatum
1843 1419 1894 1471 in
1921 1426 2059 1471 tem-

474 1532 494 1566 ι
533 1527 667 1585 pore
703 1511 1041 1566 meridiano:
1089 1511 1218 1579 quia
1249 1525 1352 1564 non
1385 1526 1468 1562 me
1503 1507 1775 1564 interfecit
1800 1522 1831 1561 a
1881 1506 2060 1572 vulva,

475 1626 494 1658 ε
541 1616 600 1660 ιιι
641 1607 793 1660 fieret
839 1605 970 1659 mihi
1008 1614 1183 1658 mater
1223 1618 1344 1658 mea
1389 1602 1736 1672 sepulcrum,
1799 1613 1857 1655 et
1907 1599 2064 1654 vulva

477 1715 495 1748 α
541 1697 660 1766 ejus
687 1705 983 1766 conceptus
1014 1703 1274 1750 aeternus.
1319 1693 1498 1762 Quare
1527 1693 1594 1748 de
1619 1691 1777 1747 vulva
1812 1705 2064 1761 egressus

2165 529 2184 563 ι
2221 513 2402 578 Quare
2429 511 2494 565 de
2545 509 2701 563 vulva
2747 521 2999 580 egressus
3045 519 3188 571 sum,
3234 512 3296 558 ut
3320 503 3556 559 viderem
3597 503 3752 561 labo-

2160 616 2275 656 rem
2331 611 2386 655 et
2425 601 2685 667 dolorem,
2731 608 2786 656 et
2835 607 3284 658 consumerentur
3332 595 3388 650 in
3433 596 3754 655 confusione

2763 763 2994 836 CAPUT
3036 777 3180 832 xxx.

2267 917 2346 972 De
2374 917 2612 988 captione
2639 913 2908 972 Sedecltice
2934 912 3250 968 etincendio
3285 911 3645 966 Hierusalem.

2239 1070 2256 1102 ι
2303 1050 2539 1105 Verbum
2565 1049 2709 1120 quod
2729 1048 2930 1104 factum
2957 1056 3040 1102 est
3067 1045 3134 1106 ad
3180 1046 3474 1103 Jereutiam
3506 1062 3535 1100 a
3570 1047 3756 1102 Domi-

2169 1161 2188 1193 ι
2233 1157 2324 1209 ιιο,
2351 1141 2567 1211 quando
2607 1139 2754 1196 misit
2778 1141 2844 1193 ad
2873 1153 2997 1194 eum
3039 1151 3132 1192 rex
3151 1137 3470 1202 Sedcchias,
3513 1135 3758 1193 Phassur

2169 1251 2187 1284 ι
2235 1231 2404 1286 filium
2427 1231 2690 1296 Melchim,
2716 1226 3118 1298 ctSophoniam
3149 1228 3315 1283 tilium
3344 1227 3544 1284 Maasia
3575 1244 3756 1284 sacer-

2169 1344 2190 1375 ‹
2235 1325 2436 1388 dotem,
2467 1323 2686 1380 dicens:
2711 1321 2984 1392 interroga
2998 1337 3096 1391 pro
3120 1321 3274 1376 nobis
3297 1321 3610 1388 Dominum,
3631 1323 3754 1392 quia

2171 1434 2190 1466 ‹
2237 1414 2732 1470 Nabuchodonosor
2755 1429 2848 1468 rex
2867 1409 3154 1483 Babylonis
3169 1412 3446 1482 prmliatur
3465 1413 3756 1468 adversum

2170 1528 2189 1561 ι
2235 1523 2351 1572 nos,
2380 1507 2424 1562 si
2469 1505 2606 1562 forte
2653 1505 2816 1562 faciat
2841 1505 3102 1562 Dominus
3138 1505 3418 1560 nobiscum
3456 1507 3758 1560 secundum

2171 1623 2190 1654 ι
2235 1601 2415 1657 omnia
2441 1599 2707 1654 mirabilia
2747 1613 2866 1664 sua,
2892 1606 2948 1661 et
2987 1597 3209 1654 recedat
3247 1596 3479 1652 anobis.
3513 1615 3532 1649 ι
3585 1583 3758 1668 Supra

2165 1693 2412 1764 pontifex
2429 1691 2702 1754 Phassur,
2727 1689 2842 1744 sive
2861 1687 3124 1753 Pbascor,
3153 1686 3244 1758 qui
3295 1686 3567 1756 percussit
3609 1685 3760 1741 lere-

478 1815 498 1847 ι
544 1809 686 1859 sum,
711 1800 770 1846 ut
801 1791 1036 1846 viderem
1060 1789 1302 1845 laborem
1325 1798 1381 1844 et
1401 1789 1667 1856 dolorem,
1696 1795 1752 1844 et
1776 1802 2064 1844 consume-
2092 1795 2139 1855 Β
2168 1787 2354 1849 miam,
2391 1791 2598 1854 patrem
2626 1781 2816 1837 habuit
2838 1779 3078 1837 Emmer.
3121 1777 3222 1834 llic
3265 1785 3444 1832 autem
3495 1775 3756 1838 Phassur,

479 1905 496 1936 ι
547 1893 734 1938 rentur
757 1882 811 1936 in
838 1879 1158 1936 confusione
1206 1881 1322 1936 dies
1353 1878 1496 1936 mei?
1519 1901 1536 1932 ι
1567 1879 1671 1948 Qui
1699 1886 1894 1952 putant
1937 1879 2056 1934 ani.-

479 1991 596 2032 mas
627 1974 790 2029 fuisse
814 1974 870 2028 in
917 1973 1248 2039 cmlestibus,
1297 1982 1352 2028 et
1380 1973 1447 2028 de
1475 1972 1696 2026 meliore
1729 1975 1784 2026 in
1821 1968 2061 2042 pejorem

477 2073 680 2121 statum
727 2063 1132 2136 pratcipitatas,
1190 2061 1279 2119 his
1337 2069 1394 2118 et
1421 2061 1793 2132 hujuscemodi
1841 2067 2065 2120 utuntur

479 2157 840 2214 testimoniis:
888 2155 1033 2226 quod
1080 2153 1286 2210 scilicet
1313 2152 1508 2208 melius
1537 2151 1700 2207 fuerit
1727 2152 1782 2206 in
1829 2151 2049 2206 cmlesti-

480 2251 604 2315 bus,
633 2261 798 2320 quam
825 2247 882 2302 in
911 2247 1145 2303 terrenis
1182 2244 1542 2310 commorari,
1588 2253 1644 2300 et
1665 2258 1863 2314 corpus
1893 2242 2067 2299 humi-

484 2341 658 2398 litatis
716 2355 1028 2396 assumere:
1097 2354 1237 2394 nova
1283 2338 1530 2408 quatdam
1579 2337 1688 2394 imo
1718 2335 1833 2406 jam
1872 2341 2066 2400 vetera

485 2435 757 2492 ιιωιιεεεοε
802 2447 915 2487 δυω
987 2439 1306 2501 argumenta
1359 2436 1665 2500 quaerentes
1710 2445 1723 2482 ε
1781 2441 1884 2482 B06
1935 2441 2066 2482 vero

483 2527 726 2598 legentes
749 2523 880 2580 illud
905 2523 1049 2579 beati
1074 2521 1175 2578 Job
1199 2539 1212 2575 :
1248 2541 1266 2574 ι
1306 2521 1586 2575 Maledicta
1611 2520 1732 2576 dies
1757 2520 1810 2576 in
1841 2533 1948 2590 qua
1972 2531 2069 2576 na-

481 2625 570 2674 tus
590 2631 728 2677 sum,
753 2623 809 2668 et
831 2629 938 2669 nox
959 2613 1048 2667 illa
1073 2613 1128 2668 in
1146 2628 1253 2682 qua
1278 2611 1550 2676 dixerunt,
1565 2611 1702 2681 Ecce
1727 2609 2000 2666 masculus
2017 2627 2062 2664 ει

479 2706 909 2775 ει,ιΜιι1θᾶίοιιιε
957 2707 1158 2772 homo,
1205 2706 1296 2775 qui
1355 2706 1695 2760 annuntiavit
1742 2703 1883 2775 patri
1925 2719 2065 2770 uico,

481 2800 694 2857 dicens:
729 2796 900 2853 Natus
923 2807 1006 2854 est
1031 2795 1126 2853 tibi
1147 2814 1282 2870 puer
1309 2795 1452 2868 (Job.
1481 2795 1587 2866 ιιι),
1618 2817 1636 2848 ι
1669 2796 1794 2852 huic
1828 2796 2070 2852 testimo-

483 2892 575 2946 nio
605 2899 940 2960 coaptamus,
995 2889 1138 2960 quod
1190 2888 1398 2944 scilicet
1452 2887 1648 2942 melius
1694 2887 1766 2942 sit
1800 2903 1906 2942 non
1951 2901 2074 2944 esse

485 2997 650 3054 quam
694 2983 878 3036 vivere
917 2981 970 3036 in
1019 2979 1316 3051 suppliciis,
1352 2980 1504 3051 juxta
1567 2977 1696 3034 illud
1747 2977 1888 3048 quod
1937 2979 2073 3036 seri-

481 3081 636 3144 ptum
659 3081 774 3127 est:
798 3089 819 3122 ι
857 3070 1000 3127 Mors
1033 3071 1150 3126 viro
1176 3069 1414 3140 requies,
1436 3069 1523 3126 cui
1547 3069 1740 3124 clausit
1761 3069 1903 3144 Deus
1929 3069 2070 3124 viam

2163 1877 2304 1932 filius
2323 1883 2408 1932 est
2430 1873 2692 1934 Melchiae.
2728 1871 2843 1927 Hoc
2864 1872 3070 1927 idcirco
3089 1886 3157 1926 ne
3177 1869 3300 1940 quis
3319 1869 3572 1925 eumdem
3589 1879 3759 1941 putet.

2163 1967 2328 2024 Mittit
2343 1974 2525 2022 autem
2549 1962 2843 2024 Sedecbias
2866 1975 2959 2016 rex
2987 1961 3058 2017 ad
3083 1961 3430 2032 prophetam,
3464 1960 3660 2019 volens
3681 1961 3757 2013 vel

2163 2057 2418 2132 populum
2445 2057 2585 2114 scire
2605 2095 2620 2123 ,
2645 2053 2730 2109 vel
2751 2055 3048 2127 principes,
3065 2063 3126 2108 ut
3146 2050 3381 2123 occulto,
3404 2065 3508 2121 per
3526 2049 3756 2122 legatos.

2165 2150 2356 2206 nuntio
2401 2155 2791 2220 recognoscat,
2853 2160 3018 2216 quam
3064 2143 3326 2202 Dominus
3351 2157 3517 2213 super
3571 2143 3758 2198 urbem

2167 2239 2524 2306 Hierusalem,
2553 2249 2610 2295 et
2633 2237 2828 2310 pupulo
2853 2233 3162 2297 ludam-um
3191 2235 3387 2292 habeat
3407 2237 3758 2293 sententiam.

2169 2333 2433 2402 Quodque
2465 2330 2630 2386 infert
2662 2348 2674 2384 :
2704 2331 2832 2400 quia
2875 2327 3370 2384 Nabuchodonosor
3396 2342 3495 2383 rex
3542 2327 3764 2398 Babylo—

2171 2425 2254 2480 nis
2282 2425 2558 2496 prmliatur
2594 2424 2890 2484 adversum
2937 2438 3065 2477 nos:
3095 2422 3338 2478 ostendit
3377 2420 3491 2490 jam
3538 2424 3762 2477 obsessa

2170 2515 2528 2583 Hierusalem,
2581 2515 2684 2571 hoc
2719 2531 2752 2568 a
2781 2515 3046 2585 propheta
3097 2514 3367 2570 sciscitari
3417 2513 3759 2570 Sedechiam.

2172 2605 2280 2664 Sed
2309 2608 2472 2664 etiam
2501 2614 2558 2662 et
2598 2606 2916 2670 notandum,
2969 2605 3113 2674 quod
3157 2605 3212 2660 in
3259 2604 3540 2674 prophetis
3598 2606 3763 2660 maxi-

2169 2713 2367 2771 meque
2411 2700 2466 2754 in
2497 2697 2780 2754 Ezechiele
2815 2708 2871 2752 et
2907 2695 3146 2752 Ieremia
3182 2709 3526 2767 neQuaqu-am
3579 2711 3760 2768 regum

2173 2798 2229 2848 et
2255 2801 2559 2860 temporum
2588 2789 2723 2844 ordo
2747 2799 3028 2844 servetur:
3064 2787 3160 2844 sed
3206 2797 3565 2858 prtcpostut‘e,
3625 2789 3763 2858 quoi

2171 2882 2327 2952 juxta
2359 2883 2646 2940 historiam
2674 2888 2862 2954 postca
2909 2879 3111 2935 factum
3143 2879 3214 2936 sit
3241 2881 3392 2950 prius
3439 2877 3666 2944 referri,
3711 2889 3766 2943 et.

2175 2975 2316 3046 quod
2342 2975 2492 3046 prius
2519 2982 2734 3043 gestum
2760 2973 2852 3038 sit,
2882 2981 3088 3042 postea.
3114 2969 3273 3026 Aliud
3299 2981 3386 3025 est
3411 2971 3559 3024 enim
3595 2970 3759 3024 histo—

2179 3067 2341 3133 riam,
2393 3067 2538 3123 aliud
2583 3065 2924 3137 prophetiam
2973 3064 3232 3130 scribere,
3267 3069 3341 3118 ‘ut
3394 3063 3449 3118 in
3511 3075 3761 3134 prmseuu

485 3135 640 3218 suam
673 3163 862 3235 (Eccti.
919 3161 1076 3232 χχιι).
1113 3181 1130 3212 ι
1169 3135 1509 3216 lit—iterum:
1546 3180 1562 3212 ι
1599 3135 1949 3226 ρυτιτέὸειιᾱ
1991 3169 2069 3213 est

2177 3159 2315 3216 loco.
2363 3135 2808 3227 Sedccbias‘,iqui
2837 3173 2960 3212 cum
3003 3156 3136 3210 urbe
3190 3155 3529 3211 Hierusalem
3572 3163 3762 3225 capuzs

487 3255 688 3308 misero
719 3251 842 3318 lux,
894 3260 948 3306 et
986 3251 1096 3305 vita
1133 3251 1216 3304 his
1244 3249 1336 3320 qui
1379 3250 1433 3304 in
1471 3248 1833 3304 amaritudine
1881 3249 2076 3302 anima:

459 3344 656 3404 .sunt?
682 3343 824 3414 (Job.
854 3341 960 3413 ιιι.)
986 3363 1004 3394 ι
1025 3343 1085 3396 Et
1119 3342 1172 3395 in
1203 3341 1500 3411 Evangelio
1527 3338 1845 3409 simpliciter
1872 3339 2073 3393 diction

487 3435 717 3506 legimus
743 3453 756 3489 :
779 3454 798 3486 ι
832 3433 1020 3490 Melius
1037 3435 1088 3488 ei
1113 3432 1289 3490 fuerat
1311 3433 1354 3488 si
1378 3441 1538 3488 natus
1557 3447 1663 3488 non
1685 3439 1830 3487 esset
1856 3429 2072 3503 (Matth.

491 3523 664 3595 XXVI),
695 3544 714 3576 ι
742 3539 846 3578 non
878 3523 1022 3593 quod
1049 3523 1123 3578 sit
1145 3519 1238 3591 qui
1263 3533 1426 3577 natus
1446 3535 1554 3576 non
1583 3519 1763 3587 fuerit,
1807 3520 1904 3576 sed
1931 3518 2074 3590 quod

491 3615 681 3671 melius
705 3615 777 3670 sit
803 3630 909 3669 non
939 3628 1063 3670 esse
1095 3628 1257 3682 quam
1281 3611 1424 3666 male
1451 3625 1593 3666 esse.
1623 3607 1787 3664 Aliud
1814 3619 1898 3664 est
1927 3609 2076 3663 enim

487 3705 708 3760 ontnino
736 3720 842 3758 non
865 3718 989 3764 esse
1027 3703 1170 3759 aliud
1201 3715 1326 3758 cum
1377 3701 1470 3768 sit,
1513 3701 1720 3770 absque
1757 3700 1863 3754 ulla
1907 3699 2078 3756 inter-

492 3792 750 3854 missione
796 3796 1052 3852 cruciari.
1109 3796 1390 3862 Quomodo
1428 3804 1661 3848 mortem
1691 3793 1936 3862 quietam
1953 3791 2079 3846 vita:

493 3893 706 3947 miserae
748 3889 1146 3962 praeferimus?
1195 3889 1349 3944 Unde
1395 3897 1450 3942 et
1491 3885 1659 3943 Amos
1705 3885 1846 3942 diem
1898 3886 2079 3956 appel—

492 3983 570 4036 lat
619 3980 986 4042 tenebrarum,
1017 3989 1073 4035 et
1123 3977 1266 4034 diem
1319 3976 1627 4038 aﬂlictionis
1676 3975 1878 4049 (Amos.
1905 3975 1990 4050 v),
2025 3983 2081 4031 et

485 4073 678 4138 Jacob,
705 4086 771 4127 eo
797 4071 940 4143 quod
984 4071 1181 4126 vixerit
1213 4071 1268 4124 in
1317 4069 1506 4125 labore
1555 4077 1610 4124 et
1647 4068 1895 4140 angustia
1917 4108 1932 4133 ,
1963 4069 2080 4124 dies

488 4163 610 4216 vitm
639 4175 752 4216 sum
777 4175 975 4230 parvos
1001 4168 1056 4214 et
1082 4158 1348 4228 pessimos
1369 4166 1528 4213 vocat
1556 4156 1574 4228 (
1602 4155 1733 4212 Gen.
1769 4173 1914 4213 xnvu
1943 4157 1985 4230 ).-
2011 4156 2080 4214 Et

487 4252 685 4308 Paulus
703 4251 980 4324 apostolus
993 4249 1124 4306 dicit
1138 4259 1198 4304 ut
1216 4249 1482 4320 teriperct
1503 4261 1604 4305 nos
1624 4249 1691 4306 de
1709 4249 1964 4319 praesenti
1993 4263 2079 4306 se-

487 4342 609 4400 culo
639 4359 867 4412 nequam
895 4339 1096 4414 (Galat.
1138 4339 1198 4410 ι).
1243 4359 1261 4394 ι
1297 4341 1363 4396 Ει
1387 4341 1582 4398 iterum
1619 4358 1633 4394 :
1671 4359 1689 4394 ι
1731 4339 2079 4397 Redimantes

487 4445 722 4508 tempus,
749 4438 1006 4507 quoniam
1057 4437 1172 4493 dies
1202 4437 1330 4492 mali
1343 4489 1346 4497 ,
1361 4448 1488 4492 sunt
1511 4437 1816 4512 (Epirum).
1830 4459 1850 4493 ι
1863 4434 2088 4499 Hebraei,

2178 3261 2279 3314 est,
2313 3253 2534 3306 mittens
2561 3250 2821 3308 scribitur
2867 3251 2934 3307 al
2983 3245 3298 3314 Jeremiam,
3346 3257 3402 3304 et
3430 3264 3496 3304 eo
3524 3257 3760 3318 tempore

2177 3357 2284 3414 quo
2338 3342 2691 3398 obsidebatur
2743 3340 3082 3397 Hierusalem
3107 3379 3122 3406 ,
3190 3349 3241 3395 et
3291 3346 3760 3410 postea‘narratur

2177 3435 2403 3492 historia
2452 3433 2698 3490 Joachim
2745 3433 2932 3496 fratris
2977 3433 3096 3504 ejus
3125 3473 3140 3498 ,
3179 3434 3272 3504 qui
3319 3443 3446 3489 ante
3495 3447 3628 3489 eum
3671 3449 3756 3488 rex

2181 3528 2301 3593 fuit,
2333 3535 2388 3582 et
2420 3526 2668 3592 Joachin,
2713 3527 2765 3582 id
2793 3534 2877 3582 est
2900 3525 3192 3590 Jecbonite,
3223 3525 3318 3594 qui
3347 3523 3452 3580 fuit
3475 3524 3628 3580 Illius
3643 3522 3763 3578 Joa-

2177 3621 2340 3686 cbim,
2371 3635 2533 3690 super
2558 3619 2756 3689 qui-bus
2783 3619 2993 3674 dicetur
3025 3618 3082 3672 in
3113 3617 3596 3687 consequentibus.

2253 3730 2272 3763 ι
2314 3711 2384 3767 Et
2409 3711 2546 3766 dixit
2590 3707 2856 3770 Jeremias
2903 3708 2972 3764 ad
3021 3722 3117 3763 eos
3161 3727 3176 3762 :
3221 3707 3316 3763 Sic
3353 3705 3561 3762 dicetis
3598 3703 3758 3762 Sede-

2183 3821 2202 3856 α
2243 3803 2410 3860 οιιίειιι
2449 3802 2576 3859 Haec
2622 3802 2754 3858 dicit
2780 3801 3040 3856 Dominus
3067 3800 3214 3856 Deus
3263 3800 3465 3857 Israel:
3496 3800 3760 3871 Ecceego

2183 3915 2202 3948 ‹
2245 3905 2453 3950 vertam
2498 3909 2627 3950 vasa
2676 3892 2802 3950 belli
2831 3891 2958 3964 (sive
2987 3908 3143 3948 arma
3170 3891 3413 3959 bellica),
3463 3907 3587 3962 quae
3641 3899 3758 3949 sunt

2185 4004 2203 4038 ι
2250 3987 2306 4041 in
2341 3986 2592 4041 inanibus
2619 3983 2840 4046 vestris.
2868 3991 2923 4038 et
2948 3983 3147 4054 quibus
3169 3982 3428 4053 pugnatis
3473 3983 3756 4038 adversum

2185 4097 2204 4128 ι
2249 4091 2428 4148 regem
2449 4075 2762 4146 Babylonis,
2784 4083 2840 4129 et
2861 4073 3161 4141 Chaldaeos,
3183 4073 3278 4144 qui
3302 4073 3560 4129 obsident
3585 4088 3686 4130 vos
3707 4074 3754 4126 in

2183 4190 2201 4222 ι
2238 4159 2470 4226 circuitu
2501 4181 2800 4232 murorum,
2829 4175 2888 4224 et
2931 4167 3270 4238 congregabo
3316 4181 3382 4222 ea
3411 4167 3542 4238 (sive
3567 4168 3686 4239 eos)
3710 4167 3756 4219 in

2184 4279 2202 4311 ι
2249 4261 2430 4317 niedio
2457 4259 2692 4316 civitatis
2737 4259 2917 4330 hujus,
2947 4267 3006 4314 et
3037 4257 3321 4314 debellabo
3353 4271 3452 4314 vos
3495 4260 3552 4315 in
3601 4273 3758 4316 malm

2183 4373 2202 4400 ε
2249 4359 2488 4418 extenta,
2513 4359 2568 4406 et
2593 4349 2821 4407 brachio
2849 4347 2976 4404 forti
3005 4347 3133 4420 (sive
3161 4347 3423 4419 excelso),
3445 4356 3506 4406 et
3533 4348 3588 4404 in
3616 4349 3754 4405 fum-

2185 4462 2204 4496 ι
2247 4459 2329 4512 re,
2359 4454 2416 4500 et
2461 4445 2516 4500 in
2547 4443 2936 4514 indignatione,
2973 4449 3028 4497 et
3077 4440 3240 4496 inira
3279 4443 3492 4513 grandi.
3548 4441 3618 4498 Et
3643 4457 3758 4514 per-

487 4528 734 4599 quintum
773 4543 1038 4595 mensem,
1082 4543 1189 4598 quo
1215 4539 1372 4599 capta
1401 4528 1762 4597 l'lterusalem,
1791 4529 2076 4600 templum-
2107 4503 2153 4561 Ι)
2186 4557 2205 4590 ι
2250 4539 2450 4593 entiam
2498 4503 2834 4592 habitatores
2885 4533 3124 4590 civitatis
3158 4503 3318 4604 hujus
3373 4551 3388 4590 :
3419 4503 3671 4592 homines
3707 4547 3760 4589 rt

489 4634 596 4689 que
635 4619 956 4673 subversum
985 4628 1102 4685 est,
1149 4620 1450 4678 nativitatis
1493 4619 1741 4678 Ieremia:
1783 4629 2079 4692 suppetant

487 4711 950 4769 inextricabilibus
987 4713 1331 4782 quibusdam,
1370 4722 1429 4772 et
1461 4715 1868 4772 incredibilibus
1908 4732 2073 4786 argu-

489 4801 710 4857 mentis.
745 4799 899 4868 Quod
940 4802 988 4856 si
1011 4803 1244 4872 probare
1291 4805 1585 4873 potuerint,
1617 4807 1886 4874 quomodo
1925 4807 2076 4864 testi-

490 4893 733 4949 monium
759 4890 862 4948 Job
889 4892 1103 4948 valeant
1129 4894 1498 4966 interpretari,
1527 4898 1712 4952 nescio
1739 4915 1751 4952 :
1797 4899 1899 4953 nisi
1939 4900 2077 4956 forte

487 4993 544 5040 et
568 4974 716 5038 illum
779 4982 1172 5053 diemquadam
1221 4983 1657 5056 praefigurationc
1705 4994 1762 5042 et
1817 4989 2073 5045 vaticinio

488 5074 792 5130 futurorum
830 5073 1198 5134 subversionis
1245 5075 1430 5144 templi
1471 5083 1772 5133 autument.
1813 5076 2076 5148 Quodque

487 5167 834 5237 imprecatur,
859 5166 1268 5223 similitudinem
1295 5167 1676 5237 subversarum
1689 5168 1990 5234 civitatum,
2006 5169 2076 5226 de

489 5235 723 5313 Sodoma
746 5267 804 5313 et
827 5259 1129 5316 Gomorrba
1161 5259 1266 5316 dici
1295 5235 1531 5316 arbitror
1557 5281 1570 5316 :
1595 5270 1650 5317 et
1673 5275 1834 5318 omne
1863 5270 2076 5332 tempus

489 5347 542 5401 in
565 5347 734 5413 luctu,
761 5354 822 5401 ut
851 5363 1008 5404 mane
1033 5349 1106 5404 sit
1121 5349 1326 5406 clamor
1338 5359 1394 5404 et
1408 5349 1638 5406 ululatus
1653 5352 1898 5410 meridie.
1921 5351 2074 5422 Quod

488 5449 668 5495 autem
725 5440 889 5497 infert
939 5461 953 5497 :
985 5461 1005 5496 ι
1049 5443 1142 5514 qui
1173 5459 1261 5500 me
1289 5461 1398 5500 non
1429 5443 1703 5500 interfecit
1747 5443 1804 5500 in
1830 5443 2013 5510 vulva,
2049 5461 2069 5495 ι

491 5532 656 5588 Deum
681 5534 972 5606 significari
988 5545 1215 5606 putant:
1247 5557 1266 5590 ‹
1289 5549 1346 5593 ιιι
1368 5548 1512 5595 esset
1537 5537 1690 5604 mihi,
1723 5538 1919 5609 inquit,
1941 5554 2072 5594 con-

491 5632 678 5692 ceptus
702 5634 956 5691 aeternus,
995 5647 1014 5678 ι
1045 5645 1164 5698 quae
1205 5631 1385 5686 orunia
1412 5632 1668 5687 dicuntur
1708 5631 2069 5703 hyperbolice.

491 5714 733 5786 Denique
758 5721 976 5788 exponit
1007 5736 1223 5781 causas.
1254 5739 1349 5778 cur
1377 5733 1606 5782 mortem
1641 5726 1894 5796 prarferat
1922 5726 2066 5792 vitae,

2185 4649 2204 4682 ι
2242 4627 2484 4698 iumenta
2552 4625 2854 4696 pestilentia
2921 4639 3115 4696 magna
3175 4623 3496 4680 morientur.
3540 4645 3567 4680 τι
3627 4625 3756 4680 Fru-

2179 4729 2314 4784 stra,
2338 4717 2536 4788 inquit,
2565 4729 2868 4788 repugnare
2894 4714 3056 4772 vultis
3077 4712 3342 4770 Chaldaeis
3364 4714 3752 4775 obsidentibus.

2147 4844 2150 4852 ι
2181 4819 2237 4866 et
2265 4817 2420 4864 arma
2451 4806 2642 4864 bellica
2689 4806 3026 4877 prmparatis,
3075 4819 3308 4874 quorum
3341 4805 3394 4858 in
3429 4805 3607 4862 modia
3637 4813 3748 4860 tau-

2183 4915 2294 4959 tum
2336 4901 2473 4956 urbe
2521 4913 2676 4956 usum
2730 4898 3038 4961 habebitis,
3087 4905 3144 4950 ut
3193 4896 3386 4950 armati
3433 4895 3750 4952 videamini:

2177 5003 2434 5051 cmterum
2485 4991 2590 5048 illis
2640 4990 3010 5046 obsidentibus
3033 5029 3048 5054 ,
3100 5004 3200 5058 ego
3234 5003 3331 5042 vos
3374 4987 3658 5044 debellabo
3703 4989 3752 5041 in

2180 5106 2343 5144 tnanu
2387 5093 2628 5152 extenta,
2670 5095 2728 5139 et
2756 5083 2977 5138 brachio
3011 5082 3158 5146 forti,
3211 5089 3440 5152 meoque
3481 5081 3664 5137 furore
3701 5093 3752 5132 et

2181 5178 2548 5252 indignatione
2595 5176 2936 5247 percutiam,
2973 5182 3034 5228 ut
3081 5183 3136 5228 et
3173 5187 3270 5228 vos
3313 5183 3368 5228 et
3402 5187 3574 5230 omne
3618 5175 3751 5244 quo!

2179 5271 2368 5342 spirat,
2403 5269 2544 5324 fame
2570 5276 2625 5322 et
2653 5265 2959 5337 pestilentia
3009 5265 3061 5318 iu
3091 5265 3265 5320 media
3299 5265 3432 5320 urbe
3476 5265 3746 5321 moriatur.

2179 5359 2334 5428 Quod
2369 5358 2585 5430 quidem
2621 5366 2677 5413 et
2703 5356 2902 5411 factum
2931 5354 3176 5428 legimus.
3230 5354 3448 5423 Absque
3471 5355 3614 5410 enim
3653 5349 3749 5405 ulla

2179 5469 2378 5510 corona
2433 5451 2768 5523 strepituque
2823 5447 3178 5520 pugnantium
3232 5447 3363 5502 urbs
3411 5455 3556 5502 tanta
3607 5443 3747 5500 obsio

2177 5547 2338 5600 dione
2383 5553 2540 5612 capta
2588 5552 2690 5606 est,
2736 5550 2804 5594 ut
2843 5554 2982 5610 quos
3007 5537 3290 5594 vincerent
3329 5537 3746 5594 non‘ha‘berent,

2177 5637 2270 5692 sed
2322 5651 2456 5708 quos
2493 5643 2699 5689 tantum
2746 5639 3032 5701 raperent:
3068 5651 3083 5678 ι
3116 5631 3382 5696 Mulieres,
3413 5635 3506 5695 ait,
3543 5632 3746 5684 fuenmt

2177 5709 2354 5800 gladio
2395 5725 2680 5790 vulnerati,
2715 5739 2877 5792 quam
2906 5719 3069 5774 occisi
3102 5719 3207 5776 fam
3249 5765 3259 5774 .
3297 5745 3316 5774 ι
