4022 6186
380 199 487 255 969
1268 197 1626 255 EXPOSITIO
1661 198 1883 254 SUPER
1921 199 2286 256 JEREHIAM.
2326 230 2395 240 --
2428 200 2553 255 LIB.
2591 200 2681 254 IX.
3515 199 3619 256 970

459 331 477 362 ι
522 309 590 365 Et
629 317 751 379 post
787 307 903 363 hzec
941 309 1072 365 dicit
1119 311 1414 367 Dominus:
1446 313 1594 367 Dabo
1627 311 1946 367 Sedechiam
1975 321 2022 379 Α
2049 323 2305 376 strorum,
2329 330 2347 364 ι
2382 315 2433 367 in
2452 310 2592 367 LXX
2610 326 2716 366 non
2735 310 2981 365 habetur.
3014 309 3146 378 Quia
3170 327 3329 383 supra
3353 312 3566 370 dixerat
3604 329 3620 368 :

387 418 407 451 ι
452 414 631 470 regem
669 397 826 461 Iuda,
865 409 922 454 et
949 415 1134 456 servos
1171 401 1309 472 ejus,
1346 411 1402 457 et
1443 402 1693 473 populum
1733 402 1868 473 ejus,
1896 413 1951 458 et
2059 423 2077 456 ι
2110 413 2167 459 et
2201 407 2269 459 ad
2302 404 2554 475 populum
2593 405 2734 460 hunc
2759 403 2904 459 dices
2943 418 2957 456 :
2993 404 3107 458 haec
3128 404 3256 459 dicit
3285 405 3560 472 Dominus,
3594 423 3614 458 ο

387 519 404 547 ε
448 496 539 565 qui
582 493 822 548 derelicti
848 504 974 548 sunt
1011 496 1061 549 in
1093 496 1310 550 civitate
1340 497 1442 551 hac
1471 512 1499 550 a
1538 506 1709 567 peste,
1749 506 1803 551 et
1843 494 1952 566 gla-
2051 503 2443 565 consequenter
2460 510 2603 548 nunc
2630 492 2810 559 infert,
2838 512 2856 545 ι
2892 502 2944 549 et
2966 494 3143 548 domui
3165 496 3305 563 regis
3330 494 3490 561 Juda,
3521 516 3539 550 ι
3564 505 3625 552 ut

387 607 409 639 ι
454 587 565 651 dio,
631 595 686 641 et
737 582 899 649 fame,
959 586 1013 640 in
1058 601 1218 639 manu
1279 585 1771 642 Nabuchodonosor
1810 587 1953 657 regis
2048 581 3318 647 subaudiatur,tdices:H:ecdicitDominus:t
3346 586 3620 640 ἀπὸκοινοῦ

387 700 405 730 ι
450 676 759 749 Babylonis,
807 684 861 730 et
906 676 959 730 in
990 691 1150 729 manu
1186 677 1530 732 inimicorum
1560 690 1770 743 eorum,
1797 685 1852 730 et
1898 675 1952 729 in
2052 673 2194 728 enim
2209 673 2552 741 etsuperiora
2568 680 2623 726 et
2643 669 2893 725 inferiora
2904 670 3218 741 junguntur,
3246 672 3622 736 utsitscnsus,

388 788 406 820 ι
454 784 614 823 manu
676 766 1031 837 ρυωι-εηιίιηη
1095 767 1329 821 animam
1391 782 1577 822 eorum
1606 808 1622 833 ,
1667 777 1724 823 ει
1764 781 1954 837 percu-
2060 781 2078 814 ς
2102 774 2155 817 ct
2190 762 2257 815 ad
2293 760 2545 832 pupulum
2571 760 2711 813 hunc
2747 758 2934 814 dices:
2973 758 3096 813 Hec
3122 758 3256 814 dicit
3289 758 3564 814 Dominus.
3600 779 3619 811 ι

388 877 408 909 ι
453 858 553 911 tiet
597 872 691 911 eos
738 857 792 911 in
820 870 915 910 ore
948 855 1106 927 gladii
1135 896 1151 920 ,
1191 867 1246 911 et
1289 871 1394 911 non
1444 855 1688 911 ﬂectetur
1710 895 1726 922 ,
1779 870 1954 924 neque
2054 852 2274 921 Proprie
2306 859 2483 905 autem
2508 865 2685 905 sermo
2708 849 2766 903 ftt
2791 853 2857 904 ad
2884 850 3098 904 domum
3125 851 3347 921 regiam,
3378 850 3448 906 ob
3473 852 3626 922 cujus

388 967 407 998 ε
452 954 657 1016 parcet,
721 960 821 1001 nec
851 945 1209 1001 miserebitur,
1250 964 1269 999 ι
1310 944 1423 1000 Hoc
1456 946 1596 1014 quod
1645 961 1743 1001 nos
1779 954 1957 1001 trans.
2055 942 2286 993 maxime
2306 939 2516 1008 culpam
2534 937 3623 1005 civitasobsidetur,utentendeterrorem

385 1038 643 1092 tulimus:
681 1053 700 1087 ι
755 1035 812 1090 In
868 1050 1029 1088 manu
1070 1034 1564 1091 Nabuchodonosor
1615 1035 1759 1107 regis
1786 1034 1957 1108 Baby-
2053 1028 2455 1097 pmnitudineet
2475 1027 2814 1082 clementiam
2843 1027 3050 1082 Domini
3072 1038 3451 1100 consequatur.
3471 1028 3624 1084 Judi-

383 1122 547 1190 Ionis,
572 1134 628 1181 et
652 1125 706 1180 in
744 1139 905 1179 manu
944 1123 1282 1179 inimicorum
1324 1138 1530 1186 eorum,
1579 1143 1597 1176 ι
1633 1125 1688 1180 in
1721 1123 1953 1194 Septua-
2056 1128 2196 1184 cate,
2220 1118 2412 1188 inquit,
2436 1116 2883 1187 mauejudicium,
2908 1134 3014 1174 non
3037 1121 3090 1174 in
3115 1121 3351 1177 tenebris
3374 1123 3628 1194 iniquita-

384 1213 531 1286 ginta
562 1230 665 1268 non
710 1214 957 1268 habetur.
996 1212 1063 1266 Et
1090 1228 1187 1283 pro
1227 1227 1292 1268 eo
1318 1214 1459 1282 quod
1493 1213 1757 1268 diximus:
1792 1232 1810 1264 ι
1842 1212 1954 1269 Non
2050 1214 2139 1278 tis,
2162 1214 2255 1268 sed
2282 1214 2333 1267 in
2366 1213 2484 1267 luce
2506 1212 2747 1284 justitim.
2781 1232 2798 1262 ι
2838 1213 2905 1267 Ει
2935 1212 3108 1266 eruite
3134 1211 3184 1264 vi
3219 1223 3534 1279 oppressum
3559 1206 3627 1261 de

384 1303 653 1364 ﬂectetur,
680 1315 853 1370 neque
873 1309 1079 1370 parcet,
1126 1315 1226 1355 nec
1267 1302 1629 1364 miserebitur,
1669 1321 1687 1355 ι
1725 1300 1956 1371 Septua-
2048 1319 2211 1360 manu
2228 1301 2660 1368 calttntttiatoris,
2694 1323 2712 1355 ι
2738 1312 2798 1358 ut
2834 1318 2939 1357 non
2965 1301 3245 1371 accipiatis
3266 1296 3623 1369 personantin

384 1390 536 1462 ginta
584 1390 1015 1445 transtulerunt:
1055 1407 1073 1441 ι
1127 1389 1243 1444 Non
1304 1405 1544 1459 parcam,
1599 1405 1697 1445 nec
1734 1392 1957 1446 misere-
2041 1392 2266 1464 judicio,
2296 1395 2390 1449 sed
2414 1393 2668 1449 divitibus
2686 1408 2954 1462 pauperes
2973 1390 3422 1463 opprimentihus,
3456 1387 3627 1457 magis

384 1482 505 1535 hor.
542 1499 560 1532 ι
612 1479 905 1549 Meliusque
935 1487 1020 1535 est
1048 1477 1204 1547 juxta
1239 1478 1585 1544 Hebraicum,
1618 1490 1677 1535 ut
1722 1480 1957 1535 crudelis
2046 1484 2185 1555 apud
2207 1499 2302 1541 vos
2330 1483 2426 1539 Dei
2448 1484 2732 1554 imperium
2758 1485 2956 1550 valeat,
2985 1498 3145 1552 quam
3168 1480 3409 1552 potentia
3439 1494 3626 1551 perse-

385 1573 653 1629 scutentia
725 1582 783 1628 et
849 1571 1157 1629 inﬂexibilis
1186 1613 1202 1637 ,
1254 1574 1425 1644 magis
1485 1573 1649 1645 regis
1679 1573 1957 1645 Babylonii
2059 1571 2293 1642 quentis.
2319 1571 2384 1625 Et
2414 1572 2481 1637 si,
2509 1569 2705 1641 inquit,
2733 1573 2835 1627 hoc
2862 1570 3118 1636 feceritis,
3141 1586 3477 1643 nequaquam
3501 1587 3627 1629 suc-

388 1677 552 1732 quam
606 1661 816 1716 Domini
866 1676 988 1716 esse
1035 1662 1295 1716 videatur.
1371 1660 1612 1716 Primum
1660 1671 1843 1717 autem
1891 1661 1959 1717 de
1988 1653 2032 1712 B
2060 1664 2319 1718 ceudetur
2365 1663 2421 1718 in
2466 1664 2619 1718 vobis
2665 1664 2801 1735 ignis
2848 1661 3048 1717 furoris
3085 1662 3213 1728 mei,
3258 1679 3357 1717 nec
3399 1663 3628 1718 inveniet

390 1752 643 1807 universa
676 1750 808 1807 urbe
841 1752 1215 1822 prophetatum
1244 1760 1368 1808 est:
1397 1768 1542 1808 nunc
1568 1752 1783 1822 proprie
1801 1753 1960 1808 Sede-

386 1845 524 1899 chiae
553 1843 876 1914 praedicitur,
912 1852 967 1897 et
995 1843 1191 1914 populo
1226 1842 1362 1912 ejus,
1404 1844 1497 1914 qui
1527 1844 1725 1900 residui
1759 1842 1960 1899 fuerint

389 1943 513 2002 post
554 1932 1034 2003 pestem,gladium
1082 1941 1139 1987 et
1166 1931 1385 1998 famem,
1427 1932 1570 2002 quod
1602 1948 1633 1987 a
1678 1931 1961 1988 Nabucho-

387 2026 624 2077 donosor
664 2021 957 2092 Babylonio
987 2036 1111 2091 rege
1156 2022 1447 2091 capiendus
1499 2024 1590 2088 sit,
1636 2023 1960 2077 interﬁcien-

386 2113 596 2181 dusque
644 2127 765 2167 cum
814 2113 1003 2167 amicis
1050 2113 1162 2169 suis
1210 2114 1386 2183 gladio
1430 2133 1442 2167 :
1488 2129 1588 2170 nec
1638 2114 1797 2169 ullam
1844 2115 1961 2185 ejus

386 2209 571 2271 speret
618 2201 1062 2266 misericordiam,
1115 2203 1266 2273 cujus
1296 2204 1472 2259 [αλιυδ
1512 2214 1567 2258 et
1612 2204 1961 2261 necessitudi-

385 2304 515 2345 nem
541 2288 779 2359 periurio
805 2291 1058 2346 deseruit.

467 2399 486 2432 ι
515 2381 582 2434 Et
608 2381 673 2434 ad
703 2380 955 2451 populum
984 2383 1127 2439 hunc
1154 2383 1332 2439 dices:
1365 2384 1489 2440 Ιίωο
1515 2384 1646 2442 dicit
1666 2386 1956 2443 Dominus:

390 2469 532 2524 Ecce
559 2485 658 2541 ego
687 2471 756 2525 do
777 2484 957 2526 coram
988 2472 1139 2527 vobis
1166 2473 1306 2527 viam
1334 2474 1457 2529 vita:
1491 2483 1545 2530 et
1578 2476 1719 2530 viam
1747 2476 1958 2532 mortis.

389 2560 497 2629 Qui
525 2561 844 2616 habitaverit
893 2562 947 2618 in
978 2563 1109 2618 urbe
1131 2564 1233 2619 hac
1258 2566 1517 2621 morietur
1540 2567 1716 2638 gladio
1741 2577 1793 2624 et
1820 2567 1963 2625 fame

390 2661 448 2707 et
475 2662 648 2722 peste,
698 2652 791 2722 qui
822 2661 1002 2708 autem
1030 2668 1282 2724 egressus
1323 2654 1502 2719 fuerit,
1534 2666 1588 2711 et
1615 2656 1965 2730 transfugerit

392 2744 462 2797 ad
510 2742 811 2808 Chaldaeos,
865 2743 958 2814 qui
1007 2744 1255 2800 obsident
1302 2760 1423 2811 vos,
1459 2747 1604 2801 vivet
1647 2763 1661 2800 :
1698 2754 1754 2801 et
1780 2748 1885 2802 erit
1911 2750 1962 2803 ei

390 2836 571 2891 anima
598 2851 692 2891 sua
720 2835 875 2906 quasi
922 2836 1172 2906 spolium.
1203 2836 1364 2892 Posui
1388 2838 1530 2893 enim
1563 2838 1754 2894 faciem
1787 2854 1961 2895 meam

392 2939 557 2994 super
593 2925 869 2981 civitatem
896 2927 1038 2981 hanc
1071 2926 1125 2980 in
1156 2926 1379 2993 malum,
1426 2935 1483 2983 et
1515 2944 1620 2985 non
1648 2929 1702 2984 in
1738 2930 1964 2997 hvmum,

2060 1753 2340 1807 materiam
2357 1767 2516 1821 quam
2539 1761 2834 1807 consumat.
2858 1753 3293 1824 lncredihiiisque
3308 1754 3361 1808 in
3386 1754 3489 1809 hoc
3513 1754 3628 1809 loco

2061 1844 2155 1898 Dei
2202 1842 2488 1898 clementia
2541 1843 2957 1910 demonstratur,
3007 1853 3068 1898 ut
3112 1843 3179 1898 de
3225 1844 3421 1914 quibus
3468 1860 3631 1916 supra

2059 1935 2288 1997 dixerat,
2324 1950 2342 1985 ε
2371 1934 2523 2003 posui
2564 1934 2706 1989 enim
2735 1935 2923 1990 faciem
2963 1951 3138 1990 meam
3172 1952 3332 2005 super
3359 1937 3633 1993 civitatem

2060 2023 2200 2077 hanc
2241 2023 2296 2076 in
2348 2024 2568 2088 malum,
2599 2031 2655 2077 et
2696 2038 2800 2077 non
2850 2023 2902 2077 in
2947 2024 3166 2079 bonum.
3201 2024 3257 2078 In
3290 2040 3449 2079 manu
3493 2028 3633 2097 regis

2057 2110 2348 2181 Babylonis
2398 2111 2663 2178 tradetur,
2699 2118 2754 2166 et
2798 2119 2990 2166 exuret
3016 2127 3137 2166 eam
3171 2112 3299 2182 igni,
3330 2132 3349 2164 t
3379 2110 3489 2180 jam
3523 2115 3631 2168 Do-

2060 2204 2192 2259 mini
2238 2204 2515 2275 ingruente
2560 2204 2824 2260 sententia
2866 2217 2960 2258 eos
2999 2213 3253 2273 provocet
3289 2205 3356 2259 ad
3382 2206 3629 2262 salutem.

2059 2293 2177 2349 Non
2199 2295 2341 2364 quod
2363 2295 2575 2364 ignoret
2592 2295 2777 2349 urbem
2799 2293 3132 2349 Hierusalem
3156 2309 3277 2350 esse
3295 2295 3631 2365 capiendam,

2061 2384 2155 2440 sed
2179 2386 2322 2456 quod
2349 2385 2576 2440 liberum
2605 2384 2808 2440 homini
2835 2394 3080 2440 servetur
3107 2386 3414 2451 arbitrium,
3440 2392 3500 2440 ut
3526 2401 3632 2441 non

2061 2477 2365 2547 ignorantia
2409 2474 2591 2535 futuri.
2623 2476 2719 2530 sed
2759 2474 3034 2530 voluntate
3074 2475 3291 2546 propria
3332 2475 3511 2547 perire
3555 2475 3635 2530 vi-

2061 2568 2311 2621 deantur.
2357 2565 2633 2633 Quomodo
2674 2574 2729 2620 et
2771 2564 3019 2622 Salvator
3069 2566 3273 2622 sciebat
3320 2567 3633 2637 Apostolum

2063 2664 2413 2726 negaturum,
2459 2665 2515 2710 et
2557 2671 2616 2711 se
2649 2671 2770 2712 esse
2808 2655 3248 2728 crucifigendum.
3289 2657 3494 2728 Quippe
3541 2658 3632 2729 qui

2065 2745 2166 2799 hoc
2195 2743 2448 2815 apostolis
2481 2758 2623 2815 saepe
2649 2744 2998 2814 praedixerat,
3031 2754 3085 2800 et
3113 2746 3462 2802 nihilominus
3489 2762 3630 2803 com-

2064 2836 2331 2901 monebat,
2368 2835 2554 2891 volens
2602 2851 2697 2892 eos
2737 2836 3009 2908 corrigere
3051 2838 3119 2894 ad
3155 2840 3545 2909 paenitentiam,
3576 2852 3639 2899 ut

2066 2927 2323 2997 quidquid
2349 2933 2535 2997 postea
2562 2926 2933 2983 sustinuerunt
2956 2942 3056 2983 suo
3081 2927 3211 2984 vitio
3237 2930 3317 2986 eis
3354 2931 3634 3001 acciderit,

399 2993 480 3070 ait
512 3015 807 3071 Dominus:
841 3017 894 3070 in
934 3032 1093 3071 manu
1124 3018 1266 3089 regis
1298 3017 1585 3091 Babylonis
1635 3020 1874 3090 dabitur,
1911 2993 1967 3079 et
1992 2993 2036 3054 Ο
2069 2993 2177 3071 {Ion
2203 2993 2399 3071 δυτίιῖθ
2425 3015 2822 3072 comminantis-

390 3112 583 3161 exuret
617 3121 740 3164 eum
771 3106 901 3177 igni.
957 3106 1053 3162 His
1077 3109 1165 3178 qui
1198 3122 1229 3162 a
1268 3124 1394 3180 rege
1423 3119 1549 3165 sunt
1578 3113 1748 3181 missi,
1798 3125 1854 3170 et
1901 3117 1967 3169 ad

393 3199 708 3268 prophetam
741 3209 1003 3255 venerant
1040 3199 1432 3270 deprecandum
1457 3243 1473 3269 ,
1512 3213 1571 3260 ut
1614 3206 1971 3279 interrogaret

393 3303 494 3357 pro
513 3289 595 3343 eis
623 3289 931 3356 Dominum,
960 3291 1235 3361 superiora
1272 3294 1637 3362 responderat,
1664 3305 1720 3352 et
1742 3312 1861 3368 qua:
1891 3314 1972 3353 rc-

396 3378 604 3434 ferrent
649 3379 761 3449 regi
813 3379 1129 3448 Sedechize;
1176 3398 1320 3439 nunc
1354 3383 1603 3440 hortatur
1646 3394 1706 3442 ut
1742 3403 1967 3460 respon-

394 3467 559 3522 deant
588 3468 782 3538 p0pulo
811 3487 825 3523 :
856 3468 1057 3539 datque
1104 3472 1386 3528 consilium
1417 3482 1474 3529 ut
1516 3477 1872 3550 transfugiant
1901 3479 1969 3535 ad

393 3556 674 3612 Chaldams
712 3566 897 3613 contra
926 3560 1128 3630 regiam
1155 3561 1503 3631 voluntatem,
1534 3568 1677 3635 quod
1702 3568 1971 3639 periculo-

392 3660 516 3700 sum
555 3646 719 3702 fuisse
746 3649 1022 3720 propheta:
1058 3651 1240 3706 nullus
1282 3653 1509 3723 ignorat.
1546 3654 1701 3713 Unde
1734 3666 1790 3713 et
1827 3674 1967 3714 mor-

394 3744 502 3792 tem
526 3738 629 3792 sibi
655 3739 998 3809 imprecatur,
1021 3749 1077 3796 et
1100 3742 1230 3797 dicit
1261 3761 1273 3794 :
1301 3763 1319 3795 ι
1344 3743 1622 3801 Maledicta
1645 3747 1761 3803 dies
1783 3749 1838 3803 in
1862 3765 1969 3820 qua

394 3837 556 3883 natus
584 3844 702 3884 sum
732 3832 746 3884 Ξ
771 3840 826 3886 et
845 3846 1011 3901 quare
1031 3832 1097 3889 de
1121 3834 1276 3891 vulva
1302 3851 1554 3906 egressus
1578 3853 1718 3904 sum,
1743 3848 1803 3895 ut
1826 3841 1971 3895 vidc-

395 3936 511 3975 rem
538 3921 773 3978 laborem
800 3931 856 3978 et
883 3924 1160 3980 dolorem?
1202 3947 1221 3979 »
1258 3943 1363 3982 non
1397 3930 1540 3999 quod
1568 3930 1685 3985 leve
1716 3932 1808 3997 sit,
1841 3947 1969 3987 ncc-

394 4012 521 4068 dum
544 4014 714 4082 captis
736 4014 865 4069 dare
892 4016 1197 4081 consilium,
1230 4032 1291 4073 se
1325 4017 1468 4074 ultro
1495 4021 1707 4075 tradere
1741 4022 1971 4092 captivi-

394 4102 514 4166 tati,
539 4102 693 4172 quasi
720 4103 765 4157 si
792 4105 1033 4173 passuris
1055 4107 1390 4177 naufragium
1416 4108 1727 4187 imperetur,
1758 4120 1817 4166 ut
1845 4119 1970 4167 ante

392 4190 733 4264 naufragium
768 4201 825 4248 et
851 4194 1162 4264 dissipatam
1203 4213 1414 4265 navem,
1445 4214 1625 4256 remos
1657 4200 1970 4272 tabulasque

390 4283 707 4352 corripiant,
732 4293 787 4339 et
806 4300 865 4339 se
892 4288 1049 4341 undis
1074 4290 1284 4344 tradent
1308 4308 1321 4343 :
1347 4291 1443 4345 sed
1471 4293 1612 4361 quod
1641 4293 1966 4350 tolerabilius

392 4371 488 4435 sit,
522 4381 794 4443 utcunque
836 4384 1021 4445 captos
1060 4378 1240 4432 vivere
1282 4394 1445 4449 quam
1486 4381 1685 4452 gladio,
1735 4382 1877 4440 fame
1914 4394 1970 4440 et

392 4471 562 4532 peste,
593 4466 856 4520 consumi.
886 4465 1024 4521 Sunt
1049 4468 1140 4537 qui
1169 4469 1313 4524 hunc
1333 4470 1509 4524 locum
1537 4472 1829 4528 secundum
1859 4484 1969 4529 tro-

390 4553 657 4622 pologiam
680 4556 760 4610 sic
781 4556 1081 4612 edisserunt
1119 4576 1133 4612 :
1164 4559 1357 4614 melius
1377 4573 1499 4616 esse
1530 4562 1876 4620 saecularibus
1912 4581 1972 4621 se

392 4646 608 4702 tradere
639 4646 952 4719 disciplinis,
981 4660 1035 4706 et
1063 4653 1295 4707 maxime
1317 4654 1687 4725 philosophiae,
1711 4673 1872 4728 quam
1917 4659 1970 4715 in

392 4733 483 4789 illa
523 4749 841 4804 permanere
877 4738 1124 4805 ecclesia,
1174 4740 1227 4794 in
1267 4756 1370 4811 qua
1398 4740 1569 4799 fames
1613 4745 1683 4800 sit
1707 4747 1972 4801 sermonis

392 4823 513 4889 Dei,
557 4832 615 4880 et
662 4835 890 4882 cunctus
931 4828 1158 4899 portulus
1201 4831 1576 4887 haereticorum
1618 4834 1827 4904 gladio,
1877 4836 1971 4890 do—

391 4913 691 4984 ctrinaeque
730 4916 988 4985 penuria,
1018 4929 1073 4973 et
1119 4920 1371 4976 haeretica
1420 4931 1569 4993 peste
1615 4925 1895 4980 moriatur.

471 5017 492 5052 ι
518 5001 587 5055 Et
604 5004 784 5058 domui
813 5005 955 5074 regis
979 5005 1344 5064 Judazaudite
1365 5012 1589 5067 verbum
1612 5013 1844 5080 Domini,
1869 5015 1965 5071 do-

394 5107 518 5147 mus
541 5093 728 5149 David.
756 5094 881 5152 Haec
907 5099 1037 5153 dicit
1055 5101 1315 5158 Dominus
1344 5122 1356 5156 :
1386 5102 1630 5160 Judicate
1654 5121 1810 5163 mane
1832 5108 1971 5178 judi-

394 5182 561 5247 cium,
584 5195 640 5239 et
664 5186 837 5242 eruite
856 5188 908 5242 vi
931 5203 1247 5260 oppressum
1272 5194 1339 5249 de
1364 5209 1522 5248 manu
1543 5195 1965 5264 calutnniatoris,

392 5289 467 5329 ne
513 5273 652 5331 forte
688 5278 995 5347 egrediatur
1022 5281 1158 5353 (sive
1200 5291 1258 5338 ut
1296 5300 1401 5340 non
1438 5288 1774 5359 egrediatur)
1815 5290 1967 5358 quasi

395 5364 537 5435 ignis
554 5367 851 5440 indignatio
866 5387 1003 5438 mea,
1022 5384 1076 5430 et
1094 5378 1470 5444 succendatur,
1486 5388 1542 5435 et
1554 5396 1659 5436 non
1681 5382 1852 5452 sitqui
1873 5397 1970 5438 ex-

395 5457 635 5527 stinguat
668 5467 887 5531 propter
934 5464 1192 5521 malitiam
1237 5470 1536 5528 studiorum
1585 5482 1906 5528 vestrorum.
1947 5491 1968 5526 ι

397 5548 660 5619 Quodque
683 5551 958 5619 sequitur:
989 5572 1008 5606 ι
1044 5566 1261 5626 propter
1286 5560 1540 5617 malitiam
1566 5563 1863 5618 studiorum
1886 5577 1976 5619 ve-

759 5640 1032 5703 Ρλτιιοι.
1079 5644 1243 5707 CXI.

1997 4339 2045 4399 D

2144 3124 2164 3157 t
2206 3105 2346 3161 Ecce
2373 3119 2472 3177 ego
2500 3106 2567 3161 ad
2603 3112 2656 3161 te
2683 3105 3057 3162 habitatricem
3084 3107 3237 3164 vallis
3266 3109 3449 3184 solidae
3478 3121 3640 3183 atque

2074 3212 2095 3247 ι
2138 3197 2471 3266 campestris,
2508 3195 2584 3250 ait
2609 3194 2884 3261 Dominus,
2914 3196 3005 3267 qui
3034 3196 3212 3254 dicitis
3243 3215 3257 3252 :
3284 3199 3414 3266 Quis
3445 3215 3636 3271 percu-

2075 3304 2094 3336 ι
2141 3286 2238 3340 tiet
2266 3285 2391 3357 (sive
2418 3284 2660 3357 terrebit)
2690 3301 2809 3352 nos,
2850 3295 2905 3340 et
2940 3288 3062 3356 quis
3088 3288 3418 3358 ingredietur
3454 3290 3638 3346 domos

2075 3394 2094 3427 ι
2138 3375 2390 3431 nostras?
2419 3375 2486 3430 Et
2515 3376 2745 3431 visitabo
2770 3390 2934 3447 super
2971 3392 3085 3433 vos.
3119 3397 3138 3429 ι
3171 3377 3431 3449 Quodque
3457 3382 3634 3450 sequi-

2070 3474 2179 3532 tur,
2209 3485 2228 3518 ε
2252 3468 2406 3539 juxta
2436 3466 2671 3523 fructum
2714 3468 3014 3524 studiorum
3046 3478 3346 3527 vestrorum
3383 3472 3511 3552 dicit
3540 3472 3637 3529 Do-

2068 3557 2269 3622 minus,
2293 3579 2311 3608 ι
2339 3558 2392 3611 in
2415 3557 2758 3630 Septuaginta
2777 3573 2881 3613 non
2898 3559 3125 3614 habetur
3148 3577 3162 3614 :
3186 3579 3204 3611 ι
3231 3560 3298 3615 Ει
3319 3561 3640 3616 succendam

2069 3647 2246 3719 ignem
2282 3647 2336 3702 in
2369 3647 2508 3702 saltu
2536 3646 2672 3716 ejus,
2702 3656 2759 3703 et
2797 3648 3076 3705 devorabit
3107 3650 3289 3704 omnia
3322 3650 3377 3705 in
3412 3650 3639 3705 circuitu

2068 3736 2203 3807 ejus.
2257 3756 2275 3789 ι
2321 3737 2426 3813 Pro
2473 3737 2793 3793 habitatrice
2842 3738 2997 3793 vallis
3053 3738 3236 3794 solidae
3284 3747 3445 3809 atque
3495 3756 3638 3795 cam-

2069 3826 2264 3898 pestris
2298 3826 2648 3898 Septuaginta
2675 3828 3097 3883 transtulerunt:
3122 3846 3140 3878 ι
3173 3828 3313 3885 Ecce
3340 3844 3441 3901 ego
3469 3831 3537 3885 ad
3565 3838 3639 3897 te,

2067 3917 2160 3986 qui
2195 3915 2406 3970 habitas
2436 3916 2488 3969 in
2525 3916 2663 3973 valle
2690 3915 2798 3971 Son
2827 3916 2971 3987 (111:)
3000 3918 3315 3986 campestri,
3354 3937 3373 3969 ι
3407 3934 3506 3989 pro
3532 3936 3639 3988 quo

2070 4005 2425 4076 Symmachus
2441 4014 2661 4075 petram,
2677 4005 2991 4070 Thcodotio,
3006 4006 3283 4071 obsessam,
3302 4009 3638 4079 interpretati

2068 4102 2195 4149 sunt
2216 4111 2231 4158 ;
2252 4094 2459 4165 Aquila:
2479 4095 2651 4165 prima
2672 4095 2858 4160 editio,
2889 4094 3133 4160 solidam,
3159 4098 3394 4152 secunda
3423 4098 3636 4169 Tyrum.

2070 4186 2173 4243 Sor
2200 4188 2345 4243 enim
2372 4189 2485 4244 sive
2511 4186 2617 4243 Sur
2644 4188 2820 4259 lingua
2853 4188 3071 4246 Hebrum
3102 4200 3158 4244 et
3191 4188 3406 4260 Tyrum,
3442 4201 3497 4247 et
3523 4194 3637 4248 sili-

2068 4293 2198 4343 cem,
2215 4287 2268 4335 et
2280 4280 2599 4334 cohortatum
2616 4278 2978 4351 [coarctataml
2996 4290 3167 4337 sonat.
3184 4282 3445 4351 Loquitur
3458 4292 3640 4340 autem

2069 4378 2256 4426 contra
2301 4369 2658 4435 Hierusalem,
2702 4385 2821 4440 qua:
2866 4372 3142 4428 obsidione
3175 4373 3368 4430 vallata
3394 4385 3498 4437 est,
3526 4391 3642 4431 sive

2031 4506 2039 4515 .
2071 4460 2125 4515 in
2156 4460 2560 4516 similitudinem
2591 4461 2740 4532 Tyri,
2771 4462 2923 4531 quasi
2950 4464 3085 4518 mari
3118 4466 3327 4536 grandi,
3360 4467 3436 4522 ita
3468 4467 3644 4539 Baby-

2071 4551 2215 4607 lonio
2255 4553 2494 4607 exercitu
2532 4552 2788 4623 cingitur,
2809 4563 2866 4608 et
2909 4556 3137 4611 evadere
3169 4572 3275 4613 non
3312 4568 3507 4628 potest.
3535 4558 3645 4615 Aut
3685 4597 3695 4606 -

2072 4652 2242 4711 certe,
2267 4658 2388 4713 qua:
2421 4658 2479 4699 se
2507 4644 2678 4699 instar
2712 4654 2879 4715 petrae
2907 4647 3207 4704 durissimae
3249 4649 3641 4723 inexpugnabi-

2072 4737 2176 4794 lem
2200 4746 2345 4807 putat
2373 4746 2537 4808 atque
2552 4736 2849 4803 robustam,
2872 4753 2970 4809 pro
2993 4739 3263 4797 soliditate
3284 4758 3559 4799 murorum
3582 4753 3642 4799 et

2070 4829 2454 4900 magnitudine,
2486 4836 2542 4885 et
2567 4829 2697 4886 dicit
2724 4847 2738 4883 :
2773 4847 2792 4880 ι
2829 4830 2960 4897 Quis
2989 4842 3193 4888 terrere
3220 4849 3320 4889 nos
3342 4835 3561 4903 poterit,
3587 4845 3644 4889 et

2069 4922 2193 4993 quis
2219 4922 2549 4994 ingredietur
2580 4923 2767 4980 domos
2800 4925 3047 4983 nostras?
3078 4944 3098 4977 ι
3140 4941 3263 4982 cum
3294 4942 3325 4982 e
3368 4926 3642 4981 contrario

2069 5014 2321 5085 loquatur
2360 5017 2531 5072 Deus:
2563 5034 2584 5067 ε
2615 5015 2726 5088 Ego
2747 5017 2978 5074 visitabo
3002 5032 3117 5085 vos,
3159 5038 3178 5072 ι
3202 5033 3381 5073 meum
3410 5017 3640 5073 evadere

2068 5106 2282 5163 ocuium
2300 5123 2405 5164 non
2421 5108 2684 5178 poteritis.
2705 5108 2944 5165 Visitabo
2959 5117 3134 5164 autem
3150 5123 3245 5163 vos
3259 5108 3309 5161 in
3324 5108 3639 5177 perniciem,

2069 5202 2127 5251 et
2148 5197 2366 5252 reddam
2388 5199 2542 5253 vobis
2567 5196 2801 5254 fructum
2829 5199 3046 5254 malitia;
3069 5207 3289 5263 vestrm;
3319 5208 3374 5251 et
3394 5213 3495 5269 ego
3519 5214 3644 5256 suc-

2072 5288 2300 5342 cendam
2328 5288 2501 5358 ignem
2531 5289 2585 5343 in
2618 5289 2756 5344 saltu
2798 5298 2979 5344 vestro
3001 5329 3016 5355 ,
3052 5303 3158 5344 non
3199 5288 3540 5360 Babylonius,
3584 5300 3647 5346 ut

2073 5379 2296 5449 putatis,
2328 5392 2433 5433 non
2476 5394 2570 5434 rex
2606 5379 3001 5445 Chaldaeorum,
3040 5380 3133 5435 sed
3167 5395 3285 5436 mea
3316 5381 3432 5437 hac
3464 5384 3645 5438 omnia

2077 5470 2155 5525 ira
2180 5469 2443 5538 perficiet.
2471 5471 2680 5526 Saltum
2709 5480 2889 5528 autem
2913 5481 3071 5529 vocat
3095 5472 3427 5530 Hierusalem
3450 5483 3512 5531 et
3531 5490 3645 5532 om.

2078 5576 2200 5617 nent
2232 5563 2375 5618 circa
2416 5563 2709 5633 regionem,
2747 5580 2867 5635 quae
2906 5564 3187 5638 frugiferas
3219 5567 3441 5625 arbores
3475 5568 3644 5625 bono-

3099 5656 3170 5727 3t
