4022 6186
362 276 462 333 971

997 263 1061 318 Β.
1100 257 1353 314 [MBAN
1390 253 1607 313 MAUIU
1642 248 1958 307 ARCHIEP.
2002 237 2610 303 MOGUE‘TDPERUM
2655 228 2832 285 PARS
2870 230 2954 282 ιιι.

3511 222 3626 278 9τῖ

362 405 483 446 ι-ιιιιι
501 395 734 456 operum
771 393 879 434 non
916 376 1099 439 habet,
1136 370 1279 443 quod
1323 369 1397 423 sit
1443 363 1690 422 incendio
1732 338 1910 433 prrepa
1972 369 2017 425 Α
2046 358 2340 415 ambitione
2360 351 2733 425 ingrcdiemini
2761 340 3308 413 portasllierusalem.
3332 337 3427 394 Sin
3446 350 3624 395 autem

1929 451 1940 456 -
2055 449 2073 456 -
2324 447 2336 456 .
2442 444 2497 456 ..ο
2637 443 2650 456 ι
2844 433 2984 456 ..Α-2,.
3028 446 3130 456 ...ι-
3165 442 3268 456 ιυ...
3291 430 3491 456 ηις-..εμὲ
3519 430 3624 456 Λέ-

366 451 902 539 νιιιιιέ.ῬιιΙειιι“θιιιιθ
924 464 1118 520 vallem
1140 459 1369 532 appellat
1399 463 1781 528 campestrem,
1801 451 1944 522 quod

363 568 548 643 pervia
592 564 665 621 sit
709 560 977 621 hostibus,
1021 563 1077 610 et
1115 567 1222 607 non
1266 558 1500 604 montem
1531 544 1823 609 excelsum,
1852 541 1946 613 qui

364 633 649 717 diﬂiculter
669 650 889 709 aseendi
909 653 1107 718 potest,
1128 643 1284 716 juxta
1316 638 1461 712 quod
1492 638 1544 692 in
1567 636 1703 691 lsaia
1729 633 1945 699 dicitur,

369 769 390 804 ι
426 749 576 807 Visio
597 745 752 800 vallis
777 741 907 796 Sion
931 739 1068 809 (13a.
1098 732 1257 805 xxn).
1293 752 1311 784 ι
1343 728 1612 799 Quidquid
1637 726 1703 781 ad
1727 724 1948 780 domum

365 845 594 913 regiam,
622 848 678 894 et
716 836 905 891 urbem
949 826 1286 898 metmpolim
1335 822 1710 894 prOpbetatur,
1751 815 1952 871 refcra-

367 951 489 992 mus
532 933 603 988 ad
643 924 1070 985 ecclesiasticum
1100 920 1343 975 ordinem
1373 925 1429 971 et
1466 912 1736 984 principes
1766 909 1951 964 Eccle-

366 1027 594 1088 siarum,
636 1035 734 1075 eos
776 1018 1040 1072 duntaxat
1092 1009 1185 1080 qui
1240 1023 1298 1063 se
1343 1005 1609 1076 superbia:
1652 1009 1707 1056 et
1750 999 1952 1055 divitiis

366 1116 707 1183 lascivimque
738 1105 1078 1168 tradiderint,
1120 1117 1220 1157 nec
1247 1098 1453 1162 statim,
1479 1096 1602 1164 quia
1636 1093 1830 1147 domus
1864 1105 1953 1145 re-

368 1212 453 1284 gia
483 1216 569 1263 est
610 1181 680 1260 ab
731 1200 951 1257 interitu
993 1194 1330 1251 liberabitur.
1376 1185 1656 1257 Quomodo
1683 1192 1737 1238 et
1763 1182 1854 1254 qui
1887 1181 1956 1235 de

369 1272 539 1373 stirpe
595 1298 747 1354 fuere
777 1292 976 1357 David,
1017 1286 1175 1358 pauci
1222 1283 1510 1339 admodum
1557 1284 1684 1334 sunt
1724 1272 1954 1336 inventi,

369 1367 794 1468 qui—placuerint
840 1384 1087 1446 Domino,
1116 1387 1176 1434 ut
1210 1378 1324 1447 ipse
1366 1372 1555 1436 David,
1604 1367 1865 1424 Ezechias
1902 1372 1958 1418 ct

370 1455 568 1550 iusius,
616 1490 921 1551 magnaque
954 1487 1080 1542 pars
1123 1467 1424 1539 principum
1461 1473 1518 1518 et
1550 1459 1737 1530 stirpis
1775 1455 1956 1527 regiae,

374 1577 427 1630 in
458 1546 768 1631 universum
798 1563 1053 1638 populum
1082 1561 1219 1614 iram
1248 1554 1458 1611 Domini
1481 1546 1814 1624 provocavit.

953 1718 1180 1778 CAPUT
1221 1713 1382 1768 XXII.

382 1844 609 1901 Mittitur
655 1816 906 1910 propheta
938 1831 1034 1910 _ad_
1068 1842 1237 1910 regem
1287 1821 1579 1910 priedieare
1618 1816 1897 1910 justitiam
1937 1825 1957 1863 :

445 1883 689 1967 Ξοιιὲιιὶἆ
723 1883 812 1961 τίκ
838 1883 995 1958 ,1ηάᾶ
1017 1883 1307 1954 insepultus
1344 1883 1634 1963 projicitur
1648 1896 1796 1940 extra
1827 1883 1959 1937 Ilie-

451 1980 677 2035 rusalem
689 2018 701 2030 .

456 2137 475 2169 ι
517 2114 643 2169 llaec
672 2109 804 2165 dicit
830 2103 1090 2161 Dominus
1118 2117 1131 2152 :
1164 2092 1440 2153 Descende
1473 2090 1527 2145 in
1570 2089 1786 2143 domum
1820 2080 1965 2153 regis

388 2228 406 2261 ι
447 2206 610 2270 Iuda,
636 2210 691 2257 et
726 2195 964 2268 loqueris
993 2193 1065 2247 ibi
1099 2189 1322 2245 verbum
1360 2186 1483 2248 hoc,
1514 2188 1570 2235 et
1602 2179 1751 2232 dices
1780 2192 1793 2229 :
1825 2172 1966 2228 Audi

360 2284 406 2351 ἰ
450 2296 673 2353 verbum
702 2287 933 2352 Domini,
964 2299 1059 2339 rex
1084 2279 1240 2341 Iuda,
1275 2274 1365 2346 qui
1401 2272 1558 2329 sedes
1585 2282 1748 2338 super
1770 2263 1967 2320 solium

390 2411 408 2441 ι
453 2384 644 2450 David,
672 2392 729 2437 tu
755 2387 810 2435 et
842 2376 985 2441 servi
1015 2372 1113 2437 tui,
1141 2376 1196 2425 ct
1236 2364 1462 2438 populus
1500 2370 1643 2424 tuus,
1666 2355 1757 2426 qui
1790 2354 1969 2424 ingrc-

391 2502 408 2534 ι
457 2445 645 2534 dtmini
677 2487 772 2545 per
794 2478 985 2541 portas
1003 2466 1120 2518 has.
1154 2460 1279 2515 llaec
1305 2456 1436 2512 dicit
1457 2452 1714 2509 Dominus
1741 2466 1755 2501 :
1785 2445 1970 2500 Facite

393 2590 411 2621 ι
446 2533 713 2639 judicium
740 2533 1109 2630 et-justitiam,
1139 2557 1194 2606 et
1226 2547 1451 2602 liberate
1476 2541 1526 2595 vi
1550 2550 1865 2609 oppressum
1905 2533 1972 2586 dc

395 2681 414 2714 ι
446 2628 621 2714 ἰιιιιιιιι
652 2628 1080 2709 calumniatoris,
1124 2648 1182 2695 et
1219 2639 1505 2697 advenam,
1527 2640 1583 2686 et
1609 2628 1890 2702 pupillum,
1917 2633 1973 2677 et

396 2774 415 2805 ι
462 2750 678 2806 viduam
703 2741 876 2799 nolite
893 2734 1239 2796 contristare,
1253 2741 1429 2797 neque
1450 2720 1768 2795 opprimatis
1792 2719 1974 2786 inique

397 2867 415 2901 ι
462 2846 576 2901 sive
604 2839 787 2910 impie,
821 2843 876 2890 et
914 2828 1230 2900 sanguinem
1266 2823 1607 2878 innocentem
1640 2829 1708 2869 ne
1737 2810 1976 2871 eﬂ‘unda-

397 2960 416 2991 ι
462 2938 534 2995 tis
561 2935 615 2990 in
820 2928 945 2983 isto.
985 2921 1043 2976 Si
1083 2917 1229 2976 enim
1271 2913 1532 2970 facientes
1572 2904 1813 2962 feceritis
1854 2913 1978 2958 ver-

399 3050 419 3082 i
465 3032 589 3084 bum
621 3023 785 3087 istud,
837 3013 1205 3088 ingredientur
1240 3021 1339 3079 per
1380 3011 1563 3076 portas
1601 3000 1792 3055 domus
1819 2995 1979 3065 hujus

402 3141 420 3173 ι
464 3132 619 3190 reges
646 3111 899 3169 sedentes
939 3106 1008 3160 de
1058 3113 1258 3174 genere
1304 3094 1471 3151 David
1518 3105 1682 3163 super
1724 3089 1975 3143 thronum

403 3232 422 3265 ι
467 3176 603 3280 ιιῇιῖε,
634 3213 690 3261 et
713 3198 1076 3258 ascendentes
1097 3204 1292 3249 currus
1318 3195 1377 3242 et
1407 3198 1597 3255 equos,
1627 3180 1726 3251 ipsi
1757 3186 1811 3234 et
1836 3176 1978 3232 servi

405 3321 425 3356 ι
466 3267 521 3356 et
560 3267 789 3369 populus
827 3300 1035 3343 eorum.
1066 3279 1220 3349 Quod
1259 3278 1305 3334 si
1341 3292 1449 3330 non
1494 3270 1773 3327 audieritis
1816 3267 1982 3321 verba

404 3355 426 3445 ι
614 3355 713 3455 per
749 3378 1122 3444 memetipsum
1154 3367 1334 3441 juravi
1375 3364 1508 3419 dicit
1539 3361 1815 3423 Dominus,
1856 3355 1982 3424 quia

405 3502 425 3534 ι
469 3481 526 3536 in
566 3448 910 3532 solitudinem
943 3464 1051 3518 erit
1091 3462 1284 3517 domus
1321 3456 1454 3511 haec.
1488 3474 1509 3507 ι
1546 3448 1815 3525 (Ηὶειοοη.)
1860 3448 1990 3502 llaec

402 3570 562 3633 visio,
606 3567 716 3620 imo
751 3559 841 3615 hic
881 3568 1062 3612 sermo
1105 3548 1336 3613 Domini,
1376 3544 1463 3600 vel
1490 3552 1616 3598 ante
1661 3541 1721 3596 fit
1751 3541 1819 3595 ad
1852 3538 1988 3594 Pro-

403 3630 621 3732 phetam
677 3665 839 3723 quam
887 3642 1180 3702 Sedechias
1239 3638 1308 3693 ad
1360 3650 1482 3693 eum
1534 3632 1752 3688 nuntios
1804 3630 1986 3684 mitte—

408 3717 511 3815 ιρι,
541 3746 626 3802 vel
655 3717 802 3800 certe
830 3746 1117 3810 postquam
1160 3729 1365 3786 nuntiis
1390 3724 1666 3798 praecepit,
1708 3720 1837 3791 quid
1879 3717 1990 3789 regi

410 3842 617 3898 referre
641 3836 895 3896 debeant,
930 3822 1239 3898 pnncipitnr
1269 3815 1538 3880 Jcretniaa,
1566 3821 1626 3868 ut
1651 3822 1991 3881 nequaquam

408 3947 505 4006 per
546 3928 763 3985 nuntios
810 3922 1060 3990 loquatur
1102 3913 1170 3968 ad
1199 3923 1404 3982 regem,
1451 3907 1546 3962 sed
1590 3906 1703 3974 ipse
1731 3901 1892 3957 vadat
1922 3900 1992 3954 ad

410 3994 693 4098 palatium,
720 4025 774 4073 et
808 4014 881 4070 ibi
912 4012 1163 4079 loquatur
1200 4004 1271 4060 ei.
1306 3999 1586 4069 Simulque
1618 3994 1997 4051 adnimadver—

414 4083 597 4173 Itamus
624 4083 861 4166 divinam
900 4096 1246 4171 sapientiam,
1292 4090 1438 4162 quod
1470 4104 1566 4160 per
1604 4087 1820 4141 nutatios
1841 4083 1998 4154 jubet

412 4207 589 4266 tristia
621 4197 881 4262 nuntiari,
910 4191 1088 4249 mtstis
1112 4195 1168 4245 et
1195 4181 1491 4257 prosperis,
1513 4180 1567 4235 si
1582 4193 1742 4248 agere
1772 4173 1999 4230 voluerit

414 4315 509 4357 rex
553 4289 947 4368 paenitentiam.
994 4280 1092 4337 llic
1133 4290 1265 4333 vero
1303 4273 1430 4344 quia
1465 4270 1568 4341 ipsi
1605 4269 1901 4338 imperatur
1940 4272 2001 4318 ut

414 4353 622 4463 pergat,
649 4397 755 4440 non
787 4376 962 4434 tristia
993 4372 1223 4434 nuntiat,
1248 4375 1304 4421 et
1342 4363 1711 4434 captivitatem
1747 4353 2000 4426 jamjam-

416 4448 541 4551 quev
562 4448 869 4533 venturam,
914 4463 1011 4521 sed
1050 4466 1235 4516 monet
1281 4454 1410 4524 quid
1459 4451 1640 4506 facere
1684 4448 1896 4510 debeat,
1942 4452 2001 4498 ut

417 4540 552 4624 vitet
578 4560 971 4632 impendentem
995 4547 1321 4607 sententiam
1337 4542 1569 4600 Domini.
1589 4540 1793 4610 Regum
1818 4544 1998 4590 autem

421 4628 701 4730 proprium
741 4656 828 4704 est
874 4645 1052 4699 facere
1095 4637 1356 4708 judicium
1410 4641 1571 4703 atque
1613 4628 1903 4698 justitiam,
1947 4633 2005 4681 et

421 4723 652 4806 liberare
691 4741 760 4797 de
800 4750 965 4792 manu
1002 4727 1451 4788 calumniatorum
1499 4723 1550 4777 vi
1592 4733 1900 4792 oppressos,
1948 4723 2007 4771 et

422 4804 705 4913 peregrino
746 4825 1053 4901 pupilloque
1084 4828 1140 4876 et
1184 4817 1382 4880 viduae,
1425 4814 1519 4884 qui
1568 4810 1780 4865 facilius
1823 4804 2007 4877 oppri-

423 4898 646 4986 inuniur
672 4938 704 4977 a
724 4898 1032 4991 potentibus
1053 4906 1297 4981 praebere
1322 4903 1602 4958 auxilium.
1634 4898 1702 4953 Et
1736 4904 1796 4951 ut
1819 4909 2004 4950 curam

422 5022 506 5085 eis
563 4988 954 5089 μακάριοι-ιιι]
1002 5004 1097 5061 Dei
1146 4996 1407 5068 majorem
1458 4992 1741 5062 injiceret,
1795 4988 2002 5044 intulit:

429 5079 667 5166 (No-lite
691 5079 1026 5161 contristari,
1055 5102 1116 5150 ut
1150 5103 1258 5148 non
1302 5086 1476 5145 solum
1519 5081 1782 5153 eripiatis,
1818 5079 1913 5134 sed
1940 5092 2012 5132 ne

428 5197 708 5274 patiamini
746 5193 966 5266 quidem
1002 5201 1098 5259 per
1136 5189 1373 5239 vestram
1402 5174 1766 5235 eohibentiam
1797 5169 2012 5243 [conni-

431 5262 689 5360 vendum]
704 5262 783 5343 ab
797 5283 918 5340 aliis
936 5272 1266 5338 contristari.
1289 5291 1309 5324 ι
1331 5271 1398 5326 Et
1414 5266 1731 5339 sanguinem
1752 5262 2012 5318 inuocem

434 5534 532 5619 ea
565 5562 744 5632 legum
785 5554 1168 5615 ministerium.
1210 5547 1300 5613 Si,
1324 5545 1519 5617 inquit,
1552 5542 1669 5597 ιιωο
1697 5534 1957 5599 feceritis,
1983 5547 2017 5587 ο

436 5666 591 5726 reges
618 5651 778 5710 Juda.
808 5647 1058 5712 tenebitis
1098 5642 1380 5715 pristinam
1420 5644 1763 5707 potestatem,
1796 5636 1851 5684 et
1895 5642 2017 5683 cum

2046 449 2226 506 facere
2249 444 2551 509 nolueritis,
2566 459 2600 498 ο
2619 443 2808 498 donius
2844 433 3010 506 regia,
3028 446 3133 487 non
3164 442 3270 486 tam
3290 430 3494 485 Domini
3516 430 3633 486 erit

2047 538 2399 603 crudelitatis,
2428 549 2589 606 quam
2629 542 2732 588 tuae
2780 524 3093 591 voluntatis,
3133 532 3195 578 ut
3223 521 3402 580 omnis
3440 522 3635 576 civitas

2049 632 2324 700 redigatur
2373 628 2430 684 in
2485 624 2851 681 solitudinem.
2918 614 3190 685 Quidquid
3238 614 3400 685 regiae
3448 612 3635 668 domui

2050 724 2255 779 dictum
2306 729 2423 788 est,
2476 717 2778 788 intelligant
2824 706 3100 781 episcopi,
3152 705 3394 775 sociique
3444 719 3637 758 eorum

2049 810 2349 883 presbyteri
2388 817 2549 877 atque
2579 804 2814 869 diaconi,
2851 810 2907 858 et
2936 797 3117 852 omnis
3140 796 3274 852 ordo
3304 793 3640 849 ecclesiasti-

2052 918 2169 958 cus.
2212 900 2364 968 Quod
2411 899 2457 954 si
2499 897 2727 953 fecerint
2775 908 2896 965 qua:
2937 893 3206 962 praecepta
3238 892 3384 949 sunt,
3410 891 3465 938 et
3492 883 3641 936 inter

2053 1001 2250 1046 ctetera
2292 990 2633 1044 innocentem
2679 983 2999 1054 sanguinem
3052 991 3160 1029 non
3203 973 3459 1037 fuderint,
3488 988 3645 1027 scan-

2055 1080 2350 1136 dalizantes
2399 1077 2652 1132 minimos
2706 1085 2949 1143 quosque
2975 1059 3041 1125 'et
3096 1062 3460 1132 percutientes
3508 1077 3647 1118 con-

2058 1172 2313 1228 scientias
2332 1168 2688 1240 singulorum,
2706 1164 2983 1220 obtineant
3004 1160 3256 1215 traditam
3279 1155 3379 1209 sibi
3400 1170 3432 1208 a
3455 1154 3645 1209 Domi-

2057 1281 2127 1321 no
2155 1262 2493 1334 dignitatem.
2511 1259 2607 1314 Sin
2631 1266 2811 1312 autem
2836 1254 3015 1310 facere
3034 1247 3309 1307 noluerint
3332 1255 3496 1316 atque
3518 1261 3650 1300 con-

2059 1333 2396 1425 tempserint,
2435 1350 2535 1420 ipsi
2577 1347 2824 1418 redigant
2858 1342 3153 1398 Ecclesiam
3182 1339 3281 1394 Dei
3310 1335 3366 1393 in
3394 1333 3649 1389 solitudi-

2061 1462 2205 1502 nem.
2231 1442 2611 1516 lngrediuntur
2631 1450 2812 1494 autem
2839 1438 2905 1493 de
2926 1451 3124 1508 genere
3144 1433 3311 1488 David
3334 1445 3433 1502 per
3456 1436 3650 1500 portas

2064 1534 2421 1598 Hierusalem,
2465 1538 2522 1585 et
2563 1529 2752 1585 sedent
2787 1542 2951 1597 super
2988 1526 3240 1579 thronum
3272 1522 3417 1592 ejus,
3445 1518 3540 1590 qui
3568 1517 3651 1573 in-

2065 1635 2397 1697 terpretatur
2443 1622 2599 1678 fortis
2646 1635 2830 1685 manu,
2881 1628 2938 1673 et
2984 1616 3282 1672 ascendunt
3342 1628 3543 1669 currus
3594 1618 3653 1667 et

1988 1717 2033 1776 Β
2059 1732 2248 1787 equos,
2272 1713 2490 1786 quando
2514 1711 2791 1767 refrenant
2822 1716 2875 1763 et
2909 1723 3039 1763 suas
3074 1714 3129 1763 et
3156 1705 3337 1777 pepuli
3361 1705 3651 1775 perturba-

2063 1809 2260 1872 tiones,
2282 1814 2338 1861 et
2362 1802 2663 1874 composito
2694 1803 2746 1855 in
2780 1797 3019 1854 Ecclesia
3045 1796 3421 1868 ingrediuntur
3453 1794 3652 1865 gradu,

2061 1910 2116 1957 et
2143 1899 2433 1954 multarum
2465 1896 2723 1950 virtutum
2752 1893 2943 1956 choro,
2973 1889 3183 1959 sibique
3209 1902 3277 1944 ex
3312 1886 3462 1942 omni
3498 1896 3655 1957 parte

2063 1990 2516 2048 concinnentium.
2534 1987 2601 2041 Et
2622 1997 2681 2040 ut
2702 1984 2805 2039 hoc
2819 1998 3005 2038 verum
3029 1994 3149 2036 esse
3173 1979 3485 2044 credamus,
3503 1978 3656 2049 jurat

2063 2097 2162 2152 per
2188 2095 2269 2145 se,
2304 2078 2430 2149 quia
2462 2078 2618 2148 juxta
2662 2073 2997 2146 Apostolum,
3042 2071 3303 2141 majorem
3339 2068 3513 2123 alium
3558 2082 3657 2139 per

2066 2188 2226 2244 quem
2248 2169 2434 2240 jurare
2461 2167 2633 2238 possit
2666 2181 2774 2220 non
2813 2164 2978 2219 habet
3016 2160 3204 2234 (Hebr.
3243 2159 3343 2229 γι).

2145 2283 2165 2314 ι
2211 2262 2345 2329 Quia
2385 2260 2500 2314 haec
2530 2257 2662 2312 dicit
2689 2255 2948 2310 Dominus
2981 2267 3145 2323 super
3172 2251 3395 2307 domum
3425 2250 3560 2319 (sive
3591 2253 3660 2304 ad

2074 2369 2094 2402 ι
2140 2344 2381 2417 domum)
2417 2343 2558 2413 regis
2594 2341 2754 2406 Juda,
2792 2337 3017 2402 Galaad,
3061 2347 3115 2392 tu
3161 2336 3295 2391 mihi
3338 2344 3509 2406 caput
3535 2336 3661 2406 (sire

2076 2460 2095 2494 ι
2141 2435 2488 2512 principium)
2524 2432 2734 2497 Libani,
2762 2431 2809 2487 si
2839 2444 2944 2485 non
2972 2444 3203 2498 posuero
3237 2437 3289 2482 te
3320 2427 3375 2481 in
3406 2426 3647 2483 solitudi-

2079 2553 2097 2585 ι
2145 2547 2293 2596 nem,
2322 2527 2485 2584 urbes
2513 2521 2909 2581 inhabitabiles.
2939 2520 3005 2575 Et
3030 2518 3379 2575 sanctiﬁcabo
3406 2533 3575 2588 super
3613 2524 3665 2571 te

2080 2642 2099 2676 ι
2145 2619 2560 2678 intcrficicntem
2607 2614 2808 2680 virum,
2847 2621 2902 2669 et
2938 2627 3090 2667 arma
3119 2609 3269 2680 ejus;
3296 2618 3353 2665 et
3382 2609 3667 2664 succident

2081 2735 2099 2766 ι
2140 2714 2341 2768 electas
2361 2711 2553 2765 cedros
2584 2715 2727 2769 tuas,
2751 2712 2803 2760 et
2830 2702 3242 2773 principitabunt
3269 2699 3399 2771 (sive
3420 2699 3666 2768 mittent)

2082 2821 2101 2854 ι
2150 2804 2205 2858 in
2232 2803 2429 2872 ignem.
2463 2797 2528 2852 Et
2554 2794 2959 2868 pertransibunt
2985 2802 3176 2863 gentes
3201 2789 3381 2844 multa'
3412 2804 3514 2859 per
3539 2788 3670 2844 civi-

2084 2914 2103 2947 ι
2151 2904 2314 2949 tatem
2353 2893 2515 2953 hanc,
2545 2896 2603 2941 et
2651 2886 2795 2940 dicet
2841 2882 3211 2952 unusquisque
3247 2878 3502 2951 proximo
3530 2893 3666 2934 suo:

2086 3005 2106 3037 ι
2152 2984 2331 3052 Quare
2366 2979 2497 3035 fecit
2530 2976 2789 3032 Dominus
2824 2975 2904 3030 sic
2937 2972 3140 3028 civitati
3167 2970 3294 3026 huic
3329 2969 3579 3039 magna?
3608 2970 3673 3021 lit

2005 3058 2049 3119 C
2086 3096 2105 3129 ι
2150 3068 2551 3143 respondebunt
2584 3085 2599 3122 :
2628 3063 2705 3122 Eo
2729 3064 2873 3135 quod
2898 3061 3284 3132 dereliquerint
3308 3068 3531 3131 pactum
3565 3061 3666 3116 Do-

2086 3182 2104 3216 ι
2149 3160 2283 3216 mini
2328 3158 2424 3212 Dei
2459 3156 2541 3212 sui
2585 3162 2640 3210 et
2679 3153 3024 3208 adoraverint
3056 3150 3185 3205 deos
3214 3148 3423 3205 alienos
3456 3158 3516 3204 et
3553 3163 3668 3204 scr-

2088 3273 2107 3306 ι
2153 3252 2347 3308 vierint
2381 3247 2481 3304 eis.
2517 3268 2535 3298 ι
2568 3245 2791 3309 Galaad,
2828 3258 2991 3313 quam
3034 3240 3273 3312 possedit
3315 3238 3542 3294 dimidia
3583 3237 3675 3291 tri-

2082 3345 2184 3400 bus
2213 3343 2478 3407 Manasse,
2510 3352 2663 3395 trans
2701 3334 3014 3399 Jordanem,
3038 3331 3318 3403 Scriptura
3338 3343 3675 3386 commemo-

2085 3446 2173 3493 rat
2194 3433 2344 3509 (Gcn.
2371 3430 2548 3502 xxxi),
2579 3431 2634 3484 in
2660 3445 2765 3499 quo
2797 3436 2979 3483 mutate
3004 3424 3188 3481 Lahan
3212 3423 3511 3495 fugientem
3538 3435 3673 3477 con-

2088 3538 2304 3585 secutus
2350 3534 2433 3580 est
2479 3521 2645 3578 Jacob
2687 3538 2702 3575 :
2734 3527 2790 3575 et
2817 3515 3162 3586 monsjuxta
3191 3513 3444 3570 Genesim
3477 3526 3676 3568 nomen

2089 3617 2295 3687 accepit
2339 3614 2521 3693 Σωρός,
2575 3612 2628 3667 id
2669 3617 2775 3676 est,
2817 3607 3055 3663 tumulus
3091 3603 3406 3669 testimonii,
3435 3618 3506 3659 eo
3536 3600 3677 3673 quod

2091 3710 2165 3765 ibi
2193 3707 2360 3763 Jacob
2387 3706 2679 3773 Labanque
2709 3698 3014 3769 iuraverint
3041 3698 3094 3753 in
3125 3711 3379 3752 acervum
3408 3693 3679 3765 lapidibus

2091 3799 2451 3873 congregatis.
2481 3796 2579 3850 Est
2612 3802 2792 3848 autem
2828 3799 3008 3862 caput,
3053 3790 3167 3844 sive
3194 3786 3561 3859 principium,
3592 3784 3679 3840 Li-

2091 3892 2217 3947 bani
2265 3888 2463 3944 montis
2506 3883 2731 3949 excelsi,
2777 3882 2871 3952 qui
2908 3881 3190 3935 universus
3225 3877 3402 3933 cedris
3432 3877 3679 3940 consitus

2094 3994 2200 4050 est,
2240 3981 2395 4055 juxta
2447 3978 2576 4035 illud
2619 3974 2786 4030 David
2832 3972 3119 4029 canentis:
3152 3988 3171 4023 ι
3204 3969 3273 4025 Ει
3317 3965 3681 4023 commovebit

2097 4074 2355 4131 Dominus
2404 4070 2598 4127 cedros
2625 4064 2817 4122 Libani
2861 4061 3046 4137 (Psal.
3093 4058 3317 4132 xxvnt).
3348 4078 3367 4110 ι
3402 4057 3468 4113 Ει
3499 4058 3629 4112 alibi
3662 4072 3676 4108 :

2106 4184 2125 4217 ι
2161 4163 2281 4219 Vidi
2327 4160 2550 4230 impium
2582 4156 2899 4217 exaltatum,
2930 4160 2986 4208 et
3012 4150 3278 4206 elevatum
3316 4149 3457 4203 sicut
3493 4147 3683 4202 cedros

2100 4256 2289 4312 Libani
2335 4252 2515 4326 (Ρεαι.
2554 4250 2772 4322 xxxvn).
2806 4269 2826 4302 ι
2874 4247 2941 4302 Et
2992 4247 3044 4301 in
3091 4243 3352 4300 Zacharia
3402 4241 3681 4312 legimus,

2108 4369 2128 4402 ι
2162 4347 2345 4419 Aperi,
2393 4344 2614 4407 Libane,
2663 4351 2847 4412 portas
2886 4347 3024 4403 tuas,
3064 4347 3120 4393 et
3156 4334 3402 4391 comedet
3433 4333 3577 4404 ignis
3600 4346 3685 4387 ce-

2025 4427 2076 4487 D
2103 4444 2229 4498 dros
2266 4449 2385 4494 tuas
2413 4435 2598 4509 (Zach.
2632 4433 2729 4505 xi).
2762 4454 2780 4485 ι
2809 4432 2974 4503 Igitur
3000 4428 3250 4501 praesenti
3284 4426 3426 4492 loco,
3455 4426 3588 4496 quia
3620 4423 3684 4480 ad

2104 4532 2320 4588 domum
2355 4528 2556 4599 regiam
2581 4525 2921 4596 loquebatur,
2936 4537 3033 4592 per
3056 4519 3424 4590 metaphoram
3447 4515 3687 4587 loquitur

2106 4627 2175 4681 ad
2203 4622 2478 4694 templum,
2507 4620 2621 4675 sive
2646 4617 2713 4672 ad
2740 4616 2959 4670 domum
2987 4611 3173 4682 stirpis
3196 4609 3358 4676 Iuda,
3398 4607 3545 4679 quod
3576 4606 3685 4676 ipsa

2107 4716 2179 4773 sit
2207 4715 2262 4769 in
2297 4710 2537 4776 excelso,
2565 4708 2679 4764 sive
2710 4702 2851 4776 quod
2890 4704 2958 4759 de
3000 4701 3200 4770 templo
3246 4710 3408 4768 atque
3450 4695 3687 4751 sacrario

2109 4806 2348 4862 omnium
2377 4809 2719 4873 peccatorum
2751 4795 2987 4851 remedia
3024 4792 3401 4862 poscebantur.
3458 4786 3616 4847 Unde
3638 4793 3690 4838 et

2108 4897 2196 4952 hic
2223 4894 2366 4949 idem
2396 4890 2654 4961 propheta
2701 4890 3133 4941 commemorat:
3166 4897 3185 4931 ι
3224 4877 3476 4947 Nunquid
3514 4878 3687 4931 resina

2108 4997 2215 5037 non
2240 4988 2325 5034 est
2362 4978 2414 5032 in
2451 4972 2681 5038 Galaad,
2710 4981 2804 5025 aut
2834 4968 3075 5024 medicus
3109 4983 3213 5022 non
3252 4975 3337 5020 est
3364 4963 3480 5018 ibi?
3513 4961 3689 5029 Quare

2110 5088 2218 5129 non
2246 5066 2490 5125 ascendit
2516 5063 2723 5120 curatio
2752 5061 2874 5115 filia:
2902 5057 3085 5131 populi
3115 5055 3259 5111 mei?
3295 5074 3313 5106 ι
3349 5054 3515 5126 (Sup.
3548 5049 3687 5116 vni.)

2109 5163 2481 5221 Comminatur
2512 5157 2675 5228 igitur
2701 5152 2860 5226 regia
2889 5150 3091 5213 domui,
3116 5156 3171 5203 et
3197 5146 3319 5202 urbi
3352 5141 3688 5199 Hierusalem

2111 5266 2168 5316 et
2197 5254 2415 5325 templo,
2446 5250 2588 5321 quod
2614 5254 2771 5304 vocat
2798 5252 2958 5316 caput
2999 5239 3187 5296 Libani
3222 5257 3236 5292 :
3268 5235 3409 5307 quod
3452 5234 3690 5303 redigen-

2116 5349 2244 5406 dum
2273 5347 2345 5402 sit
2371 5346 2423 5399 in
2454 5340 2798 5398 solitudinem
2833 5351 2957 5390 cum
2994 5331 3263 5387 universis
3297 5328 3522 5383 urbibus
3562 5322 3687 5384 suis,

1998 5479 2014 5505 .
2116 5455 2224 5499 non
2249 5433 2490 5509 petentia
2538 5430 2680 5502 regis
2723 5417 3021 5499 Babylonii,
3065 5421 3160 5477 sed
3190 5418 3402 5475 Domini
3432 5414 3690 5485 iussione,

2117 5532 2211 5604 qui
2236 5508 2413 5587 dicit:
2447 5547 2467 5579 ι
2503 5519 2866 5581 Sanctiﬁcabo
2909 5530 3072 5586 super
3108 5522 3162 5569 te
3198 5508 3634 5567 interficientem.
3666 5517 3687 5553 ι

2120 5590 2351 5679 έθηειιιε
2394 5626 2575 5672 autem
2616 5618 2840 5668 vocatur
2883 5602 3400 5664 Nabuchodonosor.
3435 5606 3492 5654 et
3525 5590 3691 5651 omnis
