4022 6186
372 261 481 318 973

1249 257 1630 314 EXPOSITIO
1670 257 1894 314 SUPER
1931 257 2300 313 JEREMIAM.
2333 288 2404 298 -—
2439 258 2564 317 LIB.
2607 259 2696 314 ΙΧ.

3534 266 3638 324 97o

367 371 489 443 ejus
513 368 809 432 exercitus,
837 367 960 437 quia
990 367 1306 438 exsequitur
1327 367 1651 424 sententiam
1684 366 1796 421 Dei.
1835 384 1854 416 ς
1893 365 1961 420 Et
1988 369 2036 427 Λ
2070 383 2088 414 ι
2133 365 2262 419 dicit
2297 366 2575 422 aediﬁcabo
2617 368 2750 424 mihi
2791 370 3006 426 domum
3049 371 3232 435 latam,
3272 384 3327 430 et
3360 377 3637 435 caanaeula

369 462 672 523 succident,
688 459 880 527 inquit,
900 458 1100 513 electas
1119 460 1310 513 cedros
1329 468 1466 525 tuas,
1499 479 1517 511 ι
1539 467 1782 528 potentes
1797 471 1959 526 quos-

370 566 477 622 que
498 559 553 604 et
575 547 843 618 principes
869 547 1124 611 civitatis,
1155 566 1174 599 ι
1203 556 1258 602 et
1280 549 1494 602 mittent
1523 549 1576 603 in
1607 549 1819 618 ignem,
1851 566 1870 598 ι
1902 556 1960 601 ιιι

367 646 548 702 enmia
577 646 846 700 devorans
883 643 1096 698 ﬂamma
1144 655 1447 699 consumat.
1488 644 1733 713 Cumque
1784 643 1958 698 deleta

370 735 574 791 fuerint
610 735 862 790 universa
899 735 1205 790 transibunt
1247 745 1434 805 gentes
1472 735 1654 789 multae
1697 749 1794 803 per
1828 734 1962 788 civi-

373 835 538 882 tatem
582 836 638 881 et
675 826 958 896 templum,
991 827 1136 895 quod
1166 827 1246 882 eis
1280 826 1434 895 prius
1463 825 1671 896 ingredi
1698 841 1806 880 non
1837 825 1961 879 lice-

370 917 556 981 bat,et
576 916 947 985 unusquisque
969 915 1206 986 loquitur
1229 917 1476 986 proximo
1502 931 1618 980 suo,
1637 930 1804 984 quare
1825 914 1965 970 fece-

372 1007 446 1060 rit
482 1006 742 1060 Dominus
765 1006 968 1060 civitati
1000 1005 1218 1075 inclyta:
1242 1014 1299 1060 et
1325 1020 1534 1075 magnae
1563 1012 1674 1058 tam
1703 1004 1957 1067 subitam,

369 1103 428 1151 et
465 1107 574 1149 tam
605 1095 864 1166 grandem
894 1095 1250 1150 eversionem.
1289 1114 1309 1148 ι
1347 1095 1903 1165 Respondebuntque,
1939 1115 1956 1144 ι

367 1186 572 1255 inquit,
625 1186 716 1256 qui
759 1185 1071 1255 interrogati
1113 1186 1334 1251 iuerint,
1363 1194 1419 1240 et
1460 1194 1732 1256 exponent
1771 1201 1964 1240 causas

369 1278 654 1332 ruinarum
683 1276 925 1330 dicentes
950 1293 962 1328 :
993 1293 1012 1326 ι
1045 1276 1168 1344 quia
1192 1275 1594 1345 dereliquerunt
1621 1283 1836 1345 pactum
1853 1275 1960 1329 Do-

368 1367 505 1421 mini
537 1366 630 1420 Dei
659 1366 796 1428 sui,»
821 1373 877 1420 et
901 1379 1000 1434 pro
1028 1366 1139 1420 Deo
1170 1365 1307 1420 idola
1330 1365 1570 1419 venerati
1595 1373 1738 1420 sunt.
1764 1365 1964 1418 Audiat

368 1457 477 1512 hoc
508 1466 564 1512 et
606 1465 806 1511 nostrae
841 1456 992 1511 urbis
1017 1457 1208 1512 domus
1237 1457 1382 1527 regia
1400 1495 1415 1519 ,
1442 1463 1499 1510 et
1524 1456 1798 1526 principes
1820 1454 1962 1525 ejus,

368 1559 427 1604 et
445 1548 618 1613 cedri,
639 1563 761 1617 qua:
777 1547 990 1602 elevant
1007 1561 1178 1617 usque
1197 1548 1265 1602 ad
1285 1549 1458 1603 nubes
1483 1548 1743 1603 verticem
1773 1563 1925 1603 suam
1945 1565 1958 1609 ;

369 1646 429 1694 ct
469 1654 564 1708 per
603 1637 914 1708 superbiam
949 1637 1263 1707 loquuntur,
1298 1657 1318 1687 ε
1357 1639 1481 1706 quis
1519 1653 1626 1693 non
1662 1637 1902 1692 videbit?
1932 1657 1950 1688 ι

2067 475 2084 506 ι
2129 455 2388 524 spatiosa,
2416 457 2510 526 qui
2535 459 2708 526 aperit
2736 459 2836 514 sibi
2877 459 3159 526 fenestras,
3192 475 3246 520 et
3275 466 3402 523 facit
3426 468 3637 538 laquea-

2067 568 2084 598 ‹
2129 549 2208 602 ria
2235 548 2453 604 cedrina
2476 549 2754 621 pingitque
2789 553 3048 623 sinoiiide.
3083 555 3332 626 Nunquid
3373 560 3638 630 regnabis,

2066 659 2084 691 ε
2129 641 2381 710 quoniam
2397 640 2612 697 confers
2624 649 2675 696 te
2689 645 2874 698 cedro?
2891 645 3052 702 Pater
3066 657 3189 702 tuus
3212 665 3393 706 nonne
3409 655 3644 709 comedit

2068 750 2086 781 ι
2131 739 2187 785 et
2222 732 2377 796 bibit,
2415 740 2472 788 et
2503 732 2632 788 fecit
2654 734 2913 804 judicium
2949 745 3006 791 et
3035 739 3320 808 justitiam,
3361 751 3489 798 tunc
3519 761 3639 802 cum

2069 841 2086 872 ιι
2133 823 2270 878 bene
2307 831 2429 878 erat
2455 825 2542 878 ei?
2577 824 2845 881 Judicavit
2872 845 3090 885 causam
3130 833 3382 902 pauperis
3407 843 3462 891 et
3487 838 3641 907 egeni

2069 933 2086 965 σ
2137 915 2190 970 in
2219 916 2415 970 bonum
2443 932 2622 972 suum.
2653 916 2902 986 Nunquid
2939 935 3043 974 non
3083 922 3200 976 ideo
3240 924 3364 994 quia
3395 928 3646 997 cognovit

2070 1023 2089 1055 ι
2135 1019 2222 1060 me
2245 1004 2378 1060 dicit
2404 1006 2698 1062 Dominus?
2730 1008 2826 1062 Tui
2860 1025 2988 1064 vero
3015 1012 3156 1066 oculi
3192 1023 3247 1068 et
3293 1030 3386 1070 cor
3417 1017 3485 1072 ad
3522 1034 3646 1072 ava—

2071 1111 2088 1142 ι
2135 1094 2337 1160 ritiam,
2369 1104 2423 1148 et
2465 1098 2532 1150 ad
2581 1099 2894 1167 sanguinem
2921 1099 3260 1158 innocentem
3287 1105 3643 1173 fundendum,

2071 1201 2090 1234 ‹
2135 1193 2190 1238 et
2233 1185 2301 1238 ad
2350 1185 2674 1242 calumniam
2724 1196 2781 1242 et
2833 1190 2900 1242 ad
2950 1206 3171 1246 cursum
3217 1196 3346 1250 mali
3393 1199 3588 1267 operis.
3624 1220 3641 1250 ι

2066 1273 2207 1329 LXX
2236 1294 2248 1330 :
2284 1294 2304 1328 ι
2333 1275 2379 1333 Ο
2405 1279 2497 1346 qui
2528 1278 2764 1334 aediﬁcas
2793 1281 3010 1336 domum
3039 1293 3186 1338 tuam
3217 1302 3322 1340 non
3349 1304 3473 1343 cum
3489 1289 3644 1358 justi-

2072 1384 2090 1414 ‹
2138 1366 2233 1428 tia,
2278 1377 2334 1421 et
2369 1369 2647 1423 caenacula
2694 1379 2781 1430 tua
2836 1386 2940 1425 non
2982 1373 3034 1426 in
3065 1373 3308 1442 judicio!
3339 1377 3496 1448 Apud
3524 1397 3646 1434 eum

2072 1457 2414 1524 «proximus
2455 1467 2712 1528 operatur
2763 1461 2954 1529 gratis,
3004 1472 3060 1517 et
3102 1467 3405 1522 mercedem
3450 1469 3500 1524 ei
3541 1476 3646 1526 non

2072 1565 2089 1596 ι
2136 1546 2328 1601 reddit.
2353 1547 2655 1603 JEdiﬁcasti
2688 1549 2781 1603 tibi
2809 1551 3024 1606 domum
3060 1555 3337 1622 parvulam
3373 1560 3648 1615 cmnacnia

2073 1657 2090 1688 ι
2134 1637 2418 1706 perﬁatiiia
2443 1639 2692 1696 distincta
2725 1641 2995 1708 fenestris,
3033 1653 3090 1698 et
3122 1647 3430 1717 contignata
3465 1651 3649 1717 cedro,

369 1729 518 1800 quod
547 1729 658 1788 cito
686 1728 904 1782 ﬂamma
943 1728 1150 1783 Dom-ini
1177 1737 1586 1793 consumantur,
1619 1728 1662 1782 si
1693 1727 1962 1782 noluerint
1995 1716 2038 1772 Β
2072 1747 2090 1778 ι
2137 1735 2191 1782 et
2231 1728 2325 1782 lita
2371 1729 2636 1799 sinopide.
2666 1730 2916 1802 Nunquid
2961 1736 3230 1806 regnabis,
3259 1716 3382 1806 quia
3427 1747 3483 1794 tu
3513 1716 3645 1796 con?

370 1822 519 1876 illius
543 1821 826 1891 prmeeptis
854 1821 1221 1891 acquiescere.
1255 1821 1373 1876 Alia
1409 1830 1590 1876 autem
1633 1831 1720 1876 est
1755 1822 1964 1876 sacriﬁ-

371 1911 517 1966 catio
546 1909 912 1966 interfectoris
930 1918 986 1966 et
1006 1925 1281 1966 armorum
1304 1912 1451 1983 ejus:
1467 1912 1572 1967 alia
1594 1912 1961 1975 sacerdotum,

369 2009 427 2056 ct
452 2015 641 2055 eorum
680 2001 774 2070 qui
813 2001 1125 2056 ministrant
1150 2003 1401 2058 Domino.

448 2111 468 2142 ι
513 2090 690 2148 Nolite
742 2091 871 2147 ﬁere
924 2103 1230 2159 mortuum,
1288 2109 1465 2165 neque
1518 2094 1748 2165 ingestis
1802 2109 1965 2164 super

379 2201 399 2236 ι
447 2199 592 2239 eum.
662 2184 814 2239 Fletn
855 2184 1093 2255 plangite
1159 2201 1280 2240 eum
1331 2188 1422 2256 qui
1481 2186 1778 2257 egreditur,
1838 2186 1964 2256 quia

377 2295 398 2329 ε
446 2293 554 2333 non
589 2287 890 2334 revertetur
914 2277 1075 2343 ultra,
1107 2293 1208 2333 nec
1243 2279 1448 2334 videbit
1477 2289 1678 2332 terram
1709 2277 1963 2331 nativita-

378 2387 398 2419 σ
443 2369 511 2423 tis
536 2383 665 2424 suae.
723 2368 858 2435 Quia
889 2370 1004 2424 haec
1030 2371 1161 2425 dicit
1185 2371 1443 2426 Dominus
1471 2370 1537 2424 ad
1565 2369 1770 2424 Selium
1795 2368 1965 2424 ﬁlium

377 2481 398 2510 σ
443 2459 606 2516 Josize
653 2475 835 2532 regem
880 2460 1038 2527 Juda,
1083 2463 1176 2532 qui
1220 2463 1469 2533 regnavit
1512 2477 1609 2532 pro
1637 2461 1782 2517 Josia
1813 2469 1968 2532 patre

380 2571 399 2602 ι
446 2568 567 2617 suo,
595 2554 686 2623 qui
714 2569 964 2625 egressus
990 2562 1074 2610 est
1099 2555 1166 2609 de
1195 2555 1314 2611 loco
1343 2556 1448 2611 isto
1475 2573 1488 2608 :
1519 2571 1628 2610 non
1665 2563 1968 2610 revertetur

380 2661 398 2694 ι
445 2643 555 2700 huc
578 2644 834 2714 amplius,
865 2647 960 2701 sed
1004 2646 1058 2700 in
1101 2645 1222 2701 loco
1255 2646 1322 2700 ad
1349 2660 1508 2715 quem
1539 2646 1789 2700 transtuli
1819 2661 1966 2710 eum,

381 2751 403 2783 ο
450 2733 522 2788 ibi
549 2735 828 2800 morietur,
847 2746 903 2790 et
922 2737 1298 2791 terramistam
1323 2753 1429 2792 non
1447 2737 1649 2792 videbit
1665 2736 1915 2806 amplius.
1943 2755 1960 2786 ι

2073 1836 2090 1868 ι
2139 1819 2314 1873 tendis
2343 1829 2531 1874 contra
2560 1821 2742 1875 Achaz
2769 1833 2979 1891 patrem
3009 1826 3197 1879 tuum?
3222 1826 3337 1882 Non
3365 1831 3652 1886 comedent

2071 1926 2090 1958 ‹
2136 1915 2190 1961 et
2217 1922 2322 1962 non
2348 1906 2554 1964 bibent.
2586 1909 2774 1966 Melius
2808 1913 2914 1966 erit
2956 1914 3050 1968 tibi
3094 1914 3272 1971 facere
3302 1915 3566 1985 judicium
3595 1935 3652 1976 et

2073 2016 2090 2049 ι
2129 1995 2398 2066 justitiam
2425 1999 2642 2054 bonam.
2673 1999 2826 2055 Nunc
2857 2013 3240 2072 cognoverunt,
3295 2021 3400 2060 non
3441 2008 3654 2078 judica-

2074 2107 2095 2140 ι
2135 2099 2330 2144 verunt
2349 2088 2615 2158 judicium
2646 2091 3346 2164 bumilis,nequejudicinm
3376 2100 3650 2169 pauperis.

2073 2197 2091 2230 ι
2136 2177 2322 2234 Nonne
2363 2181 2467 2234 hoc
2519 2190 2602 2235 est
2641 2189 2693 2236 te
2741 2181 2992 2252 ignorare
3036 2197 3143 2248 me,
3182 2184 3313 2240 dicit
3345 2186 3648 2241 Dominus?

2074 2289 2092 2316 ε
2137 2269 2275 2324 Ecce
2297 2287 2402 2326 non
2421 2281 2549 2327 sunt
2575 2272 2714 2328 oculi
2741 2274 2816 2327 tui
2841 2275 2994 2341 recti,
3020 2291 3119 2330 nec
3141 2292 3234 2332 cor
3258 2286 3406 2332 tuum
3430 2279 3653 2337 bonum.

2073 2380 2092 2410 ι
2139 2361 2232 2415 sed
2253 2361 2320 2416 ad
2337 2362 2619 2417 avaritiam
2646 2372 2885 2429 tuam,et
2901 2375 2954 2419 ut
2974 2367 3287 2437 sanguinem
3310 2369 3651 2426 innocentem

2075 2468 2093 2499 ι
2138 2449 2405 2518 eﬁ‘undas,
2430 2460 2487 2507 et
2514 2453 2580 2508 ad
2609 2453 2950 2524 iniquitatem
2977 2465 3032 2510 et
3069 2457 3440 2525 homicidium,
3474 2472 3534 2515 ut
3573 2461 3651 2516 fa—

2075 2560 2093 2590 ι
2138 2541 2254 2597 cias
2278 2557 2361 2598 ea.
2395 2562 2415 2594 ι
2449 2543 2744 2614 Utramque
2777 2547 3065 2605 editionem
3112 2566 3180 2606 ex
3224 2551 3434 2623 integro
3477 2557 3654 2625 posui,

2069 2642 2203 2690 utet
2233 2633 2496 2691 Hebraica
2539 2638 2761 2704 veritas,
2792 2648 2848 2692 ct
2882 2639 3167 2697 diﬁicnltas
3207 2644 3432 2714 vulgata:
3465 2647 3659 2701 editio-

2071 2725 2156 2779 nis
2194 2723 2407 2780 i‘acniius
2453 2739 2825 2798 cognoscatur.
2872 2731 2969 2786 Est
3007 2742 3186 2788 autem
3233 2749 3413 2792 sermo
3464 2747 3652 2792 contra

371 2823 552 2879 Jesias
586 2840 678 2879 rex
704 2825 885 2894 justus
935 2835 1044 2882 tres
1065 2826 1204 2882 ﬁlios
1231 2827 1442 2894 babuit,
1474 2825 1727 2891 Joacbaz,
1760 2837 1815 2882 et
1844 2826 1968 2881 Joa-
2068 2814 2315 2871 σιοπὶιίιῐι
2357 2816 2525 2872 ﬁlium
2549 2817 2711 2874 ίοδίω
2737 2821 2880 2891 regis
2907 2820 3077 2888 δυάων
3102 2823 3170 2878 de
3191 2839 3300 2895 (Ιιιο
3323 2842 3485 2896 supra
3513 2828 3656 2882 ἀίκίσ

375 2915 542 2980 cbim,
580 2925 636 2970 et
677 2915 1017 2971 Sedec‘hiam.
1060 2917 1302 2985 Quorum
1341 2919 1574 2988 primum
1615 2933 1708 2973 rex
1749 2918 1966 2989 Egypti
2071 2921 2224 2971 mils;
2253 2923 2416 2977 (ιυεω
2462 2911 2742 2965 consumit
2785 2910 3004 2968 Νθειιὶιο
3043 2913 3258 2971 Pharao
3301 2932 3396 2972 rex
3432 2917 3658 2992 Egypti

376 3005 588 3060 Pharao
614 3004 829 3062 Necbao
855 3007 1123 3077 captivum
1155 3009 1311 3063 duxit
1337 3009 1388 3062 in
1430 3008 1743 3079 IEgyptum,
1785 3009 1968 3078 ibique
2015 3077 2025 3079 Α
2069 3013 2167 3066 PFO
2210 2997 2442 3054 50301131
2495 2998 2664 3056 Γτίιῑτθ
2709 3017 2848 3068 ⁸⁸³ον
2901 3019 3061 3074 quem
3114 3007 3354 3063 νίηοιυῐι)
3401 3009 3555 3064 ἀυιίι
3602 3011 3657 3066 in

376 3108 625 3152 niortuus
647 3107 748 3161 est,
779 3106 836 3153 et
859 3100 1138 3155 constituit
1167 3115 1266 3171 pro
1288 3115 1354 3155 eo
1379 3077 1821 3171 regeni‘iiratrem
1850 3077 1966 3169 ejus

2074 3087 2386 3160 .Egyptum.
2422 3091 2676 3162 Legimus
2709 3103 2911 3158 autem,
2955 3105 3013 3149 ut
3067 3107 3174 3152 tam
3211 3098 3436 3170 Regum,
3493 3117 3657 3171 quam

370 3186 620 3245 Joachim
647 3189 758 3262 (IV
790 3189 913 3261 Reg,
942 3207 1099 3256 χχιιι,
1131 3207 1280 3256 “iv,
1308 3190 1459 3262 xxv),
1493 3191 1611 3257 Quo
1637 3201 1852 3246 πιοτιυο
1883 3206 1970 3246 τε.
2071 3179 2515 3250 Paralipomenon
2573 3195 2760 3238 narrat
2813 3185 3034 3241 historia
3084 3187 3202 3258 (IV
3256 3189 3388 3261 Reg.
3435 3207 3569 3246 xxnt
3607 3202 3659 3246 et

373 3281 563 3353 gnavit
596 3281 735 3335 ﬁlius
771 3281 890 3350 ejus
931 3279 1240 3346 Jechonias,
1278 3282 1370 3350 qui
1405 3297 1433 3334 a
1474 3281 1970 3336 Nabuchodonosor
2071 3286 2229 3335 ιιινς
2276 3269 2339 3324 ῙῘ
2388 3268 2519 3325 Ραν-
2565 3273 2751 3343 XXVI).
2803 3275 3051 3331 undCCim
3101 3278 3258 3334 annis
3307 3294 3562 3350 regnasse
3604 3283 3659 3337 in

375 3390 508 3448 rege
563 3374 898 3446 Babyionio,
944 3391 1066 3430 cum
1120 3383 1294 3429 matre
1349 3383 1406 3430 ei
1464 3376 1798 3445 principibus
1854 3373 1970 3443 eius
2071 3360 2675 3417 ilierusaiemJoacbim
2704 3363 2872 3420 ﬁlium
2901 3363 3081 3432 Josite,
3114 3376 3168 3423 et
3191 3383 3444 3439 regnasse
3470 3371 3660 3426 crude-

374 3466 572 3521 άυριυε
618 3477 702 3521 εει
747 3467 802 3521 in
842 3465 1234 3536 capiivimem,
1279 3480 1379 3535 ριιο
1424 3481 1531 3535 quo
1576 3474 1805 3535 patruus
1850 3466 1968 3534 eius
2068 3451 2212 3516 liter,
2243 3460 2298 3506 et
2325 3453 2600 3509 exstitisse
2631 3454 2852 3525 impium
2890 3465 2946 3511 et
2981 3466 3167 3528 postea
3210 3470 3522 3527 mortuum;
3553 3478 3656 3519 nec

374 3557 625 3628 regnavit
648 3556 942 3613 Sedecbias
969 3558 1084 3628 qui,
1109 3568 1266 3627 capta
1283 3556 1641 3622 Hierusalem,
1668 3558 1859 3612 ductus
1886 3565 1971 3611 est

376 3649 430 3703 in
468 3647 817 3719 Babylonem.
849 3648 1122 3716 Quteritur
1151 3649 1331 3718 itaque
1359 3648 1482 3718 quis
1508 3647 1577 3702 sit
1603 3648 1705 3702 iste
1729 3649 1822 3719 qui
1854 3647 1968 3704 ﬁeri

374 3753 482 3792 non
511 3738 709 3793 debeat-
734 3737 1116 3807 ducendusque
1150 3738 1217 3792 sit
1243 3737 1296 3791 in
1326 3737 1718 3807 captivitatem,
1743 3747 1800 3792 et
1826 3737 1967 3792 ultra

376 3846 485 3885 non
541 3845 882 3894 reversurus,
937 3844 1058 3884 cum
1109 3840 1221 3884 tres
1267 3829 1409 3898 capti
1440 3828 1572 3895 sint,
1601 3837 1764 3898 atque
1793 3836 1968 3883 trans-

377 3922 543 3977 ducti.
601 3920 810 3976 Hebraei
855 3930 1049 3991 putant
1107 3923 1209 3976 hoc
1249 3921 1503 3977 omnibus
1545 3921 1867 3986 convenire,
1916 3921 1968 3975 id

375 4024 481 4076 est,
519 4022 574 4068 et
604 4011 862 4077 Joacbaz,
901 4023 957 4068 et
985 4012 1281 4079 Jechonire,
1310 4023 1365 4068 et
1396 4013 1693 4079 Sedechize,
1732 4014 1968 4085 appella-

377 4105 533 4175 rique
558 4119 748 4159 omnes
795 4103 934 4160 ﬁlios
967 4103 1128 4161 Josite
1180 4105 1396 4169 Sellem,
1424 4106 1539 4160 sive
1569 4104 1793 4171 Selium,
1823 4107 1969 4178 quod

376 4191 765 4262 interpretatur
793 4195 1207 4259 consummatio,
1252 4194 1336 4249 vel
1383 4195 1696 4264 completio,
1728 4211 1792 4250 eo
1824 4197 1969 4266 quod

376 4299 602 4354 regnum
629 4284 763 4340 Juda
792 4286 844 4340 in
872 4287 1003 4357 ipsis
1029 4287 1236 4342 ﬁnitum
1270 4289 1359 4342 sit.
1391 4287 1518 4342 Mihi
1545 4298 1724 4343 autem
1753 4289 1969 4360 proprie

377 4377 482 4431 hoc
507 4376 946 4476 dici-videntede
974 4377 1257 4444 Sedecbia,
1295 4380 1362 4434 de
1391 4394 1500 4450 quo
1527 4390 1580 4434 et
1607 4382 1886 4450 praesentis
1915 4390 1968 4436 et
2000 4418 2045 4476 ο

378 4466 642 4537 praeteriti
673 4467 891 4538 capituli
921 4469 1201 4539 prophetia
1232 4477 1337 4535 est,
1374 4469 1426 4523 in
1457 4485 1565 4538 quo
1588 4485 1713 4524 vere
1737 4486 1964 4542 regnum

377 4555 513 4612 Iuda
544 4556 752 4612 ﬁnitum
779 4567 884 4624 est,
917 4561 1018 4615 sub
1045 4575 1153 4631 quo
1179 4569 1232 4616 et
1261 4561 1390 4616 urbs
1417 4569 1572 4631 capta
1600 4571 1704 4628 est,
1745 4563 1965 4617 ductus-

376 4663 485 4721 que
528 4651 584 4705 in
633 4651 982 4724 Babylonem,
1024 4653 1095 4707 ibi
1136 4661 1384 4707 mortuus
1426 4654 1700 4708 scribitur.
1753 4654 1860 4710 iste
1884 4665 1969 4709 est

379 4741 605 4809 Selium,
636 4743 688 4798 id
727 4751 831 4808 est,
871 4745 1268 4800 consummatio
1293 4752 1456 4814 atque
1482 4744 1794 4814 completio,
1829 4745 1971 4801 ﬁlius

379 4831 558 4896 Josite,
592 4847 686 4888 rex
715 4831 876 4898 Juda,
907 4834 999 4903 qui
1040 4834 1286 4905 regnavit
1325 4850 1422 4904 pro
1451 4833 1594 4888 Josia
1650 4845 1802 4904 patre
1849 4850 1966 4890 suo.

375 4921 668 4978 Jccbonias
712 4931 892 4978 autem
939 4939 1044 4978 non
1101 4923 1201 4977 fuit
1251 4921 1408 4984 ﬁlius,
1443 4923 1537 4978 sed
1582 4938 1748 4992 nepos
1785 4921 1966 4989 Josite,

383 5010 526 5065 ﬁlius
548 5008 813 5077 Joacbim,
841 5019 900 5065 ut
931 5027 960 5065 a
991 5011 1256 5082 principio
1295 5011 1542 5076 visionis,
1565 5013 1780 5080 quando
1823 5013 1971 5066 misit

380 5104 450 5157 ad
503 5101 794 5158 Jeremiam
857 5118 948 5158 rex
1010 5103 1304 5158 Sedecbias
1355 5102 1594 5157 Pbassur
1640 5101 1805 5156 ﬁlium
1844 5102 1969 5156 Mei—

381 5196 541 5260 chiaa,
569 5204 624 5249 et
643 5193 974 5265 Sophoniam
999 5194 1163 5249 ﬁlium
1183 5193 1398 5250 Maasia:
1420 5192 1777 5257 sacerdotem,
1802 5207 1969 5262 usque

381 5289 449 5344 ad
492 5287 634 5343 istud
679 5289 1010 5358 capitulum,
1058 5288 1240 5342 omnia
1290 5287 1357 5341 ad
1407 5283 1590 5356 regem
1637 5293 1694 5340 et
1731 5285 1798 5339 de
1845 5298 1970 5354 rege

383 5379 648 5436 Sedecbia
679 5379 782 5435 dici
812 5379 1196 5451 intelligamus.

455 5489 477 5526 ι
525 5471 617 5527 Vae
674 5470 766 5542 qui
807 5471 1042 5526 aediﬁcat
1079 5473 1298 5526 domum
1337 5485 1486 5526 suam
1520 5471 1572 5524 in
1604 5467 1885 5537 injustitia,
1916 5476 1973 5523 et

393 5583 412 5615 ι
449 5563 732 5621 cenacula
756 5579 850 5618 sua
875 5579 980 5618 non
1007 5564 1060 5619 in
1079 5563 1303 5632 judicio.
1329 5563 1578 5625 Amicum
1605 5575 1762 5615 suum
1792 5558 1970 5630 oppri-

391 5673 408 5704 ι
455 5655 554 5712 mit
583 5653 804 5722 frustra,
830 5664 883 5710 et
911 5655 1211 5710 mercedem
1239 5652 1354 5721 ejus
1389 5669 1494 5708 non
1547 5651 1732 5706 reddet
1778 5650 1828 5704 ei
1879 5664 1969 5717 qui

2070 3550 2248 3598 tamen
2273 3542 2391 3612 ejus
2418 3545 2694 3614 sepultura
2729 3555 3015 3615 narratur,
3062 3550 3202 3605 hanc
3246 3550 3478 3608 habente
3521 3553 3658 3608 scri-

2067 3644 2226 3705 ptura
2249 3646 2436 3692 sancta
2457 3639 2924 3703 consuetudinem,
2957 3649 3017 3695 ut
3043 3655 3233 3696 omnes
3261 3658 3414 3713 reges
3437 3651 3494 3699 et
3518 3658 3661 3698 mor-

2069 3735 2190 3781 tuos
2219 3725 2421 3781 referat
2447 3735 2502 3780 et
2538 3725 2794 3796 sepultos.
2833 3728 2988 3784 Hunc
3011 3738 3192 3785 autem
3229 3732 3445 3801 proprie
3471 3741 3658 3786 narrat

2069 3823 2364 3879 mortuum,
2397 3824 2454 3871 et
2488 3832 2594 3870 non
2637 3817 2926 3886 sepultum,
2949 3819 3017 3872 de
3041 3834 3148 3887 quo
3173 3820 3417 3876 dicemus
3442 3822 3495 3876 in
3526 3837 3657 3876 enn-

2069 3907 2440 3975 sequentibus.
2490 3905 2705 3975 Piangit
2747 3907 2930 3975 itaque
2976 3921 3140 3977 supra
3188 3908 3392 3964 dictum
3447 3926 3653 3982 regem,

2068 3996 2212 4063 quod
2241 3993 2478 4050 conﬁdat
2518 3997 2570 4050 in
2610 3995 2871 4065 injustitia
2900 4011 3018 4060 sua,
3051 4003 3104 4051 et
3129 4006 3282 4066 putet
3315 4013 3434 4054 esse
3459 4014 3654 4070 perpe-

2069 4094 2217 4140 tuam
2246 4086 2447 4156 regiam
2477 4086 2810 4154 dignitatem,
2843 4087 3114 4158 faciatque
3142 4088 3242 4143 sibi
3271 4090 3573 4156 coenaeuia,
3599 4100 3656 4147 et

2069 4176 2273 4231 amicos
2310 4177 2600 4247 opprimat,
2633 4178 3087 4248 operantibusque
3130 4194 3236 4234 non
3282 4180 3468 4235 reddat
3515 4196 3658 4238 mer-

2067 4269 2252 4323 cedem
2277 4284 2450 4334 suam,
2489 4278 2546 4323 et
2590 4277 2848 4324 mternam
2894 4269 3080 4340 palatii
3126 4271 3206 4325 sui
3242 4270 3653 4328 aediﬁcationem

2069 4362 2384 4415 arbitretur.
2417 4359 2697 4430 Nunquid,
2725 4362 2804 4415 ait
2826 4376 3006 4417 sermo
3029 4361 3260 4424 divinus,
3305 4377 3534 4433 regnare
3560 4379 3654 4434 pe-

2074 4452 2204 4507 teris
2231 4453 2282 4505 in
2300 4460 2616 4521 perpetuum
2635 4492 2649 4515 ,
2677 4452 2932 4521 quoniam
2961 4450 3210 4508 conferre
3238 4463 3288 4508 te
3312 4453 3465 4525 cupis
3491 4456 3658 4510 cedro

2072 4544 2316 4606 excelsae,
2343 4544 2483 4614 patri
2512 4552 2600 4599 tuo
2623 4543 2804 4611 Josiae,
2832 4545 3119 4611 videlicet,
3149 4544 3296 4614 justo
3325 4547 3482 4618 regi?
3505 4567 3523 4600 ι
3558 4547 3654 4603 Pa-

2075 4642 2180 4700 ter,
2212 4634 2408 4705 inquit,
2439 4643 2584 4700 tuus,
2607 4642 2660 4689 et
2691 4635 2927 4690 comedit
2954 4644 3009 4689 et
3030 4637 3186 4702 bibit,
3217 4657 3238 4689 ι
3267 4645 3323 4690 et
3348 4636 3548 4694 fruitus
3573 4650 3658 4694 est

2074 4724 2267 4794 opibus
2295 4724 2456 4794 regiis
2475 4764 2490 4790 ,
2515 4738 2616 4780 nec
2648 4731 2828 4779 tamen
2860 4726 2914 4780 in
2938 4741 3004 4781 eo
3025 4726 3248 4783 oﬁ'endit
3283 4727 3483 4793 Deum,
3511 4731 3655 4798 quod

2077 4815 2265 4871 habuit
2307 4815 2555 4883 divitias;
2598 4816 2693 4872 sed
2738 4816 2793 4871 in
2837 4831 2902 4872 eo
2936 4817 3158 4889 placuit,
3189 4819 3332 4887 quod
3362 4818 3491 4874 fecit
3513 4817 3664 4886 judi-

2075 4906 2219 4959 cium
2275 4905 2437 4963 atque
2485 4904 2768 4969 iustitiam,
2801 4913 2856 4958 et
2896 4904 3099 4960 idcirco
3141 4912 3249 4960 tam
3300 4905 3356 4958 in
3401 4905 3658 4974 praesenti

2075 4994 2443 5064 stecuioquam
2463 4994 2516 5048 in
2540 4995 2719 5049 futuro
2743 4995 2881 5050 bene
2914 4995 2964 5048 ei
2989 4994 3295 5049 fuiteterit.
3321 5011 3340 5044 ι
3363 4992 3656 5054 Judicavit.

2075 5084 2269 5154 inquit,
2291 5099 2510 5139 causam
2543 5083 2795 5154 pauperis
2829 5091 2885 5138 et
2920 5084 3098 5153 egeni,
3132 5104 3150 5132 ι
3177 5091 3232 5134 et
3265 5082 3315 5134 in
3350 5096 3536 5136 eorum
3565 5097 3648 5135 re-

2073 5175 2373 5245 frigerium,
2388 5189 2524 5241 quos
2537 5172 2756 5236 audivit,
2787 5181 2844 5227 et
2860 5171 3078 5241 proprie
3095 5189 3113 5220 ι
3139 5169 3406 5224 inhenum
3423 5183 3599 5224 suum.
3625 5188 3646 5222 ι

2075 5264 2200 5320 Hinc
2222 5271 2402 5318 autem
2431 5262 2610 5317 omnia
2639 5269 2935 5316 evenerunt
2969 5260 3019 5314 ei
3048 5273 3328 5329 prospera,
3367 5277 3385 5309 ι
3405 5260 3531 5328 quia
3565 5277 3651 5315 me

2074 5367 2344 5438 cognovit,
2366 5365 2494 5421 dicit
2518 5363 2797 5419 Dominus.
2822 5383 2841 5417 ι
2864 5363 2964 5418 Tui
2997 5377 3144 5427 vero,
3161 5376 3196 5417 ο
3222 5360 3487 5426 Joacbim,
3515 5363 3656 5420 oculi

2076 5461 2338 5519 declinant
2369 5457 2435 5512 ad
2463 5457 2767 5520 avaritiam,
2795 5463 2850 5511 et
2875 5465 2934 5509 ut
2961 5455 3302 5510 innocentem
3341 5453 3659 5523 sanguian

2076 5552 2288 5614 fundas,
2318 5548 2384 5604 ad
2431 5545 2782 5609 calumniam,
2825 5553 2881 5600 et
2921 5545 2987 5600 ad
3036 5559 3252 5600 cursum
3297 5544 3424 5600 mali
3455 5545 3654 5615 operis.

2075 5643 2232 5697 Juxta
2268 5636 2614 5710 Septuaginta
2646 5650 2776 5690 vero
2803 5649 2962 5705 quem
2991 5649 3207 5690 sensum
3251 5635 3484 5692 habeant
3504 5635 3658 5691 intel-
