4022 6186
391 440 497 500 απ

1279 437 1642 499 EXPOSITIO
1676 442 1899 501 surun
1934 420 2302 501 mutuatas.
2342 475 2414 487 —
2451 444 2579 501 un.
2619 445 2713 501 ut.

3536 456 3651 514 978

382 552 503 624 regi
531 548 824 622 Babylonio
840 590 855 615 ,
885 549 1065 620 ibique
1090 564 1213 606 cum
1240 562 1416 606 matre
1442 561 1498 607 et
1520 554 1773 611 omnibus
1799 556 1960 611 sociis
1988 560 2038 617 A
2058 558 2189 628 jecti
2213 559 2269 613 in
2298 567 2503 614 terram
2528 574 2690 630 quam
2715 558 3056 631 ignorabant,
3077 578 3096 613 ι
3125 561 3269 631 quod
3292 564 3362 617 de
3383 560 3643 626 Jechonia

389 644 509 714 ejus
538 644 830 707 morietur,
857 650 912 696 et
940 642 1080 695 ultra
1110 651 1308 697 terram
1337 641 1604 709 Judaeum,
1630 660 1794 714 quam
1818 646 1966 702 desi-

389 737 545 790 derat
586 748 690 787 non
716 732 938 787 videbit.
987 730 1309 786 Miserabilis
1335 732 1631 798 Grunnius,
1662 734 1755 803 qui
1784 735 1851 789 ad
1878 750 1972 790 ca-

388 823 730 879 lumniandos
755 832 973 876 sanctos
993 820 1138 874 viros
1172 820 1381 891 aperuit
1406 836 1470 876 os
1494 837 1673 888 suum,
1700 823 1970 893 linguam-

388 931 497 985 que
517 929 670 969 suam
697 913 877 967 docuit
897 912 1254 977 mendacium,
1277 912 1425 967 Sexti
1449 912 1770 984 Pythagorei
1796 915 1971 971 homi-

388 1008 477 1062 nis
519 1004 858 1077 gentilissimi
902 1019 1066 1057 unum
1116 1003 1311 1058 librum
1353 1003 1739 1073 interpretatus
1783 1013 1869 1061 est
1912 1006 1967 1060 in

389 1097 659 1160 latinum,
704 1094 993 1163 divisitque
1028 1107 1152 1147 eum
1197 1092 1250 1146 in
1292 1092 1398 1147 duo
1439 1092 1526 1147 vol
1549 1093 1731 1158 .mina,
1775 1102 1832 1148 et
1869 1094 1969 1149 sub

389 1187 607 1241 nomine
631 1184 801 1241 sancti
838 1183 1095 1253 martyris
1123 1181 1259 1236 Sixti
1278 1182 1534 1238 Romanas
1559 1183 1707 1238 urbis
1730 1183 1965 1252 episcopi

387 1291 555 1330 ausus
594 1283 677 1329 est
709 1274 886 1334 edere,
920 1273 974 1326 in
1000 1273 1198 1340 quibus
1228 1272 1370 1325 nulla
1411 1271 1636 1336 Christi,
1668 1271 1811 1325 nulla
1845 1271 1968 1342 Spi-

386 1371 526 1423 ritus
566 1367 759 1430 sancti,
803 1364 947 1419 nulla
979 1363 1071 1418 Dei
1115 1364 1309 1429 Patris,
1359 1363 1501 1417 nulla
1530 1362 1966 1432 patriarcharum

382 1465 439 1512 et
468 1456 849 1528 prophetarum
878 1462 934 1509 et
971 1452 1338 1524 apostolon
1380 1450 1443 1504 ﬁt
1488 1450 1712 1516 mentio,
1742 1457 1798 1505 et
1824 1451 1968 1506 hunc

382 1548 584 1602 librum
614 1544 1130 1622 solita‘temeritate,
1161 1550 1217 1597 et
1251 1541 1458 1597 insania
1482 1540 1756 1595 Annulum
1793 1541 1967 1596 nomi-

385 1638 562 1703 navit,
592 1638 680 1707 qui
711 1652 809 1706 per
830 1635 1026 1690 multas
1056 1634 1362 1706 provincias
1392 1633 1606 1703 legitur,
1636 1640 1692 1688 et
1731 1632 1967 1687 maxime

385 1731 457 1784 ah
506 1730 591 1784 his
641 1728 731 1798 qui
780 1729 1048 1791 ἀπαθσίαν,
1072 1736 1129 1782 et
1173 1724 1587 1795 impeceantiam
1632 1724 1961 1795 praedicant;

2069 645 2272 702 factum
2317 661 2478 703 nemo
2523 648 2751 703 dubitat.
2781 647 3071 706 Jechonias
3111 650 3643 721 interpretatur,l)o—

2068 736 2200 791 mini
2230 736 2573 807 praeparatio,
2597 737 2682 791 cui
2709 736 2762 791 in
2791 739 3048 807 praesenti
3077 738 3196 795 loco
3222 739 3393 809 prima
3418 742 3647 813 syllaba,

2068 824 2124 880 id
2152 833 2236 881 est
2256 825 2467 880 Domini
2493 841 2690 881 nomen
2728 825 2993 893 aufertur,
3016 836 3072 883 et
3098 827 3296 882 dicitur
3323 827 3559 887 Chonias
3583 841 3646 888 ut

2069 914 2421 969 subaudiatur
2436 915 2725 985 perditioni
2745 924 2800 971 et
2826 916 3068 971 interitui
3091 926 3445 989 praeparatus.

2144 1023 2164 1056 ι
2197 1003 2385 1068 Terra,
2437 1013 2600 1069 terra,
2656 1016 2832 1071 terra,
2880 1008 3004 1062 audi
3056 1022 3358 1066 sermonem
3406 1010 3642 1077 Domini.

2074 1115 2093 1148 σ
2136 1095 2264 1153 Haec
2307 1096 2436 1151 dicit
2470 1096 2732 1153 Dominus
2769 1116 2782 1152 :
2821 1097 3009 1154 Scribe
3052 1100 3224 1156 virum
3274 1102 3434 1158 istum
3481 1106 3629 1159 steri-

2076 1206 2093 1237 ο
2138 1186 2277 1253 lem,
2312 1187 2489 1242 virum
2537 1189 2629 1259 qui
2672 1190 2727 1243 in
2764 1190 2950 1245 diebus
2992 1192 3104 1246 suis
3151 1207 3258 1247 non
3299 1197 3644 1266 prosper-abi-

2073 1295 2093 1325 ε
2133 1283 2250 1341 tur;
2304 1291 2406 1333 nec
2442 1279 2584 1333 enim
2614 1280 2719 1333 erit
2757 1281 2824 1335 de
2851 1281 3056 1336 semine
3080 1283 3198 1353 ejus
3221 1284 3307 1338 vir
3332 1288 3422 1356 qui
3459 1289 3646 1343 sedeat

2073 1377 2092 1420 ὰ
2136 1383 2299 1439 super
2322 1369 2515 1425 solium
2545 1370 2737 1436 David,
2763 1381 2814 1426 et
2841 1380 3162 1441 potestatem
3190 1376 3388 1431 habeat
3407 1377 3551 1432 ultra
3587 1379 3641 1433 iu

2074 1480 2091 1510 ι
2134 1458 2334 1514 Judaea.
2357 1479 2376 1511 ι
2404 1459 2461 1514 Si
2484 1460 2703 1516 voluero
2722 1477 2816 1532 per
2841 1461 2957 1518 loca
2977 1471 3165 1520 notare
3186 1465 3416 1537 singula,
3439 1477 3642 1536 quanta

2068 1549 2417 1620 Septuaginta
2444 1550 2527 1604 vel
2555 1552 3022 1621 praetermiserim,
3045 1553 3133 1608 vel
3158 1555 3502 1615 mutaverint.
3520 1557 3641 1612 lon-

2066 1654 2191 1710 gum
2238 1640 2364 1705 iiet;
2391 1640 2696 1711 praesertim
2734 1656 2859 1696 cum
2904 1643 3077 1711 possit
3119 1644 3350 1711 diligens
3378 1645 3640 1703 lectores

2069 1736 2294 1798 utraque
2341 1730 2576 1785 editione
2619 1731 2963 1787 considerare
3008 1733 3136 1802 quid
3184 1742 3469 1802 mutatum,
3509 1738 3649 1807 quid;

384 1821 654 1893 quomodo
696 1820 858 1891 igitur
905 1818 1167 1873 Dominus
1202 1816 1517 1872 Jechoniam
1568 1815 1739 1871 instar
1779 1815 1961 1869 annuli
1998 1890 2027 1893 Ἀ
2067 1819 2330 1884 additum,
2354 1820 2483 1889 quid
2520 1821 2854 1875 subtractum
2881 1822 2971 1878 sit.
3003 1822 3109 1878 Pro
3135 1824 3305 1880 sterili
3333 1826 3386 1881 in
3416 1826 3653 1883 Hebraro

385 1890 455 1967 de
486 1926 646 1966 manu
674 1890 795 1975 sua,
834 1916 890 1964 et
915 1908 1105 1979 digito,
1150 1922 1211 1962 se
1249 1906 1615 1977 projecturum
1669 1905 1964 1962 commina-
1994 1890 2038 1948 Β
2065 1911 2324 1981 scriptum
2347 1918 2450 1975 est,
2475 1920 2654 1976 θήν-ππ,
2687 1913 2830 1982 quod
2871 1912 3078 1983 Aquilae
3106 1916 3281 1984 prima
3309 1917 3492 1980 editio,
3527 1927 3649 1974 ste-7

386 2006 497 2065 tur,
527 2000 602 2054 ita
645 1998 901 2054 lectorem
929 1996 1187 2062 obsecro,
1213 2003 1271 2049 ut
1298 1993 1564 2049 nefarium
1598 1994 1799 2049 librum
1824 1993 1961 2062 abji-

383 2091 530 2155 ciat,
563 2090 805 2160 legatque
832 2088 879 2143 si
907 2087 1155 2153 voluerit,
1184 2095 1246 2142 ut
1274 2095 1498 2143 caeteros
1525 2086 1960 2156 philosophorum

383 2181 590 2244 libros,
640 2194 746 2234 non
791 2187 849 2233 ut
897 2177 1146 2232 volumen
1200 2176 1649 2232 ecclesiasticum.
1706 2174 1866 2231 Soleo
1909 2175 1962 2230 in

382 2269 789 2326 commentariis
827 2276 884 2324 et
924 2267 1408 2338 explanationibus,
1437 2281 1667 2337 quorum
1712 2280 1829 2321 mos
1881 2273 1965 2322 est

382 2363 628 2418 diversas
646 2363 1002 2431 interpretum
1026 2359 1322 2415 sententias
1340 2372 1562 2429 ponere,
1591 2358 1963 2428 hujuscemodi

384 2455 618 2510 miscere
642 2468 947 2510 sermonem
974 2467 989 2507 :
1014 2452 1231 2523 quidam
1260 2452 1364 2507 hoc
1390 2452 1595 2515 dicunt,
1622 2451 1709 2506 alii
1741 2451 1844 2506 hoc
1866 2466 1960 2506 au-

388 2553 622 2609 tumant,
654 2543 896 2599 nonnulli
936 2542 1017 2599 sic
1053 2541 1312 2598 sentiunt.
1343 2541 1497 2609 Quod
1522 2550 1579 2597 et
1601 2542 1715 2611 ipse
1742 2541 1968 2597 misera-

384 2636 510 2691 bilis
531 2635 828 2701 Grunnius,
869 2643 927 2690 et
966 2643 1087 2705 post
1128 2634 1327 2690 multos
1373 2649 1546 2689 annos
1586 2632 1837 2703 discipuli
1877 2631 1969 2688 Jo-

384 2727 533 2783 vinia
577 2728 615 2790 i.
660 2736 715 2780 et
759 2725 902 2780 illius
941 2724 1257 2780 calumniati
1294 2732 1440 2787 sunt,
1478 2731 1534 2779 et
1569 2721 1969 2777 calumniantur

384 2820 611 2885 me,sub
629 2817 819 2874 alienis
833 2816 1139 2872 nominibus
1156 2814 1405 2886 proprias
1427 2814 1722 2870 sententias
1744 2826 1961 2883 ponere.

385 2909 541 2977 Quod
568 2923 667 2980 ego
688 2921 853 2963 causa
874 2904 1168 2961 benevolen
1177 2904 1263 2959 tite
1293 2903 1454 2968 facio,
1476 2918 1545 2958 ne
1564 2903 1797 2973 aliquem
1817 2911 1967 2959 certo

384 3001 604 3057 nomine
629 2999 814 3055 videar
841 2997 1100 3053 lacerare.
1132 2995 1266 3063 Quia
1296 2995 1459 3065 igitur
1483 2995 1786 3066 benignitas
1812 3009 1965 3051 versa

384 3093 550 3148 estin
578 3091 925 3155 calumniam,
951 3104 1094 3145 nunc
1122 3088 1244 3144 dico
1267 3097 1325 3143 et
1349 3089 1446 3155 illi,
1468 3089 1561 3158 qui
1589 3096 1835 3143 mortuus
1860 3095 1962 3154 est,

383 3190 443 3238 et
468 3181 557 3236 isti
581 3181 674 3251 qui
703 3181 835 3235 vivit
863 3188 920 3235 et
951 3179 1178 3235 haeresin
1208 3179 1354 3234 illius
1386 3178 1691 3234 instaurare
1715 3185 1962 3245 conatur,

387 3233 933 3340 magistrumeorum
959 3233 1245 3343 Origenem
1282 3233 1426 3327 hunc
1454 3233 1629 3327 1......
1668 3233 1872 3328 me...
1897 3233 1966 3327 ad
1992 3233 2037 3296 C

385 3360 680 3425 Christum,
698 3363 840 3432 quod
857 3362 924 3418 de
935 3378 1094 3417 manu
1118 3361 1211 3416 Dei
1233 3360 1409 3418 Patris
1428 3362 1601 3417 instar
1619 3362 1802 3418 annuli
1817 3362 1969 3418 avul-

387 3465 483 3506 sus
508 3452 601 3517 sit,
617 3460 671 3507 et
685 3452 880 3508 missus
907 3453 959 3506 in
976 3461 1173 3507 terram
1187 3452 1538 3521 captivitatis,
1555 3453 1609 3507 in
1635 3452 1775 3508 valle
1794 3452 1969 3523 lacry-

388 3555 600 3595 marum
627 3542 880 3611 crucique
909 3542 1153 3604 traditus,
1184 3548 1410 3597 matrem
1433 3555 1644 3610 quoque
1667 3539 1800 3608 ejus,
1826 3540 1969 3595 haud

388 3630 610 3685 dubium
655 3632 785 3700 quin
826 3629 1184 3702 Synagogam,
1210 3625 1421 3700 captam
1447 3638 1611 3699 atque
1651 3630 1968 3699 pmjectam,

386 3728 446 3773 et
487 3734 594 3773 non
637 3719 994 3788 pertimescit,
1039 3720 1143 3775 ista
1185 3734 1646 3785 commemorans,
1689 3721 1791 3775 hoc
1827 3718 1971 3789 quod

390 3808 672 3878 sequitur:
702 3828 721 3861 ι
746 3809 938 3876 Terra,
956 3820 1123 3877 terra,
1149 3820 1313 3877 terra,
1340 3813 1462 3867 audi
1487 3813 1709 3867 verbum
1731 3811 1967 3867 Domini.

396 3900 522 3956 Haec
538 3901 670 3956 dicit
692 3901 948 3957 Dominus
971 3920 986 3955 :
1011 3900 1202 3959 Scribe
1221 3903 1397 3957 virum
1420 3902 1581 3957 istum
1604 3901 1970 3956 abominatum

396 3991 523 4060 (sive
565 3990 846 4061 sterilem),
868 4011 886 4043 ι
916 4000 972 4046 et
1011 3991 1220 4061 reliqua
1243 4031 1259 4057 ,
1290 3990 1590 4061 intelligere
1635 3991 1702 4046 de
1745 3989 1971 4044 Domino

396 4079 713 4149 majestatis.
775 4078 978 4136 Scribit
1030 4089 1212 4135 autem
1239 4081 1342 4134 hoc
1364 4092 1431 4134 ne
1457 4079 1704 4149 discipuli
1732 4079 1851 4150 ejus
1876 4092 1970 4133 ne-

397 4187 527 4243 gare
551 4173 806 4239 audeant,
839 4173 893 4227 in
917 4171 1107 4243 quinto
1132 4171 1468 4227 Stromatum
1496 4172 1657 4227 libro.

476 4281 495 4313 ι
529 4261 781 4331 Nunquid
807 4277 904 4318 vas
944 4261 1108 4317 ﬁctile
1131 4269 1293 4331 atque
1317 4262 1608 4317 contritum
1641 4260 1727 4314 vir
1759 4260 1861 4314 iste
1882 4255 1971 4313 Je-

406 4373 426 4406 σ
471 4354 729 4410 chonias?
757 4353 1006 4424 Nunquid
1032 4368 1127 4409 vas
1151 4354 1359 4423 absque
1380 4353 1525 4407 omni
1554 4352 1823 4420 voluptate
1846 4348 1973 4422 (sive

404 4464 426 4496 ι
472 4444 755 4515 utilitate)?
783 4443 961 4511 Quare
1000 4442 1194 4512 abiecti
1221 4450 1349 4497 sunt
1376 4442 1491 4511 ipse
1524 4449 1579 4496 et
1605 4455 1788 4497 semen
1832 4436 1970 4508 ejus,

406 4552 425 4584 ι
466 4541 522 4588 et
545 4533 767 4604 projecti
792 4533 846 4587 in
872 4540 1075 4588 terram
1101 4547 1263 4603 quam
1287 4529 1702 4601 ignoraverunt?
1727 4547 1746 4581 ι
1776 4527 1883 4584 Pro
1905 4542 1972 4583 eo

1998 4583 2048 4640 Ι)

2062 1999 2248 2065 rilem;
2275 2000 2539 2063 secunda,
2571 2003 2867 2067 a‘zvmiEm-ov,
2913 2003 2964 2057 id
2997 2014 3079 2058 est
3122 2019 3227 2059 non
3275 2016 3645 2073 crescentem;

2064 2089 2422 2160 Symmachus
2449 2105 2710 2155 vacuum;
2741 2089 3089 2162 Septuaginta
3109 2102 3166 2147 et
3187 2092 3487 2149 Theodotio
3512 2096 3642 2149 abo-

2065 2180 2375 2237 minabilem
2403 2190 2460 2235 et
2488 2182 2793 2236 abdicatum
2822 2182 3156 2253 interpretati
3180 2192 3324 2238 sunt.
3375 2184 3443 2239 Et
3464 2186 3640 2240 oritur

2063 2270 2312 2342 quaestio,
2340 2270 2612 2338 quomodo
2656 2270 2827 2339 possit
2858 2280 3005 2325 stare
3049 2272 3347 2341 prophetia,
3375 2273 3440 2327 de
3469 2273 3638 2342 stirpe

2062 2361 2180 2432 ejus
2206 2359 2407 2414 nullum
2437 2374 2557 2415 esse
2591 2367 2925 2430 generatum,
2955 2361 3044 2429 qui
3076 2360 3276 2415 sederit
3300 2376 3463 2430 super
3491 2362 3640 2417 thro-

2064 2470 2193 2511 num
2232 2455 2419 2521 David,
2444 2471 2545 2512 nec
2582 2456 2848 2525 princeps,
2883 2455 2975 2525 qui
3016 2454 3180 2510 fuerit
3208 2455 3347 2510 ultra
3382 2456 3436 2510 in
3461 2454 3635 2522 Juda;

2065 2560 2187 2601 cum
2230 2545 2488 2601 Dominus
2512 2554 2673 2614 atque
2709 2543 2958 2601 Salvator
2979 2545 3049 2601 de
3082 2544 3239 2614 hujus
3263 2553 3423 2602 natus
3455 2547 3527 2601 sit
3552 2562 3638 2603 se-

2066 2637 2229 2700 mine,
2260 2650 2422 2705 super
2448 2634 2600 2704 cujus
2621 2644 2746 2691 ortu
2764 2636 3001 2706 loquitur
3028 2635 3246 2691 Gabriel
3271 2637 3342 2691 ad
3374 2635 3595 2693 Mariam
3619 2653 3634 2689 :

2071 2746 2089 2778 ι
2125 2726 2263 2783 Ecce
2286 2726 2559 2797 concipies
2582 2726 2634 2781 in
2661 2734 2814 2781 utero
2838 2734 2892 2781 et
2919 2726 3099 2797 paries
3127 2725 3315 2791 (ilium,
3339 2734 3393 2781 et
3422 2726 3642 2781 vocabis

2065 2832 2264 2871 nomen
2303 2814 2421 2885 ejus
2450 2814 2655 2872 Jesum.
2687 2815 2804 2886 ipse
2838 2816 2944 2871 erit
2972 2831 3196 2885 magnus
3230 2824 3285 2871 et
3314 2815 3456 2871 illius
3480 2815 3639 2872 Altis-

2065 2907 2186 2962 simi
2208 2907 2506 2963 vocabitur.
2530 2906 2599 2960 Et
2622 2906 2772 2960 dabit
2798 2906 2848 2960 ei
2873 2905 3129 2975 Dominus
3156 2906 3297 2962 Deus
3322 2907 3504 2962 sedem
3533 2905 3641 2961 Da-

2064 2999 2155 3055 vid
2195 2999 2364 3071 patris
2406 2998 2513 3064 sui,
2538 3009 2595 3054 et
2636 2998 2886 3069 regnabit
2925 3013 3087 3069 super
3127 2998 3345 3054 domum
3390 2997 3558 3055 Jacob
3583 2998 3637 3053 in

2063 3097 2363 3148 aeternum,
2404 3093 2460 3142 et
2502 3085 2655 3157 regni
2693 3083 2811 3154 ejus
2851 3100 2959 3142 non
3004 3086 3110 3141 erit
3152 3084 3275 3141 ﬁnis
3328 3086 3479 3158 (Luc.
3514 3084 3574 3156 l).
3616 3105 3634 3137 ι

2066 3179 2357 3235 Possumus
2382 3193 2512 3250 ergo
2540 3178 2643 3234 hoc
2664 3178 2866 3243 dicere,
2889 3178 3145 3248 quoniam
3171 3176 3299 3233 illud
3323 3178 3466 3247 quod
3484 3177 3640 3232 deest

2071 3271 2125 3326 in
2148 3269 2496 3341 Septuaginta
2514 3268 2791 3335 videlicet;
2820 3287 2838 3321 ι
2866 3268 2921 3323 in
2941 3268 3129 3323 diebus
3153 3266 3271 3337 ejus
3289 3282 3392 3323 non
3414 3280 3636 3337 prospe-

2069 3361 2295 3427 rabitur,
2320 3379 2339 3412 ι
2372 3361 2485 3416 sive
2511 3379 2529 3412 ι
2569 3375 2675 3415 non
2722 3367 2953 3423 crescet,
2977 3377 2996 3411 ι
3028 3358 3401 3429 ignorantibus
3449 3357 3644 3415 fecerit

2067 3452 2438 3523 quaestionem.
2462 3450 2810 3522 Septuaginta
2824 3450 2969 3505 enim
2983 3449 3373 3505 transtulerunt
3388 3467 3431 3502 ς(
3451 3447 3644 3505 Scribe

2068 3542 2244 3596 virum
2274 3542 2435 3596 istum
2463 3540 2772 3596 abdicatum
2803 3539 3109 3604 hominem,
3136 3538 3261 3608 quia
3291 3553 3397 3593 non
3436 3547 3645 3593 crescet

2069 3632 2136 3686 de
2160 3632 2368 3687 semine
2398 3632 2515 3701 ejus
2540 3631 2624 3686 vir
2646 3630 2739 3700 qui
2768 3630 2953 3685 sedeat
2983 3644 3148 3700 super
3172 3630 3426 3684 thronum
3452 3627 3641 3692 David.

2068 3725 2319 3795 princeps
2348 3724 2489 3779 ultra
2514 3724 2569 3778 in
2596 3721 2758 3787 Juda,
2780 3742 2799 3774 ι
2828 3723 2971 3792 quod
3003 3722 3058 3776 in
3096 3721 3362 3777 Hebraico
3388 3720 3474 3774 bis
3493 3721 3641 3790 posi-

2072 3824 2182 3868 tum
2211 3822 2313 3868 est.
2344 3812 2496 3879 Quod
2522 3820 2791 3880 putantes,
2807 3811 2900 3880 qui
2926 3812 2994 3866 ab
3020 3811 3175 3866 initio
3204 3811 3557 3880 scripserunt,
3588 3809 3643 3863 in

2069 3902 2272 3959 Graecis
2310 3902 2462 3956 libris
2495 3902 2735 3956 additum
2770 3903 3171 3956 subtraxerunt.
3208 3900 3647 3970 Respondeamus

2070 3992 2234 4062 igitur
2260 3990 2403 4061 quod
2448 3991 2502 4044 in
2543 3990 2733 4045 diebus
2772 3988 3046 4046 Jechonia:
3083 4006 3189 4045 non
3230 3990 3554 4047 successerit
3594 3992 3645 4046 ei

2069 4084 2154 4136 vir
2180 4081 2271 4151 qui
2301 4081 2503 4137 sederit
2542 4095 2705 4150 super
2747 4081 3002 4135 thronum
3032 4078 3171 4148 ejus,
3196 4081 3292 4136 sed
3328 4079 3496 4135 multo
3524 4088 3649 4149 post

2070 4181 2311 4241 tempore
2338 4170 2405 4226 de
2443 4171 2648 4226 semine
2689 4170 2806 4241 ejus
2844 4178 3005 4225 natus
3039 4169 3144 4235 sit,
3174 4171 3265 4239 qui
3304 4169 3496 4225 solium
3529 4167 3647 4236 ejus

2069 4260 2380 4315 obtinuerit.
2427 4261 2609 4315 Potest
2635 4267 2690 4315 et
2714 4259 2796 4315 sic
2825 4258 2956 4314 solvi
2986 4276 3000 4312 :
3038 4274 3144 4313 non
3181 4258 3387 4314 sedebit
3426 4258 3644 4329 quidem

2072 4368 2233 4423 super
2258 4353 2515 4407 thronum
2539 4352 2707 4408 David
2726 4353 2810 4406 vir
2833 4361 2891 4407 et
2909 4351 3091 4417 homo.
3106 4351 3202 4406 sed
3234 4350 3445 4406 sedebit
3465 4350 3638 4407 Deus:

2073 4458 2403 4513 regnumque
2425 4440 2543 4510 ejus
2569 4457 2674 4496 non
2704 4442 2807 4498 erit
2833 4449 3106 4497 terrenum
3140 4448 3201 4495 et
3234 4442 3425 4506 breve,
3448 4449 3510 4495 ut
3544 4440 3656 4496 fuit.

2079 4531 2269 4596 David,
2296 4531 2391 4587 sed
2432 4540 2746 4602 perpetuum
2786 4538 2952 4600 atque
2987 4531 3226 4597 cmleste,
3259 4530 3471 4587 dicente
3501 4530 3658 4587 Scri»

401 4624 544 4694 quod
574 4638 673 4678 nos
701 4623 953 4687 diximus,
980 4640 1000 4673 ι
1030 4620 1269 4690 nunquid
1293 4634 1388 4673 vas
1408 4617 1569 4673 tlctile
1589 4627 1753 4687 atque
1777 4616 1975 4673 contri-
1998 4616 2048 4640 ¹¹
2072 4632 2228 4693 ptura
2254 4640 2269 4676 :
2296 4641 2315 4673 ι
2348 4621 2613 4692 Regnabit
2637 4636 2800 4693 super
2832 4623 3049 4677 domum
3074 4621 3242 4677 Jacob
3267 4623 3319 4677 in
3357 4631 3642 4688 internum,

402 4723 540 4779 tum,
571 4732 590 4766 ι
624 4712 983 4783 Symmachus
1007 4710 1307 4775 transtulit,
1336 4728 1356 4761 ι
1387 4708 1626 4778 nunquid
1650 4721 1971 4778 purgamen-

404 4815 540 4871 tum,
562 4825 580 4857 ι
614 4806 749 4871 sive,
776 4824 795 4856 ι
827 4803 1131 4874 quisquilias
1168 4801 1303 4857 viles
1329 4808 1490 4871 atque
1514 4797 1804 4869 proiectae?
1828 4817 1848 4851 ι
1872 4812 1971 4869 pro

402 4910 510 4965 quo
541 4894 593 4950 in
639 4893 990 4966 Septuaginta
1031 4892 1164 4947 nihil
1209 4891 1455 4954 habetur,
1487 4891 1580 4947 sed
1628 4891 1730 4946 hoc
1768 4897 1970 4945 tantum

403 4984 742 5054 interpretati
774 4993 919 5050 sunt,
947 5003 967 5035 ι
992 4983 1342 5038 inhonoratos
1374 4988 1459 5035 est
1482 4978 1793 5044 Jechonias,
1821 4976 1973 5048 quasi

402 5090 500 5130 vas
525 5076 577 5128 in
607 5089 714 5143 quo
739 5074 883 5129 nulla
909 5082 994 5129 est
1019 5072 1243 5128 utilitas.
1263 5090 1285 5125 ι
1316 5071 1380 5126 Et
1407 5084 1531 5126 cum
1556 5070 1662 5126 hoc
1686 5069 1753 5125 de
1777 5067 1974 5124 Jecho-

406 5166 497 5219 nia
537 5164 749 5219 dicatur
791 5164 901 5219 tilio
943 5162 1175 5229 Joacim,
1202 5162 1365 5217 audet
1398 5161 1671 5231 quispiam
1692 5160 1762 5214 ad
1791 5168 1976 5232 typum

407 5253 613 5309 referre
636 5252 854 5319 Christi,
881 5262 936 5310 et
955 5269 1020 5309 ex
1046 5268 1111 5309 eo
1132 5252 1276 5322 quod
1292 5250 1582 5322 Apostolus
1600 5250 1768 5315 dicat,
1798 5249 1977 5305 Domi-

408 5359 536 5400 num
560 5343 893 5399 Salvatorem
912 5344 1199 5414 imaginem
1215 5356 1335 5399 esse
1350 5340 1443 5398 Dei
1461 5340 1744 5396 invisibilis
1757 5337 1892 5411 (Col.
1911 5338 1978 5411 ι),

406 5435 821 5507 primogenitum
864 5436 1042 5491 omnis
1083 5442 1383 5497 creaturae,
1426 5433 1480 5488 id
1512 5440 1599 5488 est
1634 5431 1977 5502 sapientiam,

408 5526 657 5591 verbum,
690 5525 996 5590 veritatem,
1032 5533 1192 5594 atque
1225 5524 1398 5604 vitam
1445 5531 1500 5578 et
1538 5521 1823 5591 justitiam,
1852 5536 1979 5578 eum

411 5613 670 5683 appellari
698 5613 975 5678 annulum,
1005 5614 1097 5684 qui
1135 5611 1471 5683 projiciatur,
1493 5611 1579 5667 vel
1616 5611 1882 5667 avellatur
1910 5611 1977 5667 de

413 5721 576 5760 manu
628 5704 859 5769 Domini,
906 5713 963 5760 et
1010 5704 1122 5775 regi
1172 5706 1416 5760 tradatur
1469 5702 1976 5765 Nabuchodonosor.

413 5808 435 5841 ι
472 5793 677 5859 Abiecti
717 5806 857 5857 sunt,
890 5795 1080 5866 inquit,
1105 5795 1205 5865 ipsi
1240 5804 1294 5851 et
1331 5810 1513 5852 semen
1542 5809 1752 5860 eorum,
1781 5804 1832 5851 et
1859 5809 1981 5863 pro-

2068 4720 2126 4766 et
2151 4711 2299 4781 regni
2329 4710 2446 4779 ejus
2473 4726 2579 4766 non
2610 4712 2715 4767 erit
2756 4710 2897 4767 ﬁnis.
2919 4732 2937 4763 ι
2972 4710 3142 4767 Natus
3162 4721 3245 4767 est
3270 4727 3399 4783 ergo
3424 4713 3491 4766 de
3515 4709 3645 4765 Joa-

2068 4801 2176 4856 cim
2220 4798 2525 4865 Jecbonias,
2551 4801 2619 4856 de
2663 4798 2920 4856 Jechonia
2964 4800 3246 4864 Salathiel,
3278 4801 3346 4855 de
3384 4798 3646 4854 Salathiel

2070 4893 2387 4953 Zorobahel.
2409 4902 2465 4948 et
2493 4909 2588 4964 per
2618 4893 2861 4948 ordinem
2885 4893 3099 4947 venitur
3123 4892 3190 4947 ad
3213 4891 3505 4947 Christum.
3538 4886 3644 4942 Sed

2076 4987 2128 5040 in
2173 4986 2362 5041 diebus
2404 4984 2610 5040 Joacim
2655 4998 2762 5039 non
2807 4985 3071 5039 successit
3094 4984 3145 5039 ei
3190 4998 3287 5037 rex
3320 4980 3480 5042 titius,
3506 4993 3644 5046 quo-

2072 5077 2233 5131 modo
2260 5075 2407 5144 patri
2423 5075 2538 5143 ipse
2566 5081 2919 5137 successerat,
2948 5074 3043 5128 sed
3070 5072 3173 5127 fuit
3216 5070 3270 5123 in
3311 5068 3642 5138 captivitate,

2073 5173 2129 5219 et
2153 5162 2410 5219 Salathiel
2440 5172 2495 5217 et
2516 5162 2812 5217 Zorobabel
2848 5170 2904 5217 et
2932 5175 3103 5229 usque
3125 5158 3193 5212 ad
3222 5156 3493 5211 Christum
3526 5154 3647 5209 nul-

2074 5256 2158 5311 lus
2182 5255 2387 5325 regiam
2425 5254 2658 5309 obtinuit
2683 5260 3020 5324 potestatem.
3052 5249 3165 5307 Hoc
3192 5256 3370 5307 autem
3414 5247 3641 5308 idcirco.

2074 5346 2198 5415 quia
2228 5345 2284 5398 in
2312 5343 2576 5398 Hebraico
2599 5345 2858 5412 scriptum
2880 5350 2963 5397 est
2988 5359 3002 5395 :
3031 5360 3051 5392 ‹
3080 5339 3137 5394 In
3162 5339 3351 5394 diebus
3370 5334 3487 5404 ejus
3510 5345 3565 5390 et
3589 5337 3643 5390 in

2077 5445 2316 5505 tempore
2346 5434 2483 5504 ipso,
2509 5452 2529 5484 δ
2559 5450 2667 5503 quo
2695 5433 2782 5486 ille
2826 5431 2957 5495 fuit,
2983 5450 3003 5483 ι
3035 5445 3140 5484 non
3165 5427 3271 5483 erit
3296 5428 3380 5483 vir
3415 5427 3506 5496 qui
3555 5442 3642 5482 se-

2077 5525 2205 5581 deat
2247 5538 2409 5592 super
2439 5521 2633 5577 solium
2673 5520 2859 5575 David.
2886 5539 2905 5571 ι
2937 5518 3135 5575 Omnes
3176 5515 3321 5572 enim
3355 5515 3518 5572 fuere.
3549 5530 3650 5571 ca-

2077 5612 2310 5683 ptivi.et
2346 5609 2413 5664 de
2448 5610 2614 5678 stirpe
2659 5607 2825 5663 David
2873 5606 3050 5661 nullus
3095 5604 3348 5675 deinceps
3392 5604 3447 5659 in
3498 5613 3652 5660 terra

2078 5703 2257 5761 Iudaea
2304 5701 2474 5758 tenuit
2498 5700 2873 5771 principatum.
2907 5696 3057 5753 Unde
3092 5706 3147 5753 et
3177 5697 3442 5769 Josephus
3480 5694 3655 5750 refert:

2082 5795 2148 5852 de
2173 5793 2487 5850 sacerdotali
2528 5807 2722 5864 genere
2750 5805 2814 5847 ac
2842 5790 2981 5847 tribu
3010 5789 3136 5846 Levi
3172 5788 3336 5847 fuisse
3358 5786 3654 5858 principem
