4022 6186
398 470 503 525 979

1038 460 1099 515 ll.
1142 457 1403 513 RABANI
1434 453 1652 512 MAURI
1691 447 2008 507 ABCHIEP.
2049 442 2360 502 HOGUNT.
2402 439 2683 499 OPERUM
2724 437 2903 493 PARS
2942 435 3026 491 lli.

3534 427 3641 485 980

394 573 933 650 quibus-successerit
956 571 1194 629 Herodes
1214 567 1479 638 Antipatri
1497 564 1764 637 proselyti
1794 561 1958 625 ﬁlius,
1990 559 2040 619 Α
2064 557 2216 612 dum.
2245 552 2404 650 Aliud
2445 552 2593 607 enim
2621 545 3234 650 capitatim-sequitur,
3271 541 3415 650 quod
3555 542 3642 598 eis

399 678 456 727 et
471 678 657 738 postea
676 667 778 723 sub
802 663 1149 733 Vespasiano,
1176 674 1397 730 regnum
1418 656 1579 726 hujus
1602 652 1835 726 generis,
1857 650 1979 706 imo

402 758 688 830 imaginem
718 754 948 824 imperii,
978 751 1192 822 penitus
1221 748 1387 804 fuisse
1408 747 1661 802 delentur.

958 878 1184 938 CAPUT
1219 877 1406 934 XXIII.

400 976 758 1055 Comminutur
783 973 1036 1026 Dominus
1053 969 1344 1055 pastoribus
1369 965 1714 1055 (ficejran‘tifrus
1733 978 1934 1055 gregem
1950 975 1970 1014 :

471 1047 537 1100 de
562 1045 827 1099 nativitate
854 1053 902 1096 et
929 1032 1169 1112 passione
1208 1036 1430 1101 Christi;
1460 1036 1523 1088 de
1564 1034 1712 1104 falsis
1740 1032 1973 1103 prophe-

472 1117 561 1171 tis.

477 1226 495 1259 ι
531 1207 625 1264 Vas
650 1205 956 1277 pastoribus
979 1202 1069 1271 qui
1091 1201 1403 1270 dispergunt
1421 1206 1476 1251 et
1497 1196 1732 1250 lacerant
1757 1206 1972 1264 gregem

411 1314 431 1349 σ
476 1309 687 1364 pascuae
715 1307 852 1347 mea:
876 1290 1005 1362 (sive
1023 1304 1057 1345 o
1077 1296 1323 1359 pastores
1347 1286 1437 1355 qui
1460 1283 1768 1353 disperditis
1791 1290 1847 1335 et
1867 1281 1976 1336 dis-

412 1408 429 1435 α
472 1384 662 1455 sipatis
688 1396 815 1438 oves
838 1394 1051 1452 pascuae.
1068 1377 1390 1446 ωδε),όὶεῆ
1416 1375 1690 1430 Dominus.
1710 1370 1834 1427 Ideo
1859 1372 1975 1427 ha‘c

407 1498 424 1525 ι
471 1475 604 1532 dicit
632 1474 891 1529 Dominus
908 1472 1051 1543 Deus
1076 1468 1239 1525 Israel
1262 1468 1332 1522 ad
1354 1475 1600 1536 pastores
1628 1464 1718 1533 qui
1746 1469 1977 1534 pascunt

408 1589 423 1616 ι
471 1564 720 1635 populum
761 1577 943 1619 meum
968 1579 982 1614 :
1008 1561 1117 1617 Vos
1143 1557 1473 1627 dispersistis
1504 1569 1723 1626 gregem
1769 1568 1970 1617 meum,

407 1679 422 1704 ι
469 1653 705 1723 rjecistis
746 1667 840 1708 eos
876 1658 933 1706 et
980 1665 1085 1705 non
1132 1647 1415 1712 visitastis,
1444 1659 1572 1701 ecce
1613 1658 1714 1715 ego
1744 1640 1975 1696 visitabo

406 1768 423 1795 ι
465 1760 627 1815 super
650 1759 746 1799 vos
770 1742 1029 1797 malitiam
1059 1740 1360 1795 studiorum
1402 1745 1727 1801 vestrorum,
1758 1735 1833 1789 ait
1869 1734 1973 1789 Do-

406 1861 422 1883 .
468 1835 661 1889 minus.
691 1832 761 1888 Et
784 1846 884 1903 ego
908 1831 1246 1901 congregabo
1272 1826 1526 1895 reliquias
1562 1823 1741 1895 gregis
1762 1823 1866 1878 mel
1905 1824 1972 1878 de

406 1946 422 1971 ι
468 1924 719 1979 omnibus
744 1921 922 1985 terris,
942 1920 1011 1974 ad
1029 1935 1164 1990 quas
1189 1917 1453 1987 ojcceram
1482 1930 1577 1971 eos
1600 1914 1749 1978 illuc,
1769 1922 1825 1968 et
1842 1927 1973 1968 con-

407 2044 422 2068 .
471 2023 675 2073 vertam
718 2028 812 2070 eos
840 2014 907 2068 ad
949 2028 1070 2067 rura
1119 2026 1215 2065 sua
1249 2011 1375 2081 (sive
1420 2007 1702 2063 restituam
1743 2004 1865 2059 illos
1905 2004 1972 2058 ad

406 2130 424 2158 ι
469 2120 667 2176 pascua
692 2104 833 2176 sua),
851 2112 907 2160 et
948 2110 1196 2160 crescent
1220 2112 1297 2169 Aet
1340 2094 1973 2169 multiplicabunturzEt

405 2220 423 2249 ι
470 2194 744 2252 suscitabo
768 2209 932 2264 super
953 2209 1048 2248 eos
1077 2200 1340 2264 pastores,
1368 2199 1424 2247 et
1458 2197 1682 2260 paseeut
1704 2202 1817 2244 eos.
1855 2187 1973 2241 Non

406 2308 422 2338 α
469 2286 830 2342 formidabant
857 2284 1092 2349 ultra,et
1115 2296 1219 2337 non
1245 2283 1532 2351 pavebunt,
1549 2290 1605 2335 et
1631 2278 1805 2333 nullus
1826 2292 1975 2348 qum-

405 2402 423 2430 ι
470 2387 620 2434 retur
661 2392 729 2433 ex
774 2391 1019 2440 numero,
1049 2375 1181 2429 dicit
1221 2372 1498 2428 Dominus.
1530 2391 1549 2423 ι
1581 2368 1849 2441 (Hier-on.)
1892 2367 1977 2423 Ad

401 2478 671 2541 pastores,
701 2470 817 2523 sive
849 2469 914 2522 de
940 2465 1267 2536 pastoribus,
1294 2463 1641 2534 propheticus
1664 2475 1843 2516 sermo
1868 2469 1973 2528 est,

399 2566 454 2612 et
481 2558 608 2627 quia
636 2556 701 2611 de
726 2554 983 2610 Jecbonia
1013 2553 1307 2623 penultimo
1350 2566 1476 2623 rege
1513 2550 1731 2616 induam,
1757 2550 1849 2621 qui
1878 2548 1979 2604 fuit

400 2652 471 2704 de
513 2647 684 2718 stirpe
727 2645 914 2711 David,
941 2644 1169 2713 legimus
1205 2642 1466 2711 scriptum
1495 2659 1509 2694 :
1537 2660 1556 2693 ι
1583 2641 1775 2704 Terra,
1794 2648 1976 2704 terra,

403 2747 575 2801 terra,
604 2735 726 2791 audi
767 2748 1044 2790 sermones
1084 2732 1316 2790 Domini.
1367 2731 1559 2787 Scribe
1592 2731 1768 2786 virum
1814 2731 1977 2786 istum

403 2829 710 2884 abdicatum
737 2825 862 2898 (sive
880 2824 1160 2897 sterilem),
1183 2832 1239 2878 et
1259 2839 1364 2880 non
1393 2823 1497 2878 erit
1515 2824 1582 2878 de
1605 2821 1816 2883 semine
1834 2818 1976 2890 ejus,

402 2918 494 2989 qui
523 2917 710 2972 sedeat
746 2931 910 2984 super
935 2915 1126 2971 solium
1159 2913 1355 2979 David;
1385 2932 1407 2965 ι
1436 2912 1719 2982 omnisque
1745 2926 1869 2982 spes
1893 2927 1979 2967 το-

401 3009 490 3080 gni
785 3005 959 3061 fuerat
1000 3014 1312 3076 amputata,
1349 3006 1544 3061 transit
1590 3004 1660 3060 ad
1708 3005 1980 3074 principes

401 3098 679 3162 Ecclesiae,
701 3105 758 3152 et
789 3096 1068 3168 Synagoga
1096 3111 1218 3151 cum
1247 3095 1362 3151 suis
1390 3096 1696 3166 pastoribus
1721 3094 1977 3149 derelicta

2069 645 2491 717 praemiissum
2535 651 2639 699 est.
2689 640 2807 709 Quo
2853 640 3037 704 linito,
3090 631 3644 701 ntulusestMpro-

2074 740 2269 811 plinas,
2312 738 2426 792 sive
2476 732 2673 789 Contra
2715 732 3015 803 prophetas,
3042 729 3111 783 de
3138 741 3248 797 quo
3287 726 3343 780 in
3370 740 3472 781 suo
3495 724 3647 781 dieeo

2071 847 2191 886 mus
2217 830 2353 886 loco.
2388 829 2626 897 Abiectis
2668 840 2797 897 ergo
2826 824 3132 896 pastoribus
3165 819 3486 891 Synagogae,
3513 818 3648 875 serio

2071 920 2155 975 bis
2200 919 2449 977 videlicet
2488 926 2544 973 et
2581 916 2890 978 Pharis-cis,
2927 923 2984 968 et
3028 911 3251 967 salvatis
3290 910 3539 980 reliquiis
3577 923 3650 967 ex

2070 1008 2252 1073 lsrael,
2278 1007 2640 1078 apr‘stolisque
2659 1003 2929 1076 Evangelii
2951 1004 3002 1057 in
3025 1002 3201 1058 locum
3230 1000 3473 1071 priorum
3491 999 3652 1069 prin-

2070 1101 2249 1172 cipum
2309 1098 2618 1155 constitutis
2641 1136 2657 1163 ,
2703 1094 2978 1150 inducitur
3029 1105 3217 1164 pastor
3265 1099 3573 1161 pastorum,
3595 1096 3655 1145 et

2071 1192 2321 1261 princeps
2355 1188 2676 1257 principum,
2698 1193 2755 1239 et
2798 1200 2893 1239 rex
2941 1198 3147 1254 regum,
3177 1192 3231 1237 et
3262 1182 3526 1237 Dominus
3553 1180 3657 1235 dae

2073 1277 2426 1341 minantium;
2458 1274 2711 1330 Christus
2739 1271 2990 1327 videlicet
3026 1270 3279 1326 Salvator
3315 1277 3523 1332 noster,
3554 1268 3656 1338 qui

2071 1370 2290 1441 proprie
2335 1377 2419 1422 est
2465 1378 2683 1437 germen
2716 1363 2941 1433 justum,
2968 1363 3081 1416 sive
3127 1360 3313 1416 oriens
3353 1360 3559 1429 justus,
3588 1357 3667 1411 de

2072 1475 2180 1530 quo
2209 1459 2471 1529 legimus:
2499 1477 2518 1507 ι
2545 1456 2764 1511 Orietnr
2788 1454 2841 1508 in
2870 1452 3059 1507 diebus
3086 1449 3204 1518 ejus
3231 1449 3442 1521 iustitia
3474 1447 3655 1519 (Psal.

2073 1548 2244 1620 LXXI).
2276 1568 2293 1599 ι
2342 1547 2409 1602 Et
2438 1547 2491 1600 in
2534 1545 2640 1599 alio
2689 1543 2810 1597 loco
2835 1560 2848 1595 :
2877 1560 2896 1593 ι
2926 1540 3064 1596 Ecce
3098 1539 3182 1593 vir
3225 1538 3411 1619 oriens
3452 1550 3661 1591 nomen

2072 1639 2211 1709 ejus,
2241 1651 2295 1694 et
2322 1638 2510 1693 subter
2544 1650 2666 1690 eum
2702 1633 2937 1694 orietur,
2967 1639 3023 1686 et
3059 1627 3350 1684 mdiﬁcabit
3394 1626 3662 1696 templum

2075 1732 2301 1787 Domino
2327 1728 2513 1800 (Zach.
2542 1727 2642 1799 vi),
2664 1745 2683 1776 ι
2714 1733 2775 1779 ut
2802 1723 3071 1795 quomodo
3114 1723 3171 1777 in
3214 1720 3354 1776 lsaia
3386 1739 3407 1772 c
3429 1720 3660 1775 Emma-

2074 1822 2197 1878 nuel
2228 1821 2362 1892 (Im.
2394 1819 2490 1890 vn)
2521 1838 2539 1870 ι
2573 1815 2903 1887 appellatur,
2933 1813 3036 1869 hoc
3074 1819 3157 1869 est
3186 1813 3454 1868 mbiscuut
3488 1811 3661 1878 Deus,

2002 1896 2047 1955 Β
2074 1914 2153 1970 sic
2180 1914 2234 1967 in
2258 1910 2492 1966 Ieremia
2523 1922 2718 1962 nomen
2749 1904 3002 1975 accipiat,
3037 1902 3242 1971 iustitia
3267 1911 3467 1957 nostra.
3500 1902 3662 1959 Unde

2072 2011 2127 2059 et
2147 2000 2432 2072 Apostolus
2454 1997 2725 2067 loquitur:
2747 2014 2766 2047 ς
2786 1995 2889 2062 Qui
2914 1992 3089 2048 facula
3102 2003 3189 2048 est
3205 1993 3478 2063 sapientia
3498 1993 3664 2047 nobis

2074 2111 2105 2150 a
2153 2095 2302 2159 Deo,
2335 2100 2391 2147 et
2428 2090 2673 2160 iustitia,
2714 2098 2772 2143 et
2815 2086 3212 2151 sanctiﬁcatio,
3254 2092 3310 2141 et
3354 2085 3664 2156 redemptio

2076 2184 2125 2256 (1
2155 2183 2278 2237 Cor.
2303 2184 2366 2252 ι).
2390 2201 2407 2231 ι
2435 2180 2532 2236 Cui
2559 2179 2864 2235 contrarius
2888 2177 3278 2242 Auticbristus,
3299 2184 3357 2231 et
3383 2176 3667 2231 habitator

2073 2276 2189 2344 ejus
2238 2273 2506 2338 diabolus,
2539 2273 2593 2327 iu
2641 2271 2907 2326 Zacharia
2935 2288 2957 2321 ι
2985 2269 3182 2325 stultus
3228 2278 3437 2339 pastor,
3463 2288 3483 2321 ι
3516 2269 3664 2325 dici—

2076 2376 2204 2420 tur:
2236 2383 2255 2415 ι
2294 2364 2362 2419 Ει
2409 2362 2601 2425 faciet,
2641 2361 2846 2431 inquit,
2881 2358 3148 2428 judicium
3193 2368 3251 2415 et
3282 2359 3555 2428 justitiam
3608 2360 3663 2413 in

2076 2463 2244 2511 terra.
2265 2475 2283 2506 ι
2309 2453 2424 2509 Non
2448 2453 2591 2508 enim
2612 2451 2776 2506 Pater
2797 2450 3000 2505 indicat
3017 2447 3477 2521 quemquam,sed
3494 2461 3667 2503 omne

2070 2546 2332 2618 judicium
2354 2545 2499 2601 dedit
2517 2544 2655 2599 Filio
2674 2542 2856 2611 (locu.
2879 2542 2956 2613 v).
2978 2542 3035 2595 in
3063 2541 3255 2597 diebus
3298 2540 3427 2605 illis,
3454 2549 3513 2595 et
3539 2539 3669 2594 duae

2077 2648 2132 2701 et
2162 2638 2346 2693 decem
2384 2635 2559 2691 tribus
2592 2633 2752 2697 Juda,
2782 2642 2838 2687 et
2862 2631 3028 2687 lsrael
3050 2631 3260 2701 pariter
3280 2630 3665 2694 salvabuntur,

2078 2741 2135 2787 et
2155 2732 2223 2785 de
2250 2730 2459 2785 duabus
2480 2728 2651 2798 virgis
2673 2727 2826 2797 juxta
2854 2723 3218 2788 Ezechielem,
3244 2737 3354 2777 una
3382 2722 3537 2793 virga
3568 2720 3671 2775 lict

2080 2820 2294 2894 (Ezech.
2318 2818 2547 2891 xxxvn).
2576 2817 2891 2886 Nomenque
2910 2816 3048 2886 ejus,
3062 2814 3108 2871 si
3125 2816 3280 2886 juxta
3300 2812 3667 2884 Septuaginta

2077 2916 2354 2970 vocaverit
2369 2928 2492 2969 eum
2517 2912 2797 2974 Dominus,
2824 2908 3181 2980 appellabitur
3207 2906 3488 2971 Iosedech,
3505 2905 3557 2959 id
3578 2912 3666 2960 est

2082 3008 2341 3063 Dominus
2358 3006 2573 3076 justus;
2602 3004 2648 3058 si
2675 3003 2968 3058 secundum
3014 2999 3355 3062 Hebraicum,
3389 2998 3483 3068 qui
3509 2997 3669 3051 dixe-

2080 3106 2206 3151 runt
2226 3114 2245 3146 ι
2275 3108 2469 3150 nomen
2484 3090 2601 3161 ejus
2621 3091 2920 3155 vocabitur,
2945 3110 2965 3142 ι
2985 3089 3218 3153 dicetur,
3234 3088 3491 3143 Dominus
3500 3088 3666 3158 justi.

401 3198 563 3260 atque
605 3190 878 3253 datunata,
906 3189 974 3244 ad
1023 3188 1293 3260 apostolos
1338 3204 1519 3245 sermo
1562 3189 1642 3253 tit,
1673 3188 1740 3243 de
1782 3189 1975 3258 quibus
2007 3234 2052 3260 η
2080 3187 2155 3241 tia
2183 3195 2382 3240 nostra.
2411 3182 2525 3238 Hoc
2549 3183 2693 3237 enim
2723 3179 2993 3252 significat
3027 3186 3215 3257 om?!
3234 3186 3357 3237 mu
3376 3217 3393 3242 ,
3420 3191 3522 3248 pro
3554 3192 3668 3248 quo

2006 3234 2053 3295 Ο

402 3282 637 3339 dicitur:
665 3301 683 3332 c
709 3281 775 3336 Et
795 3280 1066 3337 suscitabo
1093 3295 1255 3350 super
1280 3293 1376 3334 eos
1402 3287 1735 3349 pastores,et
1755 3289 1981 3349 pascent
2006 3268 2053 3295 υ
2084 3274 2442 3346 Symmachus
2467 3272 2650 3337 vertit,
2678 3289 2697 3322 ι
2725 3270 2972 3333 Domine,
2994 3268 3233 3337 jnstitica
3264 3283 3385 3323 nos.
3406 3287 3427 3318 ι

402 3389 518 3428 etis.
564 3371 680 3427 Non
727 3373 1092 3428 formidabant
1137 3372 1311 3432 ultra,
1342 3380 1401 3425 et
1449 3385 1554 3426 non
1596 3372 1895 3440 pavebant,
1925 3380 1980 3425 et

405 3462 585 3517 imitus
604 3473 881 3532 quaeretur
911 3476 976 3516 ex
1021 3476 1268 3525 numero,
1304 3460 1436 3517 dicit
1478 3462 1735 3516 Dominus
1761 3460 1975 3532 (Ezech.

404 3554 507 3621 in).
532 3571 552 3605 ι
587 3553 826 3622 Apostoli
870 3553 1014 3612 enim
1042 3552 1407 3618 conﬁdenter,
1438 3564 1492 3608 et
1535 3554 1878 3622 absque'ullo
1908 3556 1978 3608 ti-

407 3652 559 3694 more
582 3648 805 3709 pascunt
826 3640 1249 3696 ecclesiasticum
1270 3650 1592 3712 gregem,‘et
1622 3642 1860 3711 reliquis:
1886 3658 1981 3712 po—

407 3728 515 3798 puli
538 3727 703 3785 lsrael
722 3728 1077 3785 salvabuatur
1100 3731 1167 3787 de
1185 3732 1436 3787 omnibus
1458 3733 1645 3797 terris,
1668 3740 1725 3788 et
1751 3748 1979 3788 conver-

407 3826 589 3875 tentur
624 3820 694 3875 ad
736 3835 880 3885 rura,
908 3819 1026 3875 sive
1052 3821 1121 3876 ad
1165 3836 1364 3892 pascua
1403 3836 1520 3889 sua,
1544 3831 1602 3878 et
1635 3832 1900 3890 crescent,
1927 3832 1983 3877 et

412 3909 925 3981 multiplicabuntur.
939 3910 1114 3980 Super
1126 3911 1297 3967 malos
1308 3920 1486 3968 autem
1498 3920 1764 3983 pastores,
1777 3914 1984 3969 scribas

408 4014 463 4054 et
484 3999 804 4065 Pbarisaeos,
818 4000 1059 4055 visitabit
1071 4001 1346 4065 Dominus,
1362 4009 1583 4072 propter
1600 4002 1860 4058 malitiam
1876 4011 1986 4057 stu-

408 4087 617 4143 diorum
646 4087 909 4158 ipsorum.
940 4086 1232 4144 Possumus
1258 4097 1434 4142 autem
1462 4087 1564 4143 hoc
1598 4086 1752 4157 juxta
1801 4098 1985 4160 tropo-

410 4176 633 4248 lugiam,
671 4189 727 4233 et
754 4178 822 4234 de
864 4177 1116 4233 Ecclesia:
1160 4178 1491 4249 principibus
1539 4179 1857 4249 intelligere,
1890 4178 1985 4250 qui

413 4275 594 4324 nmen
619 4283 727 4323 non
759 4268 919 4340 digne
948 4276 1141 4337 regunt
1167 4283 1297 4323 oves
1323 4268 1556 4333 Domini,
1578 4271 1721 4339 quod
1752 4269 1857 4326 illis
1884 4272 1985 4325 ab-

410 4358 570 4429 jectis
601 4366 765 4429 atque
790 4360 1061 4415 damnatis
1084 4359 1323 4415 salvetur
1342 4359 1590 4431 populus,
1618 4361 1844 4431 aliisque
1872 4371 1986 4417 tra-

416 4452 598 4517 datur,
616 4451 710 4521 qui
741 4452 887 4523 digni
918 4452 1258 4518 exstiterunt,
1280 4461 1342 4508 et
1379 4453 1623 4524 reliquie;
1640 4454 1804 4509 salvae
1833 4455 1982 4509 ﬂant.

2153 3384 2174 3417 ι
2204 3364 2437 3434 Propter
2458 3364 2565 3419 hoc
2593 3375 2725 3418 ecce
2769 3361 2885 3415 dies
2930 3359 3172 3423 veniunt,
3199 3359 3334 3413 dicit
3378 3358 3665 3414 Dominus.

2079 3459 2148 3514 Et
2210 3474 2315 3513 non
2358 3458 2539 3511 dicent
2577 3455 2717 3509 ultra
2761 3471 2775 3508 :
2816 3452 2961 3508 Vivit
3011 3450 3301 3515 Dominus,
3338 3451 3431 3519 qui
3475 3449 3668 3505 eduxit

2083 3549 2219 3604 filios
2256 3546 2421 3603 lsrael
2452 3548 2518 3603 de
2565 3554 2706 3600 terra
2755 3543 2995 3617 Egypti,
3032 3545 3129 3600 sed
3157 3564 3169 3598 :
3197 3544 3342 3599 Vivit
3378 3543 3669 3608 Dominus,

2081 3643 2172 3711 qui
2204 3640 2390 3696 eduxit
2419 3648 2475 3693 ct
2508 3637 2732 3692 adduxit
2778 3652 2963 3694 semen
3002 3639 3194 3693 domus
3222 3636 3389 3691 Israel
3414 3636 3482 3691 de
3512 3644 3662 3691 terra
3705 3673 3708 3677 η

2080 3730 2377 3800 Aquilonis,
2408 3738 2463 3783 et
2492 3728 2562 3783 de
2588 3728 2798 3783 cunctis
2828 3727 2989 3783 terris
3011 3728 3075 3783 ad
3116 3742 3252 3797 quas
3275 3726 3544 3795 ejeceram
3574 3741 3670 3782 eos

2084 3819 2227 3883 illuc,
2252 3827 2309 3874 et
2328 3817 2649 3873 habitabant
2677 3817 2732 3871 in
2764 3825 2906 3871 terra
2930 3832 3047 3872 sua.
3084 3836 3103 3868 ι
3136 3817 3248 3873 Hoc
3272 3833 3434 3872 omne
3456 3818 3670 3885 capitu-

2082 3907 2192 3962 lum
2215 3909 2266 3963 in
2289 3905 2639 3978 Septuaginta
2665 3921 2773 3962 non
2796 3906 3048 3972 habetur,
3069 3906 3221 3976 cujus
3242 3906 3330 3962 hic
3354 3920 3548 3962 sensus
3562 3915 3668 3970 est,

2084 4000 2228 4071 quod
2256 4013 2591 4069 nequaquam
2611 4012 2710 4069 per
2729 3996 2946 4069 Moysen
2971 3998 3198 4069 populus
3225 3998 3318 4053 Dei
3341 3996 3410 4052 de
3430 3994 3670 4067 Egypto

2084 4089 2364 4155 liberetur,
2382 4088 2478 4144 sed
2501 4102 2601 4159 per
2620 4086 2803 4144 Jesum
2829 4086 3106 4143 Christum
3132 4088 3198 4143 de
3219 4087 3367 4142 omni
3390 4088 3530 4143 orbe
3556 4097 3675 4143 ter-

2086 4193 2291 4241 rarum,
2323 4179 2378 4233 in
2405 4184 2562 4249 quem
2607 4177 2881 4248 dispersus
2927 4176 3119 4233 literal.
3149 4178 3304 4247 Quod
3328 4195 3397 4234 ex
3432 4190 3591 4250 parte
3618 4189 3672 4235 et

2087 4286 2232 4326 nunc
2275 4271 2578 4341 completur
2615 4271 2670 4325 in
2706 4271 2930 4335 mundo,
2955 4279 3013 4326 et
3047 4286 3113 4326 ex
3144 4280 3256 4327 toto
3288 4271 3670 4342 complebitur,

2088 4362 2302 4430 quando
2332 4362 2400 4418 de
2431 4362 2641 4417 oriente
2664 4370 2721 4415 et
2744 4362 3047 4428 occidente,
3078 4361 3444 4432 septentrione
3468 4370 3525 4416 et
3552 4378 3670 4418 me-

2089 4452 2226 4507 ridie
2255 4454 2486 4514 venient,
2514 4460 2570 4507 et
2597 4452 2937 4508 discumbent
2964 4467 3088 4507 cum
3113 4450 3410 4516 Abraham,
3433 4454 3588 4508 lsaac
3621 4461 3677 4507 et

412 4537 651 4636 Peril-unt
680 4556 808 4596 oves
831 4550 1076 4636 pastores
1107 4543 1197 4612 qui
1225 4542 1424 4636 docent
1450 4542 1718 4636 haeresim,
1747 4543 1988 4636 lacerant
2016 4578 2066 4636 Β
2091 4543 2275 4599 Jacob.
2301 4543 2373 4600 Ut
2391 4552 2672 4613 postquam
2696 4543 3081 4599 subintraverit
3105 4543 3380 4615 plenitudo
3402 4544 3672 4615 gentium,

415 4638 471 4683 ct
505 4628 769 4698 dissipant
802 4633 894 4700 qui
928 4632 1217 4687 schismata
1261 4631 1481 4699 faciunt,
1509 4631 1732 4701 ejiciunt
1759 4647 1852 4687 eas
1894 4632 1987 4702 qui
2022 4628 2057 4636 '
2092 4642 2221 4689 tunc
2246 4634 2423 4688 omnis
2449 4633 2613 4688 lsrael
2643 4632 2823 4688 salvus
2853 4632 2964 4687 ﬂat.

415 4728 602 4775 contra
627 4720 893 4789 justitiam
935 4723 1002 4777 de
1048 4722 1287 4778 Ecclesia
1333 4730 1602 4792 separant,
1635 4738 1741 4778 non
1769 4724 1993 4778 visitant

416 4809 508 4880 qui
535 4809 924 4880 penitentibus
962 4813 1291 4866 contrahunt
1316 4826 1555 4866 manum.
1603 4810 1842 4878 Quorum
1870 4826 1989 4865 om-

419 4903 565 4957 nium
605 4901 949 4957 miserebitur
983 4902 1261 4967 Dominus,
1291 4910 1347 4957 et
1384 4900 1614 4957 reddens
1648 4902 1729 4957 eis
1763 4901 1991 4973 pristina

419 5010 618 5066 pascua
645 5003 701 5050 et
726 4993 898 5050 malos
925 5002 1171 5065 pastores
1197 4993 1466 5049 auferens.

494 5105 510 5135 ι
543 5084 681 5141 Ecce
717 5084 835 5141 dies
872 5084 1113 5150 veniunt,
1138 5083 1268 5139 dicit
1305 5083 1599 5149 Dominus,
1629 5089 1685 5139 et
1722 5081 1997 5139 suscitabo

431 5197 446 5224 ι
498 5177 661 5232 David
705 5190 924 5248 germen
965 5174 1169 5245 justum
1192 5175 1322 5247 (sive
1364 5174 1627 5229 orientem
1667 5172 1915 5244 justum),
1944 5184 2002 5227 et

431 5287 450 5319 ι
497 5268 740 5337 regnabit
762 5280 879 5333 rex,
911 5277 969 5324 et
992 5267 1208 5338 sapiens
1226 5266 1332 5322 erit
1359 5267 1484 5338 (sive
1514 5264 1821 5337 intelliget),
1838 5271 1896 5319 et
1918 5262 2001 5319 Pa-

427 5375 448 5409 σ
486 5360 595 5411 ciet
627 5357 890 5427 judicium
922 5356 1260 5426 etjustitiam
1298 5357 1354 5411 in
1384 5364 1548 5411 terra.
1578 5354 1638 5410 In
1675 5355 1868 5410 diebus
1893 5352 2002 5411 illis

429 5465 448 5497 ι
492 5447 786 5503 mirabitur
811 5445 969 5513 Iuda,
991 5455 1047 5503 et
1069 5446 1233 5503 lsrael
1262 5444 1524 5502 habitabit
1550 5442 1898 5501 conﬁdenter.
1929 5442 2001 5497 Et

430 5555 449 5584 ο
492 5539 594 5593 hoc
613 5546 696 5594 est
715 5552 912 5595 nomen
931 5538 1321 5609 quovocabuut
1336 5551 1460 5593 eum
1475 5535 1604 5608 (sive
1620 5535 1835 5591 vocabit
1852 5533 2001 5603 eum)

432 5644 452 5677 ο
496 5628 755 5684 Dominus
772 5627 952 5697 justus
974 5637 1158 5684 noster
1179 5628 1305 5699 (sive
1321 5625 1532 5695 justitia
1557 5623 1820 5696 nostra)»
1847 5622 2002 5691 Quod

429 5717 689 5775 Hebraice
727 5720 925 5776 dicitur
959 5729 1162 5806 ’.ιφ-ιτ.
1210 5718 1322 5773 Hoc
1361 5717 1506 5787 quod
1544 5717 1601 5773 in
1646 5714 2002 5787 Septuaginta

430 5806 569 5865 male
614 5808 853 5865 additum
880 5810 1096 5875 est,tin
1132 5807 1427 5877 prophetis,
1462 5807 1677 5876 penitus
1721 5814 2003 5876 amputan-

2168 4746 2188 4778 ‹
2221 4724 2300 4779 Ad
2337 4725 2628 4797 prophetas
2667 4724 2792 4795 (sive
2816 4723 2869 4778 in
2895 4724 3191 4794 prophetis,
3218 4726 3298 4779 vel
3320 4732 3508 4780 contra
3548 4739 3674 4796 pro-

2091 4816 2323 4887 phetas).
2348 4834 2367 4867 ι
2400 4814 2500 4871 ilic
2520 4815 2710 4871 titulus
2728 4856 2743 4879 ,
2767 4824 2828 4870 ut
2860 4830 3026 4886 supra
3070 4816 3324 4878 diximus,
3354 4816 3407 4871 in
3437 4816 3675 4872 editione

2096 4905 2444 4976 Septuaginta
2477 4905 2600 4960 ﬁnis
2626 4905 2915 4960 anterior-is
2955 4905 3171 4976 capituli
3208 4907 3420 4976 positus
3454 4910 3559 4971 est,
3584 4905 3674 4961 ubi

2097 4998 2358 5066 scriptum
2386 4995 2653 5066 legimus:
2681 5014 2702 5047 ‹
2727 4994 2795 5050 Et
2835 4995 2938 5051 hoc
2969 5003 3056 5050 est
3101 5011 3295 5052 nomen
3335 5012 3444 5066 quo
3489 4995 3675 5067 appel-

2097 5087 2231 5142 labit
2279 5102 2399 5141 eum
2423 5086 2683 5140 Dominus
2728 5083 2991 5141 Josedech
3039 5086 3095 5140 in
3139 5087 3439 5157 prophetis.
3471 5105 3493 5139 ι
3525 5085 3675 5153 Quod

2099 5176 2339 5247 plerique
2366 5176 2676 5247 ignorantes
2714 5175 2861 5230 varia
2899 5175 3290 5246 explanationis
3319 5176 3672 5232 deliramenta

2100 5266 2428 5337 contingunt,
2459 5264 2735 5336 multoque
2751 5263 2943 5319 melius
2970 5263 3147 5319 fuerat
3172 5265 3491 5335 simpliciter
3517 5262 3677 5320 insci-

2100 5355 2230 5410 tiam
2270 5353 2539 5420 contiteri,
2568 5369 2730 5425 quam
2770 5353 3054 5424 imperitia:
3096 5368 3207 5409 smn
3255 5353 3390 5409 alios
3430 5352 3673 5409 haeredcs

2104 5445 2299 5500 facere.
2332 5444 2427 5501 Est
2452 5453 2631 5500 autem
2658 5459 2838 5501 sermo
2858 5452 3046 5500 contra
3060 5445 3373 5515 prophetas,
3388 5445 3503 5500 imo
3523 5454 3673 5514 pseuo

2102 5534 2463 5605 doprophetas
2489 5532 2786 5589 Jerusalem
2810 5540 2867 5588 et
2887 5531 3172 5598 Samaria,
3194 5547 3331 5603 quos
3352 5546 3501 5588 nunc
3528 5543 3674 5587 com-

2103 5626 2251 5680 muni
2281 5635 2338 5681 et
2372 5626 2585 5697 vulgato
2618 5625 2840 5681 nomine
2873 5625 3162 5696 prophetas
3191 5630 3364 5690 vocat,
3390 5625 3459 5679 de
3487 5621 3673 5693 quibus

2104 5716 2362 5785 scriptum
2401 5722 2486 5769 est
2526 5714 2582 5769 in
2618 5712 3110 5783 consequentibus:
3138 5731 3162 5761 ι
3186 5712 3255 5767 Et
3295 5712 3355 5765 in
3398 5704 3672 5779 prophetis

2106 5804 2363 5862 Samaria:
2384 5802 2493 5859 vidi
2524 5801 2892 5866 iniquitatem:
2926 5818 2944 5852 ι
2972 5800 3294 5870 statimque.
3324 5816 3345 5848 σ
3372 5798 3439 5852 Et
3465 5797 3522 5851 in
3551 5806 3670 5865 pro-
