4022 6186
398 375 501 441 9St

1307 371 1673 430 EXPOSlTlO
1713 369 1937 429 SUPER
1975 367 2343 426 JEREMIAM.
2381 403 2451 415 --
2488 372 2620 429 LIB.

3558 371 3666 432 982

395 485 577 563 phetis
620 478 921 542 Jerusalem
969 482 1078 539 vidi
1126 481 1425 539 horribilia.
1464 502 1483 538 ι
1530 480 1754 549 Quando
1800 489 1979 534 autem
2011 486 2056 538 A
2086 480 2141 535 In
2176 483 2439 551 propheta
2470 485 2743 539 doctorem
2781 483 2986 555 accipe,
3019 482 3073 539 in
3109 484 3393 542 sacerdote
3417 483 3661 542 ministe-

395 577 547 646 punit
583 571 1021 643 conjunctionem
1062 581 1131 638 et,
1172 574 1411 629 ostendit
1450 572 1729 643 superiora
1760 572 1826 626 de
1855 584 1979 642 pro-

397 666 577 738 phetis
603 665 746 720 dicta
778 664 992 719 Domini
1016 703 1034 730 ,
1062 665 1153 734 qui
1179 674 1236 720 et
1264 664 1362 736 ipsi
1392 664 1982 739 pseudoprophetarum

394 757 603 813 similes
627 756 976 812 exstiterunt.

472 868 492 899 ι
525 846 834 904 Contritum
877 854 963 903 est
989 860 1083 901 cor
1107 861 1284 902 meum
1311 849 1372 903 in
1400 846 1581 901 medio
1613 846 1742 909 mei,
1770 852 1985 900 contre-

401 960 419 992 ι
469 945 722 993 muerunt
752 935 878 1009 (sive
897 944 1166 992 commota
1191 936 1532 1002 sunt)omnia
1558 951 1681 990 ossa
1711 950 1851 990 mea.
1877 933 1984 989 Fa-

400 1048 422 1079 s
464 1037 584 1083 ctus
609 1042 730 1083 sum
761 1026 916 1097 quasi
945 1025 1029 1080 vir
1050 1026 1252 1090 ebrius,
1282 1033 1337 1081 et
1361 1025 1516 1095 quasi
1551 1024 1713 1081 homo
1739 1023 1986 1080 madidus

401 1139 421 1170 ι
467 1117 599 1189 (sive
644 1125 932 1187 soporatus
977 1116 1125 1184 vino)
1154 1134 1184 1172 a
1221 1117 1359 1173 facie
1404 1116 1636 1181 Domini,
1664 1125 1719 1172 et
1767 1131 1796 1170 a
1848 1114 1987 1171 facie

402 1229 421 1259 ι
470 1208 759 1262 verborum
795 1216 1104 1263 sanctorum
1137 1206 1255 1276 ejus
1281 1207 1409 1281 (sive
1438 1216 1493 1262 et
1517 1223 1547 1261 a
1591 1207 1728 1261 facie
1771 1206 1987 1262 decoris

402 1319 421 1352 ι
469 1299 655 1370 gloriae
680 1295 839 1369 ejus).
863 1318 881 1349 ι
908 1297 1263 1353 Considerata
1283 1297 1431 1352 vultu
1457 1295 1842 1365 omnipotentis
1867 1294 1982 1358 Dei,

396 1397 504 1445 huc
529 1398 614 1444 est
638 1387 818 1443 Patris
835 1428 850 1454 ,
885 1396 939 1444 et
967 1388 1307 1444 considerato
1330 1388 1477 1443 vultu
1504 1386 1647 1451 Filii,
1675 1406 1693 1439 ι
1721 1387 1810 1456 qui
1830 1384 1984 1454 juxta

397 1480 711 1552 Apostolum
743 1481 994 1551 splendor
1019 1480 1202 1552 gloria:
1224 1480 1365 1535 illius
1392 1478 1710 1550 appellatur,
1733 1488 1789 1534 et
1813 1478 1986 1535 forma

393 1577 717 1631 substantia:
742 1575 836 1631 Dei
863 1574 1049 1642 (Hebr.
1079 1575 1138 1647 ι).
1162 1594 1180 1627 ι
1212 1575 1479 1647 Propheta
1506 1583 1562 1630 et
1581 1574 1762 1629 animo
1787 1582 1842 1630 et
1867 1590 1989 1633 cor-

397 1681 530 1741 pore
570 1667 972 1738 perhorrescit,
999 1675 1053 1723 et
1082 1667 1334 1736 intelligit
1359 1681 1480 1722 esse
1506 1681 1565 1723 se
1590 1666 1765 1731 nihili,
1789 1681 1985 1725 secun-

2082 570 2149 626 rii
2173 571 2509 643 dignitatem.
2542 573 2643 640 Qui
2666 573 2712 629 si
2734 589 2901 644 prava
2935 582 3113 629 mente
3138 575 3531 639 consenserint,
3557 576 3667 633 erit

2081 662 2167 717 via
2193 678 2380 718 eorum
2414 663 2467 718 in
2497 663 2762 718 lubricum
2803 672 2859 720 et
2889 662 2940 719 in
2969 664 3227 731 tenebris,
3266 680 3367 721 nec
3394 665 3666 723 habebunt

2084 753 2368 809 Dominum
2397 753 2744 824 loquentem:
2774 775 2792 807 ‹
2829 754 2943 825 Ego
2991 754 3082 811 lux
3114 757 3168 811 in
3213 756 3472 812 mundum
3513 758 3663 824 veni,

2083 853 2143 900 ut
2166 846 2363 911 omnis,
2392 846 2481 916 qui
2514 848 2687 902 credit
2734 848 2788 903 in
2816 864 2922 913 me,
2965 848 3019 904 in
3049 849 3285 905 tenebris
3310 866 3415 906 non
3449 860 3668 907 maneat

2084 936 2264 1007 (Joan.
2306 938 2426 1009 xu).
2466 958 2485 991 ι
2525 937 2677 996 Unde
2712 948 2935 995 sanctus
2969 939 3234 1010 loquitur,
3271 954 3461 996 omnes
3511 948 3663 997 tene-

2085 1026 2211 1082 bras
2237 1026 2448 1098 fugiens
2476 1045 2489 1082 :
2527 1046 2546 1080 ί
2584 1028 2868 1101 Signatum
2899 1038 2984 1085 est
3019 1045 3183 1101 super
3210 1047 3309 1086 nos
3337 1030 3515 1086 lumen
3548 1031 3664 1087 vul-

2085 1126 2172 1173 tus
2191 1120 2289 1183 tui,
2318 1120 2566 1185 Domine,
2593 1121 2786 1177 dedisti
2814 1122 3054 1177 laetitiam
3084 1122 3138 1177 in
3158 1124 3318 1179 corde
3345 1138 3464 1179 meo
3492 1120 3663 1195 (Psal.

2086 1211 2183 1280 tv).
2217 1230 2237 1263 ι
2269 1209 2403 1266 Cum
2432 1221 2614 1267 autem
2643 1211 2844 1267 fuerint
2869 1213 2924 1268 in
2953 1213 3212 1279 tenebris,
3257 1221 3313 1269 et
3354 1214 3409 1269 in
3458 1214 3541 1269 via
3589 1214 3670 1268 lu-

2086 1304 2254 1367 brica,
2296 1318 2482 1361 errore
2522 1304 2771 1361 videlicet
2798 1306 3074 1372 hazretico,
3114 1305 3181 1361 ad
3211 1321 3426 1362 omnem
3463 1313 3668 1361 motum

2088 1393 2432 1464 impellentur
2459 1403 2514 1450 et
2540 1404 2793 1452 corruent
2818 1414 2832 1450 :
2863 1405 2917 1452 et
2950 1396 3146 1453 inferet
3174 1411 3336 1467 super
3360 1411 3455 1451 eos
3489 1397 3675 1452 Domi-

2087 1498 2190 1539 nus
2214 1484 2353 1543 mala
2384 1503 2399 1539 ε
2431 1500 2539 1540 non
2567 1500 2674 1557 quo
2700 1486 2839 1541 mala
2873 1489 2999 1550 sint,
3034 1496 3092 1542 ut
3136 1486 3394 1542 Dominus
3422 1487 3563 1543 mala
3588 1487 3673 1541 iu-

2088 1574 2248 1643 ferat,
2288 1577 2381 1632 sed
2440 1578 2581 1634 mala
2624 1579 2709 1635 his
2752 1581 2844 1649 qui
2894 1570 3165 1636 sustinent
3207 1579 3465 1652 supplicia
3495 1596 3510 1635 :
3539 1581 3672 1637 alio-

2088 1666 2219 1737 quin
2259 1668 2449 1724 eadem
2486 1676 2543 1723 et
2578 1668 2719 1724 mala
2762 1678 2817 1725 et
2853 1670 2995 1725 bona
3040 1676 3185 1725 sunt.
3219 1667 3357 1725 Mala
3386 1668 3540 1736 juxta
3576 1684 3673 1725 eos

398 1756 526 1811 dum
553 1756 697 1825 quod
727 1754 783 1810 in
805 1756 911 1811 alio
941 1756 1059 1813 loco
1083 1757 1316 1812 dicitur:
1347 1776 1366 1809 ι
1398 1755 1785 1825 Utjumentum
1812 1754 1987 1813 factus
2019 1822 2059 1831 _
2090 1773 2226 1829 quos
2270 1759 2545 1823 cruciant,
2583 1758 2724 1816 bona
2756 1760 2909 1830 juxta
2949 1776 3044 1817 eos
3099 1776 3237 1831 quos
3260 1762 3568 1817 emendant.
3608 1761 3675 1817 Et

395 1856 522 1900 eum
540 1822 681 1917 apud
709 1854 761 1902 te
795 1843 968 1918 (Psal.
997 1846 1191 1918 Lxxu),
1217 1866 1235 1899 ι
1263 1847 1376 1905 sive
1398 1822 1677 1903 victimam
1705 1848 1987 1904 conscicn-
2017 1822 2061 1882 Β
2092 1822 2195 1905 hoc
2228 1850 2523 1905 notandum
2552 1851 2696 1921 quod
2736 1822 2911 1908 annus
2936 1822 3260 1907 visitationis
3297 1851 3513 1909 Domini
3552 1867 3676 1908 cer-

397 1938 513 2001 tim,
555 1937 954 1995 ethumilitatis
1001 1954 1113 1994 sua:
1160 1938 1317 1996 oti‘ert
1345 1939 1458 1997 Deo
1486 1941 1642 2013 juxta
1687 1941 1817 1997 illud
1840 1941 1986 2012 quod

399 2031 453 2085 in
482 2028 709 2085 Psalmis
737 2029 1029 2085 scribitur:
1059 2050 1077 2083 ι
1111 2030 1448 2087 Sacriﬁcium
1475 2031 1605 2096 Deo,
1624 2033 1844 2103 spiritus
1863 2049 1988 2090 con-

399 2118 706 2185 trilmlatus,
737 2135 836 2175 cor
861 2121 1152 2178 contritum
1197 2129 1254 2177 et
1301 2122 1640 2179 bumiliatum
1689 2122 1830 2179 Deus
1879 2139 1987 2179 non

395 2210 611 2282 spernit
634 2209 807 2285 (Paul.
835 2212 910 2285 ι).
933 2231 950 2262 ι
976 2209 1112 2269 Ossa
1140 2223 1342 2279 autem,
1366 2228 1486 2284 quae
1511 2222 1985 2279 contremuerunt,

396 2306 519 2359 sive
547 2311 813 2360 commota
841 2313 988 2371 sunt,
1011 2303 1096 2359 illa
1128 2305 1506 2377 intelligamus,
1534 2305 1601 2361 de
1628 2305 1822 2377 quibus
1845 2304 1987 2360 idem

405 2395 575 2450 David
604 2396 747 2451 canit
773 2414 786 2449 :
815 2415 834 2447 ι
864 2395 1053 2452 Omnia
1077 2412 1204 2453 ossa
1232 2412 1351 2452 mea
1373 2398 1569 2460 dicent,
1596 2398 1843 2461 Domine,
1867 2398 1991 2468 quis

397 2487 596 2543 similis
621 2488 696 2543 tui
725 2485 897 2561 (Psal.
930 2486 1139 2560 ηυγ).
1163 2507 1181 2539 ι
1216 2487 1412 2544 Factus
1457 2497 1541 2544 est
1586 2488 1739 2559 quasi
1785 2488 1987 2554 ebrius,

402 2587 460 2633 et
483 2578 635 2647 quasi
658 2579 821 2634 homo
839 2579 1088 2635 madidus
1115 2579 1228 2634 sive
1249 2590 1536 2651 soporatus
1562 2596 1592 2635 a
1616 2581 1761 2643 vino,
1786 2580 1989 2636 nullam

400 2670 614 2725 habens
653 2670 1082 2743 intelligentiam,
1114 2670 1423 2742 nullamque
1465 2672 1807 2743 sapientiam.
1835 2693 1854 2724 ι
1888 2672 1993 2727 Do-

403 2765 584 2820 minus
615 2764 761 2820 uovit
792 2765 1152 2837 cogitationes
1200 2765 1514 2829 hominum,
1544 2765 1800 2835 quoniam
1840 2780 1993 2820 vana:

402 2863 535 2911 sunt
564 2851 738 2927 (Psal.
768 2855 942 2927 xcm).
967 2875 985 2907 ι
1021 2856 1078 2911 Si
1110 2863 1293 2911 autem
1344 2855 1447 2912 hoc
1490 2856 1565 2911 ita
1610 2864 1712 2920 est,
1744 2856 1834 2911 ubi
1866 2864 1995 2911 sunt

400 2946 498 3018 qui
526 2944 819 3017 perfectam
847 2947 898 3003 in
930 2947 1150 3003 homine
1173 2946 1438 3019 justitiam
1483 2948 1813 3018 praedicant?
1837 2946 1990 3014 Quod

402 3039 452 3097 si
480 3040 855 3112 responderint
883 3040 951 3096 de
987 3041 1190 3096 sanctis
1219 3055 1279 3097 se
1319 3040 1424 3095 hoc
1452 3041 1650 3106 dicere,
1681 3055 1787 3096 non
1815 3057 1877 3096 ex
1909 3055 1994 3097 se-

402 3133 670 3204 metipsis,
689 3142 838 3189 certe
862 3131 1066 3188 nullum
1091 3140 1220 3203 puto
1238 3132 1561 3189 sanctiorem
1586 3148 1705 3188 esse
1729 3132 1986 3200 Ieremia,

2090 1938 2261 1994 rectio
2295 1940 2635 2010 peccantium
2677 1941 2905 2004 dicatur,
2962 1949 3124 2012 atque
3176 1942 3469 2007 cruciatus,
3517 1941 3675 2009 juxta

2089 2029 2222 2086 illud
2251 2030 2394 2103 quod
2414 2031 2677 2102 scriptum
2705 2039 2790 2087 est
2819 2050 2834 2087 :
2873 2050 2891 2085 ι
2929 2033 3172 2088 Visitabo
3198 2032 3251 2088 in
3279 2032 3429 2103 virga
3471 2032 3673 2103 iniqui-

2091 2130 2232 2178 tates
2261 2138 2472 2188 eorum,
2500 2131 2555 2177 et
2583 2123 2638 2178 in
2667 2124 2982 2180 verberibus
3016 2133 3237 2194 peccata
3262 2138 3449 2181 eorum
3469 2164 3486 2191 ,
3514 2123 3678 2180 mise-

2091 2216 2381 2272 ricordiam
2407 2224 2588 2273 autem
2614 2231 2792 2273 meam
2816 2231 2925 2272 non
2972 2216 3279 2287 dispergam
3310 2215 3381 2271 ab
3408 2230 3475 2275 eo
3499 2212 3674 2288 (Pent.

2093 2305 2378 2379 Lxxxvm).
2415 2325 2435 2358 ι

2171 2412 2189 2447 ι
2227 2395 2294 2450 Et
2318 2396 2372 2450 in
2401 2396 2679 2467 prophetis
2701 2395 2963 2452 Samaria;
2982 2396 3092 2452 vidi
3121 2397 3405 2454 stultitiam
3423 2396 3551 2470 (sive
3574 2396 3680 2454 ini-

2099 2507 2118 2539 ι
2154 2488 2438 2561 quitatem)
2461 2488 2887 2559 :proplietabaut
2906 2489 2960 2543 in
2982 2487 3131 2551 Baal.
3146 2496 3202 2544 et
3215 2489 3556 2563 decipiebant
3576 2503 3678 2559 po-

2098 2597 2119 2631 ι
2165 2578 2346 2649 pulum
2398 2592 2577 2635 meum
2627 2577 2811 2634 Israel.
2850 2596 2871 2631 ι
2929 2578 3043 2650 Ego
3069 2580 3364 2651 prophetas
3418 2577 3680 2636 Samaria:

2086 2672 2242 2741 juxta
2265 2671 2527 2743 mysticus
2543 2670 2846 2733 intellectus
2866 2673 3086 2743 proprie
3097 2672 3382 2729 haereticos
3395 2673 3501 2729 dici
3523 2681 3676 2743 puto.

2093 2772 2150 2820 et
2186 2778 2379 2821 omnes
2408 2763 2500 2833 qui
2531 2761 2742 2832 jactant
2772 2762 2892 2818 falsi
2921 2763 3156 2822 nominis
3180 2763 3486 2820 scientiam.
3529 2762 3677 2830 Quo-

2095 2855 2256 2912 modo
2276 2861 2459 2911 autem
2489 2854 2765 2926 propheta:
2798 2853 3079 2919 Samaria,
3105 2853 3364 2925 quidquid
3389 2852 3682 2928 loqueban-

2095 2959 2185 3007 tur
2211 2948 2609 3020 prophetabant
2645 2948 2698 3007 in
2723 2945 2853 3003 Baal
2877 2945 3020 3003 idolo
3042 2946 3310 3011 videlicet,
3342 2945 3676 3003 daemonibus

2095 3047 2432 3099 consecrato.
2454 3038 2546 3096 Sic
2563 3037 2804 3095 haeretici
2824 3036 3081 3107 quidquid
3107 3035 3401 3105 loquuntur
3422 3035 3475 3089 in
3500 3034 3669 3090 Eccle

2096 3131 2196 3195 sia,
2224 3129 2340 3193 sive
2371 3135 2527 3184 extra
2572 3127 2895 3192 Ecolesiam,
2942 3135 3001 3182 ut
3025 3124 3374 3197 supplantent
3422 3122 3680 3195 populum

403 3227 497 3297 qui
527 3194 698 3296 virgo,
727 3225 990 3297 propheta
1012 3265 1027 3291 ,
1063 3194 1539 3295 sanctiﬁcatusque
1562 3224 1616 3279 in
1664 3233 1838 3288 utero,
1871 3194 1988 3294 ipso
2015 3194 2060 3256 C
2093 3194 2281 3286 lsrael,
2310 3220 2403 3291 qui
2431 3219 2581 3290 prius
2609 3218 2867 3275 comebat
2915 3194 3424 3286 Deum—loquuntur
3464 3214 3518 3269 in
3572 3214 3680 3269 daa-

406 3317 626 3371 tmmine
653 3314 963 3386 praeﬁgunt
1010 3315 1294 3372 Dominum
1334 3314 1692 3372 Salvatorem.
1729 3313 1994 3370 Jeremias

401 3406 552 3461 enim
579 3406 965 3475 interpretatus
989 3415 1093 3471 est,
1121 3407 1333 3463 Domini
1366 3407 1632 3463 excelsus.

484 3518 503 3549 ι
536 3496 675 3565 Quia
726 3498 1006 3555 adulteriis
1052 3499 1254 3570 repleta
1299 3507 1385 3555 est
1429 3509 1607 3563 terra,
1636 3498 1766 3567 quia
1790 3512 1822 3552 a
1858 3497 1997 3553 facie

410 3606 432 3644 ι
475 3586 868 3645 maledictionis
891 3588 1017 3661 (sive
1034 3589 1352 3664 juramenti)
1380 3589 1515 3647 luxit
1544 3599 1709 3645 terra.
1740 3588 1995 3646 Arefacta

409 3697 434 3734 σ
478 3686 606 3735 sunt
626 3693 758 3734 arva
781 3678 908 3751 (sive
932 3694 1131 3748 pascua
1160 3679 1405 3750 deserti),
1429 3686 1484 3734 et
1509 3678 1683 3733 factus
1703 3687 1788 3733 est
1806 3691 1998 3732 cursus

411 3787 436 3824 ι
478 3785 666 3826 eorum
699 3768 895 3836 malus,
927 3778 984 3825 et
1007 3767 1264 3823 fortitudo
1291 3783 1479 3824 eorum
1509 3768 1807 3825 dissimilis.
1832 3786 1849 3818 ι
1881 3765 1998 3821 Hoc

407 3863 557 3934 ψιοά
598 3876 699 3919 nos
741 3861 810 3916 de
857 3860 1122 3916 Hebraico
1168 3860 1466 3931 posuimus,
1495 3879 1515 3911 ι
1540 3860 1666 3931 quia
1717 3856 1999 3913 adulteriis

410 3951 619 4020 repleta
651 3958 738 4005 est
775 3958 944 4016 terra,
968 3970 987 4002 ι
1016 3950 1068 4006 in
1097 3949 1451 4021 Septuaginta
1479 3966 1585 4004 non
1629 3949 1874 4013 habetur,
1903 3947 1996 4017 qui

406 4042 768 4113 juramentum
801 4041 986 4097 dixere
1009 4057 1109 4112 pro
1132 4040 1513 4095 maledictione.
1548 4038 1851 4110 Redditque
1872 4054 1999 4095 cau-

408 4147 504 4190 sas
528 4132 672 4203 quod
700 4140 923 4202 propter
947 4130 1208 4187 adulteria
1231 4139 1288 4187 et
1315 4131 1624 4203 maledicta,
1656 4132 1772 4186 sive
1810 4145 1998 4200 super-

410 4225 581 4281 ﬂuum
616 4223 1145 4293 juramentum,imo
1191 4223 1423 4293 periuria
1472 4221 1686 4294 frugum
1737 4221 1999 4278 sterilitas

412 4326 702 4377 consecuta
721 4319 810 4374 sit.
833 4316 1107 4386 Quidquid
1128 4318 1197 4373 de
1216 4327 1360 4374 terra
1384 4315 1565 4373 Iudaea
1582 4316 1737 4385 juxta
1762 4317 1997 4373 litteram

413 4408 670 4480 intelligis
701 4407 842 4464 refer
875 4409 942 4462 ad
973 4408 1445 4478 congregationem
1480 4408 1840 4473 credentium,
1863 4424 1999 4478 quo-

413 4499 561 4565 niam
607 4509 830 4570 propter
872 4498 1135 4554 adulteria
1166 4508 1222 4555 et
1249 4499 1550 4563 mendacia,
1576 4501 1691 4556 sive
1734 4497 1991 4570 periuria.

2095 3311 2375 3375 monibus;
2404 3309 2546 3365 unde
2573 3316 2628 3364 et
2649 3306 3019 3380 significanter
3040 3308 3117 3362 ait
3144 3325 3157 3361 :
3182 3325 3201 3360 ι
3238 3306 3305 3361 Et
3326 3305 3379 3361 in
3402 3305 3682 3376 prophetis

2097 3401 2358 3457 Samaria:
2387 3400 2497 3461 vidi
2531 3399 2847 3465 stultitiam;
2899 3418 2918 3451 ι
2958 3412 3063 3455 non
3093 3398 3236 3453 enim
3277 3396 3477 3455 habent
3510 3410 3640 3457 eum
3662 3434 3681 3460 ,

2097 3491 2163 3546 de
2192 3505 2300 3560 quo
2327 3489 2527 3544 dicitur
2556 3508 2569 3544 :
2603 3507 2622 3541 ι
2653 3488 2901 3545 Christus
2926 3488 3020 3544 Dei
3055 3487 3225 3547 virtus
3250 3494 3308 3543 et
3335 3486 3429 3541 Dei
3458 3486 3680 3558 sapien-

2099 3580 2172 3633 tia
2198 3578 2249 3649 (I
2279 3576 2403 3633 Cor.
2438 3577 2500 3652 1).
2533 3596 2551 3629 ι

2174 3687 2193 3721 ι
2239 3667 2308 3724 Ει
2355 3668 2410 3722 in
2450 3666 2729 3739 prophetis
2759 3665 3092 3722 Hierusaiem
3121 3664 3228 3719 vidi
3273 3662 3683 3719 similitudinem

2105 3778 2123 3810 ι
2169 3757 2295 3830 (sive
2342 3756 2645 3830 horribilia)
2696 3756 3135 3820 adulterantium,
3163 3763 3219 3810 et
3247 3755 3350 3809 iter
3386 3752 3677 3813 mendacii.

2105 3871 2124 3904 ι
2169 3851 2233 3905 Ει
2253 3849 2695 3907 confortaverunt
2717 3864 2906 3903 manus
2925 3845 3306 3918 pessimorum,
3334 3852 3395 3899 ut
3422 3860 3530 3901 non
3551 3859 3682 3899 con-

2105 3961 2123 3992 ι
2160 3947 2463 3995 verteretur
2512 3939 2883 4008 unusquisque
2934 3953 2964 3991 a
3012 3933 3218 3989 malitia
3248 3949 3345 3989 sua
3373 3933 3499 4007 (sive
3525 3949 3558 3988 a
3594 3934 3691 3997 vis

2105 4050 2124 4084 ι
2172 4030 2290 4102 sua)
2304 4031 2558 4101 pessima.
2575 4030 2724 4085 Facti
2747 4037 2873 4084 sunt
2892 4027 3022 4083 mihi
3041 4041 3231 4089 otnnes
3241 4027 3398 4098 quasi
3422 4025 3682 4092 Sodoma,

2105 4142 2124 4175 ι
2162 4135 2218 4178 ει
2245 4122 2580 4178 habitatores
2607 4119 2724 4189 ejus
2745 4119 2906 4188 quasi
2923 4117 3248 4175 Gomorrha.
3287 4138 3307 4172 ι
3338 4117 3456 4179 Νοιι
3483 4117 3697 4182 solum.

2101 4215 2296 4285 inquit,
2357 4215 2411 4268 in
2459 4213 2840 4269 haereticorum
2884 4210 3259 4273 conciliabulis
3302 4211 3419 4267 ιιιεο
3467 4219 3680 4281 reperta

2101 4315 2249 4372 sunt.
2289 4307 2387 4367 sed
2421 4306 2474 4363 in
2525 4305 2803 4377 prophetis
2846 4319 3061 4375 quoque
3107 4303 3464 4368 Hierusaiem,
3498 4304 3550 4359 id
3576 4312 3697 4368 εει..

2100 4399 2416 4459 doctoribus
2456 4397 2747 4460 Ecclesiae,
2801 4395 2912 4451 vidi
2955 4393 3180 4457 similia,
3218 4394 3334 4451 sive
3369 4392 3678 4453 horribilia.

2102 4490 2520 4549 aduiterantium
2568 4487 2793 4550 verbum
2839 4487 2974 4552 Dei,
3023 4494 3081 4543 et
3124 4485 3535 4556 ingredientium
3586 4501 3686 4557 per

412 4552 674 4646 virtuturm
693 4552 750 4646 ei
768 4590 1118 4646 donationum
1142 4590 1240 4646 Dei
1260 4591 1519 4651 sterilitas
1540 4592 1593 4646 in
1614 4552 1872 4649 Ecclesiis
1897 4591 1993 4648 fit:
2023 4552 2077 4613 Β
2104 4584 2244 4638 viam
2274 4581 2563 4647 mendacii,
2595 4588 2655 4639 ut
2688 4580 3070 4637 haereticorum
3110 4576 3336 4635 fallaciis
3372 4579 3684 4649 acquiescev

490 4695 511 4729 ι
555 4677 823 4747 Propheta
856 4694 1089 4749 namque
1134 4689 1189 4735 et
1233 4680 1486 4736 sacerdos
1529 4680 1714 4752 polluti
1762 4690 1911 4747 sunt,
1942 4692 1999 4737 et

418 4787 438 4821 ι
486 4769 543 4825 in
572 4770 732 4826 domo
760 4787 882 4827 mea
908 4773 1086 4828 inveni
1115 4771 1316 4828 malum
1347 4787 1553 4836 eorum,
1591 4773 1668 4829 ait
1706 4773 1995 4839 Dominus;

420 4876 439 4909 ι
487 4857 690 4914 idcirco
724 4860 810 4914 via
831 4875 1023 4915 eorum
1042 4861 1171 4925 erit,
1187 4860 1344 4930 quasi
1364 4860 1628 4917 lubricum
1647 4862 1701 4916 in
1720 4863 1955 4918 tenebris
1979 4881 1993 4914 :

413 4947 757 5017 impellentur
780 4950 924 5004 enim
972 4959 1028 5005 et
1076 4958 1333 5006 corruent
1377 4951 1431 5005 in
1480 4966 1570 5016 ea,
1597 4951 1723 5022 quia
1775 4950 1996 5008 alierum

414 5037 546 5109 (sive
564 5036 817 5109 inferam)
849 5054 1011 5110 super
1031 5055 1126 5096 eos
1146 5040 1310 5105 mala,
1336 5056 1536 5096 annum
1563 5041 1887 5097 visitationis
1905 5057 1999 5098 eo—

414 5146 557 5196 rum,
602 5131 681 5185 ait
729 5130 1005 5188 Dominus.
1058 5149 1080 5184 ι
1122 5131 1347 5199 Quando
1375 5132 1431 5189 in
1486 5133 1724 5189 Ecclesia
1779 5133 1897 5198 Dei,
1942 5140 1999 5189 et

414 5220 653 5277 maxime
677 5221 731 5276 in
763 5222 1096 5293 principibus
1123 5220 1242 5292 ejus
1269 5223 1616 5281 inveniuntur
1646 5224 1806 5290 mala,
1852 5225 1994 5281 scia-

414 5329 539 5370 mus
565 5328 689 5371 esse
709 5314 1033 5386 completum
1058 5333 1072 5371 :
1102 5334 1123 5367 σ
1157 5315 1425 5388 Propheta
1449 5326 1506 5372 et
1527 5317 1783 5374 sacerdos
1808 5317 1997 5388 poiluti

415 5415 564 5471 sunt,
587 5406 643 5463 in
654 5407 814 5463 domo
842 5422 961 5464 mea
979 5408 1155 5468 inveni
1173 5410 1314 5466 mata
1334 5426 1548 5476 eorum,
1568 5411 1648 5466 ait
1672 5412 1950 5467 Dominus.
1970 5432 1988 5466 ι

416 5493 622 5553 Domus
646 5507 829 5555 autem
858 5498 1060 5556 Christi
1086 5500 1329 5558 Ecclesia
1358 5511 1466 5568 est,
1491 5502 1558 5558 de
1588 5518 1695 5573 qua
1721 5510 1776 5557 et
1804 5501 2002 5557 Paulus

416 5586 611 5643 scribit
627 5588 696 5643 ad
720 5587 1063 5647 Timotheum
1093 5606 1107 5643 :
1142 5608 1161 5641 ι
1201 5590 1269 5647 Ut
1294 5592 1435 5648 scias
1457 5591 1731 5663 quomodo
1749 5601 2003 5663 oporteat

418 5691 476 5737 te
501 5683 557 5738 in
609 5683 771 5740 domo
807 5683 904 5741 Dei
957 5683 1290 5751 conversari,
1335 5700 1456 5756 qua:
1482 5694 1567 5742 est
1614 5684 1859 5743 Ecclesia
1902 5684 2001 5740 Dei

421 5771 813 5838 immolemus
837 5783 894 5833 et
912 5775 1309 5835 ﬁrmamtum
1331 5775 1577 5834 veritatis
1592 5775 1644 5832 tl
1675 5777 1809 5832 Tim.
1839 5775 1942 5833 uti.
1977 5795 1993 5828 ι

2102 4684 2244 4740 rent,
2273 4684 2332 4733 et
2352 4674 2723 4732 confortarent
2749 4688 2943 4729 manus
2971 4673 3359 4744 pessimorum,
3386 4683 3697 4739 eorumque

2101 4767 2244 4825 mala
2285 4766 2399 4824 suis
2432 4765 2728 4822 sceleribus
2768 4765 3151 4836 adiungerent,
3167 4772 3225 4820 et
3247 4778 3389 4835 quos
3410 4762 3683 4829 corrigere

2101 4862 2420 4925 debuerant,
2453 4861 2712 4917 ducerent
2740 4858 2793 4914 in
2823 4858 3124 4914 interitum.
3171 4854 3272 4924 Qui
3312 4856 3416 4910 hoc
3457 4851 3689 4910 fecerint

2102 4968 2208 5011 non
2234 4968 2293 5010 se
2325 4953 2595 5009 aestiment
2619 4950 2916 5022 impunitos
2946 4968 2962 5005 :
2993 4956 3155 5005 erunt
3185 4947 3330 5002 enim
3361 4955 3423 4999 ει·
3452 4943 3591 5013 ipsi,
3628 4947 3686 4997 et

2105 5046 2184 5110 hi,
2207 5046 2406 5115 quibus
2443 5043 2628 5100 favent
2655 5043 2809 5112 quasi
2840 5041 3095 5105 Sodoma,
3129 5051 3424 5105 omnesque
3451 5036 3541 5104 qui
3588 5036 3683 5089 lia-

2102 5139 2277 5196 hitant
2299 5152 2422 5193 cum
2470 5138 2581 5203 eis,
2624 5151 2725 5192 nec
2753 5136 3014 5192 recedunt
3061 5149 3093 5188 a
3124 5132 3341 5196 talibus,
3389 5129 3543 5200 quasi
3568 5127 3682 5185 Go-

2102 5231 2340 5285 morrha.
2382 5228 2630 5284 Exsultat
2656 5228 2824 5298 igitur
2859 5234 3121 5297 quanam
3149 5223 3267 5277 vult
3288 5221 3533 5277 doctrina
3562 5237 3683 5292 pes-

2102 5321 2245 5376 simo
2265 5330 2322 5375 et
2342 5319 2643 5390 glorientur
2659 5320 2934 5389 prophetae
2962 5314 3316 5382 Hierusalem,
3342 5312 3487 5383 quod
3535 5312 3682 5367 obti-

2105 5420 2340 5466 nuerunt
2392 5426 2492 5481 per
2522 5410 2885 5475 mendacium,
2913 5417 2968 5465 et
3003 5407 3449 5464 confortaverunt
3488 5421 3683 5462 manus

2098 5499 2478 5573 pessimorum,
2520 5500 2644 5554 linis
2675 5513 2865 5555 eorum
2900 5499 3011 5555 erit
3038 5498 3195 5569 quasi
3222 5496 3461 5553 Sodoma
3490 5507 3548 5554 et
3573 5496 3685 5553 Go-

2101 5592 2344 5647 morrha.

2175 5702 2194 5736 ι
2236 5682 2527 5753 Propterea
2577 5681 2696 5737 lucc
2744 5680 2875 5737 dicit
2915 5680 3177 5737 Dominus
3222 5678 3561 5735 exercituum
3612 5675 3682 5731 ad

2106 5793 2126 5828 σ
2163 5773 2497 5845 prophetas:
2540 5771 2685 5829 Ecce
2720 5786 2824 5841 ego
2868 5771 3073 5829 cihabo
3105 5784 3201 5827 eos
3248 5768 3525 5837 absinthio
3554 5764 3680 5819 (sive
