4022 6186
410 425 514 478 985

1047 420 1108 475 Β.
1148 389 1398 475 mm
1435 419 1656 476 suum
1689 418 2005 473 ancmse.
2049 419 2354 476 uocum.
2397 417 2678 476 OPERUM
2714 415 2892 473 psus
2930 415 3014 470 ιιι.

3544 409 3644 468 οδι

415 555 430 583 ι
471 532 743 589 doloribus
761 551 778 584 ι
802 530 1047 602 (etjuxta
1068 529 1453 601 Symmachum
1480 529 1905 592 «amaritudine,
1931 532 1976 597 ι)
2007 533 2056 591 Α
2083 532 2226 585 enim
2264 540 2321 587 et
2344 531 2632 586 securitate
2659 537 3031 600 tempestatem
3057 524 3246 581 venire
3270 521 3608 596 Babyloniam
3628 561 3648 590 ,

415 649 430 677 ο
477 633 532 678 ct
561 621 756 694 potabo
783 636 877 675 eos
913 619 1034 674 felle
1063 619 1186 691 (sive
1213 635 1352 688 aqua
1379 619 1606 689 amara),
1635 619 1758 687 quia
1795 635 1822 670 a
1853 631 1982 686 pro-

417 738 432 767 ι
478 715 652 785 phetis
684 709 1020 766 Hierusalem
1059 717 1141 764 est
1179 723 1398 780 egressa
1428 708 1648 778 pollutio
1679 707 1732 761 in
1766 723 1983 761 omnem

421 827 436 857 ι
472 816 689 860 terram.
724 822 742 853 ι
793 800 1020 855 Utamur
1072 800 1175 854 huc
1207 799 1512 854 testimonio
1558 799 1843 853 adversum
1893 812 1985 852 eos

411 900 502 970 qui
552 895 806 966 epistolas
836 894 1021 964 plenas
1067 894 1470 948 mendaciorum
1514 902 1568 948 et
1615 892 1986 948 fraudulentite

413 999 574 1058 atque
599 986 820 1057 perjurii
847 986 896 1037 in
920 985 1104 1038 orbem
1129 985 1382 1054 dirigunt,
1407 993 1467 1038 ut
1490 993 1545 1038 et
1568 999 1728 1038 aures
1746 984 1987 1054 polluant

413 1077 762 1139 audientium,
803 1084 858 1129 et
898 1074 1352 1128 existimationem
1400 1073 1720 1141 simplicium
1753 1073 1945 1127 laedant
1971 1113 1985 1136 ,

416 1169 556 1239 quod
586 1167 872 1237 impleatur
899 1165 954 1220 in
999 1165 1078 1218 eis
1105 1165 1247 1234 quod
1278 1165 1536 1232 scriptum
1566 1173 1648 1217 est
1676 1177 1689 1216 :
1736 1181 1753 1213 ι
1791 1164 1835 1217 Α
1867 1178 1989 1232 pro-

417 1259 593 1328 phetis
617 1256 950 1311 Hierusilem
973 1269 1188 1322 egressa
1213 1265 1296 1308 est
1317 1253 1538 1323 pollutio
1563 1254 1615 1306 in
1645 1267 1857 1307 omnem
1883 1262 1990 1306 ter-

419 1368 553 1406 ram.
601 1371 619 1402 ι
647 1349 763 1404 Non
789 1347 932 1402 enim
974 1346 1054 1400 eis
1081 1343 1273 1400 suflicit
1329 1344 1666 1414 iniquitatem
1718 1343 1990 1413 propriam

419 1442 694 1502 devorare,
718 1436 992 1507 proximos
1015 1434 1243 1489 laedere:
1271 1433 1367 1489 sed
1391 1448 1526 1503 quos
1551 1433 1716 1490 semel
1742 1433 1988 1495 oderunt,

421 1545 515 1599 per
543 1528 854 1582 universum
881 1524 1065 1579 orbem
1097 1522 1358 1577 infamare
1394 1531 1678 1587 conantur,
1719 1530 1773 1577 et
1797 1523 1994 1591 ubique

419 1622 688 1675 seminare
711 1617 1094 1686 blasphemias.

497 1731 513 1763 ι
553 1709 676 1764 Haec
707 1709 835 1764 dicit
876 1707 1133 1762 Dominus
1181 1705 1515 1760 exercituum
1550 1723 1562 1758 :
1598 1702 1774 1759 Nolite
1811 1704 1995 1758 audire

423 1803 584 1858 verba
609 1803 1017 1872 prophetarum,
1047 1799 1138 1870 qui
1166 1800 1491 1869 prophetam
1539 1799 1707 1864 vobis,
1763 1806 1817 1852 et
1846 1797 1994 1853 deci-

423 1897 573 1965 piunt
601 1910 712 1949 vos.
739 1892 1014 1948 Visionem
1039 1892 1218 1947 cordis
1248 1891 1328 1946 sui
1357 1887 1667 1959 loquuntur,
1697 1897 1754 1944 et
1787 1905 1890 1944 non
1931 1889 1996 1944 de

421 2000 519 2039 ore
553 1983 782 2038 Domini.
829 1982 1020 2036 Dicunt
1055 1981 1161 2043 his,
1209 1981 1299 2048 qui
1341 1979 1716 2050 blasphemant
1748 1995 1835 2034 me
1869 1979 1997 2049 (sive

421 2071 683 2142 abjiciunt
709 2071 929 2126 verbum
959 2069 1187 2139 meum),
1223 2070 1430 2124 locutus
1453 2078 1537 2124 est
1563 2069 1820 2124 Dominus
1848 2087 1860 2122 :
1887 2069 1995 2123 Pax

421 2161 529 2216 erit
551 2161 724 2227 vobis,
753 2169 808 2216 et
833 2161 998 2224 omni,
1029 2161 1121 2230 qui
1153 2159 1389 2214 ambulat
1423 2161 1475 2214 in
1527 2159 1791 2228 pravitate
1819 2159 1998 2213 cordis

423 2252 528 2317 sui,
570 2252 822 2306 dixerunt
857 2269 870 2304 :
915 2266 1020 2306 non
1081 2252 1297 2305 venient
1332 2266 1492 2320 super
1523 2266 1620 2304 vos
1652 2251 1812 2303 mala.
1855 2269 1873 2301 ι
1920 2249 1997 2306 Ne

423 2349 640 2414 putaret
668 2356 726 2395 se
753 2341 980 2410 populus
1006 2339 1242 2394 alienum
1271 2355 1394 2395 esse
1419 2354 1449 2392 a
1476 2338 1656 2408 culpa,
1688 2338 1732 2393 si
1775 2353 1990 2408 perver-

425 2435 502 2490 sis
528 2435 896 2503 acquiesceret
921 2431 1232 2488 doctoribus
1262 2449 1276 2484 :
1310 2449 1328 2482 ι
1357 2429 1553 2497 Nolite,
1592 2431 1784 2500 inquit,
1816 2429 1999 2484 audire

425 2523 589 2579 verba
619 2525 1022 2594 prophetarum,
1060 2522 1256 2592 quibus
1295 2522 1450 2578 vobis
1494 2523 1817 2592 prophetam
1850 2537 2001 2577 men-

424 2613 659 2677 dacium,
681 2620 739 2668 et
766 2612 1038 2681 decipiunt
1080 2626 1194 2666 vos.
1237 2631 1255 2663 ι
1284 2611 1390 2665 Par
1415 2611 1558 2666 enim
1599 2612 1706 2666 erit
1747 2625 1908 2682 poena
1945 2620 2002 2665 et

426 2702 684 2772 magistro
717 2711 774 2758 et
810 2701 1074 2770 discipulo
1118 2720 1131 2755 :
1175 2717 1280 2756 non
1323 2701 1620 2771 loquuntur
1651 2717 1719 2757 ex
1757 2717 1852 2757 ore
1891 2702 1998 2758 Do-

428 2791 583 2857 mini,
611 2793 706 2847 sed
741 2807 827 2858 ea,
857 2806 978 2862 quae
1021 2791 1072 2845 in
1105 2806 1204 2846 suo
1233 2791 1398 2846 corde
1425 2790 1766 2845 simularunt.
1808 2790 2002 2843 Dicunt

427 2883 532 2948 his,
569 2884 662 2954 qui
684 2883 1058 2953 blasphemant
1083 2897 1168 2937 me
1201 2901 1213 2935 :
1249 2881 1520 2937 haereticis
1560 2880 1808 2936 videlicet
1839 2889 2001 2949 atque

431 2977 722 3045 perversis,
751 2977 865 3031 sive
893 2976 985 3047 qui
1017 2974 1274 3045 abjiciunt
1297 2990 1601 3031 sermonem
1625 2989 1841 3040 meum;
1871 2972 2001 3042 quid

430 3068 648 3124 dicunt?
673 3089 691 3121 ‹
721 3068 956 3124 Locutus
988 3077 1071 3123 est
1106 3068 1362 3123 Dominus
1402 3109 1414 3122 .
1454 3066 1567 3122 Pax
1591 3067 1697 3122 erit
1740 3065 1892 3120 vobis
1921 3082 1933 3118 :
1975 3083 1995 3116 ι

428 3175 497 3215 ne
519 3161 755 3216 timentis
775 3161 908 3216 dura
934 3160 1210 3230 supplicia,
1259 3175 1359 3215 nec
1384 3160 1536 3215 vanis
1572 3157 2002 3214 comminationi-

428 3249 530 3304 bus
565 3249 909 3303 terreamini?
941 3247 1050 3302 Pax
1089 3250 1194 3304 erit
1232 3249 1384 3303 vobis
1413 3257 1574 3318 atque
1617 3246 1998 3317 tranquillitas,

427 3346 477 3390 et
526 3337 784 3406 quidquid
813 3337 1040 3391 dicimus
1087 3345 1141 3391 et
1181 3337 1563 3391 annuntiamus
1607 3335 1756 3391 vobis
1793 3335 2004 3391 locutus

427 3435 513 3484 est
536 3427 812 3483 Dominus.
847 3426 954 3483 Nec
988 3429 1168 3483 veniet
1204 3444 1366 3498 super
1388 3445 1484 3485 vos
1511 3428 1730 3493 malum,
1768 3430 1910 3498 quod
1939 3429 2004 3483 ti-

432 3517 589 3572 metis
617 3532 716 3586 pro
743 3517 885 3574 mala
913 3517 1242 3572 conscientia
1269 3533 1285 3573 :
1313 3519 1406 3574 sed
1431 3519 1650 3584 bonum,
1681 3520 1824 3590 quod
1850 3520 2004 3576 vobis

429 3607 636 3662 locutus
667 3617 748 3664 cst
788 3607 1063 3663 Dominus.

504 3715 523 3747 ο
551 3696 682 3764 Quis
712 3699 854 3753 enim
883 3697 1052 3753 adfuit
1082 3699 1135 3754 in
1165 3700 1389 3755 consilio
1437 3701 1666 3767 Domm.,
1705 3710 1759 3756 et
1786 3702 1919 3756 vidit
1949 3710 2004 3756 et

436 3806 453 3837 ι
491 3787 696 3841 audivit
725 3802 1027 3842 sermonem
1051 3786 1203 3856 ejus?
1228 3789 1357 3855 Quis
1379 3791 1742 3846 consideravit
1781 3793 2002 3846 verbum

433 3899 451 3930 α
489 3877 631 3933 illius
643 3887 700 3934 et
712 3878 950 3933 audivit?
975 3897 993 3931 ι
1017 3877 1116 3933 Ubi
1132 3893 1231 3933 nos
1258 3881 1592 3950 interpretati
1617 3894 1801 3936 sumus
1814 3880 1866 3933 in
1881 3897 2003 3934 con-

428 3968 550 4023 silio
606 3967 837 4033 Domini,
868 3977 923 4023 et
966 3968 1020 4022 in
1075 3967 1343 4024 llebraico
1392 3969 1652 4038 scriptum
1681 3978 1766 4024 est
1799 3978 1935 4029 TD:
1985 3987 1998 4024 :

425 4058 641 4129 Aquila,
672 4069 963 4124 secretum;
991 4058 1369 4130 Symmachus,
1409 4078 1729 4128 sermonem;
1757 4060 1899 4115 LXX
1948 4071 2004 4117 et

425 4142 744 4214 Theodotio,
777 4150 1121 4204 substantiam
1155 4151 1269 4205 sive
1301 4151 1685 4206 subsistentiam
1733 4153 2001 4223 interpre-

425 4240 521 4294 tati
545 4249 689 4294 sunt.
718 4239 784 4294 Et
807 4249 890 4294 est
918 4255 1108 4294 sensus
1133 4254 1150 4295 :
1179 4240 1355 4296 Nolite
1375 4241 1616 4306 credere,
1649 4259 1682 4297 ο
1703 4244 1894 4315 vulgus
1915 4244 2000 4298 in-

428 4330 667 4395 doctum,
713 4329 991 4400 prophetis
1031 4331 1184 4386 vobis
1216 4330 1350 4385 falsa
1392 4333 1870 4399 annuntiantibus,
1909 4334 2002 4404 qui

419 4419 628 4484 dicunt,
663 4419 788 4474 Ilzec
829 4419 1040 4476 locutus
1083 4429 1166 4476 est
1208 4422 1509 4478 Dominus:
1542 4422 1652 4477 Pax
1683 4425 1787 4479 erit
1826 4425 1998 4490 vobis,

2083 630 2137 675 ct
2168 620 2350 675 venire
2387 636 2494 675 non
2535 633 2694 688 super
2734 617 3020 688 quoslibet,
3049 615 3145 670 sed
3165 628 3326 684 super
3350 613 3528 683 capita
3554 613 3654 668 im-

2083 714 2316 784 piorum,
2340 711 2424 766 vel
2459 711 2694 766 universi
2715 707 2916 779 populi,
2941 707 3023 761 vel
3045 720 3232 761 eorum
3268 704 3359 774 qui
3405 701 3538 757 falsa
3559 715 3656 772 po—

2086 809 2212 874 pulo
2241 804 2573 860 nuntiabant.
2599 801 2708 857 Nec
2741 802 2880 857 sicut
2910 801 2963 854 in
2997 797 3286 870 praeteritis
3322 794 3657 864 temporibus

2089 895 2182 949 Dei
2213 894 2347 947 iram
2375 894 2716 962 furoremque
2741 890 3081 961 placandum,
3111 887 3203 943 sed
3225 886 3364 956 quod
3387 885 3654 955 praadixit,

2086 994 2140 1040 et
2165 984 2458 1055 saepissime
2479 983 2835 1039 comminatus
2871 994 2973 1047 est,
2997 996 3158 1051 opere
3182 977 3576 1049 complendum,
3603 986 3662 1032 et

2088 1075 2465 1146 cogitationem
2498 1074 2639 1129 illius
2669 1083 2830 1144 atque
2850 1073 3173 1128 sententiam
3220 1071 3504 1141 impiorum
3536 1084 3665 1138 sup-

2088 1167 2261 1238 pliciis
2289 1165 2760 1234 comprobandum.
2791 1161 2949 1228 Cum,
2987 1162 3180 1232 inquit,
3231 1172 3536 1216 extremum
3567 1174 3662 1213 ca-

2092 1257 2350 1328 ptivitatis
2381 1265 2590 1326 tempus
2628 1255 2927 1320 advenerit,
2958 1263 3012 1308 et
3040 1251 3335 1308 obtinuerit
3362 1265 3458 1305 vos
3495 1250 3669 1303 victor

2091 1345 2390 1407 exsultans,
2417 1353 2472 1399 et
2499 1359 2691 1398 manus
2719 1343 2948 1398 stridore
2991 1341 3228 1396 vinxerit
3280 1348 3590 1395 catenarum
3647 1351 3662 1391 :

2094 1445 2219 1490 tunc
2239 1434 2548 1506 intelligetis
2575 1434 2856 1490 consilium
2879 1434 3014 1505 ejus,
3029 1432 3170 1502 quod
3184 1447 3279 1487 vos
3304 1429 3503 1485 frustra
3526 1444 3670 1484 nunc

2094 1525 2234 1580 scire
2257 1524 2498 1595 jactatis.

2169 1633 2188 1666 ι
2221 1613 2336 1670 Νοιι
2363 1615 2641 1669 mittebam
2667 1614 2981 1683 prophetas,
3007 1620 3064 1666 et
3091 1611 3192 1682 ipsi
3219 1609 3534 1675 currebant;
3563 1624 3670 1662 non

2103 1727 2120 1758 ι
2156 1706 2416 1779 loquebar
2439 1706 2505 1759 ad
2527 1720 2638 1772 eos,
2666 1713 2718 1759 et
2742 1705 2842 1775 ipsi
2870 1703 3281 1774 prophetabant.
3311 1699 3369 1755 Si
3391 1701 3674 1755 stetissent

2101 1819 2120 1852 ι
2163 1799 2216 1854 in
2241 1798 2467 1855 consilio
2495 1811 2635 1862 meo,
2678 1806 2732 1850 et
2779 1802 2905 1850 nota
2937 1792 3189 1848 fecissent
3212 1792 3376 1846 verba
3420 1805 3538 1844 mea
3573 1805 3672 1859 po-

2025 1871 2070 1930 B
2105 1913 2123 1944 ι
2160 1893 2286 1963 pulo
2314 1906 2453 1957 meo,
2481 1889 2795 1945 avertissem
2823 1888 3007 1956 utique
3025 1900 3120 1940 eos
3140 1899 3169 1938 a
3194 1885 3277 1937 via
3307 1898 3403 1938 sua
3426 1881 3590 1945 mala,
3621 1890 3677 1936 et

2103 2002 2120 2032 ι
2163 1997 2193 2035 a
2214 1980 2463 2050 pessimis
2489 1977 2905 2050 cogitationibus
2930 1975 3062 2032 suis.
3108 1994 3128 2026 ι
3161 1973 3316 2028 Hunc
3365 1987 3588 2028 sensum
3623 1979 3678 2026 et

2096 2071 2382 2144 Apostolus
2405 2070 2636 2141 explicat
2661 2069 2726 2124 ad
2757 2069 3027 2123 Romanos
3056 2085 3118 2144 :Vc
3153 2067 3221 2120 Et
3248 2066 3387 2120 sicut
3415 2081 3520 2118 non
3548 2081 3678 2134 pro-

2097 2143 2359 2218 baverunt
2405 2161 2689 2216 Dominum
2723 2160 2923 2214 habere
2970 2159 3022 2212 in
3052 2143 3274 2220 notitia,
3316 2156 3538 2210 tradidit
3583 2170 3680 2210 eos

2099 2253 2426 2308 Dominusin
2455 2252 2738 2322 reprobum
2777 2265 3018 2315 sensum,
3062 2258 3122 2303 ut
3163 2249 3367 2304 faciant
3393 2263 3515 2316 qua:
3567 2262 3678 2300 non

2097 2343 2442 2404 conveniunt,
2469 2341 2701 2410 repletos
2725 2340 2872 2395 omni
2901 2339 3206 2408 iniquitate,
3250 2337 3474 2400 malitia,
3509 2337 3682 2389 forni-

2099 2435 2331 2499 catione,
2365 2434 2626 2503 nequitia,
2656 2433 2882 2487 avaritia
2915 2431 3088 2503 (Rom.
3145 2430 3207 2502 ι),
3260 2450 3278 2482 ι
3334 2438 3390 2486 et
3434 2429 3676 2484 czeteris.

2098 2527 2232 2583 Cum
2256 2527 2398 2582 enim
2424 2525 2589 2581 semel
2611 2540 2668 2579 se
2688 2525 3006 2578 tradiderint
3035 2523 3157 2578 falsi
3179 2524 3426 2578 doctores
3451 2522 3681 2575 menda-

2099 2619 2222 2682 ciis,
2272 2625 2433 2686 atque
2477 2614 2747 2687 periuriis,
2779 2624 2830 2670 et
2862 2614 3124 2669 mortibus
3153 2613 3526 2682 deceptorum,
3570 2625 3680 2665 non

2100 2710 2427 2778 pedetentim
2484 2725 2584 2764 nec
2631 2709 2970 2763 considerato
3015 2708 3206 2780 gradu,
3234 2707 3329 2762 sed
3373 2705 3682 2776 praecipites

2101 2807 2326 2853 currunt
2361 2798 2428 2852 ad
2467 2798 2763 2863 interitum,
2801 2807 2856 2853 et
2891 2814 3070 2863 suum,
3099 2805 3155 2854 et
3188 2813 3375 2853 eorum
3410 2812 3548 2867 quos
3589 2798 3682 2852 de-

2101 2891 2359 2960 ceperint.
2391 2888 2500 2944 Nec
2520 2889 2757 2958 loquitur
2781 2890 2857 2943 eis
2884 2889 3141 2944 Dominus
3159 2932 3174 2957 ,
3197 2887 3291 2944 sed
3323 2889 3423 2957 ipsi
3447 2887 3683 2958 loquun-

2101 2990 2191 3036 tur
2210 2980 2362 3051 quasi
2386 2995 2450 3034 ex
2490 2993 2583 3034 ore
2615 2980 2848 3044 Domini,
2876 2980 2943 3035 de
2963 2979 3159 3049 quibus
3185 2987 3239 3034 et
3269 2979 3466 3032 dicitur
3495 2996 3510 3031 :
3555 2998 3574 3028 α
3620 2977 3678 3033 Si

2101 3073 2378 3128 stetissent
2412 3071 2464 3125 in
2490 3070 2716 3126 consilio
2743 3086 2883 3133 meo,
2916 3091 2934 3123 ι
2977 3071 3074 3126 hoc
3114 3081 3214 3133 est,
3240 3071 3285 3125 si
3314 3084 3447 3124 mea:
3475 3069 3681 3124 voluis-

2104 3171 2223 3218 sent
2261 3160 2602 3232 acquiescere
2639 3161 2925 3226 voluntati,
2955 3170 3010 3218 et
3056 3171 3181 3216 nota
3227 3160 3483 3216 fecissent
3513 3161 3682 3215 verba

2105 3269 2225 3310 mea
2263 3253 2458 3323 p0pulo
2483 3268 2623 3318 meo,
2656 3269 2760 3308 non
2787 3253 3122 3309 blandientes
3163 3254 3243 3308 eis
3277 3263 3334 3309 et
3368 3253 3682 3308 adulatione

2101 3344 2404 3415 perdentes,
2431 3351 2491 3396 ut
2517 3344 2795 3399 dicerent:
2829 3359 2934 3399 non
2984 3345 3195 3400 habetis
3222 3352 3466 3413 peccata,
3499 3343 3680 3414 perfe-

2101 3447 2244 3490 ctam
2260 3434 2522 3503 justitiam
2545 3436 2853 3506 possidetis,
2875 3437 3134 3490 sanctitas
3159 3443 3212 3489 et
3232 3434 3490 3504 pudicitia
3515 3443 3682 3503 atque

2096 3523 2304 3593 justitia
2330 3526 2382 3579 in
2403 3525 2552 3579 vobis
2583 3526 2950 3580 tantummodo
2976 3523 3330 3596 reperiuntur.
3358 3524 3425 3577 Et
3449 3539 3551 3593 ego
3571 3539 3680 3576 non

2103 3615 2444 3669 tradidissem
2474 3630 2566 3669 eos
2595 3615 2647 3668 in
2679 3615 3072 3669 immunditiam
3115 3621 3171 3667 et
3201 3612 3571 3684 ignominiam.
3627 3621 3686 3665 ut

2101 3703 2367 3769 facerem,
2418 3721 2538 3774 quae
2588 3721 2694 3758 non
2742 3705 3091 3768 conveniunt,
3126 3711 3265 3757 etut
3315 3711 3682 3771 sequerentur

2099 3797 2453 3868 cogitationes
2473 3813 2599 3851 suas
2618 3798 2897 3867 pessimas.
2917 3795 3352 3864 Contemplemur
3370 3795 3679 3857 haereticos,

2101 3889 2370 3957 quomodo
2415 3888 2581 3943 semel
2617 3889 2964 3957 desperantes
3005 3874 3253 3954 salutem,
3284 3888 3423 3959 gulae
3465 3902 3530 3941 se
3569 3896 3679 3941 tra-

2100 3977 2252 4042 dant,
2282 3986 2337 4032 et
2359 3978 2583 4041 deliciis,
2609 3988 2898 4034 vescantur
2927 3979 3179 4034 carnibus
3198 4020 3212 4043 ,
3239 3978 3553 4047 frequenter
3591 3978 3683 4032 ad-

2100 4078 2226 4124 eant
2267 4069 2476 4131 balnca,
2513 4084 2698 4123 musco
2728 4067 2990 4138 fragrcnt,
3033 4069 3320 4138 unguentis
3349 4068 3522 4122 variis
3548 4067 3681 4122 deli-

2101 4159 2215 4213 buti
2237 4167 2482 4229 quaerant
2525 4159 3300 4228 corporumpulchritudinem.
3333 4157 3514 4212 Semel
3536 4159 3680 4213 enim

2101 4249 2280 4304 futura
2311 4266 2416 4304 non
2448 4261 2690 4320 sperant,
2721 4265 2820 4304 nec
2851 4253 3077 4305 credunt
3107 4251 3160 4304 in
3191 4252 3678 4306 resurrectionem:

2101 4343 2242 4411 quod
2281 4357 2401 4396 cum
2442 4357 2689 4396 sermone
2735 4357 2839 4396 non
2868 4343 3124 4411 pandant,
3166 4343 3456 4398 ostendunt
3499 4343 3680 4414 operi-

2103 4433 2244 4487 bus:
2280 4433 2323 4487 si
2359 4433 2502 4487 enim
2549 4433 2854 4498 crederent,
2901 4434 3003 4488 ista
3057 4450 3161 4488 non
3196 4433 3455 4488 facerent.
3508 4435 3576 4488 Et
3625 4434 3675 4487 in

428 4523 533 4611 non
559 4510 740 4564 veniet
786 4525 947 4579 super
991 4527 1084 4567 vos
1133 4512 1354 4569 malum.
1409 4513 1560 4570 Unde
1587 4514 1732 4570 enim
1774 4527 1998 4586 possunt
2031 4553 2077 4611 ι)
2109 4543 2127 4574 ε
2159 4525 2259 4578 hoc
2281 4524 2399 4578 loco
2423 4525 2511 4578 ubi
2537 4525 2792 4592 scriptum
2813 4532 2916 4588 est,
2948 4543 2965 4573 ι
2997 4525 3041 4578 si
3070 4524 3346 4578 stetissent
3372 4524 3424 4577 in
3455 4524 3677 4578 consilio

427 4597 520 4651 Dei
548 4613 708 4652 nosse
741 4609 970 4665 secreta,
1000 4610 1092 4655 aut
1119 4617 1226 4670 quo
1252 4604 1603 4659 aununtiante
1628 4604 1836 4660 Domini
1866 4607 2002 4660 didi-

423 4703 550 4743 cere
576 4688 897 4743 consilium?
931 4691 1208 4756 Quomodo
1245 4694 1312 4748 ad
1348 4707 1442 4749 eos
1475 4694 1669 4748 divina:
1698 4695 2005 4764 dispositio-

425 4779 511 4832 nis
551 4793 728 4832 sermo
752 4780 1040 4847 pervenit?
1064 4781 1292 4848 Quidam
1319 4793 1624 4840 nostrorum
1651 4785 1704 4840 in
1746 4787 1846 4842 hoc
1885 4787 2004 4843 loco

422 4885 483 4926 se
509 4871 774 4941 reperisse
789 4871 856 4926 de
871 4881 1082 4941 putant,
1101 4874 1187 4928 ubi
1207 4875 1298 4928 Dei
1323 4876 1657 4931 describatur
1681 4879 1998 4934 substantia.

497 4982 515 5014 ‹
555 4963 694 5018 Ecce
729 4966 887 5019 turbo
913 4964 1040 5036 (sive
1063 4973 1397 5038 tempestas),
1427 4977 1484 5024 et
1509 4972 1799 5026 commotio
1822 4972 2002 5028 Domi-

426 5077 443 5102 ι
485 5056 619 5112 nica:
656 5057 1041 5128 indignationis
1061 5057 1388 5127 egredietur,
1415 5069 1470 5113 et
1496 5071 1788 5130 tempestas
1821 5079 2002 5120 erum-

428 5173 446 5204 ι
485 5168 639 5222 pens,
667 5168 829 5223 super
865 5159 1026 5222 caput
1052 5152 1340 5222 impiorum
1373 5155 1568 5210 veniet.
1594 5156 1659 5210 Et
1679 5172 1786 5210 non
1816 5173 1998 5212 rever-

428 5262 447 5293 ‹
491 5252 637 5298 tetur
672 5243 823 5298 furor
861 5244 1104 5305 Domini,
1145 5258 1315 5312 usque
1349 5245 1474 5300 dum
1515 5245 1696 5310 faciat,
1735 5257 1793 5302 et
1829 5265 2001 5319 usque

429 5355 448 5386 ι
485 5336 611 5390 dum
633 5336 904 5407 compleat
931 5335 1312 5406 cogitationem
1340 5337 1518 5390 cordis
1553 5338 1656 5391 sui.
1687 5337 1742 5391 In
1770 5341 2001 5394 novissi-

428 5445 447 5476 ι
487 5426 589 5481 mis
615 5426 804 5481 diebus
828 5426 1140 5497 intelligetis
1164 5427 1446 5482 consilium
1473 5427 1610 5496 ejus.
1651 5449 1667 5478 ι
1703 5427 1804 5494 Qui
1837 5444 2000 5497 supra

425 5517 673 5572 dixerant
709 5536 723 5572 :
768 5537 788 5568 ε
833 5517 1070 5574 Locutus
1101 5528 1186 5574 est
1218 5520 1372 5574 nobis
1412 5520 1692 5584 Dominus,
1746 5534 1846 5589 pax
1898 5521 2004 5574 erit

429 5609 603 5674 vobis,
639 5629 657 5660 ι
683 5619 741 5663 et
767 5625 901 5679 quos
933 5611 1292 5679 corripuerat,
1324 5611 1466 5681 quod
1494 5627 1598 5666 non
1622 5617 1842 5680 possent
1873 5625 2003 5664 ven-

430 5710 549 5752 tura
579 5715 927 5770 cognoscere,
957 5717 1061 5756 nec
1089 5701 1182 5755 Dei
1233 5715 1392 5756 nosse
1437 5703 1760 5757 sententiam
1807 5719 1820 5754 :
1861 5717 2004 5756 nunc

428 5789 663 5846 ostendit
693 5805 787 5860 per
806 5791 1077 5844 contraria
1101 5804 1194 5845 cos
1237 5792 1456 5845 omnino
1484 5791 1713 5846 nescire.
1743 5789 1844 5845 Pro
1870 5806 2003 5860 pace

2106 4629 2245 4680 meo,
2283 4635 2300 4666 ι
2337 4615 2549 4684 Aquila,
2575 4614 2929 4685 Symmachus
2949 4623 3003 4669 et
3022 4614 3340 4678 Theodotio,
3367 4621 3423 4667 et
3452 4613 3678 4684 Septua-

2104 4705 2249 4774 ginta
2278 4714 2337 4758 ut
2371 4720 2530 4772 supra
2563 4704 2812 4758 similiter
2836 4703 3241 4758 transtulerunt.

2180 4811 2200 4844 ς
2239 4793 2484 4862 Nunquid
2520 4793 2660 4847 Deus
2687 4809 2718 4847 e
2745 4794 2920 4847 vicino
2965 4809 3102 4856 sum,
3131 4793 3262 4846 dicit
3289 4792 3554 4846 Dominus
3581 4811 3594 4846 :
3627 4801 3679 4846 et

2110 4905 2126 4936 ι
2163 4900 2267 4939 non
2301 4885 2439 4938 Deus
2465 4884 2530 4937 de
2559 4884 2750 4953 longe?
2780 4883 2835 4937 Si
2865 4883 3226 4938 occultabitur
3251 4882 3333 4935 vir
3367 4881 3420 4935 in
3447 4882 3678 4937 abscon-

2110 4995 2128 5026 ι
2165 4975 2312 5038 ditis,
2336 4983 2391 5028 et
2409 4990 2508 5045 ego
2541 4990 2646 5028 non
2675 4974 2864 5028 videbo
2887 4990 3028 5037 cum,
3058 4975 3187 5028 dicit
3217 4974 3510 5027 Dominus?
3538 4973 3680 5028 Nun-

2113 5085 2131 5116 ι
2167 5065 2293 5134 quid
2330 5079 2434 5118 non
2474 5064 2668 5118 omium
2698 5073 2752 5119 et
2777 5074 2974 5119 terram
3000 5079 3099 5134 ego
3135 5064 3349 5132 impleo,
3387 5064 3463 5116 ait
3501 5062 3677 5118 Domi—

2113 5177 2129 5206 ε
2166 5155 2300 5209 nus?
2356 5174 2374 5205 ι
2425 5153 2565 5209 LXX
2597 5174 2608 5207 :
2642 5173 2660 5204 ί
2729 5156 2868 5208 Deus
2916 5155 3352 5224 appropinquans
3382 5168 3503 5223 ego,
3555 5153 3677 5206 dicit

2113 5264 2131 5297 ι
2165 5246 2441 5310 Dominus,
2475 5255 2530 5300 et
2576 5262 2680 5302 non
2723 5247 2862 5301 Deus
2891 5247 2956 5300 de
2995 5246 3168 5315 longe.
3210 5247 3267 5299 Si
3321 5245 3677 5299 abscondetur

2112 5355 2129 5385 ς
2161 5336 2322 5390 homo
2349 5335 2402 5389 in
2448 5336 2808 5400 absconditis,
2858 5345 2913 5391 et
2968 5349 3067 5403 ego
3118 5351 3222 5390 non
3275 5335 3470 5390 videbo
3516 5349 3672 5396 eum,

2109 5444 2128 5476 ε
2163 5425 2295 5480 dicit
2336 5425 2622 5480 Dominus?
2664 5425 2910 5495 Nunquid
2959 5443 3065 5481 non
3113 5426 3308 5480 caelum
3367 5435 3423 5479 et
3479 5434 3674 5479 terram

2111 5537 2128 5568 ι
2167 5532 2266 5587 ego
2297 5518 2509 5586 impleo,
2539 5517 2670 5572 dicit
2714 5517 3003 5570 Dominus?
3039 5538 3054 5566 ι
3087 5516 3279 5585 Aquila
3321 5524 3379 5569 et
3422 5514 3671 5585 Symma—

2105 5608 2238 5662 chus
2281 5607 2530 5662 similiter
2577 5607 2915 5676 interpretati
2957 5615 3123 5662 sunt:
3181 5625 3199 5656 ε
3259 5604 3506 5673 Nunquid
3541 5604 3672 5656 Deus

2104 5698 2170 5752 de
2197 5699 2512 5767 propinquo,
2542 5699 2654 5752 sive
2692 5698 2870 5752 vicino
2898 5713 2997 5768 ego
3019 5713 3159 5761 sum,
3203 5705 3260 5752 et
3288 5712 3392 5750 non
3431 5695 3571 5749 Deus
3607 5693 3672 5746 clo

2105 5792 2258 5864 longe
2271 5791 2293 5841 ’ἓ
2324 5807 2340 5842 ›
2379 5791 2516 5845 LXX
2550 5806 2677 5846 vero
2699 5799 2753 5844 et
2779 5789 3078 5848 Theodotio
3105 5805 3266 5846 sensu
3296 5798 3511 5844 vertere
3551 5801 3666 5844 eon-
