4022 6186
265 466 376 534 935

268 579 445 633 trario
497 585 558 631 ut
610 577 854 631 dicerent
911 591 923 628 :

264 669 403 722 dicit
448 667 734 730 Dominus,
760 675 816 719 et
865 681 971 720 non
999 665 1139 720 Deus
1161 665 1228 720 de
1257 665 1432 736 longe.
1471 687 1496 718 ο
1526 667 1678 732 Quod
1729 669 1834 722 sci-

267 755 398 811 licet
448 756 756 826 superiores
800 765 1046 810 asserunt
1115 756 1281 810 Deum
1342 772 1448 812 non
1498 765 1706 811 tantum
1751 760 1835 812 vi-

263 849 412 913 cina,
459 847 554 900 sed
596 856 650 900 et
705 861 791 910 ea,
820 861 940 914 qua:
979 846 1134 915 longe
1187 856 1314 901 sunt
1362 862 1707 917 cognoscere,
1738 863 1838 904 nec

264 938 576 1007 pratseutia,
615 935 708 990 sed
761 934 937 988 futura
982 935 1296 1004 conspicere
1342 954 1355 988 :
1408 937 1496 990 isti
1543 951 1672 991 vero
1715 937 1836 992 ubi-

263 1044 374 1098 que
407 1029 574 1082 Deum
599 1026 868 1082 testimant
913 1039 1035 1080 esse
1084 1032 1426 1094 praesentem,
1453 1039 1555 1080 nec
1604 1026 1837 1096 aliquem

263 1137 388 1178 esse
423 1121 596 1176 locum
621 1119 710 1174 ubi
748 1133 854 1172 non
885 1117 1026 1172 adsit
1073 1117 1252 1171 Deus:
1292 1117 1542 1171 omnibus
1574 1118 1749 1181 enim,
1785 1125 1842 1172 et

264 1214 535 1284 praecipue
593 1210 796 1265 sanctis
847 1207 1242 1276 appropinquat
1285 1207 1445 1272 Deus,
1484 1208 1754 1276 quomodo
1792 1208 1838 1263 si

263 1305 644 1361 vestimentum
671 1301 942 1354 atlbmreat
962 1299 1070 1353 cuti
1106 1317 1120 1352 :
1147 1308 1457 1368 peccatores
1477 1306 1657 1353 autem
1687 1298 1840 1369 longe

264 1396 579 1451 recedentes
606 1393 674 1446 ab
709 1406 793 1454 eo,
826 1390 1096 1460 peribunt.
1131 1389 1282 1442 Hunc
1301 1405 1515 1443 sensum
1537 1396 1590 1441 et
1619 1389 1671 1441 in
1699 1389 1840 1458 psal-

263 1486 370 1540 mis
404 1485 629 1554 legimus
659 1499 672 1533 :
713 1499 730 1532 ι
765 1480 881 1546 Quo
908 1479 995 1532 ibo
1021 1493 1052 1531 a
1083 1479 1272 1546 spiritu
1305 1487 1415 1542 tuo,
1447 1486 1500 1531 et
1525 1493 1555 1531 ιι
1582 1476 1719 1531 facie
1749 1485 1840 1532 tua

260 1592 374 1646 quo
401 1574 632 1645 fugiam?
657 1571 713 1626 Si
763 1569 1055 1648 ascendere
1097 1567 1151 1621 in
1182 1567 1376 1621 coelum
1410 1577 1465 1621 ιιι
1502 1567 1609 1622 illic
1655 1583 1743 1631 es;
1792 1567 1837 1623 si

261 1663 595 1720 descendero
629 1661 694 1714 ad
720 1658 1010 1720 infernum,
1046 1665 1102 1710 tu
1133 1656 1262 1710 ades
1291 1675 1304 1706 :
1334 1657 1380 1709 si
1407 1671 1687 1726 sumpsem
1711 1671 1840 1725 pen-

262 1769 365 1809 nas
391 1767 540 1806 meas
563 1749 817 1811 diluculo,
846 1756 902 1802 et
929 1747 1242 1802 habitavero
1267 1746 1321 1799 in
1344 1747 1605 1801 extremis
1631 1747 1796 1801 maris
1823 1765 1835 1799 :

260 1842 463 1896 etenim
497 1840 622 1894 illuc
647 1853 838 1894 manus
868 1847 956 1891 tua
998 1835 1229 1891 deducet
1274 1848 1376 1898 me,
1419 1841 1467 1889 et
1511 1835 1715 1889 tenebit
1752 1850 1840 1890 me

1175 463 1537 522 EXPOSl'l'lO
1577 464 1805 522 SUPER
1835 465 2201 524 JEREMlA-M.
2241 499 2308 509 —
2345 463 2474 527 LIB.
2516 471 2607 525 IX.

985 595 1024 667 ι-
1045 575 1190 667 Deus
1234 577 1672 667 appmpinquans
1720 593 1840 646 ego,
1874 588 1918 643 Α
1947 580 2028 634 sui
2049 581 2072 632 ’ἒ
2100 600 2118 632 ι
2143 579 2253 635 Hoc
2275 589 2454 635 autem
2471 580 2693 649 faciunt,
2711 592 2769 639 ut
2783 587 3052 654 quomodo
3076 587 3325 660 antiquus
3346 611 3514 667 popu.

3406 481 3513 539 986

1939 671 2042 734 lus,
2074 673 2163 740 qui
2194 673 2260 726 de
2289 670 2524 742 Egypto
2543 688 2791 742 egressus
2814 686 2915 741 est,
2943 679 3141 734 oblitus
3167 690 3249 736 est
3281 688 3512 744 nominis

1939 764 2065 826 mei,
2091 765 2168 817 sic
2207 773 2262 818 et
2288 766 2487 833 posteri
2516 779 2700 818 eorum
2742 767 3127 823 obliviscantur
3167 772 3290 825 mei.
3322 772 3504 844 Hujus-

1940 855 2146 908 cemodi
2186 862 2364 908 autem
2412 857 2747 924 proplietatio
2787 873 2892 912 non
2939 868 3023 914 est
3057 861 3110 915 in
3165 863 3380 917 nomine
3411 864 3512 919 Do~

1942 945 2093 1005 mini,
2121 945 2212 998 sed
2243 945 2294 998 in
2323 946 2538 1000 nomine
2572 947 2718 1012 Baal,
2745 951 2884 1017 quod
2909 953 3124 1019 proprie
3168 954 3367 1008 idolum
3412 954 3513 1026 Sy-

1940 1032 2222 1085 douiornm
2266 1042 2379 1096 est,
2425 1033 2540 1088 sive
2580 1033 2951 1106 Babylonium,
2992 1047 3048 1093 et
3071 1040 3248 1096 vicino
3295 1045 3514 1099 nomine

1942 1121 2244 1190 appellatur
2279 1122 2390 1176 Bel.

2015 1228 2033 1259 ι
2069 1209 2332 1279 Proliheta
2360 1213 2449 1280 qui
2479 1213 2637 1266 habet
2662 1215 2947 1279 somnium,
2980 1228 3165 1273 narret
3193 1221 3459 1277 sonmium
3491 1239 3508 1278 :

1945 1317 1962 1349 ι
2003 1309 2060 1354 et
2085 1302 2176 1370 qui
2208 1301 2366 1356 habet
2393 1317 2692 1357 sermonem
2722 1304 2971 1374 loquatur
2996 1322 3300 1362 sermonem
3327 1327 3508 1365 meum

1945 1410 1961 1442 ι
1997 1407 2139 1446 vere.
2167 1393 2303 1458 Quid
2331 1394 2497 1461 paleis
2520 1395 2586 1447 ad
2614 1395 2876 1461 triticum,
2897 1396 3029 1450 dicit
3059 1398 3509 1454 Dominus?Nun-

1945 1501 1963 1532 ι
2005 1482 2133 1550 quid
2165 1499 2269 1536 non
2300 1485 2459 1538 verba
2489 1500 2605 1538 mea
2635 1494 2758 1540 sunt
2787 1489 2924 1540 sicut
2945 1487 3102 1563 ignis,
3127 1489 3201 1542 ait
3230 1491 3508 1554 Dominus,

1945 1591 1962 1622 ι
1994 1581 2049 1626 et
2079 1575 2230 1643 quasi
2257 1575 2480 1630 malleus
2509 1576 2632 1646 (sive
2660 1576 2884 1646 securis)
2912 1585 3200 1632 conterens
3230 1591 3436 1648 petram
3458 1581 3510 1632 ?|

1939 1660 2136 1714 Eorum
2186 1671 2268 1716 est
2325 1678 2597 1732 exponere
2637 1663 2922 1727 somnium,
2957 1665 3048 1733 qui
3104 1665 3198 1720 Dei
3244 1676 3516 1722 merentur

1941 1750 2139 1805 habere
2157 1766 2482 1816 sermonem,
2517 1760 2570 1806 et
2590 1753 2788 1815 dicere,
2820 1772 2838 1801 ι
2871 1752 2984 1806 haec
3005 1753 3135 1807 dicit
3161 1754 3453 1809 Dominus:
3491 1775 3510 1806 ι

1940 1843 2133 1911 quibus
2159 1843 2368 1897 locutus
2393 1851 2478 1897 est
2518 1842 2800 1903 Dominus,
2845 1843 2896 1895 in
2923 1843 3118 1911 quibus
3164 1844 3364 1899 veritas
3411 1853 3516 1905 est.

261 1933 488 1988 dextera
515 1939 605 1985 tua
637 1927 808 2001 (Psal.
841 1926 1125 1998 cxxxvni).
1158 1946 1178 1979 ι
1215 1925 1383 1980 Amos
1410 1939 1622 1996 quoque
1645 1925 1696 1979 in
1725 1926 1840 1981 haec
1872 1933 1914 1994 Β
1943 1941 1996 1986 et
2025 1945 2128 1984 non
2169 1925 2505 1985 mendacium
2546 1931 2960 1984 fraudulentum.
3009 1933 3147 1998 Quid
3183 1934 3284 1987 sibi
3331 1933 3510 1988 volunt

265 2023 428 2078 verba
457 2021 744 2083 consentit,
769 2019 953 2074 dicens
981 2036 996 2073 :
1031 2035 1049 2069 ι
1089 2017 1144 2072 Si
1175 2016 1551 2071 descenderint
1577 2030 1747 2084 usque
1773 2015 1838 2068 ad

263 2111 562 2174 internum,
587 2109 713 2164 inde
749 2123 940 2162 manus
976 2115 1063 2160 tua
1092 2107 1282 2161 educet
1308 2120 1430 2170 eos;
1475 2114 1529 2160 et
1557 2105 1603 2160 si
1647 2119 1840 2158 ascen-

263 2201 448 2255 derint
488 2199 731 2268 usquein
766 2198 982 2262 caelum,
1036 2198 1158 2251 inde
1204 2198 1486 2252 detraham
1537 2212 1662 2261 eos;
1701 2204 1756 2250 et
1794 2195 1841 2248 si

265 2291 568 2346 absconditi
599 2288 798 2344 fuerint
829 2289 884 2342 in
911 2288 1112 2342 vertice
1140 2286 1395 2351 Carmeli,
1423 2287 1549 2340 inde
1593 2293 1841 2340 scrutatis

263 2382 509 2454 aqferam
539 2395 653 2442 eos,
678 2387 734 2434 et
767 2379 810 2432 si
836 2376 1134 2432 celaverint
1177 2392 1236 2431 se
1281 2375 1350 2429 ab
1393 2375 1566 2430 oculis
1606 2375 1740 2429 meis
1786 2374 1841 2427 in

265 2469 534 2538 profundo
561 2468 747 2532 maris,
779 2467 852 2521 ibi
903 2465 1168 2519 mandabo
1211 2465 1445 2534 serpenti
1491 2473 1544 2518 et
1578 2463 1844 2518 mordebit

262 2575 362 2614 eos
389 2559 590 2629 (Amos.
618 2558 716 2629 ix).
756 2577 776 2610 ι
813 2556 1154 2625 Rursumque
1199 2556 1252 2610 in
1293 2557 1569 2626 superiore
1594 2556 1838 2625 psalmo:

271 2667 290 2699 ι
329 2648 464 2715 Quia
495 2649 748 2712 tenebrte,
779 2647 875 2710 ait,
904 2663 1009 2702 non
1043 2645 1474 2701 obscurabuntur
1495 2662 1525 2700 a
1556 2654 1628 2711 te,
1655 2655 1710 2701 et
1735 2661 1841 2700 nox

265 2743 408 2796 sicut
429 2741 542 2795 dies
565 2739 969 2804 illuminabitur,
1003 2739 1143 2794 sicut
1162 2739 1395 2793 tenebrae
1419 2737 1556 2806 ejus,
1588 2739 1660 2792 ita
1682 2747 1737 2794 et
1759 2738 1842 2792 lu-

266 2849 390 2888 men
413 2833 530 2903 ejus
552 2831 725 2903 (Psal.
749 2830 1032 2902 cxxxvm).
1065 2850 1082 2882 ι
1113 2831 1266 2898 Quod
1287 2839 1466 2884 autem
1493 2831 1545 2884 in
1569 2831 1843 2900 prophetis

265 2925 460 2980 crebro
483 2925 701 2989 dicitur,
731 2942 749 2975 ι
770 2924 885 2978 hate
904 2923 1033 2978 dicit
1059 2922 1333 2988 Dominus,
1356 2943 1374 2974 ι
1393 2931 1675 2992 prepterea
1703 2939 1842 2978 sem-

267 3031 366 3084 per
396 3013 643 3078 infertur,
676 3028 744 3068 ne
770 3021 1183 3067 contemnantur
1213 3013 1366 3081 quasi
1402 3013 1564 3067 verba
1608 3014 1839 3083 prophe-

270 3118 470 3171 tarum,
499 3106 594 3161 sed
639 3103 1249 3175 admoneanturjugiter
1293 3102 1388 3159 Dei
1421 3118 1700 3159 sermones
1721 3117 1842 3159 esse

268 3213 407 3268 quos
437 3198 748 3266 loquuntur.
1504 3196 1507 3200 ’

1944 2019 2320 2074 hmreticorum
2365 2019 2530 2088 palea:
2577 2021 2644 2074 ad
2681 2021 2917 2075 triticum
2960 2021 3253 2076 Ecclesiae?
3291 2024 3378 2078 De
3408 2039 3519 2093 quo

1940 2105 2175 2162 Joannes
2207 2107 2441 2177 Baptista
2474 2108 2682 2178 plenius
2709 2110 2944 2178 loquitur
2969 2110 3185 2178 (Matth.
3224 2113 3304 2184 ιιι)
3330 2154 3344 2178 ,
3374 2116 3517 2182 quod

1941 2205 2132 2266 purget
2176 2196 2434 2252 Dominus
2479 2213 2658 2252 aream
2705 2215 2878 2264 suam,
2919 2209 2974 2255 et
3003 2201 3303 2257 ventilabro
3326 2203 3508 2272 paleas

1941 2296 2224 2342 ventorum
2249 2286 2463 2353 ﬂatibus
2493 2288 2894 2358 dispergendas,
2923 2291 3260 2360 urendasque
3305 2292 3515 2362 ignibus

1940 2377 2296 2449 derelinquat,
2329 2379 2566 2434 triticum
2593 2389 2770 2434 autem
2794 2382 2990 2437 condat
3018 2383 3072 2436 in
3099 2384 3315 2448 horrea,
3338 2394 3396 2438 ut
3422 2384 3519 2439 ﬂat

1941 2469 2180 2525 celestis
2205 2471 2378 2539 panis.
2397 2470 2461 2524 Et
2476 2470 2727 2541 loquatur
2751 2471 3120 2541 unusquisque
3143 2473 3511 2528 credentium:

1948 2576 1966 2608 ι
2007 2558 2232 2614 Gustate
2269 2569 2323 2615 et
2366 2563 2566 2626 videte,
2606 2563 2858 2632 quoniam
2903 2563 3084 2618 suavis
3138 2574 3222 2619 est
3262 2564 3518 2620 Dominus

1944 2645 2117 2718 (Psal.
2151 2649 2368 2721 xxxiii).
2411 2671 2428 2703 ι
2456 2652 2524 2705 Ει
2553 2652 2774 2722 pulchre
2799 2654 3043 2708 doctrina
3071 2669 3325 2725 perversa
3353 2654 3519 2725 paleis

1943 2747 2306 2808 comparatur,
2349 2756 2470 2809 qua:
2503 2742 2790 2796 medullam
2833 2759 2939 2798 non
2989 2745 3208 2808 habent,
3246 2759 3348 2801 nec
3393 2759 3518 2816 pos-

1943 2838 2068 2884 sunt
2108 2829 2316 2885 nutrire
2357 2833 2690 2887 credentium
2736 2835 2981 2904 populos,
3028 2837 3122 2892 sed
3164 2837 3233 2891 de
3269 2838 3518 2896 inanibus

1941 2917 2154 2987 stipulis
2199 2928 2572 2975 conteruntur.
2621 2922 2690 2976 Et
2735 2925 2861 2993 quia
2907 2925 3081 2980 solent
3124 2927 3361 2982 haeretici
3387 2943 3514 2998 pro-

1941 3021 2097 3076 spera
2128 3008 2392 3077 polliceri,
2418 3019 2472 3065 et
2499 3011 2757 3068 cmlorum
2787 3030 2947 3086 regna
2988 3017 3358 3086 peccatoribus
3386 3033 3518 3087 pan-

1943 3095 2088 3160 dere,
2106 3097 2382 3152 utdicant:
2411 3099 2604 3155 Parata
2629 3105 2864 3158 sunttibi
2888 3119 3052 3175 regna
3069 3105 3518 3177 cmlorum,potes

1943 3183 2144 3240 imitari
2177 3187 2508 3254 majestatem
2536 3191 2650 3256 Dei,
2680 3203 2737 3246 ut
2763 3194 2966 3264 absque
3001 3206 3222 3264 peccato
3253 3199 3330 3252 sis
3363 3216 3376 3251 :
3421 3214 3516 3254 ac-

343 3307 365 3341 ι
400 3288 596 3344 Audivi
621 3303 741 3356 quae
767 3286 1018 3341 dixerunt
1040 3286 1318 3356 propheta:
1336 3325 1351 3349 ,
1378 3284 1761 3355 pr0phetantes
1786 3285 1842 3340 in
1869 3281 1915 3343 C
1945 3275 2132 3344 cepisti
2158 3277 2301 3331 enim
2330 3277 2482 3333 liberi
2519 3281 2726 3336 arbitrii
2753 3292 3093 3351 potestatem,
3123 3295 3177 3339 et
3194 3286 3326 3356 legis
3345 3287 3520 3342 scien-

273 3398 295 3432 ι
332 3381 552 3435 nomine
591 3394 712 3434 meo
754 3379 1109 3442 mendacium,
1153 3385 1316 3446 atque
1357 3377 1596 3433 dicentes
1635 3397 1648 3431 :
1693 3377 1844 3432 Som-

274 3492 295 3524 ι
328 3472 470 3527 niavi
493 3472 620 3542 (sive
653 3471 759 3525 vidi
787 3467 1099 3539 somnium).
1128 3467 1416 3537 Usquequo
1441 3467 1579 3522 istud
1602 3468 1654 3522 in
1682 3466 1845 3522 corde

275 3585 294 3617 ι
326 3576 412 3621 est
456 3566 838 3634 prophetarum
896 3562 1301 3616 vaticinantiqu
1352 3561 1692 3615 mendacium
1717 3599 1732 3625 ,
1791 3568 1846 3614 et

277 3679 294 3709 ι
327 3655 762 3726 prophetantium
787 3654 1126 3708 seductiones
1165 3652 1290 3722 (sive
1314 3650 1638 3722 voluntates)
1667 3651 1846 3706 cordis

278 3768 295 3798 ι
332 3746 451 3800 sui?
472 3744 573 3810 Qui
597 3743 781 3798 volunt
805 3742 931 3812 (sive
956 3739 1236 3810 cogitant),
1260 3739 1460 3803 facere,
1484 3748 1543 3793 ut
1563 3739 1847 3795 oblivisca-

279 3856 298 3890 ι
333 3847 418 3892 tur
440 3835 668 3906 populus
688 3849 840 3889 meus
862 3832 1093 3886 nominis
1128 3831 1254 3896 mei,
1279 3840 1498 3901 propter
1523 3830 1727 3886 somnia
1755 3844 1847 3884 eo-

281 3947 300 3978 ι
339 3943 499 3991 rum,
555 3940 676 3995 quae
725 3931 914 3978 narrat
978 3922 1346 3991 unusquisque
1410 3921 1478 3975 ad
1544 3921 1845 3990 proximum

281 4037 299 4067 ι
336 4030 516 4078 suum,
560 4015 699 4068 sicut
722 4012 869 4067 obliti
899 4019 1024 4067 sunt
1053 4020 1236 4081 patres
1261 4025 1449 4065 eorum
1480 4009 1712 4064 nominis
1742 4008 1846 4062 mei

279 4127 298 4157 ι
334 4113 555 4174 propter
593 4102 720 4156 Baal
745 4099 869 4172 (sive
890 4101 944 4154 in
966 4099 1140 4168 Baal).
1179 4118 1198 4152 ι
1229 4099 1363 4165 Quia
1396 4098 1644 4167 superior
1663 4097 1850 4152 titulus

274 4204 466 4249 contra
521 4193 812 4263 prophetas
854 4198 958 4255 est,
991 4189 1103 4244 sive
1141 4189 1207 4244 ad
1231 4189 1524 4259 pr0pbetas
1567 4201 1702 4257 quos
1729 4203 1851 4256 per-

275 4283 462 4352 spicue
506 4280 997 4350 pseudoprophetas
1043 4277 1409 4348 intelligimus.
1468 4276 1607 4331 Sunt
1668 4285 1850 4332 autem

277 4375 450 4428 multa
476 4389 672 4444 genera
717 4371 1070 4441 prophetandi
1091 4411 1105 4434 ,
1133 4385 1360 4440 quorum
1393 4384 1557 4423 unum
1593 4377 1676 4422 est
1710 4383 1853 4422 som-

278 4464 518 4526 niorum,
539 4461 698 4530 quale
722 4461 898 4515 fuitin
927 4459 1167 4524 Daniele,
1193 4459 1397 4514 idcirco
1423 4468 1477 4512 et
1504 4459 1570 4512 ad
1605 4473 1698 4512 eos
1730 4472 1854 4526 pro-

279 4554 513 4624 phetalis
564 4568 744 4608 sermo
790 4552 1042 4623 dirigitur
1087 4551 1177 4621 qui
1233 4548 1460 4604 credunt
1506 4549 1751 4613 somniis,
1798 4555 1854 4602 et

1945 3364 2073 3418 tiam
2109 3380 2208 3434 per
2241 3381 2404 3436 quam
2451 3371 2840 3439 consequaris,
2882 3372 3023 3441 quod
3069 3373 3332 3440 volueris,
3373 3375 3518 3430 deci-

1942 3452 2199 3524 piuntque
2233 3455 2511 3511 blanditiis
2538 3458 2780 3520 miseros,
2813 3469 2868 3514 et
2910 3461 3141 3516 maxime
3176 3462 3518 3519 mulierculas

1943 3556 2196 3602 oneratas
2233 3549 2500 3616 peccatis,
2539 3565 2658 3619 qua:
2701 3550 3155 3622 circumferuntur
3183 3557 3328 3609 omni
3357 3566 3518 3611 vento

1943 3637 2221 3706 doctrinae,
2248 3655 2459 3711 semper
2484 3641 2754 3698 discentes
2780 3652 2833 3698 et
2859 3660 3131 3714 nunquam
3146 3646 3212 3700 ad
3237 3647 3517 3702 scientiam

1943 3729 2188 3785 veritatis
2214 3731 2622 3800 pervenientes;
2652 3741 2707 3787 et
2729 3739 2917 3789 omnes
2937 3735 3210 3791 auditores
3237 3753 3364 3792 suos
3389 3738 3520 3792 adu-

1944 3817 2142 3875 latione
2164 3821 2437 3890 decipiunt
2467 3821 2680 3893 (Epltes.
2718 3830 2788 3895 Iv)
2819 3844 2830 3878 :
2859 3825 3061 3880 idcirco
3087 3826 3344 3881 Dominus
3356 3828 3517 3882 verba

1946 3929 2040 3968 sua
2063 3914 2439 3970 haereticorum
2465 3915 2632 3984 paleis
2659 3932 2979 3985 comparans
3004 3918 3134 3973 dicit
3163 3934 3176 3970 :
3213 3935 3232 3968 ι
3271 3917 3520 3987 Nunquid

1947 4021 2055 4058 non
2083 4005 2245 4060 verba
2274 4021 2392 4060 mea
2420 4015 2544 4061 sunt
2571 4009 2724 4076 quasi
2773 4009 2932 4078 ignis,
2972 4009 3103 4063 dicit
3141 4009 3418 4074 Dominus,
3465 4019 3525 4070 et

1948 4097 2099 4166 quasi
2138 4097 2365 4153 malleus
2405 4107 2689 4154 conterens
2729 4100 2980 4169 petram?
3016 4119 3033 4150 ι
3089 4099 3258 4165 Meus,
3305 4101 3520 4170 inquit,

1949 4203 2126 4243 sermo
2152 4189 2361 4243 nuntiat
2383 4188 2558 4242 futura
2579 4190 2858 4260 supplicia,
2897 4198 2958 4244 ut
2976 4190 3243 4245 deterreat
3277 4190 3525 4254 homines

1950 4294 1980 4333 a
2019 4278 2309 4347 peccando,
2351 4287 2405 4332 et
2451 4279 2618 4348 paleis
2662 4287 3005 4348 peccatorum
3060 4279 3294 4332 minatur
3340 4279 3524 4334 incen-

1949 4367 2114 4428 dium,
2150 4374 2209 4419 ut
2253 4367 2627 4421 luereticorum
2667 4368 2828 4421 corda
2875 4368 3032 4432 dura,
3058 4376 3114 4420 et
3149 4367 3322 4421 instar
3357 4367 3524 4424 silicis

1953 4455 2316 4519 indomabilia,
2355 4456 2620 4510 sermonis
2665 4456 2748 4511 sui
2794 4455 2985 4511 malleo
3029 4463 3399 4522 conterantur,
3429 4473 3524 4514 au-

1953 4546 2132 4602 ferens
2162 4563 2255 4602 cor
2279 4547 2578 4616 lapideum,
2611 4557 2670 4601 ut
2704 4557 2978 4617 ponatpro
3005 4564 3071 4604 eo
3099 4564 3195 4604 cor
3223 4565 3478 4604 carneum
3505 4589 3523 4615 ,

279 4619 462 4698 omnia
489 4659 609 4712 qua:
637 4650 881 4702 cernunt,
902 4619 1121 4710 putant
1148 4637 1526 4692 revelatiouem
1553 4651 1673 4690 csse
1715 4636 1852 4690 divi-
1883 4619 1928 4678 Β
1957 4637 2118 4691 molle
2147 4636 2410 4699 videlicet,
2441 4645 2495 4690 et
2522 4637 2664 4706 quod
2695 4637 2864 4706 possit
2899 4637 2994 4692 Dei
3023 4639 3297 4707 suscipere
3317 4646 3371 4693 et
3397 4653 3522 4696 sen-

281 4749 429 4796 nam,
470 4748 590 4800 quae
643 4731 858 4800 proprie
911 4729 1112 4783 sanctis
1138 4737 1192 4782 et
1234 4725 1405 4780 servis
1449 4725 1542 4779 Dei
1591 4725 1850 4794 aperitur.

281 4821 436 4889 Quod
479 4821 524 4874 si
559 4821 786 4890 legimus
822 4818 1033 4872 Pharao
1063 4815 1214 4885 (Cen.
1252 4816 1362 4883 xu)
1398 4824 1454 4868 et
1497 4812 1852 4868 Nabuchodo-

281 4926 447 4966 nosor
475 4909 634 4981 (Dan.
669 4909 730 4977 ιι)
776 4908 969 4977 impios
1022 4920 1176 4978 reges
1225 4904 1422 4958 vidisse
1451 4903 1689 4966 somnia,
1737 4918 1857 4974 quae

282 5018 411 5057 vera
441 5001 658 5064 fuerint,
689 5015 792 5054 non
816 5013 1004 5053 eorum
1031 4996 1133 5052 fuit
1164 4995 1366 5061 meriti,
1415 4994 1509 5064 qui
1561 4995 1811 5049 viderunt
1837 5033 1853 5057 ,

284 5091 380 5147 sed
433 5099 491 5144 ut
543 5105 640 5160 per
679 5089 1015 5144 occasionem
1057 5099 1246 5141 eorum
1282 5082 1454 5138 sancti
1513 5083 1613 5137 viri
1639 5082 1855 5151 Ioseph,

287 5182 581 5251 Danielque
609 5180 992 5244 clarescerent,
1016 5185 1071 5232 et
1093 5178 1225 5231 dura
1250 5175 1413 5230 corda
1442 5183 1602 5242 atque
1625 5174 1861 5228 indoma-

287 5271 414 5327 bilia
451 5281 802 5341 tyrannorum
849 5267 1064 5338 propria
1116 5263 1441 5320 conscientia
1471 5263 1730 5318 sentirent
1758 5261 1861 5316 Do-

287 5363 420 5420 mini
443 5361 801 5432 majestatem.
832 5359 969 5415 Sunt
995 5358 1260 5428 hodieque
1289 5357 1648 5412 somniatores
1675 5355 1729 5409 in
1757 5355 1858 5412 Ec-

286 5457 476 5520 clesia,
505 5464 562 5510 et
583 5455 816 5510 maxime
846 5454 902 5509 in
940 5461 1126 5507 nostro
1148 5465 1329 5522 grege,
1363 5450 1454 5518 qui
1483 5463 1698 5503 errores
1738 5463 1864 5502 suos

289 5545 500 5600 Domini
515 5543 722 5613 iactant
733 5543 1086 5613 prophetiam,
1102 5549 1157 5596 et
1179 5542 1370 5597 crebro
1385 5540 1656 5610 ingerunt,
1683 5555 1702 5590 ι
1723 5553 1865 5593 som-

291 5637 758 5701 niavi,somuiavi,
781 5655 800 5687 ι
818 5649 954 5704 quos
965 5633 1187 5702 corripit
1199 5632 1472 5694 Dominus,
1489 5631 1704 5685 dicens:
1726 5648 1744 5681 ι
1767 5629 1868 5685 Us-

291 5743 506 5798 quequo
520 5727 660 5783 istud
685 5727 738 5780 in
757 5727 919 5782 corde
937 5734 1018 5781 est
1037 5726 1420 5794 prOphetarum
1436 5721 1839 5777 vaticinantium
1851 5761 1866 5786 ,

1952 4729 2051 4783 tire
2073 4737 2357 4798 praecepta.
2385 4728 2513 4781 Tale
2539 4727 2667 4796 quid
2688 4742 2782 4796 per
2805 4727 3137 4782 Ezechielem
3163 4728 3418 4782 Dominus
3449 4728 3524 4784 lo-

1949 4821 2130 4890 quitur
2169 4819 2385 4892 (Ezech.
2419 4821 2562 4890 xm),
2587 4819 2726 4888 quod
2750 4819 3225 4888 pseudoprophetae
3251 4818 3524 4875 blanditiis

1951 4911 2063 4965 suis
2105 4909 2294 4964 liniant
2340 4910 2630 4979 parietem,
2685 4911 2888 4978 absque
2941 4918 3381 4979 temperamento,
3431 4906 3524 4975 qui

1950 5010 2135 5072 postea
2174 5000 2343 5055 imbre
2368 5000 2670 5055 vehementi
2713 5007 2769 5053 et
2795 4999 3023 5054 veritate
3060 4998 3248 5068 judicii
3298 4998 3527 5050 subruti»

1961 5100 2048 5146 tur
2091 5109 2105 5145 :
2147 5100 2202 5145 et
2254 5091 2730 5160 pseudopropheta:
2793 5099 3056 5143 consuant
3099 5086 3378 5142 cervicalia
3423 5085 3525 5139 sub

1961 5183 2105 5237 omni
2145 5181 2325 5236 cubito
2368 5196 2580 5244 manus,
2625 5189 2685 5233 ut
2720 5179 2923 5234 faciant
2960 5185 3272 5247 peccatores
3318 5176 3526 5244 requie-

1961 5286 2134 5336 scere,
2175 5278 2230 5324 et
2268 5282 2605 5337 nequaquam
2647 5267 2783 5320 iram
2815 5267 2907 5321 Dei
2955 5263 3206 5334 lacrymis
3257 5264 3528 5334 mitigare.

1962 5362 2067 5416 Pro
2102 5359 2286 5413 ηιιιιιευ
2324 5358 2670 5428 Septuaginta
2715 5357 2938 5432 securim
2985 5353 3324 5424 interpretati
3361 5357 3522 5412 sunt,

1964 5451 2105 5506 illam
2154 5448 2422 5511 videlicet,
2468 5448 2532 5502 de
2567 5463 2674 5516 qua
2732 5445 2969 5513 Baptista
3021 5442 3255 5498 Joannes
3296 5443 3534 5511 loquitur

1966 5539 2178 5610 (.llattlt.
2205 5535 2286 5606 ιιι)
2321 5551 2334 5588 :
2369 5553 2384 5584 ι
2407 5534 2524 5589 Jam
2563 5534 2767 5589 securis
2792 5533 2860 5588 ad
2890 5532 3097 5588 radices
3145 5533 3398 5587 arborum
3439 5545 3531 5598 po-

1965 5628 2066 5682 sita
2101 5634 2232 5680 est.»
2265 5624 2389 5679 Haec
2407 5624 2609 5680 securis
2648 5623 3005 5678 int‘ructuosas
3040 5622 3269 5677 succidit
3291 5623 3536 5687 arbores,

1966 5727 2020 5772 et
2046 5715 2132 5772 hic
2162 5714 2387 5770 malleus
2415 5716 2646 5770 conterit
2673 5715 2990 5770 durissimos
3033 5714 3254 5784 lapides.
3303 5713 3454 5770 Unde
3482 5721 3538 5770 ct

294 5819 668 5876 mendacium.
722 5824 776 5871 et
817 5813 1251 5887 prophetantiutn
1301 5812 1640 5870 seductiones
1691 5811 1870 5868 cordis
1970 5807 2174 5863 Nabum
2204 5804 2464 5875 propheta
2494 5805 2732 5866 loquitur
2764 5824 2775 5860 :
2813 5823 2831 5856 ι
2855 5804 3031 5861 Furor
3047 5806 3191 5875 ejus.
3224 5823 3243 5856 ι
3273 5802 3414 5888 haud
3438 5803 3534 5858 du—
