  <div class='ocr_page' id='page_1' title='image "/cluster/home/n/w/nwhite01/storage/ocr_20150623/111/hvd.32044054759766/497.png"; bbox 0 0 4022 6186; ppageno 0'>
   <div class='ocr_carea' id='block_1_1' title="bbox 511 449 616 506">
    <p class='ocr_par' dir='ltr' id='par_1_1' title="bbox 511 449 616 506">
     <span class='ocr_line' id='line_1_1' title="bbox 511 449 616 506; baseline -0.038 0"><span class='ocrx_word' id='word_1_1' title='bbox 511 449 616 506; x_wconf 62' lang='grc' dir='ltr'><strong>νῦν</strong></span> 
     </span>
    </p>
   </div>
   <div class='ocr_carea' id='block_1_2' title="bbox 1148 441 3156 505">
    <p class='ocr_par' dir='ltr' id='par_1_2' title="bbox 1148 441 3156 505">
     <span class='ocr_line' id='line_1_2' title="bbox 1148 441 3156 505; baseline -0.002 -3"><span class='ocrx_word' id='word_1_2' title='bbox 1148 447 1208 502; x_wconf 85' lang='grc' dir='ltr'><strong>Β.</strong></span> <span class='ocrx_word' id='word_1_3' title='bbox 1251 444 1507 504; x_wconf 70' lang='lat' dir='ltr'><strong>RABA‘NI</strong></span> <span class='ocrx_word' id='word_1_4' title='bbox 1543 446 1762 505; x_wconf 76' lang='lat' dir='ltr'><strong>MAURI</strong></span> <span class='ocrx_word' id='word_1_5' title='bbox 1801 443 2118 502; x_wconf 80' lang='lat' dir='ltr'><strong>ARCHIEP.</strong></span> <span class='ocrx_word' id='word_1_6' title='bbox 2162 441 2470 500; x_wconf 73' lang='lat' dir='ltr'><strong>MOGUNT.</strong></span> <span class='ocrx_word' id='word_1_7' title='bbox 2513 441 2796 499; x_wconf 67' lang='lat' dir='ltr'><strong>DPERUM</strong></span> <span class='ocrx_word' id='word_1_8' title='bbox 2833 441 3015 498; x_wconf 75' lang='lat' dir='ltr'><strong>PARS</strong></span> <span class='ocrx_word' id='word_1_9' title='bbox 3050 441 3156 498; x_wconf 56' lang='grc' dir='ltr'><strong>ηιμ</strong></span> 
     </span>
    </p>
   </div>
   <div class='ocr_carea' id='block_1_3' title="bbox 3669 445 3782 503">
    <p class='ocr_par' dir='ltr' id='par_1_3' title="bbox 3669 445 3782 503">
     <span class='ocr_line' id='line_1_3' title="bbox 3669 445 3782 503; baseline -0.044 0"><span class='ocrx_word' id='word_1_10' title='bbox 3669 445 3782 503; x_wconf 58' lang='grc' dir='ltr'><strong>ετνεί</strong></span> 
     </span>
    </p>
   </div>
   <div class='ocr_carea' id='block_1_4' title="bbox 510 552 3789 628">
    <p class='ocr_par' dir='ltr' id='par_1_4' title="bbox 510 552 3789 628">
     <span class='ocr_line' id='line_1_4' title="bbox 510 552 3789 628; baseline 0 -12"><span class='ocrx_word' id='word_1_11' title='bbox 510 562 658 619; x_wconf 76' lang='lat' dir='ltr'><strong>bium</strong></span> <span class='ocrx_word' id='word_1_12' title='bbox 679 558 810 628; x_wconf 89' lang='lat' dir='ltr'><strong>quin</strong></span> <span class='ocrx_word' id='word_1_13' title='bbox 832 556 950 623; x_wconf 90' lang='lat' dir='ltr'><strong>Dei,</strong></span> <span class='ocrx_word' id='word_1_14' title='bbox 980 575 1000 608; x_wconf 74' lang='grc' dir='ltr'>ι</span> <span class='ocrx_word' id='word_1_15' title='bbox 1020 567 1302 614; x_wconf 88' lang='lat' dir='ltr'><strong>consumet</strong></span> <span class='ocrx_word' id='word_1_16' title='bbox 1326 559 1681 628; x_wconf 83' lang='lat' dir='ltr'><strong>principatus,</strong></span> <span class='ocrx_word' id='word_1_17' title='bbox 1699 566 1753 613; x_wconf 93' lang='lat' dir='ltr'><strong>et</strong></span> <span class='ocrx_word' id='word_1_18' title='bbox 1771 565 1939 627; x_wconf 71' lang='lat' dir='ltr'><strong>petra:</strong></span> <span class='ocrx_word' id='word_1_19' title='bbox 1966 571 2096 610; x_wconf 89' lang='lat' dir='ltr'><strong>con-</strong></span> <span class='ocrx_word' id='word_1_20' title='bbox 2121 552 2172 612; x_wconf 84' lang='lat' dir='ltr'><strong>A</strong></span> <span class='ocrx_word' id='word_1_21' title='bbox 2198 553 2475 624; x_wconf 81' lang='lat' dir='ltr'><strong>ponderis,</strong></span> <span class='ocrx_word' id='word_1_22' title='bbox 2519 555 2635 610; x_wconf 87' lang='lat' dir='ltr'><strong>sive</strong></span> <span class='ocrx_word' id='word_1_23' title='bbox 2675 555 2919 618; x_wconf 76' lang='lat' dir='ltr'><strong>visionis,</strong></span> <span class='ocrx_word' id='word_1_24' title='bbox 2963 563 3020 609; x_wconf 89' lang='lat' dir='ltr'><strong>et</strong></span> <span class='ocrx_word' id='word_1_25' title='bbox 3064 555 3216 610; x_wconf 92' lang='lat' dir='ltr'><strong>verbi</strong></span> <span class='ocrx_word' id='word_1_26' title='bbox 3257 555 3389 621; x_wconf 88' lang='lat' dir='ltr'><strong>Dei,</strong></span> <span class='ocrx_word' id='word_1_27' title='bbox 3430 557 3606 627; x_wconf 84' lang='lat' dir='ltr'><strong>qualis</strong></span> <span class='ocrx_word' id='word_1_28' title='bbox 3639 562 3789 616; x_wconf 75' lang='lat' dir='ltr'><strong>vati-</strong></span> 
     </span>
    </p>
   </div>
   <div class='ocr_carea' id='block_1_5' title="bbox 513 647 2096 720">
    <p class='ocr_par' dir='ltr' id='par_1_5' title="bbox 513 647 2096 720">
     <span class='ocr_line' id='line_1_5' title="bbox 513 647 2096 720; baseline -0.003 -14"><span class='ocrx_word' id='word_1_29' title='bbox 513 659 758 712; x_wconf 84' lang='lat' dir='ltr'><strong>terentur</strong></span> <span class='ocrx_word' id='word_1_30' title='bbox 781 650 850 705; x_wconf 88' lang='lat' dir='ltr'><strong>ab</strong></span> <span class='ocrx_word' id='word_1_31' title='bbox 871 663 937 704; x_wconf 90' lang='lat' dir='ltr'><strong>eo</strong></span> <span class='ocrx_word' id='word_1_32' title='bbox 962 648 1131 713; x_wconf 81' lang='lat' dir='ltr'><strong>(Nah.</strong></span> <span class='ocrx_word' id='word_1_33' title='bbox 1156 649 1250 720; x_wconf 74' lang='grc'><strong>1).»</strong></span> <span class='ocrx_word' id='word_1_34' title='bbox 1272 649 1384 705; x_wconf 90' lang='lat' dir='ltr'><strong>Hoc</strong></span> <span class='ocrx_word' id='word_1_35' title='bbox 1397 659 1586 704; x_wconf 87' lang='lat' dir='ltr'><strong>contra</strong></span> <span class='ocrx_word' id='word_1_36' title='bbox 1613 649 1913 704; x_wconf 77' lang='lat' dir='ltr'><strong>luereticos.</strong></span> <span class='ocrx_word' id='word_1_37' title='bbox 1929 647 2096 702; x_wconf 58' lang='lat' dir='ltr'><strong>Caete-</strong></span> 
     </span>
    </p>
   </div>
   <div class='ocr_carea' id='block_1_6' title="bbox 511 737 2098 810">
    <p class='ocr_par' dir='ltr' id='par_1_6' title="bbox 511 737 2098 810">
     <span class='ocr_line' id='line_1_6' title="bbox 511 737 2098 810; baseline -0.004 -12"><span class='ocrx_word' id='word_1_38' title='bbox 511 757 633 798; x_wconf 87' lang='lat' dir='ltr'><strong>rum</strong></span> <span class='ocrx_word' id='word_1_39' title='bbox 649 742 713 799; x_wconf 83' lang='lat' dir='ltr'><strong>de</strong></span> <span class='ocrx_word' id='word_1_40' title='bbox 734 738 1122 795; x_wconf 76' lang='lat' dir='ltr'><strong>ecclesiasticis</strong></span> <span class='ocrx_word' id='word_1_41' title='bbox 1138 739 1269 793; x_wconf 90' lang='lat' dir='ltr'><strong>viris</strong></span> <span class='ocrx_word' id='word_1_42' title='bbox 1294 739 1557 808; x_wconf 89' lang='lat' dir='ltr'><strong>scriptum</strong></span> <span class='ocrx_word' id='word_1_43' title='bbox 1580 747 1680 800; x_wconf 88' lang='lat' dir='ltr'><strong>est,</strong></span> <span class='ocrx_word' id='word_1_44' title='bbox 1702 739 1844 810; x_wconf 90' lang='lat' dir='ltr'><strong>quod</strong></span> <span class='ocrx_word' id='word_1_45' title='bbox 1871 737 2098 793; x_wconf 80' lang='lat' dir='ltr'><strong>malleus</strong></span> 
     </span>
    </p>
   </div>
   <div class='ocr_carea' id='block_1_7' title="bbox 505 826 2093 899">
    <p class='ocr_par' dir='ltr' id='par_1_7' title="bbox 505 826 2093 899">
     <span class='ocr_line' id='line_1_7' title="bbox 505 826 2093 899; baseline -0.003 -13"><span class='ocrx_word' id='word_1_46' title='bbox 505 841 564 886; x_wconf 84' lang='lat' dir='ltr'><strong>et</strong></span> <span class='ocrx_word' id='word_1_47' title='bbox 587 829 795 888; x_wconf 89' lang='lat' dir='ltr'><strong>securis</strong></span> <span class='ocrx_word' id='word_1_48' title='bbox 824 843 930 882; x_wconf 91' lang='lat' dir='ltr'><strong>non</strong></span> <span class='ocrx_word' id='word_1_49' title='bbox 958 829 1068 882; x_wconf 86' lang='lat' dir='ltr'><strong>sint</strong></span> <span class='ocrx_word' id='word_1_50' title='bbox 1097 829 1279 886; x_wconf 87' lang='lat' dir='ltr'><strong>audita</strong></span> <span class='ocrx_word' id='word_1_51' title='bbox 1310 829 1364 883; x_wconf 89' lang='lat' dir='ltr'><strong>in</strong></span> <span class='ocrx_word' id='word_1_52' title='bbox 1395 828 1556 883; x_wconf 90' lang='lat' dir='ltr'><strong>domo</strong></span> <span class='ocrx_word' id='word_1_53' title='bbox 1580 829 1671 882; x_wconf 89' lang='lat' dir='ltr'><strong>Dei</strong></span> <span class='ocrx_word' id='word_1_54' title='bbox 1700 827 1818 898; x_wconf 86' lang='lat' dir='ltr'><strong><em>(III</em></strong></span> <span class='ocrx_word' id='word_1_55' title='bbox 1842 826 1973 897; x_wconf 81' lang='lat' dir='ltr'><strong>Reg.</strong></span> <span class='ocrx_word' id='word_1_56' title='bbox 1996 827 2093 899; x_wconf 82' lang='lat' dir='ltr'><strong>vi).</strong></span> 
     </span>
    </p>
   </div>
   <div class='ocr_carea' id='block_1_8' title="bbox 587 918 2092 989">
    <p class='ocr_par' dir='ltr' id='par_1_8' title="bbox 587 918 2092 989">
     <span class='ocr_line' id='line_1_8' title="bbox 587 918 2092 989; baseline 0.001 -19"><span class='ocrx_word' id='word_1_57' title='bbox 587 939 608 970; x_wconf 71' lang='grc' dir='ltr'><strong><em>ε</em></strong></span> <span class='ocrx_word' id='word_1_58' title='bbox 645 919 936 989; x_wconf 72' lang='lat' dir='ltr'><strong>Drapterea</strong></span> <span class='ocrx_word' id='word_1_59' title='bbox 964 933 1091 973; x_wconf 88' lang='lat' dir='ltr'><strong>ecce</strong></span> <span class='ocrx_word' id='word_1_60' title='bbox 1111 934 1213 989; x_wconf 88' lang='lat' dir='ltr'><strong>ego</strong></span> <span class='ocrx_word' id='word_1_61' title='bbox 1241 919 1306 973; x_wconf 87' lang='lat' dir='ltr'><strong>ad</strong></span> <span class='ocrx_word' id='word_1_62' title='bbox 1336 920 1649 988; x_wconf 80' lang='lat' dir='ltr'><strong>prophetas,</strong></span> <span class='ocrx_word' id='word_1_63' title='bbox 1696 919 1776 973; x_wconf 87' lang='lat' dir='ltr'><strong>ait</strong></span> <span class='ocrx_word' id='word_1_64' title='bbox 1816 918 2092 979; x_wconf 78' lang='lat' dir='ltr'><strong>Dominus,</strong></span> 
     </span>
    </p>
   </div>
   <div class='ocr_carea' id='block_1_9' title="bbox 516 1009 2099 1081">
    <p class='ocr_par' dir='ltr' id='par_1_9' title="bbox 516 1009 2099 1081">
     <span class='ocr_line' id='line_1_9' title="bbox 516 1009 2099 1081; baseline -0.001 -18"><span class='ocrx_word' id='word_1_65' title='bbox 516 1031 536 1063; x_wconf 78' lang='grc' dir='ltr'>ι</span> <span class='ocrx_word' id='word_1_66' title='bbox 574 1012 666 1081; x_wconf 83' lang='lat' dir='ltr'><strong>qui</strong></span> <span class='ocrx_word' id='word_1_67' title='bbox 704 1011 956 1065; x_wconf 75' lang='lat' dir='ltr'><strong>furantur</strong></span> <span class='ocrx_word' id='word_1_68' title='bbox 1003 1011 1168 1064; x_wconf 86' lang='lat' dir='ltr'><strong>verba</strong></span> <span class='ocrx_word' id='word_1_69' title='bbox 1214 1024 1336 1065; x_wconf 86' lang='lat' dir='ltr'><strong>mea</strong></span> <span class='ocrx_word' id='word_1_70' title='bbox 1387 1011 1756 1080; x_wconf 76' lang='lat' dir='ltr'><strong>unusquisque</strong></span> <span class='ocrx_word' id='word_1_71' title='bbox 1785 1024 1815 1062; x_wconf 91' lang='lat' dir='ltr'><strong>a</strong></span> <span class='ocrx_word' id='word_1_72' title='bbox 1852 1009 2099 1078; x_wconf 81' lang='lat' dir='ltr'><strong>proximo</strong></span> 
     </span>
    </p>
   </div>
   <div class='ocr_carea' id='block_1_10' title="bbox 517 1098 2098 1170">
    <p class='ocr_par' dir='ltr' id='par_1_10' title="bbox 517 1098 2098 1170">
     <span class='ocr_line' id='line_1_10' title="bbox 517 1098 2098 1170; baseline -0.003 -16"><span class='ocrx_word' id='word_1_73' title='bbox 517 1122 536 1154; x_wconf 75' lang='grc' dir='ltr'>ι</span> <span class='ocrx_word' id='word_1_74' title='bbox 572 1117 686 1156; x_wconf 90' lang='lat' dir='ltr'><strong>suo.</strong></span> <span class='ocrx_word' id='word_1_75' title='bbox 719 1101 859 1155; x_wconf 88' lang='lat' dir='ltr'><strong>Ecce</strong></span> <span class='ocrx_word' id='word_1_76' title='bbox 884 1116 984 1170; x_wconf 92' lang='lat' dir='ltr'><strong>ego</strong></span> <span class='ocrx_word' id='word_1_77' title='bbox 1009 1101 1073 1153; x_wconf 90' lang='lat' dir='ltr'><strong>ad</strong></span> <span class='ocrx_word' id='word_1_78' title='bbox 1107 1102 1417 1170; x_wconf 89' lang='lat' dir='ltr'><strong>prophetas,</strong></span> <span class='ocrx_word' id='word_1_79' title='bbox 1459 1099 1535 1153; x_wconf 90' lang='lat' dir='ltr'><strong>ait</strong></span> <span class='ocrx_word' id='word_1_80' title='bbox 1565 1098 1845 1162; x_wconf 89' lang='lat' dir='ltr'><strong>Dominus,</strong></span> <span class='ocrx_word' id='word_1_81' title='bbox 1875 1098 1968 1168; x_wconf 90' lang='lat' dir='ltr'><strong>qui</strong></span> <span class='ocrx_word' id='word_1_82' title='bbox 2007 1112 2098 1150; x_wconf 84' lang='lat' dir='ltr'><strong>as-</strong></span> 
     </span>
    </p>
   </div>
   <div class='ocr_carea' id='block_1_11' title="bbox 516 1191 2100 1262">
    <p class='ocr_par' dir='ltr' id='par_1_11' title="bbox 516 1191 2100 1262">
     <span class='ocr_line' id='line_1_11' title="bbox 516 1191 2100 1262; baseline -0.004 -11"><span class='ocrx_word' id='word_1_83' title='bbox 516 1215 535 1252; x_wconf 74' lang='lat' dir='ltr'><strong>t</strong></span> <span class='ocrx_word' id='word_1_84' title='bbox 572 1203 793 1250; x_wconf 86' lang='lat' dir='ltr'><strong>sumunt</strong></span> <span class='ocrx_word' id='word_1_85' title='bbox 811 1193 1021 1262; x_wconf 86' lang='lat' dir='ltr'><strong>linguas</strong></span> <span class='ocrx_word' id='word_1_86' title='bbox 1045 1207 1195 1258; x_wconf 85' lang='lat' dir='ltr'><strong>suas,</strong></span> <span class='ocrx_word' id='word_1_87' title='bbox 1221 1201 1276 1248; x_wconf 91' lang='lat' dir='ltr'><strong>et</strong></span> <span class='ocrx_word' id='word_1_88' title='bbox 1298 1194 1478 1247; x_wconf 85' lang='lat' dir='ltr'><strong>aiunt:</strong></span> <span class='ocrx_word' id='word_1_89' title='bbox 1510 1193 1648 1247; x_wconf 89' lang='lat' dir='ltr'><strong>Dicit</strong></span> <span class='ocrx_word' id='word_1_90' title='bbox 1680 1191 1939 1247; x_wconf 90' lang='lat' dir='ltr'><strong>Dominus</strong></span> <span class='ocrx_word' id='word_1_91' title='bbox 1974 1191 2100 1262; x_wconf 77' lang='lat' dir='ltr'><strong>(sive</strong></span> 
     </span>
    </p>
   </div>
   <div class='ocr_carea' id='block_1_12' title="bbox 518 1284 2098 1355">
    <p class='ocr_par' dir='ltr' id='par_1_12' title="bbox 518 1284 2098 1355">
     <span class='ocr_line' id='line_1_12' title="bbox 518 1284 2098 1355; baseline -0.003 -14"><span class='ocrx_word' id='word_1_92' title='bbox 518 1306 538 1340; x_wconf 79' lang='grc' dir='ltr'>σ</span> <span class='ocrx_word' id='word_1_93' title='bbox 573 1287 866 1341; x_wconf 76' lang='lat' dir='ltr'><strong>doruiitant</strong></span> <span class='ocrx_word' id='word_1_94' title='bbox 895 1286 1372 1352; x_wconf 89' lang='lat' dir='ltr'><strong>dormitationem).</strong></span> <span class='ocrx_word' id='word_1_95' title='bbox 1398 1286 1536 1339; x_wconf 88' lang='lat' dir='ltr'><strong>Ecce</strong></span> <span class='ocrx_word' id='word_1_96' title='bbox 1559 1300 1660 1355; x_wconf 90' lang='lat' dir='ltr'><strong>ego</strong></span> <span class='ocrx_word' id='word_1_97' title='bbox 1685 1285 1752 1338; x_wconf 89' lang='lat' dir='ltr'><strong>ad</strong></span> <span class='ocrx_word' id='word_1_98' title='bbox 1783 1284 2098 1353; x_wconf 83' lang='lat' dir='ltr'><strong>prophetas,</strong></span> 
     </span>
    </p>
   </div>
   <div class='ocr_carea' id='block_1_13' title="bbox 519 1375 2100 1445">
    <p class='ocr_par' dir='ltr' id='par_1_13' title="bbox 519 1375 2100 1445">
     <span class='ocr_line' id='line_1_13' title="bbox 519 1375 2100 1445; baseline -0.003 -13"><span class='ocrx_word' id='word_1_99' title='bbox 519 1398 536 1432; x_wconf 79' lang='grc' dir='ltr'>ι</span> <span class='ocrx_word' id='word_1_100' title='bbox 574 1379 906 1433; x_wconf 88' lang='lat' dir='ltr'><strong>somniantes</strong></span> <span class='ocrx_word' id='word_1_101' title='bbox 933 1377 1296 1440; x_wconf 87' lang='lat' dir='ltr'><strong>mendacium,</strong></span> <span class='ocrx_word' id='word_1_102' title='bbox 1326 1376 1402 1430; x_wconf 86' lang='lat' dir='ltr'><strong>ait</strong></span> <span class='ocrx_word' id='word_1_103' title='bbox 1426 1376 1702 1439; x_wconf 88' lang='lat' dir='ltr'><strong>Dominus,</strong></span> <span class='ocrx_word' id='word_1_104' title='bbox 1724 1375 1814 1445; x_wconf 90' lang='lat' dir='ltr'><strong>qui</strong></span> <span class='ocrx_word' id='word_1_105' title='bbox 1844 1389 2100 1428; x_wconf 87' lang='lat' dir='ltr'><strong>narrave-</strong></span> 
     </span>
    </p>
   </div>
   <div class='ocr_carea' id='block_1_14' title="bbox 518 1467 2101 1537">
    <p class='ocr_par' dir='ltr' id='par_1_14' title="bbox 518 1467 2101 1537">
     <span class='ocr_line' id='line_1_14' title="bbox 518 1467 2101 1537; baseline 0.001 -16"><span class='ocrx_word' id='word_1_106' title='bbox 518 1489 538 1521; x_wconf 72' lang='grc' dir='ltr'><strong><em>ο</em></strong></span> <span class='ocrx_word' id='word_1_107' title='bbox 575 1479 698 1523; x_wconf 90' lang='lat' dir='ltr'><strong>runt</strong></span> <span class='ocrx_word' id='word_1_108' title='bbox 716 1484 799 1533; x_wconf 88' lang='lat' dir='ltr'><strong>ea,</strong></span> <span class='ocrx_word' id='word_1_109' title='bbox 825 1469 1224 1523; x_wconf 80' lang='lat' dir='ltr'><strong>etseduxerunt</strong></span> <span class='ocrx_word' id='word_1_110' title='bbox 1245 1469 1497 1537; x_wconf 84' lang='lat' dir='ltr'><strong>populum</strong></span> <span class='ocrx_word' id='word_1_111' title='bbox 1525 1483 1701 1522; x_wconf 91' lang='lat' dir='ltr'><strong>meum</strong></span> <span class='ocrx_word' id='word_1_112' title='bbox 1731 1469 1782 1522; x_wconf 91' lang='lat' dir='ltr'><strong>in</strong></span> <span class='ocrx_word' id='word_1_113' title='bbox 1806 1467 2101 1522; x_wconf 85' lang='lat' dir='ltr'><strong>mendaciis</strong></span> 
     </span>
    </p>
   </div>
   <div class='ocr_carea' id='block_1_15' title="bbox 518 1556 2101 1628">
    <p class='ocr_par' dir='ltr' id='par_1_15' title="bbox 518 1556 2101 1628">
     <span class='ocr_line' id='line_1_15' title="bbox 518 1556 2101 1628; baseline 0.002 -19"><span class='ocrx_word' id='word_1_114' title='bbox 518 1578 538 1609; x_wconf 74' lang='grc' dir='ltr'>ι</span> <span class='ocrx_word' id='word_1_115' title='bbox 575 1558 705 1622; x_wconf 81' lang='lat' dir='ltr'><strong>suis,</strong></span> <span class='ocrx_word' id='word_1_116' title='bbox 733 1565 792 1612; x_wconf 91' lang='lat' dir='ltr'><strong>et</strong></span> <span class='ocrx_word' id='word_1_117' title='bbox 823 1558 875 1611; x_wconf 92' lang='lat' dir='ltr'><strong>in</strong></span> <span class='ocrx_word' id='word_1_118' title='bbox 899 1557 1174 1612; x_wconf 86' lang='lat' dir='ltr'><strong>miraculis</strong></span> <span class='ocrx_word' id='word_1_119' title='bbox 1203 1556 1330 1628; x_wconf 81' lang='lat' dir='ltr'><strong>(sive</strong></span> <span class='ocrx_word' id='word_1_120' title='bbox 1366 1559 1698 1627; x_wconf 86' lang='lat' dir='ltr'><strong>stuporibus)</strong></span> <span class='ocrx_word' id='word_1_121' title='bbox 1739 1567 1902 1627; x_wconf 91' lang='lat' dir='ltr'><strong>atque</strong></span> <span class='ocrx_word' id='word_1_122' title='bbox 1927 1567 2101 1612; x_wconf 89' lang='lat' dir='ltr'><strong>terro-</strong></span> 
     </span>
    </p>
   </div>
   <div class='ocr_carea' id='block_1_16' title="bbox 519 1649 2098 1720">
    <p class='ocr_par' dir='ltr' id='par_1_16' title="bbox 519 1649 2098 1720">
     <span class='ocr_line' id='line_1_16' title="bbox 519 1649 2098 1720; baseline 0.004 -21"><span class='ocrx_word' id='word_1_123' title='bbox 519 1670 536 1699; x_wconf 80' lang='grc' dir='ltr'>ι</span> <span class='ocrx_word' id='word_1_124' title='bbox 574 1649 720 1702; x_wconf 84' lang='lat' dir='ltr'><strong>ribus</strong></span> <span class='ocrx_word' id='word_1_125' title='bbox 745 1649 877 1714; x_wconf 84' lang='lat' dir='ltr'><strong>suis,</strong></span> <span class='ocrx_word' id='word_1_126' title='bbox 906 1665 1029 1704; x_wconf 90' lang='lat' dir='ltr'><strong>cum</strong></span> <span class='ocrx_word' id='word_1_127' title='bbox 1076 1664 1174 1720; x_wconf 86' lang='lat' dir='ltr'><strong>ego</strong></span> <span class='ocrx_word' id='word_1_128' title='bbox 1206 1665 1309 1704; x_wconf 87' lang='lat' dir='ltr'><strong>non</strong></span> <span class='ocrx_word' id='word_1_129' title='bbox 1343 1651 1608 1705; x_wconf 83' lang='lat' dir='ltr'><strong>misissem</strong></span> <span class='ocrx_word' id='word_1_130' title='bbox 1635 1666 1762 1715; x_wconf 88' lang='lat' dir='ltr'><strong>eos,</strong></span> <span class='ocrx_word' id='word_1_131' title='bbox 1804 1666 1904 1707; x_wconf 91' lang='lat' dir='ltr'><strong>nec</strong></span> <span class='ocrx_word' id='word_1_132' title='bbox 1942 1667 2098 1705; x_wconf 90' lang='lat' dir='ltr'><strong>man-</strong></span> 
     </span>
    </p>
   </div>
   <div class='ocr_carea' id='block_1_17' title="bbox 521 1739 2098 1812">
    <p class='ocr_par' dir='ltr' id='par_1_17' title="bbox 521 1739 2098 1812">
     <span class='ocr_line' id='line_1_17' title="bbox 521 1739 2098 1812; baseline 0.004 -22"><span class='ocrx_word' id='word_1_133' title='bbox 521 1761 539 1790; x_wconf 74' lang='grc' dir='ltr'><strong><em>ι</em></strong></span> <span class='ocrx_word' id='word_1_134' title='bbox 576 1739 789 1794; x_wconf 72' lang='grc' dir='ltr'><strong>ιΙςιεεεῐη</strong></span> <span class='ocrx_word' id='word_1_135' title='bbox 829 1739 952 1795; x_wconf 87' lang='lat' dir='ltr'><strong>eis:</strong></span> <span class='ocrx_word' id='word_1_136' title='bbox 999 1741 1091 1810; x_wconf 86' lang='lat' dir='ltr'><strong>qui</strong></span> <span class='ocrx_word' id='word_1_137' title='bbox 1139 1740 1271 1794; x_wconf 88' lang='lat' dir='ltr'><strong>nihil</strong></span> <span class='ocrx_word' id='word_1_138' title='bbox 1326 1740 1644 1810; x_wconf 80' lang='lat' dir='ltr'><strong>profuerunt</strong></span> <span class='ocrx_word' id='word_1_139' title='bbox 1696 1741 1895 1812; x_wconf 91' lang='lat' dir='ltr'><strong>populo</strong></span> <span class='ocrx_word' id='word_1_140' title='bbox 1953 1743 2098 1806; x_wconf 89' lang='lat' dir='ltr'><strong>huic,</strong></span> 
     </span>
    </p>
   </div>
   <div class='ocr_carea' id='block_1_18' title="bbox 2196 644 3788 717">
    <p class='ocr_par' dir='ltr' id='par_1_18' title="bbox 2196 644 3788 717">
     <span class='ocr_line' id='line_1_18' title="bbox 2196 644 3788 717; baseline 0.003 -18"><span class='ocrx_word' id='word_1_141' title='bbox 2196 645 2398 699; x_wconf 69' lang='lat' dir='ltr'><strong>eiulatio</strong></span> <span class='ocrx_word' id='word_1_142' title='bbox 2436 654 2771 715; x_wconf 79' lang='lat' dir='ltr'><strong>sequeretur.</strong></span> <span class='ocrx_word' id='word_1_143' title='bbox 2830 644 2968 709; x_wconf 83' lang='lat' dir='ltr'><strong>Quia</strong></span> <span class='ocrx_word' id='word_1_144' title='bbox 3005 645 3172 716; x_wconf 88' lang='lat' dir='ltr'><strong>igitur</strong></span> <span class='ocrx_word' id='word_1_145' title='bbox 3207 647 3490 717; x_wconf 62' lang='lat' dir='ltr'><strong>propheta</strong></span> <span class='ocrx_word' id='word_1_146' title='bbox 3535 649 3788 707; x_wconf 78' lang='lat' dir='ltr'><strong>solebant</strong></span> 
     </span>
    </p>
   </div>
   <div class='ocr_carea' id='block_1_19' title="bbox 2197 735 3798 806">
    <p class='ocr_par' dir='ltr' id='par_1_19' title="bbox 2197 735 3798 806">
     <span class='ocr_line' id='line_1_19' title="bbox 2197 735 3798 806; baseline 0.004 -17"><span class='ocrx_word' id='word_1_147' title='bbox 2197 735 2394 806; x_wconf 89' lang='lat' dir='ltr'><strong>populo</strong></span> <span class='ocrx_word' id='word_1_148' title='bbox 2431 737 2701 806; x_wconf 86' lang='lat' dir='ltr'><strong>peccatori</strong></span> <span class='ocrx_word' id='word_1_149' title='bbox 2733 736 2908 791; x_wconf 83' lang='lat' dir='ltr'><strong>tristia</strong></span> <span class='ocrx_word' id='word_1_150' title='bbox 2937 737 3192 791; x_wconf 90' lang='lat' dir='ltr'><strong>nuntiare</strong></span> <span class='ocrx_word' id='word_1_151' title='bbox 3217 747 3272 792; x_wconf 90' lang='lat' dir='ltr'><strong>et</strong></span> <span class='ocrx_word' id='word_1_152' title='bbox 3307 739 3629 794; x_wconf 82' lang='lat' dir='ltr'><strong>comminari</strong></span> <span class='ocrx_word' id='word_1_153' title='bbox 3659 754 3798 805; x_wconf 74' lang='lat' dir='ltr'><strong>sup-</strong></span> 
     </span>
    </p>
   </div>
   <div class='ocr_carea' id='block_1_20' title="bbox 2195 827 3790 898">
    <p class='ocr_par' dir='ltr' id='par_1_20' title="bbox 2195 827 3790 898">
     <span class='ocr_line' id='line_1_20' title="bbox 2195 827 3790 898; baseline 0.003 -19"><span class='ocrx_word' id='word_1_154' title='bbox 2195 827 2355 898; x_wconf 89' lang='lat' dir='ltr'><strong>plicia</strong></span> <span class='ocrx_word' id='word_1_155' title='bbox 2381 865 2395 890; x_wconf 97' lang='lat'><strong>,</strong></span> <span class='ocrx_word' id='word_1_156' title='bbox 2455 836 2517 880; x_wconf 91' lang='lat' dir='ltr'><strong>ut</strong></span> <span class='ocrx_word' id='word_1_157' title='bbox 2557 843 2653 882; x_wconf 89' lang='lat' dir='ltr'><strong>eos</strong></span> <span class='ocrx_word' id='word_1_158' title='bbox 2694 828 3036 882; x_wconf 85' lang='lat' dir='ltr'><strong>retraherent</strong></span> <span class='ocrx_word' id='word_1_159' title='bbox 3081 828 3149 882; x_wconf 89' lang='lat' dir='ltr'><strong>ad</strong></span> <span class='ocrx_word' id='word_1_160' title='bbox 3195 829 3621 898; x_wconf 69' lang='lat' dir='ltr'><strong>paenitentiam:</strong></span> <span class='ocrx_word' id='word_1_161' title='bbox 3670 829 3790 884; x_wconf 79' lang='lat' dir='ltr'><strong>cle-</strong></span> 
     </span>
    </p>
   </div>
   <div class='ocr_carea' id='block_1_21' title="bbox 2197 918 3790 977">
    <p class='ocr_par' dir='ltr' id='par_1_21' title="bbox 2197 918 3790 977">
     <span class='ocr_line' id='line_1_21' title="bbox 2197 918 3790 977; baseline 0.003 -5"><span class='ocrx_word' id='word_1_162' title='bbox 2197 933 2352 974; x_wconf 82' lang='lat' dir='ltr'><strong>mens</strong></span> <span class='ocrx_word' id='word_1_163' title='bbox 2381 925 2564 973; x_wconf 88' lang='lat' dir='ltr'><strong>autem</strong></span> <span class='ocrx_word' id='word_1_164' title='bbox 2601 926 2658 972; x_wconf 90' lang='lat' dir='ltr'><strong>et</strong></span> <span class='ocrx_word' id='word_1_165' title='bbox 2697 919 2988 973; x_wconf 85' lang='lat' dir='ltr'><strong>miseratur</strong></span> <span class='ocrx_word' id='word_1_166' title='bbox 3014 918 3278 974; x_wconf 85' lang='lat' dir='ltr'><strong>Dominus</strong></span> <span class='ocrx_word' id='word_1_167' title='bbox 3323 921 3414 974; x_wconf 89' lang='lat' dir='ltr'><strong>diu</strong></span> <span class='ocrx_word' id='word_1_168' title='bbox 3457 923 3790 977; x_wconf 80' lang='lat' dir='ltr'><strong>sententiam</strong></span> 
     </span>
    </p>
   </div>
   <div class='ocr_carea' id='block_1_22' title="bbox 2197 1007 3795 1082">
    <p class='ocr_par' dir='ltr' id='par_1_22' title="bbox 2197 1007 3795 1082">
     <span class='ocr_line' id='line_1_22' title="bbox 2197 1007 3795 1082; baseline 0.003 -18"><span class='ocrx_word' id='word_1_169' title='bbox 2197 1008 2498 1064; x_wconf 78' lang='lat' dir='ltr'><strong>dill‘erebat.</strong></span> <span class='ocrx_word' id='word_1_170' title='bbox 2556 1007 2788 1062; x_wconf 85' lang='lat' dir='ltr'><strong>Putabat</strong></span> <span class='ocrx_word' id='word_1_171' title='bbox 2829 1009 3087 1079; x_wconf 84' lang='lat' dir='ltr'><strong>deceptus</strong></span> <span class='ocrx_word' id='word_1_172' title='bbox 3130 1011 3390 1081; x_wconf 88' lang='lat' dir='ltr'><strong>populus,</strong></span> <span class='ocrx_word' id='word_1_173' title='bbox 3451 1022 3509 1067; x_wconf 92' lang='lat' dir='ltr'><strong>et</strong></span> <span class='ocrx_word' id='word_1_174' title='bbox 3557 1015 3795 1082; x_wconf 86' lang='lat' dir='ltr'><strong>pseudo-</strong></span> 
     </span>
    </p>
   </div>
   <div class='ocr_carea' id='block_1_23' title="bbox 2197 1098 3793 1173">
    <p class='ocr_par' dir='ltr' id='par_1_23' title="bbox 2197 1098 3793 1173">
     <span class='ocr_line' id='line_1_23' title="bbox 2197 1098 3793 1173; baseline 0.001 -19"><span class='ocrx_word' id='word_1_175' title='bbox 2197 1101 2584 1170; x_wconf 83' lang='lat' dir='ltr'><strong>propbetarum</strong></span> <span class='ocrx_word' id='word_1_176' title='bbox 2632 1098 2823 1154; x_wconf 80' lang='lat' dir='ltr'><strong>fraude</strong></span> <span class='ocrx_word' id='word_1_177' title='bbox 2866 1100 3153 1162; x_wconf 86' lang='lat' dir='ltr'><strong>seductus,</strong></span> <span class='ocrx_word' id='word_1_178' title='bbox 3204 1117 3311 1155; x_wconf 91' lang='lat' dir='ltr'><strong>non</strong></span> <span class='ocrx_word' id='word_1_179' title='bbox 3355 1111 3622 1167; x_wconf 88' lang='lat' dir='ltr'><strong>ventura,</strong></span> <span class='ocrx_word' id='word_1_180' title='bbox 3667 1117 3793 1173; x_wconf 66' lang='lat' dir='ltr'><strong>quae</strong></span> 
     </span>
    </p>
   </div>
   <div class='ocr_carea' id='block_1_24' title="bbox 2199 1191 3796 1253">
    <p class='ocr_par' dir='ltr' id='par_1_24' title="bbox 2199 1191 3796 1253">
     <span class='ocr_line' id='line_1_24' title="bbox 2199 1191 3796 1253; baseline 0.001 -8"><span class='ocrx_word' id='word_1_181' title='bbox 2199 1191 2460 1246; x_wconf 83' lang='lat' dir='ltr'><strong>Dominus</strong></span> <span class='ocrx_word' id='word_1_182' title='bbox 2504 1191 2829 1253; x_wconf 82' lang='lat' dir='ltr'><strong>minabatur,</strong></span> <span class='ocrx_word' id='word_1_183' title='bbox 2876 1198 2932 1244; x_wconf 89' lang='lat' dir='ltr'><strong>et</strong></span> <span class='ocrx_word' id='word_1_184' title='bbox 2969 1205 3082 1244; x_wconf 89' lang='lat' dir='ltr'><strong>rem</strong></span> <span class='ocrx_word' id='word_1_185' title='bbox 3119 1206 3364 1244; x_wconf 76' lang='lat' dir='ltr'><strong>severam</strong></span> <span class='ocrx_word' id='word_1_186' title='bbox 3411 1192 3464 1246; x_wconf 90' lang='lat' dir='ltr'><strong>in</strong></span> <span class='ocrx_word' id='word_1_187' title='bbox 3504 1192 3694 1245; x_wconf 90' lang='lat' dir='ltr'><strong>ludum</strong></span> <span class='ocrx_word' id='word_1_188' title='bbox 3737 1201 3796 1247; x_wconf 85' lang='lat' dir='ltr'><strong>et</strong></span> 
     </span>
    </p>
   </div>
   <div class='ocr_carea' id='block_1_25' title="bbox 2193 1281 3796 1354">
    <p class='ocr_par' dir='ltr' id='par_1_25' title="bbox 2193 1281 3796 1354">
     <span class='ocr_line' id='line_1_25' title="bbox 2193 1281 3796 1354; baseline -0.001 -17"><span class='ocrx_word' id='word_1_189' title='bbox 2193 1283 2378 1354; x_wconf 78' lang='lat' dir='ltr'><strong>jocum</strong></span> <span class='ocrx_word' id='word_1_190' title='bbox 2421 1289 2804 1337; x_wconf 85' lang='lat' dir='ltr'><strong>converterant</strong></span> <span class='ocrx_word' id='word_1_191' title='bbox 2839 1295 2854 1333; x_wconf 88' lang='lat'><strong>:</strong></span> <span class='ocrx_word' id='word_1_192' title='bbox 2901 1281 3454 1349; x_wconf 84' lang='lat' dir='ltr'><strong>prophetantibusquc</strong></span> <span class='ocrx_word' id='word_1_193' title='bbox 3511 1284 3796 1352; x_wconf 83' lang='lat' dir='ltr'><strong>prophetis</strong></span> 
     </span>
    </p>
   </div>
   <div class='ocr_carea' id='block_1_26' title="bbox 2199 1371 3798 1443">
    <p class='ocr_par' dir='ltr' id='par_1_26' title="bbox 2199 1371 3798 1443">
     <span class='ocr_line' id='line_1_26' title="bbox 2199 1371 3798 1443; baseline 0.001 -19"><span class='ocrx_word' id='word_1_194' title='bbox 2199 1373 2352 1443; x_wconf 84' lang='lat' dir='ltr'><strong>quasi</strong></span> <span class='ocrx_word' id='word_1_195' title='bbox 2396 1371 2682 1426; x_wconf 87' lang='lat' dir='ltr'><strong>irridentes</strong></span> <span class='ocrx_word' id='word_1_196' title='bbox 2707 1371 2959 1425; x_wconf 89' lang='lat' dir='ltr'><strong>dicebant</strong></span> <span class='ocrx_word' id='word_1_197' title='bbox 2986 1387 3000 1424; x_wconf 95' lang='lat'><strong>:</strong></span> <span class='ocrx_word' id='word_1_198' title='bbox 3030 1371 3263 1426; x_wconf 79' lang='lat' dir='ltr'><strong>Rursum</strong></span> <span class='ocrx_word' id='word_1_199' title='bbox 3289 1372 3379 1427; x_wconf 84' lang='lat' dir='ltr'><strong>hic</strong></span> <span class='ocrx_word' id='word_1_200' title='bbox 3401 1373 3550 1426; x_wconf 88' lang='lat' dir='ltr'><strong>videt</strong></span> <span class='ocrx_word' id='word_1_201' title='bbox 3579 1373 3798 1441; x_wconf 88' lang='lat' dir='ltr'><strong>pondus</strong></span> 
     </span>
    </p>
   </div>
   <div class='ocr_carea' id='block_1_27' title="bbox 2199 1462 3796 1534">
    <p class='ocr_par' dir='ltr' id='par_1_27' title="bbox 2199 1462 3796 1534">
     <span class='ocr_line' id='line_1_27' title="bbox 2199 1462 3796 1534; baseline -0.001 -15"><span class='ocrx_word' id='word_1_202' title='bbox 2199 1472 2256 1519; x_wconf 90' lang='lat' dir='ltr'><strong>et</strong></span> <span class='ocrx_word' id='word_1_203' title='bbox 2293 1479 2430 1517; x_wconf 67' lang='lat' dir='ltr'><strong>tinus</strong></span> <span class='ocrx_word' id='word_1_204' title='bbox 2478 1462 2712 1517; x_wconf 88' lang='lat' dir='ltr'><strong>Domini.</strong></span> <span class='ocrx_word' id='word_1_205' title='bbox 2757 1463 2934 1531; x_wconf 82' lang='lat' dir='ltr'><strong>Atque</strong></span> <span class='ocrx_word' id='word_1_206' title='bbox 2980 1462 3055 1516; x_wconf 86' lang='lat' dir='ltr'><strong>ita</strong></span> <span class='ocrx_word' id='word_1_207' title='bbox 3102 1463 3296 1526; x_wconf 83' lang='lat' dir='ltr'><strong>ﬁebat,</strong></span> <span class='ocrx_word' id='word_1_208' title='bbox 3342 1474 3403 1517; x_wconf 91' lang='lat' dir='ltr'><strong>ut</strong></span> <span class='ocrx_word' id='word_1_209' title='bbox 3446 1479 3796 1534; x_wconf 76' lang='lat' dir='ltr'><strong>nequaquam</strong></span> 
     </span>
    </p>
   </div>
   <div class='ocr_carea' id='block_1_28' title="bbox 2199 1549 3800 1622">
    <p class='ocr_par' dir='ltr' id='par_1_28' title="bbox 2199 1549 3800 1622">
     <span class='ocr_line' id='line_1_28' title="bbox 2199 1549 3800 1622; baseline 0.001 -14"><span class='ocrx_word' id='word_1_210' title='bbox 2199 1553 2340 1608; x_wconf 88' lang='lat' dir='ltr'><strong>ultra</strong></span> <span class='ocrx_word' id='word_1_211' title='bbox 2379 1553 2536 1617; x_wconf 86' lang='lat' dir='ltr'><strong>visio,</strong></span> <span class='ocrx_word' id='word_1_212' title='bbox 2581 1553 2675 1607; x_wconf 87' lang='lat' dir='ltr'><strong>sed</strong></span> <span class='ocrx_word' id='word_1_213' title='bbox 2717 1567 2812 1622; x_wconf 92' lang='lat' dir='ltr'><strong>per</strong></span> <span class='ocrx_word' id='word_1_214' title='bbox 2843 1549 3027 1619; x_wconf 89' lang='lat' dir='ltr'><strong>jocum</strong></span> <span class='ocrx_word' id='word_1_215' title='bbox 3071 1561 3230 1620; x_wconf 88' lang='lat' dir='ltr'><strong>atque</strong></span> <span class='ocrx_word' id='word_1_216' title='bbox 3276 1554 3514 1608; x_wconf 87' lang='lat' dir='ltr'><strong>derisum</strong></span> <span class='ocrx_word' id='word_1_217' title='bbox 3555 1570 3698 1607; x_wconf 88' lang='lat' dir='ltr'><strong>onus</strong></span> <span class='ocrx_word' id='word_1_218' title='bbox 3741 1563 3800 1609; x_wconf 88' lang='lat' dir='ltr'><strong>et</strong></span> 
     </span>
    </p>
   </div>
   <div class='ocr_carea' id='block_1_29' title="bbox 2200 1639 3798 1712">
    <p class='ocr_par' dir='ltr' id='par_1_29' title="bbox 2200 1639 3798 1712">
     <span class='ocr_line' id='line_1_29' title="bbox 2200 1639 3798 1712; baseline 0.002 -20"><span class='ocrx_word' id='word_1_219' title='bbox 2200 1643 2411 1710; x_wconf 82' lang='lat' dir='ltr'><strong>pondus</strong></span> <span class='ocrx_word' id='word_1_220' title='bbox 2433 1639 2815 1710; x_wconf 85' lang='lat' dir='ltr'><strong>appellaretur.</strong></span> <span class='ocrx_word' id='word_1_221' title='bbox 2845 1639 3095 1710; x_wconf 63' lang='lat' dir='ltr'><strong>Praecipit</strong></span> <span class='ocrx_word' id='word_1_222' title='bbox 3120 1655 3248 1712; x_wconf 89' lang='lat' dir='ltr'><strong>ergo</strong></span> <span class='ocrx_word' id='word_1_223' title='bbox 3277 1643 3558 1704; x_wconf 89' lang='lat' dir='ltr'><strong>Dominus,</strong></span> <span class='ocrx_word' id='word_1_224' title='bbox 3589 1653 3653 1698; x_wconf 89' lang='lat' dir='ltr'><strong>ut</strong></span> <span class='ocrx_word' id='word_1_225' title='bbox 3680 1644 3798 1696; x_wconf 85' lang='lat' dir='ltr'><strong>sive</strong></span> 
     </span>
    </p>
   </div>
   <div class='ocr_carea' id='block_1_30' title="bbox 2200 1731 3799 1804">
    <p class='ocr_par' dir='ltr' id='par_1_30' title="bbox 2200 1731 3799 1804">
     <span class='ocr_line' id='line_1_30' title="bbox 2200 1731 3799 1804; baseline 0.005 -23"><span class='ocrx_word' id='word_1_226' title='bbox 2200 1731 2451 1802; x_wconf 88' lang='lat' dir='ltr'><strong>populus,</strong></span> <span class='ocrx_word' id='word_1_227' title='bbox 2497 1732 2610 1786; x_wconf 86' lang='lat' dir='ltr'><strong>sive</strong></span> <span class='ocrx_word' id='word_1_228' title='bbox 2649 1732 2936 1800; x_wconf 84' lang='lat' dir='ltr'><strong>propheta,</strong></span> <span class='ocrx_word' id='word_1_229' title='bbox 2977 1732 3093 1786; x_wconf 84' lang='lat' dir='ltr'><strong>sive</strong></span> <span class='ocrx_word' id='word_1_230' title='bbox 3129 1734 3384 1788; x_wconf 90' lang='lat' dir='ltr'><strong>sacerdos</strong></span> <span class='ocrx_word' id='word_1_231' title='bbox 3423 1734 3799 1804; x_wconf 61' lang='lat' dir='ltr'><strong>interrogave</strong></span> 
     </span>
    </p>
   </div>
   <div class='ocr_carea' id='block_1_31' title="bbox 520 1822 2104 1902">
    <p class='ocr_par' dir='ltr' id='par_1_31' title="bbox 520 1832 2100 1902">
     <span class='ocr_line' id='line_1_31' title="bbox 520 1832 2100 1902; baseline 0.006 -22"><span class='ocrx_word' id='word_1_232' title='bbox 520 1851 541 1880; x_wconf 71' lang='grc' dir='ltr'><strong><em>ι</em></strong></span> <span class='ocrx_word' id='word_1_233' title='bbox 577 1832 705 1886; x_wconf 88' lang='lat' dir='ltr'><strong>dicit</strong></span> <span class='ocrx_word' id='word_1_234' title='bbox 733 1832 1008 1886; x_wconf 86' lang='lat' dir='ltr'><strong>Dominus.</strong></span> <span class='ocrx_word' id='word_1_235' title='bbox 1051 1851 1069 1882; x_wconf 74' lang='grc' dir='ltr'><strong><em>ι</em></strong></span> <span class='ocrx_word' id='word_1_236' title='bbox 1107 1832 1331 1902; x_wconf 88' lang='lat' dir='ltr'><strong>Semper</strong></span> <span class='ocrx_word' id='word_1_237' title='bbox 1359 1833 1602 1887; x_wconf 85' lang='lat' dir='ltr'><strong>imitatur</strong></span> <span class='ocrx_word' id='word_1_238' title='bbox 1631 1834 1969 1888; x_wconf 84' lang='lat' dir='ltr'><strong>mendacium</strong></span> <span class='ocrx_word' id='word_1_239' title='bbox 2009 1849 2100 1889; x_wconf 88' lang='lat' dir='ltr'><strong>ve-</strong></span> 
     </span>
    </p>
   </div>
   <div class='ocr_carea' id='block_1_32' title="bbox 2205 1822 3799 1902">
    <p class='ocr_par' dir='ltr' id='par_1_32' title="bbox 2205 1822 3799 1895">
     <span class='ocr_line' id='line_1_32' title="bbox 2205 1822 3799 1895; baseline 0.003 -20"><span class='ocrx_word' id='word_1_240' title='bbox 2205 1823 2312 1876; x_wconf 89' lang='lat' dir='ltr'><strong>rint</strong></span> <span class='ocrx_word' id='word_1_241' title='bbox 2335 1822 2625 1877; x_wconf 80' lang='lat' dir='ltr'><strong>Jcrcmiam</strong></span> <span class='ocrx_word' id='word_1_242' title='bbox 2659 1822 2787 1892; x_wconf 88' lang='lat' dir='ltr'><strong>quid</strong></span> <span class='ocrx_word' id='word_1_243' title='bbox 2825 1823 2896 1876; x_wconf 87' lang='lat' dir='ltr'><strong>sit</strong></span> <span class='ocrx_word' id='word_1_244' title='bbox 2932 1823 3163 1892; x_wconf 92' lang='lat' dir='ltr'><strong>pondus,</strong></span> <span class='ocrx_word' id='word_1_245' title='bbox 3207 1823 3291 1878; x_wconf 88' lang='lat' dir='ltr'><strong>vel</strong></span> <span class='ocrx_word' id='word_1_246' title='bbox 3330 1840 3451 1892; x_wconf 69' lang='lat' dir='ltr'><strong>quae</strong></span> <span class='ocrx_word' id='word_1_247' title='bbox 3492 1827 3799 1895; x_wconf 84' lang='lat' dir='ltr'><strong>assumptio</strong></span> 
     </span>
    </p>
   </div>
   <div class='ocr_carea' id='block_1_33' title="bbox 517 1892 2104 1996">
    <p class='ocr_par' dir='ltr' id='par_1_33' title="bbox 517 1924 2103 1996">
     <span class='ocr_line' id='line_1_33' title="bbox 517 1924 2103 1996; baseline 0.001 -18"><span class='ocrx_word' id='word_1_248' title='bbox 517 1924 756 1989; x_wconf 64' lang='lat' dir='ltr'><strong>ritatem,</strong></span> <span class='ocrx_word' id='word_1_249' title='bbox 805 1934 860 1979; x_wconf 91' lang='lat' dir='ltr'><strong>et</strong></span> <span class='ocrx_word' id='word_1_250' title='bbox 902 1925 1007 1979; x_wconf 87' lang='lat' dir='ltr'><strong>nisi</strong></span> <span class='ocrx_word' id='word_1_251' title='bbox 1044 1927 1291 1980; x_wconf 83' lang='lat' dir='ltr'><strong>habuerit</strong></span> <span class='ocrx_word' id='word_1_252' title='bbox 1332 1927 1568 1996; x_wconf 88' lang='lat' dir='ltr'><strong>aliquam</strong></span> <span class='ocrx_word' id='word_1_253' title='bbox 1603 1926 1738 1981; x_wconf 89' lang='lat' dir='ltr'><strong>recti</strong></span> <span class='ocrx_word' id='word_1_254' title='bbox 1795 1925 2103 1980; x_wconf 85' lang='lat' dir='ltr'><strong>similitudi-</strong></span> 
     </span>
    </p>
   </div>
   <div class='ocr_carea' id='block_1_34' title="bbox 2205 1892 3799 1996">
    <p class='ocr_par' dir='ltr' id='par_1_34' title="bbox 2208 1892 3799 1985">
     <span class='ocr_line' id='line_1_34' title="bbox 2208 1892 3799 1985; baseline 0.004 -18"><span class='ocrx_word' id='word_1_255' title='bbox 2208 1915 2454 1975; x_wconf 89' lang='lat' dir='ltr'><strong>Domini,</strong></span> <span class='ocrx_word' id='word_1_256' title='bbox 2489 1916 2814 1985; x_wconf 88' lang='lat' dir='ltr'><strong>respondeat</strong></span> <span class='ocrx_word' id='word_1_257' title='bbox 2851 1916 2932 1970; x_wconf 91' lang='lat' dir='ltr'><strong>eis</strong></span> <span class='ocrx_word' id='word_1_258' title='bbox 2973 1925 3030 1970; x_wconf 88' lang='lat' dir='ltr'><strong>et</strong></span> <span class='ocrx_word' id='word_1_259' title='bbox 3071 1917 3258 1970; x_wconf 84' lang='lat' dir='ltr'><strong>dicat:</strong></span> <span class='ocrx_word' id='word_1_260' title='bbox 3292 1936 3311 1967; x_wconf 73' lang='grc' dir='ltr'><strong>ε</strong></span> <span class='ocrx_word' id='word_1_261' title='bbox 3350 1916 3458 1972; x_wconf 86' lang='lat' dir='ltr'><strong>Vos</strong></span> <span class='ocrx_word' id='word_1_262' title='bbox 3477 1919 3612 1972; x_wconf 87' lang='lat' dir='ltr'><strong>estis</strong></span> <span class='ocrx_word' id='word_1_263' title='bbox 3657 1892 3799 1973; x_wconf 80' lang='lat' dir='ltr'><strong>onus</strong></span> 
     </span>
    </p>
   </div>
   <div class='ocr_carea' id='block_1_35' title="bbox 518 2015 2104 2089">
    <p class='ocr_par' dir='ltr' id='par_1_35' title="bbox 518 2015 2104 2089">
     <span class='ocr_line' id='line_1_35' title="bbox 518 2015 2104 2089; baseline 0.003 -22"><span class='ocrx_word' id='word_1_264' title='bbox 518 2028 663 2075; x_wconf 84' lang='lat' dir='ltr'><strong>nem,</strong></span> <span class='ocrx_word' id='word_1_265' title='bbox 693 2015 939 2084; x_wconf 84' lang='lat' dir='ltr'><strong>deripere</strong></span> <span class='ocrx_word' id='word_1_266' title='bbox 966 2030 1071 2070; x_wconf 90' lang='lat' dir='ltr'><strong>non</strong></span> <span class='ocrx_word' id='word_1_267' title='bbox 1103 2025 1277 2084; x_wconf 86' lang='lat' dir='ltr'><strong>potest</strong></span> <span class='ocrx_word' id='word_1_268' title='bbox 1311 2017 1643 2072; x_wconf 83' lang='lat' dir='ltr'><strong>innocentes.</strong></span> <span class='ocrx_word' id='word_1_269' title='bbox 1674 2018 1954 2085; x_wconf 86' lang='lat' dir='ltr'><strong>Quomodo</strong></span> <span class='ocrx_word' id='word_1_270' title='bbox 2002 2018 2104 2089; x_wconf 84' lang='lat' dir='ltr'><strong>igi-</strong></span> 
     </span>
    </p>
   </div>
   <div class='ocr_carea' id='block_1_36' title="bbox 521 2104 2104 2178">
    <p class='ocr_par' dir='ltr' id='par_1_36' title="bbox 521 2104 2104 2178">
     <span class='ocr_line' id='line_1_36' title="bbox 521 2104 2104 2178; baseline 0.003 -20"><span class='ocrx_word' id='word_1_271' title='bbox 521 2112 610 2158; x_wconf 88' lang='lat' dir='ltr'><strong>tur</strong></span> <span class='ocrx_word' id='word_1_272' title='bbox 635 2104 689 2159; x_wconf 93' lang='lat' dir='ltr'><strong>in</strong></span> <span class='ocrx_word' id='word_1_273' title='bbox 727 2106 908 2175; x_wconf 87' lang='lat' dir='ltr'><strong>priore</strong></span> <span class='ocrx_word' id='word_1_274' title='bbox 935 2106 1130 2176; x_wconf 91' lang='lat' dir='ltr'><strong>populo</strong></span> <span class='ocrx_word' id='word_1_275' title='bbox 1182 2108 1579 2162; x_wconf 87' lang='lat' dir='ltr'><strong>mentiebantur</strong></span> <span class='ocrx_word' id='word_1_276' title='bbox 1615 2109 1906 2178; x_wconf 56' lang='lat' dir='ltr'><strong>prophetae,</strong></span> <span class='ocrx_word' id='word_1_277' title='bbox 1941 2117 2104 2178; x_wconf 86' lang='lat' dir='ltr'><strong>atque</strong></span> 
     </span>
    </p>
   </div>
   <div class='ocr_carea' id='block_1_37' title="bbox 518 2194 2102 2263">
    <p class='ocr_par' dir='ltr' id='par_1_37' title="bbox 518 2194 2102 2263">
     <span class='ocr_line' id='line_1_37' title="bbox 518 2194 2102 2263; baseline 0.002 -14"><span class='ocrx_word' id='word_1_278' title='bbox 518 2194 769 2249; x_wconf 81' lang='lat' dir='ltr'><strong>dicebant</strong></span> <span class='ocrx_word' id='word_1_279' title='bbox 801 2213 813 2248; x_wconf 96' lang='lat'><strong>:</strong></span> <span class='ocrx_word' id='word_1_280' title='bbox 849 2215 866 2245; x_wconf 70' lang='grc' dir='ltr'><strong>ε</strong></span> <span class='ocrx_word' id='word_1_281' title='bbox 904 2195 1025 2250; x_wconf 75' lang='lat' dir='ltr'><strong>Hmc</strong></span> <span class='ocrx_word' id='word_1_282' title='bbox 1048 2197 1177 2251; x_wconf 88' lang='lat' dir='ltr'><strong>dicit</strong></span> <span class='ocrx_word' id='word_1_283' title='bbox 1208 2197 1484 2263; x_wconf 88' lang='lat' dir='ltr'><strong>Dominus,</strong></span> <span class='ocrx_word' id='word_1_284' title='bbox 1523 2217 1542 2249; x_wconf 75' lang='grc' dir='ltr'><strong>ι</strong></span> <span class='ocrx_word' id='word_1_285' title='bbox 1578 2206 1652 2261; x_wconf 87' lang='lat' dir='ltr'><strong>et,</strong></span> <span class='ocrx_word' id='word_1_286' title='bbox 1689 2217 1706 2248; x_wconf 74' lang='grc' dir='ltr'>ι</span> <span class='ocrx_word' id='word_1_287' title='bbox 1745 2198 1866 2252; x_wconf 89' lang='lat' dir='ltr'><strong>Vidi</strong></span> <span class='ocrx_word' id='word_1_288' title='bbox 1917 2199 2102 2253; x_wconf 88' lang='lat' dir='ltr'><strong>Domi-</strong></span> 
     </span>
    </p>
   </div>
   <div class='ocr_carea' id='block_1_38' title="bbox 519 2286 2103 2361">
    <p class='ocr_par' dir='ltr' id='par_1_38' title="bbox 519 2286 2103 2361">
     <span class='ocr_line' id='line_1_38' title="bbox 519 2286 2103 2361; baseline 0.004 -22"><span class='ocrx_word' id='word_1_289' title='bbox 519 2301 668 2349; x_wconf 89' lang='lat' dir='ltr'><strong>num,</strong></span> <span class='ocrx_word' id='word_1_290' title='bbox 708 2304 727 2336; x_wconf 78' lang='lat' dir='ltr'><strong>I</strong></span> <span class='ocrx_word' id='word_1_291' title='bbox 772 2293 845 2348; x_wconf 88' lang='lat' dir='ltr'><strong>et,</strong></span> <span class='ocrx_word' id='word_1_292' title='bbox 898 2304 918 2336; x_wconf 69' lang='grc' dir='ltr'><strong>α</strong></span> <span class='ocrx_word' id='word_1_293' title='bbox 968 2286 1200 2342; x_wconf 80' lang='lat' dir='ltr'><strong>Verbum</strong></span> <span class='ocrx_word' id='word_1_294' title='bbox 1233 2289 1443 2344; x_wconf 88' lang='lat' dir='ltr'><strong>Domini</strong></span> <span class='ocrx_word' id='word_1_295' title='bbox 1475 2292 1618 2361; x_wconf 88' lang='lat' dir='ltr'><strong>quod</strong></span> <span class='ocrx_word' id='word_1_296' title='bbox 1643 2291 1839 2348; x_wconf 79' lang='lat' dir='ltr'><strong>factum</strong></span> <span class='ocrx_word' id='word_1_297' title='bbox 1864 2301 1948 2348; x_wconf 90' lang='lat' dir='ltr'><strong>est</strong></span> <span class='ocrx_word' id='word_1_298' title='bbox 1984 2313 2001 2344; x_wconf 75' lang='grc' dir='ltr'>ι</span> <span class='ocrx_word' id='word_1_299' title='bbox 2037 2293 2103 2346; x_wconf 89' lang='lat' dir='ltr'><strong>ad</strong></span> 
     </span>
    </p>
   </div>
   <div class='ocr_carea' id='block_1_39' title="bbox 521 2371 2107 2450">
    <p class='ocr_par' dir='ltr' id='par_1_39' title="bbox 521 2371 2107 2450">
     <span class='ocr_line' id='line_1_39' title="bbox 521 2371 2107 2450; baseline 0.005 -24"><span class='ocrx_word' id='word_1_300' title='bbox 521 2371 702 2438; x_wconf 87' lang='lat' dir='ltr'><strong>illum,</strong></span> <span class='ocrx_word' id='word_1_301' title='bbox 734 2374 812 2428; x_wconf 86' lang='lat' dir='ltr'><strong>sic</strong></span> <span class='ocrx_word' id='word_1_302' title='bbox 836 2373 1076 2430; x_wconf 67' lang='lat' dir='ltr'><strong>baretici</strong></span> <span class='ocrx_word' id='word_1_303' title='bbox 1120 2385 1404 2431; x_wconf 89' lang='lat' dir='ltr'><strong>assumunt</strong></span> <span class='ocrx_word' id='word_1_304' title='bbox 1453 2380 1760 2434; x_wconf 88' lang='lat' dir='ltr'><strong>testimonia</strong></span> <span class='ocrx_word' id='word_1_305' title='bbox 1808 2382 2107 2450; x_wconf 88' lang='lat' dir='ltr'><strong>scriptura-</strong></span> 
     </span>
    </p>
   </div>
   <div class='ocr_carea' id='block_1_40' title="bbox 521 2463 2105 2529">
    <p class='ocr_par' dir='ltr' id='par_1_40' title="bbox 521 2463 2105 2529">
     <span class='ocr_line' id='line_1_40' title="bbox 521 2463 2105 2529; baseline 0.006 -13"><span class='ocrx_word' id='word_1_306' title='bbox 521 2478 640 2517; x_wconf 86' lang='lat' dir='ltr'><strong>rum</strong></span> <span class='ocrx_word' id='word_1_307' title='bbox 663 2464 730 2517; x_wconf 85' lang='lat' dir='ltr'><strong>de</strong></span> <span class='ocrx_word' id='word_1_308' title='bbox 757 2463 933 2518; x_wconf 82' lang='lat' dir='ltr'><strong>Veteri</strong></span> <span class='ocrx_word' id='word_1_309' title='bbox 947 2473 1000 2519; x_wconf 88' lang='lat' dir='ltr'><strong>et</strong></span> <span class='ocrx_word' id='word_1_310' title='bbox 1020 2465 1168 2520; x_wconf 86' lang='lat' dir='ltr'><strong>Novo</strong></span> <span class='ocrx_word' id='word_1_311' title='bbox 1189 2467 1571 2529; x_wconf 86' lang='lat' dir='ltr'><strong>instrumento.</strong></span> <span class='ocrx_word' id='word_1_312' title='bbox 1592 2479 1644 2524; x_wconf 91' lang='lat' dir='ltr'><strong>et</strong></span> <span class='ocrx_word' id='word_1_313' title='bbox 1672 2470 1922 2526; x_wconf 81' lang='lat' dir='ltr'><strong>furantur</strong></span> <span class='ocrx_word' id='word_1_314' title='bbox 1939 2473 2105 2526; x_wconf 86' lang='lat' dir='ltr'><strong>verba</strong></span> 
     </span>
    </p>
   </div>
   <div class='ocr_carea' id='block_1_41' title="bbox 527 2550 2110 2630">
    <p class='ocr_par' dir='ltr' id='par_1_41' title="bbox 527 2550 2110 2630">
     <span class='ocr_line' id='line_1_41' title="bbox 527 2550 2110 2630; baseline 0.007 -25"><span class='ocrx_word' id='word_1_315' title='bbox 527 2550 847 2614; x_wconf 84' lang='lat' dir='ltr'><strong>Salvatoris,</strong></span> <span class='ocrx_word' id='word_1_316' title='bbox 878 2555 1250 2623; x_wconf 87' lang='lat' dir='ltr'><strong>unusquisque</strong></span> <span class='ocrx_word' id='word_1_317' title='bbox 1281 2571 1309 2609; x_wconf 89' lang='lat' dir='ltr'><strong>a</strong></span> <span class='ocrx_word' id='word_1_318' title='bbox 1335 2559 1578 2626; x_wconf 79' lang='lat' dir='ltr'><strong>proximo</strong></span> <span class='ocrx_word' id='word_1_319' title='bbox 1599 2575 1717 2623; x_wconf 85' lang='lat' dir='ltr'><strong>suo,</strong></span> <span class='ocrx_word' id='word_1_320' title='bbox 1746 2562 2024 2630; x_wconf 88' lang='lat' dir='ltr'><strong>prophetis</strong></span> <span class='ocrx_word' id='word_1_321' title='bbox 2053 2571 2110 2616; x_wconf 94' lang='lat' dir='ltr'><strong>et</strong></span> 
     </span>
    </p>
   </div>
   <div class='ocr_carea' id='block_1_42' title="bbox 522 2643 2105 2720">
    <p class='ocr_par' dir='ltr' id='par_1_42' title="bbox 522 2643 2105 2720">
     <span class='ocr_line' id='line_1_42' title="bbox 522 2643 2105 2720; baseline 0.006 -23"><span class='ocrx_word' id='word_1_322' title='bbox 522 2643 802 2712; x_wconf 88' lang='lat' dir='ltr'><strong>apostolis.</strong></span> <span class='ocrx_word' id='word_1_323' title='bbox 848 2653 906 2697; x_wconf 88' lang='lat' dir='ltr'><strong>et</strong></span> <span class='ocrx_word' id='word_1_324' title='bbox 940 2645 1304 2714; x_wconf 84' lang='lat' dir='ltr'><strong>evangelistis,</strong></span> <span class='ocrx_word' id='word_1_325' title='bbox 1335 2657 1390 2700; x_wconf 91' lang='lat' dir='ltr'><strong>et</strong></span> <span class='ocrx_word' id='word_1_326' title='bbox 1419 2658 1700 2703; x_wconf 86' lang='lat' dir='ltr'><strong>assumunt</strong></span> <span class='ocrx_word' id='word_1_327' title='bbox 1727 2650 1935 2720; x_wconf 76' lang='lat' dir='ltr'><strong>linguas</strong></span> <span class='ocrx_word' id='word_1_328' title='bbox 1959 2667 2105 2716; x_wconf 88' lang='lat' dir='ltr'><strong>suas,</strong></span> 
     </span>
    </p>
   </div>
   <div class='ocr_carea' id='block_1_43' title="bbox 523 2733 2107 2803">
    <p class='ocr_par' dir='ltr' id='par_1_43' title="bbox 523 2733 2107 2803">
     <span class='ocr_line' id='line_1_43' title="bbox 523 2733 2107 2803; baseline 0.008 -19"><span class='ocrx_word' id='word_1_329' title='bbox 523 2738 584 2784; x_wconf 87' lang='lat' dir='ltr'><strong>ut</strong></span> <span class='ocrx_word' id='word_1_330' title='bbox 615 2733 798 2786; x_wconf 89' lang='lat' dir='ltr'><strong>cordis</strong></span> <span class='ocrx_word' id='word_1_331' title='bbox 826 2748 1031 2788; x_wconf 86' lang='lat' dir='ltr'><strong>venena</strong></span> <span class='ocrx_word' id='word_1_332' title='bbox 1057 2749 1153 2789; x_wconf 81' lang='lat' dir='ltr'><strong>ore</strong></span> <span class='ocrx_word' id='word_1_333' title='bbox 1177 2738 1548 2803; x_wconf 85' lang='lat' dir='ltr'><strong>pronuntient,</strong></span> <span class='ocrx_word' id='word_1_334' title='bbox 1572 2748 1627 2794; x_wconf 91' lang='lat' dir='ltr'><strong>et</strong></span> <span class='ocrx_word' id='word_1_335' title='bbox 1655 2741 1948 2796; x_wconf 87' lang='lat' dir='ltr'><strong>dormitant</strong></span> <span class='ocrx_word' id='word_1_336' title='bbox 1979 2743 2107 2797; x_wconf 90' lang='lat' dir='ltr'><strong>dor-</strong></span> 
     </span>
    </p>
   </div>
   <div class='ocr_carea' id='block_1_44' title="bbox 525 2822 2107 2895">
    <p class='ocr_par' dir='ltr' id='par_1_44' title="bbox 525 2822 2107 2895">
     <span class='ocr_line' id='line_1_44' title="bbox 525 2822 2107 2895; baseline 0.006 -18"><span class='ocrx_word' id='word_1_337' title='bbox 525 2822 886 2888; x_wconf 80' lang='lat' dir='ltr'><strong>mitationem,</strong></span> <span class='ocrx_word' id='word_1_338' title='bbox 915 2825 982 2880; x_wconf 90' lang='lat' dir='ltr'><strong>de</strong></span> <span class='ocrx_word' id='word_1_339' title='bbox 1010 2826 1204 2895; x_wconf 82' lang='lat' dir='ltr'><strong>quibus</strong></span> <span class='ocrx_word' id='word_1_340' title='bbox 1228 2843 1359 2883; x_wconf 86' lang='lat' dir='ltr'><strong>vere</strong></span> <span class='ocrx_word' id='word_1_341' title='bbox 1391 2829 1592 2884; x_wconf 89' lang='lat' dir='ltr'><strong>dictum</strong></span> <span class='ocrx_word' id='word_1_342' title='bbox 1621 2841 1706 2885; x_wconf 87' lang='lat' dir='ltr'><strong>est</strong></span> <span class='ocrx_word' id='word_1_343' title='bbox 1735 2849 1748 2885; x_wconf 91' lang='lat'><strong>:</strong></span> <span class='ocrx_word' id='word_1_344' title='bbox 1782 2849 1800 2882; x_wconf 77' lang='grc' dir='ltr'>ι</span> <span class='ocrx_word' id='word_1_345' title='bbox 1840 2832 2107 2886; x_wconf 86' lang='lat' dir='ltr'><strong>Dormita-</strong></span> 
     </span>
    </p>
   </div>
   <div class='ocr_carea' id='block_1_45' title="bbox 522 2918 2106 2992">
    <p class='ocr_par' dir='ltr' id='par_1_45' title="bbox 522 2918 2106 2992">
     <span class='ocr_line' id='line_1_45' title="bbox 522 2918 2106 2992; baseline 0.004 -25"><span class='ocrx_word' id='word_1_346' title='bbox 522 2923 720 2974; x_wconf 84' lang='lat' dir='ltr'><strong>verunt</strong></span> <span class='ocrx_word' id='word_1_347' title='bbox 762 2929 1010 2971; x_wconf 84' lang='lat' dir='ltr'><strong>somnum</strong></span> <span class='ocrx_word' id='word_1_348' title='bbox 1057 2931 1237 2982; x_wconf 88' lang='lat' dir='ltr'><strong>suum,</strong></span> <span class='ocrx_word' id='word_1_349' title='bbox 1281 2927 1338 2972; x_wconf 91' lang='lat' dir='ltr'><strong>et</strong></span> <span class='ocrx_word' id='word_1_350' title='bbox 1387 2918 1708 2974; x_wconf 84' lang='lat' dir='ltr'><strong>invenerunt</strong></span> <span class='ocrx_word' id='word_1_351' title='bbox 1755 2921 1884 2975; x_wconf 90' lang='lat' dir='ltr'><strong>nihil</strong></span> <span class='ocrx_word' id='word_1_352' title='bbox 1931 2919 2106 2992; x_wconf 80' lang='lat' dir='ltr'><strong>(Psal.</strong></span> 
     </span>
    </p>
   </div>
   <div class='ocr_carea' id='block_1_46' title="bbox 524 3005 2110 3078">
    <p class='ocr_par' dir='ltr' id='par_1_46' title="bbox 524 3005 2110 3078">
     <span class='ocr_line' id='line_1_46' title="bbox 524 3005 2110 3078; baseline 0.004 -16"><span class='ocrx_word' id='word_1_353' title='bbox 524 3005 688 3075; x_wconf 53' lang='lat' dir='ltr'><strong>sxxii)</strong></span> <span class='ocrx_word' id='word_1_354' title='bbox 714 3023 729 3073; x_wconf 90' lang='lat'><strong>;</strong></span> <span class='ocrx_word' id='word_1_355' title='bbox 761 3027 780 3060; x_wconf 70' lang='grc' dir='ltr'><strong><em>ι</em></strong></span> <span class='ocrx_word' id='word_1_356' title='bbox 807 3007 1089 3074; x_wconf 76' lang='lat' dir='ltr'><strong>sivejuxta</strong></span> <span class='ocrx_word' id='word_1_357' title='bbox 1115 3008 1463 3075; x_wconf 78' lang='lat' dir='ltr'><strong>ilebraieum,</strong></span> <span class='ocrx_word' id='word_1_358' title='bbox 1503 3028 1521 3061; x_wconf 85' lang='grc'><strong><em>‹</em></strong></span> <span class='ocrx_word' id='word_1_359' title='bbox 1561 3011 1625 3065; x_wconf 82' lang='lat' dir='ltr'><strong>Et</strong></span> <span class='ocrx_word' id='word_1_360' title='bbox 1669 3013 1838 3076; x_wconf 90' lang='lat' dir='ltr'><strong>aiunt,</strong></span> <span class='ocrx_word' id='word_1_361' title='bbox 1868 3013 2020 3078; x_wconf 87' lang='lat' dir='ltr'><strong>dicit,</strong></span> <span class='ocrx_word' id='word_1_362' title='bbox 2049 3020 2110 3068; x_wconf 90' lang='lat' dir='ltr'><strong>ut</strong></span> 
     </span>
    </p>
   </div>
   <div class='ocr_carea' id='block_1_47' title="bbox 524 3097 2106 3162">
    <p class='ocr_par' dir='ltr' id='par_1_47' title="bbox 524 3097 2106 3162">
     <span class='ocr_line' id='line_1_47' title="bbox 524 3097 2106 3162; baseline 0.003 -12"><span class='ocrx_word' id='word_1_363' title='bbox 524 3097 880 3152; x_wconf 83' lang='lat' dir='ltr'><strong>subaudlatur</strong></span> <span class='ocrx_word' id='word_1_364' title='bbox 897 3097 1174 3162; x_wconf 77' lang='lat' dir='ltr'><strong>Dominus,</strong></span> <span class='ocrx_word' id='word_1_365' title='bbox 1203 3107 1298 3153; x_wconf 87' lang='lat' dir='ltr'><strong>aut</strong></span> <span class='ocrx_word' id='word_1_366' title='bbox 1317 3108 1464 3154; x_wconf 83' lang='lat' dir='ltr'><strong>certe</strong></span> <span class='ocrx_word' id='word_1_367' title='bbox 1491 3116 1661 3154; x_wconf 82' lang='lat' dir='ltr'><strong>sermo</strong></span> <span class='ocrx_word' id='word_1_368' title='bbox 1691 3101 1918 3156; x_wconf 79' lang='lat' dir='ltr'><strong>divinus.</strong></span> <span class='ocrx_word' id='word_1_369' title='bbox 1943 3101 2106 3157; x_wconf 79' lang='lat' dir='ltr'><strong>Com-</strong></span> 
     </span>
    </p>
   </div>
   <div class='ocr_carea' id='block_1_48' title="bbox 525 3188 2110 3260">
    <p class='ocr_par' dir='ltr' id='par_1_48' title="bbox 525 3188 2110 3260">
     <span class='ocr_line' id='line_1_48' title="bbox 525 3188 2110 3260; baseline 0.003 -18"><span class='ocrx_word' id='word_1_370' title='bbox 525 3188 766 3242; x_wconf 79' lang='lat' dir='ltr'><strong>minatur</strong></span> <span class='ocrx_word' id='word_1_371' title='bbox 797 3188 980 3258; x_wconf 86' lang='lat' dir='ltr'><strong>itaque</strong></span> <span class='ocrx_word' id='word_1_372' title='bbox 1022 3189 1282 3244; x_wconf 90' lang='lat' dir='ltr'><strong>Dominus</strong></span> <span class='ocrx_word' id='word_1_373' title='bbox 1317 3207 1461 3246; x_wconf 90' lang='lat' dir='ltr'><strong>nunc</strong></span> <span class='ocrx_word' id='word_1_374' title='bbox 1487 3207 1546 3246; x_wconf 91' lang='lat' dir='ltr'><strong>se</strong></span> <span class='ocrx_word' id='word_1_375' title='bbox 1597 3192 1772 3260; x_wconf 88' lang='lat' dir='ltr'><strong>ipsum</strong></span> <span class='ocrx_word' id='word_1_376' title='bbox 1795 3202 1980 3247; x_wconf 90' lang='lat' dir='ltr'><strong>contra</strong></span> <span class='ocrx_word' id='word_1_377' title='bbox 2009 3193 2110 3247; x_wconf 85' lang='lat' dir='ltr'><strong>hu-</strong></span> 
     </span>
    </p>
   </div>
   <div class='ocr_carea' id='block_1_49' title="bbox 519 3277 2108 3356">
    <p class='ocr_par' dir='ltr' id='par_1_49' title="bbox 519 3277 2108 3356">
     <span class='ocr_line' id='line_1_49' title="bbox 519 3277 2108 3356; baseline 0.005 -24"><span class='ocrx_word' id='word_1_378' title='bbox 519 3277 820 3348; x_wconf 87' lang='lat' dir='ltr'><strong>juscemodi</strong></span> <span class='ocrx_word' id='word_1_379' title='bbox 838 3280 1124 3350; x_wconf 87' lang='lat' dir='ltr'><strong>magistros</strong></span> <span class='ocrx_word' id='word_1_380' title='bbox 1147 3296 1267 3335; x_wconf 87' lang='lat' dir='ltr'><strong>esse</strong></span> <span class='ocrx_word' id='word_1_381' title='bbox 1288 3291 1598 3346; x_wconf 84' lang='lat' dir='ltr'><strong>venturum,</strong></span> <span class='ocrx_word' id='word_1_382' title='bbox 1614 3285 1704 3353; x_wconf 91' lang='lat' dir='ltr'><strong>qui</strong></span> <span class='ocrx_word' id='word_1_383' title='bbox 1727 3285 1990 3339; x_wconf 89' lang='lat' dir='ltr'><strong>seducant</strong></span> <span class='ocrx_word' id='word_1_384' title='bbox 2009 3299 2108 3356; x_wconf 89' lang='lat' dir='ltr'><strong>po-</strong></span> 
     </span>
    </p>
   </div>
   <div class='ocr_carea' id='block_1_50' title="bbox 525 3369 2106 3449">
    <p class='ocr_par' dir='ltr' id='par_1_50' title="bbox 525 3369 2106 3449">
     <span class='ocr_line' id='line_1_50' title="bbox 525 3369 2106 3449; baseline 0.008 -28"><span class='ocrx_word' id='word_1_385' title='bbox 525 3370 709 3438; x_wconf 86' lang='lat' dir='ltr'><strong>pulum</strong></span> <span class='ocrx_word' id='word_1_386' title='bbox 731 3369 849 3437; x_wconf 84' lang='lat' dir='ltr'><strong>ejus</strong></span> <span class='ocrx_word' id='word_1_387' title='bbox 873 3371 926 3424; x_wconf 89' lang='lat' dir='ltr'><strong>in</strong></span> <span class='ocrx_word' id='word_1_388' title='bbox 970 3372 1264 3427; x_wconf 88' lang='lat' dir='ltr'><strong>mendaciis</strong></span> <span class='ocrx_word' id='word_1_389' title='bbox 1292 3375 1424 3439; x_wconf 84' lang='lat' dir='ltr'><strong>suis,</strong></span> <span class='ocrx_word' id='word_1_390' title='bbox 1451 3384 1506 3429; x_wconf 94' lang='lat' dir='ltr'><strong>ct</strong></span> <span class='ocrx_word' id='word_1_391' title='bbox 1534 3377 1585 3429; x_wconf 92' lang='lat' dir='ltr'><strong>iu</strong></span> <span class='ocrx_word' id='word_1_392' title='bbox 1615 3378 1923 3447; x_wconf 90' lang='lat' dir='ltr'><strong>stuporibus</strong></span> <span class='ocrx_word' id='word_1_393' title='bbox 1946 3389 2106 3449; x_wconf 89' lang='lat' dir='ltr'><strong>atque</strong></span> 
     </span>
    </p>
   </div>
   <div class='ocr_carea' id='block_1_51' title="bbox 527 3463 2106 3538">
    <p class='ocr_par' dir='ltr' id='par_1_51' title="bbox 527 3463 2106 3538">
     <span class='ocr_line' id='line_1_51' title="bbox 527 3463 2106 3538; baseline 0.006 -23"><span class='ocrx_word' id='word_1_394' title='bbox 527 3463 820 3517; x_wconf 87' lang='lat' dir='ltr'><strong>miraculis.</strong></span> <span class='ocrx_word' id='word_1_395' title='bbox 855 3463 1044 3534; x_wconf 82' lang='lat' dir='ltr'><strong>Magna</strong></span> <span class='ocrx_word' id='word_1_396' title='bbox 1065 3466 1208 3518; x_wconf 83' lang='lat' dir='ltr'><strong>cnim</strong></span> <span class='ocrx_word' id='word_1_397' title='bbox 1231 3475 1286 3520; x_wconf 87' lang='lat' dir='ltr'><strong>et</strong></span> <span class='ocrx_word' id='word_1_398' title='bbox 1309 3466 1642 3522; x_wconf 88' lang='lat' dir='ltr'><strong>incredibilia</strong></span> <span class='ocrx_word' id='word_1_399' title='bbox 1669 3477 1725 3523; x_wconf 90' lang='lat' dir='ltr'><strong>et</strong></span> <span class='ocrx_word' id='word_1_400' title='bbox 1750 3470 1984 3538; x_wconf 81' lang='lat' dir='ltr'><strong>ingentia</strong></span> <span class='ocrx_word' id='word_1_401' title='bbox 2026 3485 2106 3525; x_wconf 82' lang='lat' dir='ltr'><strong>re-</strong></span> 
     </span>
    </p>
   </div>
   <div class='ocr_carea' id='block_1_52' title="bbox 525 3553 2104 3632">
    <p class='ocr_par' dir='ltr' id='par_1_52' title="bbox 525 3553 2104 3632">
     <span class='ocr_line' id='line_1_52' title="bbox 525 3553 2104 3632; baseline 0.008 -27"><span class='ocrx_word' id='word_1_402' title='bbox 525 3553 866 3622; x_wconf 78' lang='lat' dir='ltr'><strong>promittunt,</strong></span> <span class='ocrx_word' id='word_1_403' title='bbox 897 3563 955 3608; x_wconf 90' lang='lat' dir='ltr'><strong>ut</strong></span> <span class='ocrx_word' id='word_1_404' title='bbox 983 3555 1242 3610; x_wconf 81' lang='lat' dir='ltr'><strong>seducant</strong></span> <span class='ocrx_word' id='word_1_405' title='bbox 1289 3559 1536 3624; x_wconf 90' lang='lat' dir='ltr'><strong>miseros,</strong></span> <span class='ocrx_word' id='word_1_406' title='bbox 1573 3577 1592 3610; x_wconf 85' lang='grc'><strong><em>‹</em></strong></span> <span class='ocrx_word' id='word_1_407' title='bbox 1613 3561 1704 3630; x_wconf 90' lang='lat' dir='ltr'><strong>qui</strong></span> <span class='ocrx_word' id='word_1_408' title='bbox 1728 3562 1860 3616; x_wconf 89' lang='lat' dir='ltr'><strong>nihil</strong></span> <span class='ocrx_word' id='word_1_409' title='bbox 1887 3561 2104 3632; x_wconf 79' lang='lat' dir='ltr'><strong>profuc-</strong></span> 
     </span>
    </p>
   </div>
   <div class='ocr_carea' id='block_1_53' title="bbox 523 3645 2104 3725">
    <p class='ocr_par' dir='ltr' id='par_1_53' title="bbox 523 3645 2104 3725">
     <span class='ocr_line' id='line_1_53' title="bbox 523 3645 2104 3725; baseline 0.004 -24"><span class='ocrx_word' id='word_1_410' title='bbox 523 3652 654 3702; x_wconf 81' lang='lat' dir='ltr'><strong>runt</strong></span> <span class='ocrx_word' id='word_1_411' title='bbox 681 3645 877 3714; x_wconf 88' lang='lat' dir='ltr'><strong>populo</strong></span> <span class='ocrx_word' id='word_1_412' title='bbox 923 3645 1061 3702; x_wconf 89' lang='lat' dir='ltr'><strong>Dei:</strong></span> <span class='ocrx_word' id='word_1_413' title='bbox 1103 3668 1121 3700; x_wconf 72' lang='grc' dir='ltr'><strong>ι</strong></span> <span class='ocrx_word' id='word_1_414' title='bbox 1157 3657 1210 3704; x_wconf 88' lang='lat' dir='ltr'><strong>et</strong></span> <span class='ocrx_word' id='word_1_415' title='bbox 1261 3649 1390 3705; x_wconf 91' lang='lat' dir='ltr'><strong>illud</strong></span> <span class='ocrx_word' id='word_1_416' title='bbox 1441 3651 1664 3722; x_wconf 89' lang='lat' dir='ltr'><strong>implent</strong></span> <span class='ocrx_word' id='word_1_417' title='bbox 1714 3655 2062 3725; x_wconf 87' lang='lat' dir='ltr'><strong>apostolicum</strong></span> <span class='ocrx_word' id='word_1_418' title='bbox 2088 3697 2104 3721; x_wconf 87' lang='lat'><strong>,</strong></span> 
     </span>
    </p>
   </div>
   <div class='ocr_carea' id='block_1_54' title="bbox 532 3735 2104 3816">
    <p class='ocr_par' dir='ltr' id='par_1_54' title="bbox 532 3735 2104 3816">
     <span class='ocr_line' id='line_1_54' title="bbox 532 3735 2104 3816; baseline 0.007 -27"><span class='ocrx_word' id='word_1_419' title='bbox 532 3755 552 3788; x_wconf 72' lang='grc' dir='ltr'>ι</span> <span class='ocrx_word' id='word_1_420' title='bbox 597 3735 854 3793; x_wconf 89' lang='lat' dir='ltr'><strong>docentes</strong></span> <span class='ocrx_word' id='word_1_421' title='bbox 875 3753 996 3808; x_wconf 82' lang='lat' dir='ltr'><strong>quae</strong></span> <span class='ocrx_word' id='word_1_422' title='bbox 1028 3755 1131 3794; x_wconf 92' lang='lat' dir='ltr'><strong>non</strong></span> <span class='ocrx_word' id='word_1_423' title='bbox 1165 3749 1377 3812; x_wconf 80' lang='lat' dir='ltr'><strong>oportet</strong></span> <span class='ocrx_word' id='word_1_424' title='bbox 1399 3743 1566 3813; x_wconf 84' lang='lat' dir='ltr'><strong>turpis</strong></span> <span class='ocrx_word' id='word_1_425' title='bbox 1588 3743 1720 3799; x_wconf 91' lang='lat' dir='ltr'><strong>lucri</strong></span> <span class='ocrx_word' id='word_1_426' title='bbox 1744 3745 1932 3816; x_wconf 82' lang='lat' dir='ltr'><strong>gratia,</strong></span> <span class='ocrx_word' id='word_1_427' title='bbox 1959 3766 1977 3797; x_wconf 75' lang='grc' dir='ltr'><strong><em>ι</em></strong></span> <span class='ocrx_word' id='word_1_428' title='bbox 2015 3745 2104 3814; x_wconf 88' lang='lat' dir='ltr'><strong>qui</strong></span> 
     </span>
    </p>
   </div>
   <div class='ocr_carea' id='block_1_55' title="bbox 525 3826 2102 3900">
    <p class='ocr_par' dir='ltr' id='par_1_55' title="bbox 525 3826 2102 3900">
     <span class='ocr_line' id='line_1_55' title="bbox 525 3826 2102 3900; baseline 0.004 -18"><span class='ocrx_word' id='word_1_429' title='bbox 525 3826 698 3882; x_wconf 82' lang='lat' dir='ltr'><strong>solent</strong></span> <span class='ocrx_word' id='word_1_430' title='bbox 740 3827 894 3882; x_wconf 88' lang='lat' dir='ltr'><strong>malis</strong></span> <span class='ocrx_word' id='word_1_431' title='bbox 923 3844 1201 3900; x_wconf 87' lang='lat' dir='ltr'><strong>prospera,</strong></span> <span class='ocrx_word' id='word_1_432' title='bbox 1233 3839 1288 3886; x_wconf 83' lang='lat' dir='ltr'><strong>et</strong></span> <span class='ocrx_word' id='word_1_433' title='bbox 1324 3832 1480 3888; x_wconf 89' lang='lat' dir='ltr'><strong>bouis</strong></span> <span class='ocrx_word' id='word_1_434' title='bbox 1516 3835 1787 3889; x_wconf 88' lang='lat' dir='ltr'><strong>contraria</strong></span> <span class='ocrx_word' id='word_1_435' title='bbox 1838 3836 2102 3890; x_wconf 88' lang='lat' dir='ltr'><strong>nuntiare.</strong></span> 
     </span>
    </p>
   </div>
   <div class='ocr_carea' id='block_1_56' title="bbox 604 3915 2106 3994">
    <p class='ocr_par' dir='ltr' id='par_1_56' title="bbox 604 3915 2106 3994">
     <span class='ocr_line' id='line_1_56' title="bbox 604 3915 2106 3994; baseline 0.006 -26"><span class='ocrx_word' id='word_1_436' title='bbox 604 3935 622 3966; x_wconf 76' lang='grc' dir='ltr'><strong><em>ι</em></strong></span> <span class='ocrx_word' id='word_1_437' title='bbox 659 3915 716 3970; x_wconf 74' lang='lat' dir='ltr'><strong>Sui</strong></span> <span class='ocrx_word' id='word_1_438' title='bbox 765 3917 926 3987; x_wconf 78' lang='lat' dir='ltr'><strong>igitur</strong></span> <span class='ocrx_word' id='word_1_439' title='bbox 973 3919 1389 3992; x_wconf 84' lang='lat' dir='ltr'><strong>iuterrogaverit</strong></span> <span class='ocrx_word' id='word_1_440' title='bbox 1439 3931 1492 3978; x_wconf 89' lang='lat' dir='ltr'><strong>te</strong></span> <span class='ocrx_word' id='word_1_441' title='bbox 1547 3924 1776 3994; x_wconf 88' lang='lat' dir='ltr'><strong>p0pulus</strong></span> <span class='ocrx_word' id='word_1_442' title='bbox 1827 3925 1971 3990; x_wconf 91' lang='lat' dir='ltr'><strong>iste,</strong></span> <span class='ocrx_word' id='word_1_443' title='bbox 2021 3924 2106 3980; x_wconf 89' lang='lat' dir='ltr'><strong>vel</strong></span> 
     </span>
    </p>
   </div>
   <div class='ocr_carea' id='block_1_57' title="bbox 532 4008 2107 4083">
    <p class='ocr_par' dir='ltr' id='par_1_57' title="bbox 532 4008 2107 4083">
     <span class='ocr_line' id='line_1_57' title="bbox 532 4008 2107 4083; baseline 0.006 -21"><span class='ocrx_word' id='word_1_444' title='bbox 532 4027 554 4061; x_wconf 72' lang='grc' dir='ltr'><strong><em>ι</em></strong></span> <span class='ocrx_word' id='word_1_445' title='bbox 583 4008 881 4079; x_wconf 85' lang='lat' dir='ltr'><strong>propheta,</strong></span> <span class='ocrx_word' id='word_1_446' title='bbox 932 4019 1025 4066; x_wconf 90' lang='lat' dir='ltr'><strong>aut</strong></span> <span class='ocrx_word' id='word_1_447' title='bbox 1072 4013 1326 4068; x_wconf 87' lang='lat' dir='ltr'><strong>sacerdos</strong></span> <span class='ocrx_word' id='word_1_448' title='bbox 1367 4013 1590 4069; x_wconf 87' lang='lat' dir='ltr'><strong>dicens:</strong></span> <span class='ocrx_word' id='word_1_449' title='bbox 1637 4015 1791 4083; x_wconf 85' lang='lat' dir='ltr'><strong>Quod</strong></span> <span class='ocrx_word' id='word_1_450' title='bbox 1838 4025 1924 4072; x_wconf 91' lang='lat' dir='ltr'><strong>est</strong></span> <span class='ocrx_word' id='word_1_451' title='bbox 1969 4032 2107 4072; x_wconf 90' lang='lat' dir='ltr'><strong>onus</strong></span> 
     </span>
    </p>
   </div>
   <div class='ocr_carea' id='block_1_58' title="bbox 535 4099 2108 4178">
    <p class='ocr_par' dir='ltr' id='par_1_58' title="bbox 535 4099 2108 4178">
     <span class='ocr_line' id='line_1_58' title="bbox 535 4099 2108 4178; baseline 0.006 -25"><span class='ocrx_word' id='word_1_452' title='bbox 535 4119 554 4152; x_wconf 73' lang='grc' dir='ltr'><em>ε</em></span> <span class='ocrx_word' id='word_1_453' title='bbox 591 4099 798 4155; x_wconf 84' lang='lat' dir='ltr'><strong>Domini</strong></span> <span class='ocrx_word' id='word_1_454' title='bbox 846 4101 975 4172; x_wconf 73' lang='lat' dir='ltr'><strong>(sive</strong></span> <span class='ocrx_word' id='word_1_455' title='bbox 1013 4118 1133 4173; x_wconf 71' lang='lat' dir='ltr'><strong>qua:</strong></span> <span class='ocrx_word' id='word_1_456' title='bbox 1173 4113 1258 4159; x_wconf 81' lang='lat' dir='ltr'><strong>est</strong></span> <span class='ocrx_word' id='word_1_457' title='bbox 1298 4107 1595 4174; x_wconf 85' lang='lat' dir='ltr'><strong>assumptio</strong></span> <span class='ocrx_word' id='word_1_458' title='bbox 1641 4107 1914 4178; x_wconf 88' lang='lat' dir='ltr'><strong>Domini)?</strong></span> <span class='ocrx_word' id='word_1_459' title='bbox 1958 4108 2108 4163; x_wconf 90' lang='lat' dir='ltr'><strong>dices</strong></span> 
     </span>
    </p>
   </div>
   <div class='ocr_carea' id='block_1_59' title="bbox 533 4191 2105 4265">
    <p class='ocr_par' dir='ltr' id='par_1_59' title="bbox 533 4191 2105 4265">
     <span class='ocr_line' id='line_1_59' title="bbox 533 4191 2105 4265; baseline 0.007 -24"><span class='ocrx_word' id='word_1_460' title='bbox 533 4209 552 4241; x_wconf 71' lang='grc' dir='ltr'><strong><em>α</em></strong></span> <span class='ocrx_word' id='word_1_461' title='bbox 586 4191 652 4244; x_wconf 78' lang='lat' dir='ltr'><strong>ad</strong></span> <span class='ocrx_word' id='word_1_462' title='bbox 693 4205 824 4246; x_wconf 87' lang='lat' dir='ltr'><strong>eos:</strong></span> <span class='ocrx_word' id='word_1_463' title='bbox 870 4192 978 4246; x_wconf 88' lang='lat' dir='ltr'><strong>Vos</strong></span> <span class='ocrx_word' id='word_1_464' title='bbox 1016 4194 1149 4248; x_wconf 87' lang='lat' dir='ltr'><strong>estis</strong></span> <span class='ocrx_word' id='word_1_465' title='bbox 1190 4209 1327 4248; x_wconf 89' lang='lat' dir='ltr'><strong>onus</strong></span> <span class='ocrx_word' id='word_1_466' title='bbox 1369 4192 1499 4262; x_wconf 77' lang='lat' dir='ltr'><strong>(sive</strong></span> <span class='ocrx_word' id='word_1_467' title='bbox 1538 4196 1876 4265; x_wconf 77' lang='lat' dir='ltr'><strong>assumptio).</strong></span> <span class='ocrx_word' id='word_1_468' title='bbox 1930 4196 2105 4265; x_wconf 87' lang='lat' dir='ltr'><strong>Proji-</strong></span> 
     </span>
    </p>
   </div>
   <div class='ocr_carea' id='block_1_60' title="bbox 532 4281 2104 4356">
    <p class='ocr_par' dir='ltr' id='par_1_60' title="bbox 532 4281 2104 4356">
     <span class='ocr_line' id='line_1_60' title="bbox 532 4281 2104 4356; baseline 0.005 -24"><span class='ocrx_word' id='word_1_469' title='bbox 532 4299 551 4332; x_wconf 73' lang='grc' dir='ltr'>ι</span> <span class='ocrx_word' id='word_1_470' title='bbox 587 4281 724 4334; x_wconf 89' lang='lat' dir='ltr'><strong>ciam</strong></span> <span class='ocrx_word' id='word_1_471' title='bbox 762 4281 960 4354; x_wconf 90' lang='lat' dir='ltr'><strong>quippe</strong></span> <span class='ocrx_word' id='word_1_472' title='bbox 1005 4282 1132 4355; x_wconf 72' lang='lat' dir='ltr'><strong>(sive</strong></span> <span class='ocrx_word' id='word_1_473' title='bbox 1174 4283 1413 4356; x_wconf 88' lang='lat' dir='ltr'><strong>allidam)</strong></span> <span class='ocrx_word' id='word_1_474' title='bbox 1462 4299 1595 4350; x_wconf 89' lang='lat' dir='ltr'><strong>vos,</strong></span> <span class='ocrx_word' id='word_1_475' title='bbox 1647 4285 1779 4342; x_wconf 88' lang='lat' dir='ltr'><strong>dicit</strong></span> <span class='ocrx_word' id='word_1_476' title='bbox 1823 4287 2104 4342; x_wconf 91' lang='lat' dir='ltr'><strong>Dominus.</strong></span> 
     </span>
    </p>
   </div>
   <div class='ocr_carea' id='block_1_61' title="bbox 538 4369 2108 4445">
    <p class='ocr_par' dir='ltr' id='par_1_61' title="bbox 538 4369 2108 4445">
     <span class='ocr_line' id='line_1_61' title="bbox 538 4369 2108 4445; baseline 0.007 -25"><span class='ocrx_word' id='word_1_477' title='bbox 538 4385 558 4418; x_wconf 75' lang='grc' dir='ltr'><strong><em>ο</em></strong></span> <span class='ocrx_word' id='word_1_478' title='bbox 598 4369 664 4422; x_wconf 81' lang='lat' dir='ltr'><strong>Et</strong></span> <span class='ocrx_word' id='word_1_479' title='bbox 702 4371 965 4440; x_wconf 87' lang='lat' dir='ltr'><strong>propheta</strong></span> <span class='ocrx_word' id='word_1_480' title='bbox 1009 4380 1064 4426; x_wconf 89' lang='lat' dir='ltr'><strong>et</strong></span> <span class='ocrx_word' id='word_1_481' title='bbox 1104 4374 1393 4438; x_wconf 88' lang='lat' dir='ltr'><strong>sacerdos,</strong></span> <span class='ocrx_word' id='word_1_482' title='bbox 1436 4383 1490 4429; x_wconf 92' lang='lat' dir='ltr'><strong>et</strong></span> <span class='ocrx_word' id='word_1_483' title='bbox 1531 4375 1793 4445; x_wconf 91' lang='lat' dir='ltr'><strong>populus,</strong></span> <span class='ocrx_word' id='word_1_484' title='bbox 1839 4378 1931 4445; x_wconf 91' lang='lat' dir='ltr'><strong>qui</strong></span> <span class='ocrx_word' id='word_1_485' title='bbox 1976 4377 2108 4432; x_wconf 91' lang='lat' dir='ltr'><strong>dicit</strong></span> 
     </span>
    </p>
   </div>
   <div class='ocr_carea' id='block_1_62' title="bbox 537 4462 2107 4540">
    <p class='ocr_par' dir='ltr' id='par_1_62' title="bbox 537 4462 2107 4540">
     <span class='ocr_line' id='line_1_62' title="bbox 537 4462 2107 4540; baseline 0.006 -28"><span class='ocrx_word' id='word_1_486' title='bbox 537 4479 554 4512; x_wconf 74' lang='grc' dir='ltr'>ι</span> <span class='ocrx_word' id='word_1_487' title='bbox 589 4475 724 4514; x_wconf 90' lang='lat' dir='ltr'><strong>onus</strong></span> <span class='ocrx_word' id='word_1_488' title='bbox 771 4462 896 4533; x_wconf 80' lang='lat' dir='ltr'><strong>(sive</strong></span> <span class='ocrx_word' id='word_1_489' title='bbox 938 4465 1254 4536; x_wconf 82' lang='lat' dir='ltr'><strong>assumptio)</strong></span> <span class='ocrx_word' id='word_1_490' title='bbox 1302 4465 1546 4529; x_wconf 86' lang='lat' dir='ltr'><strong>Domini,</strong></span> <span class='ocrx_word' id='word_1_491' title='bbox 1589 4468 1820 4523; x_wconf 89' lang='lat' dir='ltr'><strong>visitabo</strong></span> <span class='ocrx_word' id='word_1_492' title='bbox 1863 4469 1989 4540; x_wconf 82' lang='lat' dir='ltr'><strong>(sive</strong></span> <span class='ocrx_word' id='word_1_493' title='bbox 2021 4468 2107 4522; x_wconf 89' lang='lat' dir='ltr'><strong>ul-</strong></span> 
     </span>
    </p>
   </div>
   <div class='ocr_carea' id='block_1_63' title="bbox 2204 2013 3798 2083">
    <p class='ocr_par' dir='ltr' id='par_1_63' title="bbox 2204 2013 3798 2083">
     <span class='ocr_line' id='line_1_63' title="bbox 2204 2013 3798 2083; baseline 0.003 -18"><span class='ocrx_word' id='word_1_494' title='bbox 2204 2022 2259 2066; x_wconf 91' lang='lat' dir='ltr'><strong>et</strong></span> <span class='ocrx_word' id='word_1_495' title='bbox 2284 2027 2376 2066; x_wconf 90' lang='lat' dir='ltr'><strong>vos</strong></span> <span class='ocrx_word' id='word_1_496' title='bbox 2401 2013 2696 2082; x_wconf 87' lang='lat' dir='ltr'><strong>assumptio</strong></span> <span class='ocrx_word' id='word_1_497' title='bbox 2725 2030 2738 2066; x_wconf 92' lang='lat'><strong>:</strong></span> <span class='ocrx_word' id='word_1_498' title='bbox 2774 2032 2792 2063; x_wconf 80' lang='lat' dir='ltr'><strong>I</strong></span> <span class='ocrx_word' id='word_1_499' title='bbox 2821 2028 3092 2067; x_wconf 82' lang='lat' dir='ltr'><strong>assumam</strong></span> <span class='ocrx_word' id='word_1_500' title='bbox 3116 2013 3262 2068; x_wconf 91' lang='lat' dir='ltr'><strong>enim</strong></span> <span class='ocrx_word' id='word_1_501' title='bbox 3287 2029 3402 2078; x_wconf 87' lang='lat' dir='ltr'><strong>vos,</strong></span> <span class='ocrx_word' id='word_1_502' title='bbox 3433 2023 3488 2068; x_wconf 88' lang='lat' dir='ltr'><strong>et</strong></span> <span class='ocrx_word' id='word_1_503' title='bbox 3509 2014 3798 2083; x_wconf 79' lang='lat' dir='ltr'><strong>projiciam</strong></span> 
     </span>
    </p>
   </div>
   <div class='ocr_carea' id='block_1_64' title="bbox 2204 2101 3801 2174">
    <p class='ocr_par' dir='ltr' id='par_1_64' title="bbox 2204 2101 3801 2174">
     <span class='ocr_line' id='line_1_64' title="bbox 2204 2101 3801 2174; baseline 0 -16"><span class='ocrx_word' id='word_1_504' title='bbox 2204 2103 2552 2174; x_wconf 88' lang='lat' dir='ltr'><strong>allidamque,</strong></span> <span class='ocrx_word' id='word_1_505' title='bbox 2577 2112 2633 2158; x_wconf 91' lang='lat' dir='ltr'><strong>et</strong></span> <span class='ocrx_word' id='word_1_506' title='bbox 2655 2104 2879 2158; x_wconf 90' lang='lat' dir='ltr'><strong>interire</strong></span> <span class='ocrx_word' id='word_1_507' title='bbox 2902 2101 3118 2157; x_wconf 79' lang='lat' dir='ltr'><strong>faciam.</strong></span> <span class='ocrx_word' id='word_1_508' title='bbox 3169 2103 3225 2158; x_wconf 91' lang='lat' dir='ltr'><strong>Si</strong></span> <span class='ocrx_word' id='word_1_509' title='bbox 3267 2104 3390 2174; x_wconf 89' lang='lat' dir='ltr'><strong>quis</strong></span> <span class='ocrx_word' id='word_1_510' title='bbox 3431 2115 3616 2158; x_wconf 85' lang='lat' dir='ltr'><strong>autem</strong></span> <span class='ocrx_word' id='word_1_511' title='bbox 3646 2107 3801 2160; x_wconf 81' lang='lat' dir='ltr'><strong>dein—</strong></span> 
     </span>
    </p>
   </div>
   <div class='ocr_carea' id='block_1_65' title="bbox 2203 2194 3798 2266">
    <p class='ocr_par' dir='ltr' id='par_1_65' title="bbox 2203 2194 3798 2266">
     <span class='ocr_line' id='line_1_65' title="bbox 2203 2194 3798 2266; baseline 0.001 -17"><span class='ocrx_word' id='word_1_512' title='bbox 2203 2209 2332 2266; x_wconf 89' lang='lat' dir='ltr'><strong>ceps</strong></span> <span class='ocrx_word' id='word_1_513' title='bbox 2372 2194 2456 2248; x_wconf 93' lang='lat' dir='ltr'><strong>vel</strong></span> <span class='ocrx_word' id='word_1_514' title='bbox 2497 2194 2910 2264; x_wconf 89' lang='lat' dir='ltr'><strong>prophetarum,</strong></span> <span class='ocrx_word' id='word_1_515' title='bbox 2942 2194 3028 2247; x_wconf 86' lang='lat' dir='ltr'><strong>vel</strong></span> <span class='ocrx_word' id='word_1_516' title='bbox 3071 2194 3439 2258; x_wconf 88' lang='lat' dir='ltr'><strong>sacerdotum,</strong></span> <span class='ocrx_word' id='word_1_517' title='bbox 3481 2195 3566 2249; x_wconf 83' lang='lat' dir='ltr'><strong>vel</strong></span> <span class='ocrx_word' id='word_1_518' title='bbox 3611 2196 3798 2266; x_wconf 84' lang='lat' dir='ltr'><strong>populi</strong></span> 
     </span>
    </p>
   </div>
   <div class='ocr_carea' id='block_1_66' title="bbox 2205 2284 3800 2356">
    <p class='ocr_par' dir='ltr' id='par_1_66' title="bbox 2205 2284 3800 2356">
     <span class='ocr_line' id='line_1_66' title="bbox 2205 2284 3800 2356; baseline 0.001 -17"><span class='ocrx_word' id='word_1_519' title='bbox 2205 2301 2368 2339; x_wconf 85' lang='lat' dir='ltr'><strong>ausus</strong></span> <span class='ocrx_word' id='word_1_520' title='bbox 2393 2284 2556 2338; x_wconf 84' lang='lat' dir='ltr'><strong>fuerit</strong></span> <span class='ocrx_word' id='word_1_521' title='bbox 2593 2300 2731 2340; x_wconf 89' lang='lat' dir='ltr'><strong>onus</strong></span> <span class='ocrx_word' id='word_1_522' title='bbox 2757 2294 2812 2340; x_wconf 92' lang='lat' dir='ltr'><strong>et</strong></span> <span class='ocrx_word' id='word_1_523' title='bbox 2846 2286 3058 2356; x_wconf 90' lang='lat' dir='ltr'><strong>pondus</strong></span> <span class='ocrx_word' id='word_1_524' title='bbox 3083 2286 3291 2340; x_wconf 91' lang='lat' dir='ltr'><strong>Domi-ni</strong></span> <span class='ocrx_word' id='word_1_525' title='bbox 3320 2288 3625 2352; x_wconf 89' lang='lat' dir='ltr'><strong>nominare,</strong></span> <span class='ocrx_word' id='word_1_526' title='bbox 3663 2307 3682 2339; x_wconf 72' lang='grc' dir='ltr'>ι</span> <span class='ocrx_word' id='word_1_527' title='bbox 3715 2287 3800 2341; x_wconf 77' lang='lat' dir='ltr'><strong>VE-</strong></span> 
     </span>
    </p>
   </div>
   <div class='ocr_carea' id='block_1_67' title="bbox 2205 2375 3795 2446">
    <p class='ocr_par' dir='ltr' id='par_1_67' title="bbox 2205 2375 3795 2446">
     <span class='ocr_line' id='line_1_67' title="bbox 2205 2375 3795 2446; baseline 0.003 -18"><span class='ocrx_word' id='word_1_528' title='bbox 2205 2375 2398 2438; x_wconf 88' lang='lat' dir='ltr'><strong>sitabo,</strong></span> <span class='ocrx_word' id='word_1_529' title='bbox 2448 2375 2640 2444; x_wconf 91' lang='lat' dir='ltr'><strong>inquit,</strong></span> <span class='ocrx_word' id='word_1_530' title='bbox 2687 2390 2849 2446; x_wconf 87' lang='lat' dir='ltr'><strong>super</strong></span> <span class='ocrx_word' id='word_1_531' title='bbox 2885 2376 3063 2430; x_wconf 91' lang='lat' dir='ltr'><strong>virum</strong></span> <span class='ocrx_word' id='word_1_532' title='bbox 3104 2375 3273 2440; x_wconf 90' lang='lat' dir='ltr'><strong>illum,</strong></span> <span class='ocrx_word' id='word_1_533' title='bbox 3300 2384 3356 2431; x_wconf 91' lang='lat' dir='ltr'><strong>et</strong></span> <span class='ocrx_word' id='word_1_534' title='bbox 3379 2391 3546 2446; x_wconf 88' lang='lat' dir='ltr'><strong>super</strong></span> <span class='ocrx_word' id='word_1_535' title='bbox 3574 2378 3795 2432; x_wconf 85' lang='lat' dir='ltr'><strong>domum</strong></span> 
     </span>
    </p>
   </div>
   <div class='ocr_carea' id='block_1_68' title="bbox 2207 2467 3800 2541">
    <p class='ocr_par' dir='ltr' id='par_1_68' title="bbox 2207 2467 3800 2541">
     <span class='ocr_line' id='line_1_68' title="bbox 2207 2467 3800 2541; baseline 0.003 -20"><span class='ocrx_word' id='word_1_536' title='bbox 2207 2467 2370 2532; x_wconf 90' lang='lat' dir='ltr'><strong>illius,</strong></span> <span class='ocrx_word' id='word_1_537' title='bbox 2407 2487 2426 2519; x_wconf 74' lang='grc' dir='ltr'>ι</span> <span class='ocrx_word' id='word_1_538' title='bbox 2454 2475 2508 2520; x_wconf 91' lang='lat' dir='ltr'><strong>et</strong></span> <span class='ocrx_word' id='word_1_539' title='bbox 2534 2482 2659 2521; x_wconf 90' lang='lat' dir='ltr'><strong>eum</strong></span> <span class='ocrx_word' id='word_1_540' title='bbox 2699 2468 2888 2524; x_wconf 84' lang='lat' dir='ltr'><strong>delebo</strong></span> <span class='ocrx_word' id='word_1_541' title='bbox 2931 2469 2982 2522; x_wconf 92' lang='lat' dir='ltr'><strong>in</strong></span> <span class='ocrx_word' id='word_1_542' title='bbox 3028 2478 3365 2538; x_wconf 88' lang='lat' dir='ltr'><strong>perpetuum.</strong></span> <span class='ocrx_word' id='word_1_543' title='bbox 3410 2469 3570 2525; x_wconf 88' lang='lat' dir='ltr'><strong>Dicat</strong></span> <span class='ocrx_word' id='word_1_544' title='bbox 3615 2472 3800 2541; x_wconf 88' lang='lat' dir='ltr'><strong>itaque</strong></span> 
     </span>
    </p>
   </div>
   <div class='ocr_carea' id='block_1_69' title="bbox 2209 2556 3794 2629">
    <p class='ocr_par' dir='ltr' id='par_1_69' title="bbox 2209 2556 3794 2629">
     <span class='ocr_line' id='line_1_69' title="bbox 2209 2556 3794 2629; baseline 0.004 -20"><span class='ocrx_word' id='word_1_545' title='bbox 2209 2556 2577 2625; x_wconf 87' lang='lat' dir='ltr'><strong>unusquisque</strong></span> <span class='ocrx_word' id='word_1_546' title='bbox 2617 2557 2864 2625; x_wconf 76' lang='lat' dir='ltr'><strong>proximo</strong></span> <span class='ocrx_word' id='word_1_547' title='bbox 2906 2573 3006 2613; x_wconf 90' lang='lat' dir='ltr'><strong>suo</strong></span> <span class='ocrx_word' id='word_1_548' title='bbox 3047 2567 3102 2611; x_wconf 89' lang='lat' dir='ltr'><strong>et</strong></span> <span class='ocrx_word' id='word_1_549' title='bbox 3141 2559 3358 2614; x_wconf 91' lang='lat' dir='ltr'><strong>amico:</strong></span> <span class='ocrx_word' id='word_1_550' title='bbox 3400 2558 3794 2629; x_wconf 77' lang='lat' dir='ltr'><strong>Nequaquam,</strong></span> 
     </span>
    </p>
   </div>
   <div class='ocr_carea' id='block_1_70' title="bbox 2207 2646 3797 2722">
    <p class='ocr_par' dir='ltr' id='par_1_70' title="bbox 2207 2646 3797 2722">
     <span class='ocr_line' id='line_1_70' title="bbox 2207 2646 3797 2722; baseline 0.004 -24"><span class='ocrx_word' id='word_1_551' title='bbox 2207 2648 2350 2715; x_wconf 90' lang='lat' dir='ltr'><strong>quod</strong></span> <span class='ocrx_word' id='word_1_552' title='bbox 2388 2655 2472 2701; x_wconf 85' lang='lat' dir='ltr'><strong>est</strong></span> <span class='ocrx_word' id='word_1_553' title='bbox 2500 2661 2638 2701; x_wconf 90' lang='lat' dir='ltr'><strong>onus</strong></span> <span class='ocrx_word' id='word_1_554' title='bbox 2669 2646 2926 2702; x_wconf 85' lang='lat' dir='ltr'><strong>Domini?</strong></span> <span class='ocrx_word' id='word_1_555' title='bbox 2961 2648 3056 2703; x_wconf 88' lang='lat' dir='ltr'><strong>sed</strong></span> <span class='ocrx_word' id='word_1_556' title='bbox 3087 2648 3214 2718; x_wconf 90' lang='lat' dir='ltr'><strong>quid</strong></span> <span class='ocrx_word' id='word_1_557' title='bbox 3254 2651 3555 2718; x_wconf 84' lang='lat' dir='ltr'><strong>respondit,</strong></span> <span class='ocrx_word' id='word_1_558' title='bbox 3585 2661 3641 2705; x_wconf 88' lang='lat' dir='ltr'><strong>et</strong></span> <span class='ocrx_word' id='word_1_559' title='bbox 3667 2653 3797 2722; x_wconf 86' lang='lat' dir='ltr'><strong>quid</strong></span> 
     </span>
    </p>
   </div>
   <div class='ocr_carea' id='block_1_71' title="bbox 2209 2737 3796 2797">
    <p class='ocr_par' dir='ltr' id='par_1_71' title="bbox 2209 2737 3796 2797">
     <span class='ocr_line' id='line_1_71' title="bbox 2209 2737 3796 2797; baseline 0.005 -8"><span class='ocrx_word' id='word_1_560' title='bbox 2209 2737 2418 2790; x_wconf 86' lang='lat' dir='ltr'><strong>locutus</strong></span> <span class='ocrx_word' id='word_1_561' title='bbox 2440 2745 2522 2792; x_wconf 90' lang='lat' dir='ltr'><strong>est</strong></span> <span class='ocrx_word' id='word_1_562' title='bbox 2545 2737 2847 2793; x_wconf 85' lang='lat' dir='ltr'><strong>Dominus?</strong></span> <span class='ocrx_word' id='word_1_563' title='bbox 2871 2739 3082 2794; x_wconf 81' lang='lat' dir='ltr'><strong>Veteris</strong></span> <span class='ocrx_word' id='word_1_564' title='bbox 3116 2739 3496 2795; x_wconf 87' lang='lat' dir='ltr'><strong>obliviscimini</strong></span> <span class='ocrx_word' id='word_1_565' title='bbox 3522 2758 3538 2794; x_wconf 96' lang='lat'><strong>:</strong></span> <span class='ocrx_word' id='word_1_566' title='bbox 3564 2757 3708 2796; x_wconf 90' lang='lat' dir='ltr'><strong>onus</strong></span> <span class='ocrx_word' id='word_1_567' title='bbox 3744 2757 3796 2797; x_wconf 87' lang='lat' dir='ltr'><strong>et</strong></span> 
     </span>
    </p>
   </div>
   <div class='ocr_carea' id='block_1_72' title="bbox 2206 2827 3796 2899">
    <p class='ocr_par' dir='ltr' id='par_1_72' title="bbox 2206 2827 3796 2899">
     <span class='ocr_line' id='line_1_72' title="bbox 2206 2827 3796 2899; baseline 0.004 -18"><span class='ocrx_word' id='word_1_568' title='bbox 2206 2828 2438 2897; x_wconf 85' lang='lat' dir='ltr'><strong>pondus,</strong></span> <span class='ocrx_word' id='word_1_569' title='bbox 2481 2827 2596 2882; x_wconf 89' lang='lat' dir='ltr'><strong>sive</strong></span> <span class='ocrx_word' id='word_1_570' title='bbox 2629 2830 2928 2899; x_wconf 87' lang='lat' dir='ltr'><strong>assumptio</strong></span> <span class='ocrx_word' id='word_1_571' title='bbox 2961 2831 3013 2884; x_wconf 87' lang='lat' dir='ltr'><strong>in</strong></span> <span class='ocrx_word' id='word_1_572' title='bbox 3049 2845 3146 2884; x_wconf 89' lang='lat' dir='ltr'><strong>ore</strong></span> <span class='ocrx_word' id='word_1_573' title='bbox 3179 2838 3363 2886; x_wconf 90' lang='lat' dir='ltr'><strong>vestro</strong></span> <span class='ocrx_word' id='word_1_574' title='bbox 3403 2831 3546 2886; x_wconf 89' lang='lat' dir='ltr'><strong>ultra</strong></span> <span class='ocrx_word' id='word_1_575' title='bbox 3573 2848 3684 2887; x_wconf 88' lang='lat' dir='ltr'><strong>non</strong></span> <span class='ocrx_word' id='word_1_576' title='bbox 3717 2849 3796 2888; x_wconf 81' lang='lat' dir='ltr'><strong>re-</strong></span> 
     </span>
    </p>
   </div>
   <div class='ocr_carea' id='block_1_73' title="bbox 2208 2919 3796 2993">
    <p class='ocr_par' dir='ltr' id='par_1_73' title="bbox 2208 2919 3796 2993">
     <span class='ocr_line' id='line_1_73' title="bbox 2208 2919 3796 2993; baseline 0.002 -20"><span class='ocrx_word' id='word_1_577' title='bbox 2208 2926 2398 2973; x_wconf 79' lang='lat' dir='ltr'><strong>sonet:</strong></span> <span class='ocrx_word' id='word_1_578' title='bbox 2447 2919 2573 2988; x_wconf 86' lang='lat' dir='ltr'><strong>quia</strong></span> <span class='ocrx_word' id='word_1_579' title='bbox 2615 2919 2840 2990; x_wconf 76' lang='lat' dir='ltr'><strong>singulis</strong></span> <span class='ocrx_word' id='word_1_580' title='bbox 2866 2920 3175 2975; x_wconf 89' lang='lat' dir='ltr'><strong>hominibus</strong></span> <span class='ocrx_word' id='word_1_581' title='bbox 3214 2936 3396 2975; x_wconf 83' lang='lat' dir='ltr'><strong>sermo</strong></span> <span class='ocrx_word' id='word_1_582' title='bbox 3423 2937 3556 2975; x_wconf 90' lang='lat' dir='ltr'><strong>suus</strong></span> <span class='ocrx_word' id='word_1_583' title='bbox 3582 2932 3637 2976; x_wconf 91' lang='lat' dir='ltr'><strong>et</strong></span> <span class='ocrx_word' id='word_1_584' title='bbox 3659 2938 3796 2993; x_wconf 91' lang='lat' dir='ltr'><strong>opus</strong></span> 
     </span>
    </p>
   </div>
   <div class='ocr_carea' id='block_1_74' title="bbox 2208 3008 3794 3079">
    <p class='ocr_par' dir='ltr' id='par_1_74' title="bbox 2208 3008 3794 3079">
     <span class='ocr_line' id='line_1_74' title="bbox 2208 3008 3794 3079; baseline 0.003 -16"><span class='ocrx_word' id='word_1_585' title='bbox 2208 3023 2366 3063; x_wconf 89' lang='lat' dir='ltr'><strong>suum</strong></span> <span class='ocrx_word' id='word_1_586' title='bbox 2415 3008 2469 3062; x_wconf 90' lang='lat' dir='ltr'><strong>in</strong></span> <span class='ocrx_word' id='word_1_587' title='bbox 2513 3024 2652 3063; x_wconf 91' lang='lat' dir='ltr'><strong>onus</strong></span> <span class='ocrx_word' id='word_1_588' title='bbox 2696 3010 3014 3079; x_wconf 89' lang='lat' dir='ltr'><strong>pondusque</strong></span> <span class='ocrx_word' id='word_1_589' title='bbox 3060 3011 3440 3079; x_wconf 82' lang='lat' dir='ltr'><strong>reputabitur:</strong></span> <span class='ocrx_word' id='word_1_590' title='bbox 3489 3013 3794 3068; x_wconf 76' lang='lat' dir='ltr'><strong>secundum</strong></span> 
     </span>
    </p>
   </div>
   <div class='ocr_carea' id='block_1_75' title="bbox 2210 3097 3790 3168">
    <p class='ocr_par' dir='ltr' id='par_1_75' title="bbox 2210 3097 3790 3168">
     <span class='ocr_line' id='line_1_75' title="bbox 2210 3097 3790 3168; baseline 0.003 -15"><span class='ocrx_word' id='word_1_591' title='bbox 2210 3097 2359 3162; x_wconf 88' lang='lat' dir='ltr'><strong>illud,</strong></span> <span class='ocrx_word' id='word_1_592' title='bbox 2389 3098 2532 3167; x_wconf 88' lang='lat' dir='ltr'><strong>quod</strong></span> <span class='ocrx_word' id='word_1_593' title='bbox 2559 3098 2820 3168; x_wconf 86' lang='lat' dir='ltr'><strong>scriptum</strong></span> <span class='ocrx_word' id='word_1_594' title='bbox 2847 3107 2932 3154; x_wconf 89' lang='lat' dir='ltr'><strong>est</strong></span> <span class='ocrx_word' id='word_1_595' title='bbox 2956 3113 2971 3153; x_wconf 89' lang='lat'><strong>:</strong></span> <span class='ocrx_word' id='word_1_596' title='bbox 3001 3118 3019 3150; x_wconf 76' lang='grc' dir='ltr'>ι</span> <span class='ocrx_word' id='word_1_597' title='bbox 3046 3099 3120 3154; x_wconf 82' lang='lat' dir='ltr'><strong>Ex</strong></span> <span class='ocrx_word' id='word_1_598' title='bbox 3145 3115 3241 3155; x_wconf 91' lang='lat' dir='ltr'><strong>ore</strong></span> <span class='ocrx_word' id='word_1_599' title='bbox 3269 3107 3363 3155; x_wconf 92' lang='lat' dir='ltr'><strong>tuo</strong></span> <span class='ocrx_word' id='word_1_600' title='bbox 3379 3100 3790 3168; x_wconf 77' lang='lat' dir='ltr'><strong>jnstiﬁcaberis,</strong></span> 
     </span>
    </p>
   </div>
   <div class='ocr_carea' id='block_1_76' title="bbox 2210 3189 3499 3260">
    <p class='ocr_par' dir='ltr' id='par_1_76' title="bbox 2210 3189 3499 3260">
     <span class='ocr_line' id='line_1_76' title="bbox 2210 3189 3499 3260; baseline 0.001 -19"><span class='ocrx_word' id='word_1_601' title='bbox 2210 3197 2267 3241; x_wconf 91' lang='lat' dir='ltr'><strong>et</strong></span> <span class='ocrx_word' id='word_1_602' title='bbox 2291 3203 2354 3242; x_wconf 83' lang='lat' dir='ltr'><strong>ex</strong></span> <span class='ocrx_word' id='word_1_603' title='bbox 2381 3203 2475 3242; x_wconf 91' lang='lat' dir='ltr'><strong>ore</strong></span> <span class='ocrx_word' id='word_1_604' title='bbox 2501 3197 2591 3242; x_wconf 92' lang='lat' dir='ltr'><strong>tuo</strong></span> <span class='ocrx_word' id='word_1_605' title='bbox 2617 3189 3064 3243; x_wconf 85' lang='lat' dir='ltr'><strong>condemnaberis</strong></span> <span class='ocrx_word' id='word_1_606' title='bbox 3091 3189 3306 3257; x_wconf 76' lang='lat' dir='ltr'><strong>(Matth.</strong></span> <span class='ocrx_word' id='word_1_607' title='bbox 3334 3190 3449 3260; x_wconf 77' lang='lat' dir='ltr'><strong>xv).</strong></span> <span class='ocrx_word' id='word_1_608' title='bbox 3481 3210 3499 3242; x_wconf 72' lang='grc' dir='ltr'><strong><em>ι</em></strong></span> 
     </span>
    </p>
   </div>
   <div class='ocr_carea' id='block_1_77' title="bbox 2287 3275 3794 3346">
    <p class='ocr_par' dir='ltr' id='par_1_77' title="bbox 2287 3275 3794 3346">
     <span class='ocr_line' id='line_1_77' title="bbox 2287 3275 3794 3346; baseline 0.004 -20"><span class='ocrx_word' id='word_1_609' title='bbox 2287 3294 2304 3325; x_wconf 76' lang='grc' dir='ltr'>ι</span> <span class='ocrx_word' id='word_1_610' title='bbox 2341 3275 2405 3329; x_wconf 84' lang='lat' dir='ltr'><strong>Et</strong></span> <span class='ocrx_word' id='word_1_611' title='bbox 2437 3277 2748 3346; x_wconf 88' lang='lat' dir='ltr'><strong>pervertitis</strong></span> <span class='ocrx_word' id='word_1_612' title='bbox 2771 3277 2933 3331; x_wconf 82' lang='lat' dir='ltr'><strong>verba</strong></span> <span class='ocrx_word' id='word_1_613' title='bbox 2981 3275 3073 3330; x_wconf 88' lang='lat' dir='ltr'><strong>Dei</strong></span> <span class='ocrx_word' id='word_1_614' title='bbox 3117 3277 3367 3339; x_wconf 80' lang='lat' dir='ltr'><strong>viventis,</strong></span> <span class='ocrx_word' id='word_1_615' title='bbox 3394 3277 3612 3333; x_wconf 88' lang='lat' dir='ltr'><strong>Domini</strong></span> <span class='ocrx_word' id='word_1_616' title='bbox 3636 3295 3794 3334; x_wconf 72' lang='lat' dir='ltr'><strong>exer-</strong></span> 
     </span>
    </p>
   </div>
   <div class='ocr_carea' id='block_1_78' title="bbox 2217 3365 3791 3440">
    <p class='ocr_par' dir='ltr' id='par_1_78' title="bbox 2217 3365 3791 3440">
     <span class='ocr_line' id='line_1_78' title="bbox 2217 3365 3791 3440; baseline 0.005 -26"><span class='ocrx_word' id='word_1_617' title='bbox 2217 3383 2234 3414; x_wconf 78' lang='grc' dir='ltr'>ι</span> <span class='ocrx_word' id='word_1_618' title='bbox 2267 3365 2472 3419; x_wconf 90' lang='lat' dir='ltr'><strong>cituum</strong></span> <span class='ocrx_word' id='word_1_619' title='bbox 2519 3365 2613 3420; x_wconf 91' lang='lat' dir='ltr'><strong>Dei</strong></span> <span class='ocrx_word' id='word_1_620' title='bbox 2659 3365 2850 3420; x_wconf 84' lang='lat' dir='ltr'><strong>nostri.</strong></span> <span class='ocrx_word' id='word_1_621' title='bbox 2897 3365 3023 3420; x_wconf 66' lang='lat' dir='ltr'><strong>Haec</strong></span> <span class='ocrx_word' id='word_1_622' title='bbox 3077 3366 3224 3420; x_wconf 80' lang='lat' dir='ltr'><strong>dices</strong></span> <span class='ocrx_word' id='word_1_623' title='bbox 3251 3368 3397 3439; x_wconf 74' lang='lat' dir='ltr'><strong>(sire</strong></span> <span class='ocrx_word' id='word_1_624' title='bbox 3437 3370 3678 3440; x_wconf 88' lang='lat' dir='ltr'><strong>dicetis)</strong></span> <span class='ocrx_word' id='word_1_625' title='bbox 3727 3371 3791 3424; x_wconf 82' lang='lat' dir='ltr'><strong>ad</strong></span> 
     </span>
    </p>
   </div>
   <div class='ocr_carea' id='block_1_79' title="bbox 2215 3453 3792 3529">
    <p class='ocr_par' dir='ltr' id='par_1_79' title="bbox 2215 3453 3792 3529">
     <span class='ocr_line' id='line_1_79' title="bbox 2215 3453 3792 3529; baseline 0.006 -26"><span class='ocrx_word' id='word_1_626' title='bbox 2215 3473 2234 3503; x_wconf 75' lang='grc' dir='ltr'>ι</span> <span class='ocrx_word' id='word_1_627' title='bbox 2268 3455 2582 3524; x_wconf 81' lang='lat' dir='ltr'><strong>prophetam</strong></span> <span class='ocrx_word' id='word_1_628' title='bbox 2609 3472 2623 3507; x_wconf 93' lang='lat'><strong>:</strong></span> <span class='ocrx_word' id='word_1_629' title='bbox 2670 3453 2810 3521; x_wconf 92' lang='lat' dir='ltr'><strong>Quid</strong></span> <span class='ocrx_word' id='word_1_630' title='bbox 2843 3455 3119 3525; x_wconf 87' lang='lat' dir='ltr'><strong>respondit</strong></span> <span class='ocrx_word' id='word_1_631' title='bbox 3149 3457 3242 3510; x_wconf 82' lang='lat' dir='ltr'><strong>tibi</strong></span> <span class='ocrx_word' id='word_1_632' title='bbox 3273 3458 3554 3523; x_wconf 89' lang='lat' dir='ltr'><strong>Dominus,</strong></span> <span class='ocrx_word' id='word_1_633' title='bbox 3582 3470 3637 3514; x_wconf 84' lang='lat' dir='ltr'><strong>et</strong></span> <span class='ocrx_word' id='word_1_634' title='bbox 3664 3461 3792 3529; x_wconf 87' lang='lat' dir='ltr'><strong>quid</strong></span> 
     </span>
    </p>
   </div>
   <div class='ocr_carea' id='block_1_80' title="bbox 2214 3545 3794 3604">
    <p class='ocr_par' dir='ltr' id='par_1_80' title="bbox 2214 3545 3794 3604">
     <span class='ocr_line' id='line_1_80' title="bbox 2214 3545 3794 3604; baseline 0.006 -9"><span class='ocrx_word' id='word_1_635' title='bbox 2214 3565 2233 3595; x_wconf 76' lang='grc' dir='ltr'>ι</span> <span class='ocrx_word' id='word_1_636' title='bbox 2270 3545 2480 3600; x_wconf 85' lang='lat' dir='ltr'><strong>loeutus</strong></span> <span class='ocrx_word' id='word_1_637' title='bbox 2503 3554 2586 3600; x_wconf 90' lang='lat' dir='ltr'><strong>est</strong></span> <span class='ocrx_word' id='word_1_638' title='bbox 2606 3546 2896 3600; x_wconf 77' lang='lat' dir='ltr'><strong>Dominus?</strong></span> <span class='ocrx_word' id='word_1_639' title='bbox 2937 3545 2996 3600; x_wconf 87' lang='lat' dir='ltr'><strong>Si</strong></span> <span class='ocrx_word' id='word_1_640' title='bbox 3030 3556 3213 3600; x_wconf 87' lang='lat' dir='ltr'><strong>autem</strong></span> <span class='ocrx_word' id='word_1_641' title='bbox 3235 3563 3374 3602; x_wconf 88' lang='lat' dir='ltr'><strong>onus</strong></span> <span class='ocrx_word' id='word_1_642' title='bbox 3396 3547 3615 3602; x_wconf 85' lang='lat' dir='ltr'><strong>Domini</strong></span> <span class='ocrx_word' id='word_1_643' title='bbox 3643 3551 3794 3604; x_wconf 45' lang='lat' dir='ltr'><strong>diu»</strong></span> 
     </span>
    </p>
   </div>
   <div class='ocr_carea' id='block_1_81' title="bbox 2215 3634 3788 3707">
    <p class='ocr_par' dir='ltr' id='par_1_81' title="bbox 2215 3634 3788 3707">
     <span class='ocr_line' id='line_1_81' title="bbox 2215 3634 3788 3707; baseline 0.003 -21"><span class='ocrx_word' id='word_1_644' title='bbox 2215 3656 2233 3686; x_wconf 78' lang='grc' dir='ltr'>ι</span> <span class='ocrx_word' id='word_1_645' title='bbox 2269 3637 2404 3690; x_wconf 85' lang='lat' dir='ltr'><strong>ritis.</strong></span> <span class='ocrx_word' id='word_1_646' title='bbox 2442 3655 2460 3686; x_wconf 76' lang='grc' dir='ltr'><strong><em>ι</em></strong></span> <span class='ocrx_word' id='word_1_647' title='bbox 2511 3635 2650 3707; x_wconf 79' lang='lat' dir='ltr'><strong>(Huc</strong></span> <span class='ocrx_word' id='word_1_648' title='bbox 2689 3650 2861 3704; x_wconf 84' lang='lat' dir='ltr'><strong>usque</strong></span> <span class='ocrx_word' id='word_1_649' title='bbox 2900 3635 2951 3688; x_wconf 90' lang='lat' dir='ltr'><strong>in</strong></span> <span class='ocrx_word' id='word_1_650' title='bbox 2987 3634 3340 3706; x_wconf 80' lang='lat' dir='ltr'><strong>Septuaginta</strong></span> <span class='ocrx_word' id='word_1_651' title='bbox 3379 3653 3486 3691; x_wconf 91' lang='lat' dir='ltr'><strong>non</strong></span> <span class='ocrx_word' id='word_1_652' title='bbox 3523 3639 3788 3702; x_wconf 88' lang='lat' dir='ltr'><strong>habetur;</strong></span> 
     </span>
    </p>
   </div>
   <div class='ocr_carea' id='block_1_82' title="bbox 2207 3725 3786 3798">
    <p class='ocr_par' dir='ltr' id='par_1_82' title="bbox 2207 3725 3786 3798">
     <span class='ocr_line' id='line_1_82' title="bbox 2207 3725 3786 3798; baseline 0.002 -17"><span class='ocrx_word' id='word_1_653' title='bbox 2207 3737 2262 3781; x_wconf 89' lang='lat' dir='ltr'><strong>et</strong></span> <span class='ocrx_word' id='word_1_654' title='bbox 2300 3727 2603 3798; x_wconf 88' lang='lat' dir='ltr'><strong>sequitur):</strong></span> <span class='ocrx_word' id='word_1_655' title='bbox 2658 3745 2676 3778; x_wconf 73' lang='grc' dir='ltr'>α</span> <span class='ocrx_word' id='word_1_656' title='bbox 2728 3725 2956 3797; x_wconf 85' lang='lat' dir='ltr'><strong>Propter</strong></span> <span class='ocrx_word' id='word_1_657' title='bbox 3003 3728 3105 3781; x_wconf 91' lang='lat' dir='ltr'><strong>hoc</strong></span> <span class='ocrx_word' id='word_1_658' title='bbox 3153 3727 3267 3782; x_wconf 71' lang='lat' dir='ltr'><strong>inec</strong></span> <span class='ocrx_word' id='word_1_659' title='bbox 3309 3728 3441 3783; x_wconf 87' lang='lat' dir='ltr'><strong>dicit</strong></span> <span class='ocrx_word' id='word_1_660' title='bbox 3485 3729 3786 3784; x_wconf 87' lang='lat' dir='ltr'><strong>Dominus:</strong></span> 
     </span>
    </p>
   </div>
   <div class='ocr_carea' id='block_1_83' title="bbox 2213 3817 3790 3892">
    <p class='ocr_par' dir='ltr' id='par_1_83' title="bbox 2213 3817 3790 3892">
     <span class='ocr_line' id='line_1_83' title="bbox 2213 3817 3790 3892; baseline 0.004 -24"><span class='ocrx_word' id='word_1_661' title='bbox 2213 3835 2233 3868; x_wconf 70' lang='grc' dir='ltr'>ι</span> <span class='ocrx_word' id='word_1_662' title='bbox 2268 3818 2406 3884; x_wconf 88' lang='lat' dir='ltr'><strong>Quia</strong></span> <span class='ocrx_word' id='word_1_663' title='bbox 2444 3817 2656 3874; x_wconf 78' lang='lat' dir='ltr'><strong>dixistis</strong></span> <span class='ocrx_word' id='word_1_664' title='bbox 2693 3830 3000 3872; x_wconf 87' lang='lat' dir='ltr'><strong>sermonem</strong></span> <span class='ocrx_word' id='word_1_665' title='bbox 3045 3819 3208 3872; x_wconf 87' lang='lat' dir='ltr'><strong>istum</strong></span> <span class='ocrx_word' id='word_1_666' title='bbox 3246 3834 3386 3873; x_wconf 87' lang='lat' dir='ltr'><strong>onus</strong></span> <span class='ocrx_word' id='word_1_667' title='bbox 3422 3819 3552 3892; x_wconf 72' lang='lat' dir='ltr'><strong>(sine</strong></span> <span class='ocrx_word' id='word_1_668' title='bbox 3582 3836 3790 3875; x_wconf 87' lang='lat' dir='ltr'><strong>assum-</strong></span> 
     </span>
    </p>
   </div>
   <div class='ocr_carea' id='block_1_84' title="bbox 2215 3903 3790 3980">
    <p class='ocr_par' dir='ltr' id='par_1_84' title="bbox 2215 3903 3790 3980">
     <span class='ocr_line' id='line_1_84' title="bbox 2215 3903 3790 3980; baseline 0.001 -20"><span class='ocrx_word' id='word_1_669' title='bbox 2215 3927 2234 3960; x_wconf 72' lang='grc' dir='ltr'><strong>ε</strong></span> <span class='ocrx_word' id='word_1_670' title='bbox 2265 3903 2407 3980; x_wconf 53' lang='lat' dir='ltr'><strong>ptio)‘</strong></span> <span class='ocrx_word' id='word_1_671' title='bbox 2443 3908 2687 3970; x_wconf 88' lang='lat' dir='ltr'><strong>Domini,</strong></span> <span class='ocrx_word' id='word_1_672' title='bbox 2732 3915 2788 3964; x_wconf 92' lang='lat' dir='ltr'><strong>et</strong></span> <span class='ocrx_word' id='word_1_673' title='bbox 2827 3907 2946 3962; x_wconf 86' lang='lat' dir='ltr'><strong>misi</strong></span> <span class='ocrx_word' id='word_1_674' title='bbox 2989 3908 3058 3962; x_wconf 89' lang='lat' dir='ltr'><strong>ad</strong></span> <span class='ocrx_word' id='word_1_675' title='bbox 3097 3923 3194 3963; x_wconf 89' lang='lat' dir='ltr'><strong>vos</strong></span> <span class='ocrx_word' id='word_1_676' title='bbox 3231 3910 3455 3963; x_wconf 85' lang='lat' dir='ltr'><strong>dicens:</strong></span> <span class='ocrx_word' id='word_1_677' title='bbox 3496 3909 3675 3964; x_wconf 81' lang='lat' dir='ltr'><strong>Nolite</strong></span> <span class='ocrx_word' id='word_1_678' title='bbox 3713 3910 3790 3962; x_wconf 54' lang='lat' dir='ltr'><strong>di-</strong></span> 
     </span>
    </p>
   </div>
   <div class='ocr_carea' id='block_1_85' title="bbox 2215 3999 3788 4072">
    <p class='ocr_par' dir='ltr' id='par_1_85' title="bbox 2215 3999 3788 4072">
     <span class='ocr_line' id='line_1_85' title="bbox 2215 3999 3788 4072; baseline 0.004 -20"><span class='ocrx_word' id='word_1_679' title='bbox 2215 4018 2234 4052; x_wconf 73' lang='grc' dir='ltr'><strong><em>α</em></strong></span> <span class='ocrx_word' id='word_1_680' title='bbox 2267 4017 2392 4057; x_wconf 86' lang='lat' dir='ltr'><strong>cere</strong></span> <span class='ocrx_word' id='word_1_681' title='bbox 2414 4017 2551 4056; x_wconf 89' lang='lat' dir='ltr'><strong>onus</strong></span> <span class='ocrx_word' id='word_1_682' title='bbox 2575 3999 2703 4072; x_wconf 76' lang='lat' dir='ltr'><strong>(sive</strong></span> <span class='ocrx_word' id='word_1_683' title='bbox 2728 4000 3172 4071; x_wconf 89' lang='lat' dir='ltr'><strong>assumptionem)</strong></span> <span class='ocrx_word' id='word_1_684' title='bbox 3205 4000 3414 4056; x_wconf 90' lang='lat' dir='ltr'><strong>Domini</strong></span> <span class='ocrx_word' id='word_1_685' title='bbox 3444 4020 3458 4055; x_wconf 96' lang='lat'><strong>:</strong></span> <span class='ocrx_word' id='word_1_686' title='bbox 3501 4012 3788 4072; x_wconf 80' lang='lat' dir='ltr'><strong>propterea</strong></span> 
     </span>
    </p>
   </div>
   <div class='ocr_carea' id='block_1_86' title="bbox 2214 4091 3792 4162">
    <p class='ocr_par' dir='ltr' id='par_1_86' title="bbox 2214 4091 3792 4162">
     <span class='ocr_line' id='line_1_86' title="bbox 2214 4091 3792 4162; baseline 0.003 -19"><span class='ocrx_word' id='word_1_687' title='bbox 2214 4110 2234 4143; x_wconf 71' lang='grc' dir='ltr'>ι</span> <span class='ocrx_word' id='word_1_688' title='bbox 2267 4107 2412 4155; x_wconf 87' lang='lat' dir='ltr'><strong>ecce,</strong></span> <span class='ocrx_word' id='word_1_689' title='bbox 2447 4106 2548 4162; x_wconf 88' lang='lat' dir='ltr'><strong>ego</strong></span> <span class='ocrx_word' id='word_1_690' title='bbox 2586 4091 2770 4145; x_wconf 90' lang='lat' dir='ltr'><strong>tollam</strong></span> <span class='ocrx_word' id='word_1_691' title='bbox 2809 4091 2935 4162; x_wconf 69' lang='lat' dir='ltr'><strong>(sive</strong></span> <span class='ocrx_word' id='word_1_692' title='bbox 2974 4093 3266 4162; x_wconf 88' lang='lat' dir='ltr'><strong>assumam)</strong></span> <span class='ocrx_word' id='word_1_693' title='bbox 3307 4107 3405 4146; x_wconf 89' lang='lat' dir='ltr'><strong>vos</strong></span> <span class='ocrx_word' id='word_1_694' title='bbox 3447 4101 3700 4161; x_wconf 85' lang='lat' dir='ltr'><strong>portans,</strong></span> <span class='ocrx_word' id='word_1_695' title='bbox 3739 4102 3792 4148; x_wconf 87' lang='lat' dir='ltr'><strong>et</strong></span> 
     </span>
    </p>
   </div>
   <div class='ocr_carea' id='block_1_87' title="bbox 2214 4182 3793 4253">
    <p class='ocr_par' dir='ltr' id='par_1_87' title="bbox 2214 4182 3793 4253">
     <span class='ocr_line' id='line_1_87' title="bbox 2214 4182 3793 4253; baseline 0.001 -19"><span class='ocrx_word' id='word_1_696' title='bbox 2214 4203 2232 4234; x_wconf 75' lang='grc' dir='ltr'><strong>ε</strong></span> <span class='ocrx_word' id='word_1_697' title='bbox 2266 4182 2544 4253; x_wconf 89' lang='lat' dir='ltr'><strong>projiciam</strong></span> <span class='ocrx_word' id='word_1_698' title='bbox 2586 4197 2704 4246; x_wconf 88' lang='lat' dir='ltr'><strong>vos,</strong></span> <span class='ocrx_word' id='word_1_699' title='bbox 2756 4194 2812 4237; x_wconf 87' lang='lat' dir='ltr'><strong>et</strong></span> <span class='ocrx_word' id='word_1_700' title='bbox 2849 4183 3125 4237; x_wconf 85' lang='lat' dir='ltr'><strong>civitatem</strong></span> <span class='ocrx_word' id='word_1_701' title='bbox 3167 4196 3326 4252; x_wconf 88' lang='lat' dir='ltr'><strong>quam</strong></span> <span class='ocrx_word' id='word_1_702' title='bbox 3367 4183 3490 4237; x_wconf 87' lang='lat' dir='ltr'><strong>dedi</strong></span> <span class='ocrx_word' id='word_1_703' title='bbox 3535 4183 3690 4238; x_wconf 83' lang='lat' dir='ltr'><strong>vobis</strong></span> <span class='ocrx_word' id='word_1_704' title='bbox 3741 4193 3793 4237; x_wconf 88' lang='lat' dir='ltr'><strong>et</strong></span> 
     </span>
    </p>
   </div>
   <div class='ocr_carea' id='block_1_88' title="bbox 2215 4270 3790 4342">
    <p class='ocr_par' dir='ltr' id='par_1_88' title="bbox 2215 4270 3790 4342">
     <span class='ocr_line' id='line_1_88' title="bbox 2215 4270 3790 4342; baseline 0 -19"><span class='ocrx_word' id='word_1_705' title='bbox 2215 4291 2233 4323; x_wconf 75' lang='grc' dir='ltr'>ι</span> <span class='ocrx_word' id='word_1_706' title='bbox 2269 4272 2511 4342; x_wconf 88' lang='lat' dir='ltr'><strong>patribus</strong></span> <span class='ocrx_word' id='word_1_707' title='bbox 2556 4271 2750 4326; x_wconf 90' lang='lat' dir='ltr'><strong>vestris</strong></span> <span class='ocrx_word' id='word_1_708' title='bbox 2802 4287 2833 4325; x_wconf 82' lang='lat' dir='ltr'><strong>a</strong></span> <span class='ocrx_word' id='word_1_709' title='bbox 2880 4271 3019 4326; x_wconf 80' lang='lat' dir='ltr'><strong>facie</strong></span> <span class='ocrx_word' id='word_1_710' title='bbox 3070 4285 3188 4325; x_wconf 89' lang='lat' dir='ltr'><strong>mea</strong></span> <span class='ocrx_word' id='word_1_711' title='bbox 3226 4287 3240 4324; x_wconf 90' lang='lat'><strong>:</strong></span> <span class='ocrx_word' id='word_1_712' title='bbox 3295 4279 3351 4325; x_wconf 87' lang='lat' dir='ltr'><strong>et</strong></span> <span class='ocrx_word' id='word_1_713' title='bbox 3397 4271 3538 4325; x_wconf 89' lang='lat' dir='ltr'><strong>dabo</strong></span> <span class='ocrx_word' id='word_1_714' title='bbox 3588 4285 3685 4325; x_wconf 87' lang='lat' dir='ltr'><strong>vos</strong></span> <span class='ocrx_word' id='word_1_715' title='bbox 3740 4270 3790 4324; x_wconf 86' lang='lat' dir='ltr'><strong>in</strong></span> 
     </span>
    </p>
   </div>
   <div class='ocr_carea' id='block_1_89' title="bbox 2215 4361 3788 4434">
    <p class='ocr_par' dir='ltr' id='par_1_89' title="bbox 2215 4361 3788 4434">
     <span class='ocr_line' id='line_1_89' title="bbox 2215 4361 3788 4434; baseline -0.003 -18"><span class='ocrx_word' id='word_1_716' title='bbox 2215 4383 2234 4416; x_wconf 75' lang='grc' dir='ltr'><strong>ε</strong></span> <span class='ocrx_word' id='word_1_717' title='bbox 2265 4363 2610 4434; x_wconf 78' lang='lat' dir='ltr'><strong>opprobrium</strong></span> <span class='ocrx_word' id='word_1_718' title='bbox 2642 4363 3028 4432; x_wconf 82' lang='lat' dir='ltr'><strong>sempiternum</strong></span> <span class='ocrx_word' id='word_1_719' title='bbox 3053 4371 3108 4416; x_wconf 91' lang='lat' dir='ltr'><strong>et</strong></span> <span class='ocrx_word' id='word_1_720' title='bbox 3131 4361 3478 4431; x_wconf 85' lang='lat' dir='ltr'><strong>ignominiam</strong></span> <span class='ocrx_word' id='word_1_721' title='bbox 3505 4369 3788 4423; x_wconf 67' lang='lat' dir='ltr'><strong>aeternam.</strong></span> 
     </span>
    </p>
   </div>
   <div class='ocr_carea' id='block_1_90' title="bbox 2214 4453 3790 4526">
    <p class='ocr_par' dir='ltr' id='par_1_90' title="bbox 2214 4453 3790 4526">
     <span class='ocr_line' id='line_1_90' title="bbox 2214 4453 3790 4526; baseline 0 -18"><span class='ocrx_word' id='word_1_722' title='bbox 2214 4475 2233 4508; x_wconf 74' lang='grc' dir='ltr'><strong><em>ι</em></strong></span> <span class='ocrx_word' id='word_1_723' title='bbox 2265 4472 2382 4526; x_wconf 72' lang='lat' dir='ltr'><strong>quae</strong></span> <span class='ocrx_word' id='word_1_724' title='bbox 2417 4471 2694 4526; x_wconf 90' lang='lat' dir='ltr'><strong>nunquam</strong></span> <span class='ocrx_word' id='word_1_725' title='bbox 2727 4455 2996 4510; x_wconf 86' lang='lat' dir='ltr'><strong>oblivione</strong></span> <span class='ocrx_word' id='word_1_726' title='bbox 3030 4455 3314 4510; x_wconf 87' lang='lat' dir='ltr'><strong>delebitur.</strong></span> <span class='ocrx_word' id='word_1_727' title='bbox 3341 4477 3358 4504; x_wconf 75' lang='grc' dir='ltr'><strong>ι</strong></span> <span class='ocrx_word' id='word_1_728' title='bbox 3401 4453 3665 4522; x_wconf 58' lang='lat' dir='ltr'><strong>Praecepit</strong></span> <span class='ocrx_word' id='word_1_729' title='bbox 3691 4454 3790 4508; x_wconf 58' lang='lat' dir='ltr'><strong>Duo</strong></span> 
     </span>
    </p>
   </div>
   <div class='ocr_carea' id='block_1_91' title="bbox 532 4546 2104 4647">
    <p class='ocr_par' dir='ltr' id='par_1_91' title="bbox 532 4550 2103 4629">
     <span class='ocr_line' id='line_1_91' title="bbox 532 4550 2103 4629; baseline 0.009 -29"><span class='ocrx_word' id='word_1_730' title='bbox 532 4566 553 4599; x_wconf 70' lang='grc' dir='ltr'><em>α</em></span> <span class='ocrx_word' id='word_1_731' title='bbox 586 4550 782 4620; x_wconf 84' lang='lat' dir='ltr'><strong>ciscar)</strong></span> <span class='ocrx_word' id='word_1_732' title='bbox 816 4568 976 4622; x_wconf 89' lang='lat' dir='ltr'><strong>super</strong></span> <span class='ocrx_word' id='word_1_733' title='bbox 1010 4555 1182 4609; x_wconf 91' lang='lat' dir='ltr'><strong>virum</strong></span> <span class='ocrx_word' id='word_1_734' title='bbox 1225 4555 1395 4622; x_wconf 90' lang='lat' dir='ltr'><strong>illum,</strong></span> <span class='ocrx_word' id='word_1_735' title='bbox 1431 4565 1488 4612; x_wconf 92' lang='lat' dir='ltr'><strong>et</strong></span> <span class='ocrx_word' id='word_1_736' title='bbox 1518 4573 1681 4629; x_wconf 89' lang='lat' dir='ltr'><strong>super</strong></span> <span class='ocrx_word' id='word_1_737' title='bbox 1711 4557 1928 4613; x_wconf 89' lang='lat' dir='ltr'><strong>domum</strong></span> <span class='ocrx_word' id='word_1_738' title='bbox 1969 4557 2103 4627; x_wconf 86' lang='lat' dir='ltr'><strong>ejus.</strong></span> 
     </span>
    </p>
   </div>
   <div class='ocr_carea' id='block_1_92' title="bbox 2205 4546 3788 4647">
    <p class='ocr_par' dir='ltr' id='par_1_92' title="bbox 2212 4546 3788 4616">
     <span class='ocr_line' id='line_1_92' title="bbox 2212 4546 3788 4616; baseline -0.001 -14"><span class='ocrx_word' id='word_1_739' title='bbox 2212 4548 2420 4612; x_wconf 91' lang='lat' dir='ltr'><strong>minus,</strong></span> <span class='ocrx_word' id='word_1_740' title='bbox 2467 4555 2524 4601; x_wconf 93' lang='lat' dir='ltr'><strong>ut</strong></span> <span class='ocrx_word' id='word_1_741' title='bbox 2566 4562 2904 4616; x_wconf 86' lang='lat' dir='ltr'><strong>nequaquam</strong></span> <span class='ocrx_word' id='word_1_742' title='bbox 2946 4547 3130 4602; x_wconf 89' lang='lat' dir='ltr'><strong>oneris</strong></span> <span class='ocrx_word' id='word_1_743' title='bbox 3173 4557 3227 4600; x_wconf 92' lang='lat' dir='ltr'><strong>et</strong></span> <span class='ocrx_word' id='word_1_744' title='bbox 3267 4546 3554 4616; x_wconf 85' lang='lat' dir='ltr'><strong>ponderis,</strong></span> <span class='ocrx_word' id='word_1_745' title='bbox 3601 4554 3656 4601; x_wconf 88' lang='lat' dir='ltr'><strong>et</strong></span> <span class='ocrx_word' id='word_1_746' title='bbox 3695 4561 3788 4600; x_wconf 88' lang='lat' dir='ltr'><strong>as-</strong></span> 
     </span>
    </p>
   </div>
   <div class='ocr_carea' id='block_1_93' title="bbox 533 4639 2108 4715">
    <p class='ocr_par' dir='ltr' id='par_1_93' title="bbox 533 4639 2108 4715">
     <span class='ocr_line' id='line_1_93' title="bbox 533 4639 2108 4715; baseline 0.009 -25"><span class='ocrx_word' id='word_1_747' title='bbox 533 4656 552 4690; x_wconf 72' lang='grc' dir='ltr'>ι</span> <span class='ocrx_word' id='word_1_748' title='bbox 590 4639 713 4694; x_wconf 73' lang='lat' dir='ltr'><strong>Hzec</strong></span> <span class='ocrx_word' id='word_1_749' title='bbox 751 4641 941 4699; x_wconf 90' lang='lat' dir='ltr'><strong>dicetis</strong></span> <span class='ocrx_word' id='word_1_750' title='bbox 975 4647 1344 4715; x_wconf 90' lang='lat' dir='ltr'><strong>unusquisque</strong></span> <span class='ocrx_word' id='word_1_751' title='bbox 1381 4647 1449 4700; x_wconf 91' lang='lat' dir='ltr'><strong>ad</strong></span> <span class='ocrx_word' id='word_1_752' title='bbox 1485 4649 1718 4704; x_wconf 84' lang='lat' dir='ltr'><strong>amicum</strong></span> <span class='ocrx_word' id='word_1_753' title='bbox 1754 4665 1928 4714; x_wconf 90' lang='lat' dir='ltr'><strong>suum,</strong></span> <span class='ocrx_word' id='word_1_754' title='bbox 1959 4657 2008 4704; x_wconf 90' lang='lat' dir='ltr'><strong>et</strong></span> <span class='ocrx_word' id='word_1_755' title='bbox 2041 4650 2108 4704; x_wconf 87' lang='lat' dir='ltr'><strong>ad</strong></span> 
     </span>
    </p>
   </div>
   <div class='ocr_carea' id='block_1_94' title="bbox 534 4734 2106 4809">
    <p class='ocr_par' dir='ltr' id='par_1_94' title="bbox 534 4734 2106 4809">
     <span class='ocr_line' id='line_1_94' title="bbox 534 4734 2106 4809; baseline 0.009 -28"><span class='ocrx_word' id='word_1_756' title='bbox 534 4749 551 4780; x_wconf 79' lang='grc' dir='ltr'><strong><em>ι</em></strong></span> <span class='ocrx_word' id='word_1_757' title='bbox 588 4734 809 4784; x_wconf 79' lang='lat' dir='ltr'><strong>fratrem</strong></span> <span class='ocrx_word' id='word_1_758' title='bbox 849 4749 1004 4786; x_wconf 90' lang='lat' dir='ltr'><strong>suum</strong></span> <span class='ocrx_word' id='word_1_759' title='bbox 1033 4753 1045 4787; x_wconf 92' lang='lat'><strong>:</strong></span> <span class='ocrx_word' id='word_1_760' title='bbox 1070 4734 1207 4802; x_wconf 85' lang='lat' dir='ltr'><strong>Quid</strong></span> <span class='ocrx_word' id='word_1_761' title='bbox 1249 4737 1525 4805; x_wconf 84' lang='lat' dir='ltr'><strong>respondit</strong></span> <span class='ocrx_word' id='word_1_762' title='bbox 1561 4737 1841 4804; x_wconf 89' lang='lat' dir='ltr'><strong>Dominus,</strong></span> <span class='ocrx_word' id='word_1_763' title='bbox 1883 4748 1937 4794; x_wconf 91' lang='lat' dir='ltr'><strong>et</strong></span> <span class='ocrx_word' id='word_1_764' title='bbox 1980 4741 2106 4809; x_wconf 89' lang='lat' dir='ltr'><strong>quid</strong></span> 
     </span>
    </p>
   </div>
   <div class='ocr_carea' id='block_1_95' title="bbox 536 4821 2105 4903">
    <p class='ocr_par' dir='ltr' id='par_1_95' title="bbox 536 4821 2105 4903">
     <span class='ocr_line' id='line_1_95' title="bbox 536 4821 2105 4903; baseline 0.01 -34"><span class='ocrx_word' id='word_1_765' title='bbox 536 4838 555 4868; x_wconf 74' lang='grc' dir='ltr'>ι</span> <span class='ocrx_word' id='word_1_766' title='bbox 593 4821 804 4875; x_wconf 89' lang='lat' dir='ltr'><strong>locutus</strong></span> <span class='ocrx_word' id='word_1_767' title='bbox 847 4830 933 4876; x_wconf 87' lang='lat' dir='ltr'><strong>est</strong></span> <span class='ocrx_word' id='word_1_768' title='bbox 974 4823 1277 4877; x_wconf 84' lang='lat' dir='ltr'><strong>Dominus?</strong></span> <span class='ocrx_word' id='word_1_769' title='bbox 1333 4825 1397 4879; x_wconf 85' lang='lat' dir='ltr'><strong>Et</strong></span> <span class='ocrx_word' id='word_1_770' title='bbox 1440 4841 1578 4881; x_wconf 90' lang='lat' dir='ltr'><strong>onus</strong></span> <span class='ocrx_word' id='word_1_771' title='bbox 1617 4827 1746 4898; x_wconf 77' lang='lat' dir='ltr'><strong>(sive</strong></span> <span class='ocrx_word' id='word_1_772' title='bbox 1789 4831 2105 4903; x_wconf 90' lang='lat' dir='ltr'><strong>assumptio)</strong></span> 
     </span>
    </p>
   </div>
   <div class='ocr_carea' id='block_1_96' title="bbox 533 4909 2106 4988">
    <p class='ocr_par' dir='ltr' id='par_1_96' title="bbox 533 4909 2106 4988">
     <span class='ocr_line' id='line_1_96' title="bbox 533 4909 2106 4988; baseline 0.008 -27"><span class='ocrx_word' id='word_1_773' title='bbox 533 4929 552 4961; x_wconf 78' lang='grc' dir='ltr'>ι</span> <span class='ocrx_word' id='word_1_774' title='bbox 589 4909 799 4964; x_wconf 88' lang='lat' dir='ltr'><strong>Domini</strong></span> <span class='ocrx_word' id='word_1_775' title='bbox 840 4909 980 4965; x_wconf 86' lang='lat' dir='ltr'><strong>ultra</strong></span> <span class='ocrx_word' id='word_1_776' title='bbox 1025 4926 1134 4966; x_wconf 92' lang='lat' dir='ltr'><strong>non</strong></span> <span class='ocrx_word' id='word_1_777' title='bbox 1178 4915 1586 4980; x_wconf 88' lang='lat' dir='ltr'><strong>memorabitur,</strong></span> <span class='ocrx_word' id='word_1_778' title='bbox 1633 4916 1759 4985; x_wconf 87' lang='lat' dir='ltr'><strong>quia</strong></span> <span class='ocrx_word' id='word_1_779' title='bbox 1803 4931 1942 4972; x_wconf 88' lang='lat' dir='ltr'><strong>onus</strong></span> <span class='ocrx_word' id='word_1_780' title='bbox 1979 4920 2106 4988; x_wconf 76' lang='lat' dir='ltr'><strong>(sive</strong></span> 
     </span>
    </p>
   </div>
   <div class='ocr_carea' id='block_1_97' title="bbox 533 5001 2098 5074">
    <p class='ocr_par' dir='ltr' id='par_1_97' title="bbox 533 5001 2098 5074">
     <span class='ocr_line' id='line_1_97' title="bbox 533 5001 2098 5074; baseline 0.008 -23"><span class='ocrx_word' id='word_1_781' title='bbox 533 5018 553 5051; x_wconf 80' lang='grc' dir='ltr'>ι</span> <span class='ocrx_word' id='word_1_782' title='bbox 586 5001 900 5072; x_wconf 88' lang='lat' dir='ltr'><strong>assumptio)</strong></span> <span class='ocrx_word' id='word_1_783' title='bbox 945 5001 1051 5056; x_wconf 89' lang='lat' dir='ltr'><strong>erit</strong></span> <span class='ocrx_word' id='word_1_784' title='bbox 1083 5003 1372 5072; x_wconf 86' lang='lat' dir='ltr'><strong>unicuique</strong></span> <span class='ocrx_word' id='word_1_785' title='bbox 1408 5019 1588 5059; x_wconf 88' lang='lat' dir='ltr'><strong>sermo</strong></span> <span class='ocrx_word' id='word_1_786' title='bbox 1631 5005 1768 5074; x_wconf 88' lang='lat' dir='ltr'><strong>ejus.</strong></span> <span class='ocrx_word' id='word_1_787' title='bbox 1801 5025 1819 5057; x_wconf 76' lang='grc' dir='ltr'><strong><em>ι</em></strong></span> <span class='ocrx_word' id='word_1_788' title='bbox 1864 5007 2098 5063; x_wconf 83' lang='lat' dir='ltr'><strong>Verbum</strong></span> 
     </span>
    </p>
   </div>
   <div class='ocr_carea' id='block_1_98' title="bbox 525 5089 2103 5172">
    <p class='ocr_par' dir='ltr' id='par_1_98' title="bbox 525 5089 2103 5172">
     <span class='ocr_line' id='line_1_98' title="bbox 525 5089 2103 5172; baseline 0.004 -26"><span class='ocrx_word' id='word_1_789' title='bbox 525 5089 850 5146; x_wconf 78' lang='lat' dir='ltr'><strong>llebraicum</strong></span> <span class='ocrx_word' id='word_1_790' title='bbox 875 5101 1019 5152; x_wconf 70' lang='lat' dir='ltr'><strong>mn</strong></span> <span class='ocrx_word' id='word_1_791' title='bbox 1042 5091 1232 5162; x_wconf 81' lang='lat' dir='ltr'><strong>Aquila</strong></span> <span class='ocrx_word' id='word_1_792' title='bbox 1260 5093 1417 5172; x_wconf 79' lang='grc' dir='ltr'><strong><em>ἅρμα,</em></strong></span> <span class='ocrx_word' id='word_1_793' title='bbox 1448 5095 1502 5149; x_wconf 94' lang='lat' dir='ltr'><strong>id</strong></span> <span class='ocrx_word' id='word_1_794' title='bbox 1525 5103 1630 5161; x_wconf 88' lang='lat' dir='ltr'><strong>est,</strong></span> <span class='ocrx_word' id='word_1_795' title='bbox 1661 5113 1792 5150; x_wconf 72' lang='lat' dir='ltr'><strong>onus</strong></span> <span class='ocrx_word' id='word_1_796' title='bbox 1819 5106 1875 5152; x_wconf 92' lang='lat' dir='ltr'><strong>et</strong></span> <span class='ocrx_word' id='word_1_797' title='bbox 1899 5099 2103 5168; x_wconf 77' lang='lat' dir='ltr'><strong>pondus</strong></span> 
     </span>
    </p>
   </div>
   <div class='ocr_carea' id='block_1_99' title="bbox 526 5183 2103 5258">
    <p class='ocr_par' dir='ltr' id='par_1_99' title="bbox 526 5183 2103 5258">
     <span class='ocr_line' id='line_1_99' title="bbox 526 5183 2103 5258; baseline 0.004 -22"><span class='ocrx_word' id='word_1_798' title='bbox 526 5183 952 5253; x_wconf 89' lang='lat' dir='ltr'><strong>interpretatur;</strong></span> <span class='ocrx_word' id='word_1_799' title='bbox 1002 5183 1396 5255; x_wconf 86' lang='lat' dir='ltr'><strong>Symmachus,</strong></span> <span class='ocrx_word' id='word_1_800' title='bbox 1447 5185 1803 5258; x_wconf 87' lang='lat' dir='ltr'><strong>Septuaginta</strong></span> <span class='ocrx_word' id='word_1_801' title='bbox 1840 5197 1895 5243; x_wconf 90' lang='lat' dir='ltr'><strong>et</strong></span> <span class='ocrx_word' id='word_1_802' title='bbox 1923 5189 2103 5243; x_wconf 88' lang='lat' dir='ltr'><strong>Theo-</strong></span> 
     </span>
    </p>
   </div>
   <div class='ocr_carea' id='block_1_100' title="bbox 525 5271 2101 5348">
    <p class='ocr_par' dir='ltr' id='par_1_100' title="bbox 525 5271 2101 5348">
     <span class='ocr_line' id='line_1_100' title="bbox 525 5271 2101 5348; baseline 0.004 -22"><span class='ocrx_word' id='word_1_803' title='bbox 525 5271 673 5326; x_wconf 86' lang='lat' dir='ltr'><strong>dotio</strong></span> <span class='ocrx_word' id='word_1_804' title='bbox 694 5273 1120 5342; x_wconf 77' lang='lat' dir='ltr'><strong>assumptionem.</strong></span> <span class='ocrx_word' id='word_1_805' title='bbox 1153 5273 1466 5344; x_wconf 88' lang='lat' dir='ltr'><strong>Ubicunque</strong></span> <span class='ocrx_word' id='word_1_806' title='bbox 1491 5292 1620 5346; x_wconf 84' lang='lat' dir='ltr'><strong>ergo</strong></span> <span class='ocrx_word' id='word_1_807' title='bbox 1644 5292 1806 5347; x_wconf 87' lang='lat' dir='ltr'><strong>grave</strong></span> <span class='ocrx_word' id='word_1_808' title='bbox 1830 5285 1931 5342; x_wconf 89' lang='lat' dir='ltr'><strong>est,</strong></span> <span class='ocrx_word' id='word_1_809' title='bbox 1959 5277 2101 5348; x_wconf 90' lang='lat' dir='ltr'><strong>quod</strong></span> 
     </span>
    </p>
   </div>
   <div class='ocr_carea' id='block_1_101' title="bbox 524 5361 2107 5437">
    <p class='ocr_par' dir='ltr' id='par_1_101' title="bbox 524 5361 2107 5437">
     <span class='ocr_line' id='line_1_101' title="bbox 524 5361 2107 5437; baseline 0.003 -22"><span class='ocrx_word' id='word_1_810' title='bbox 524 5361 784 5419; x_wconf 87' lang='lat' dir='ltr'><strong>Dominus</strong></span> <span class='ocrx_word' id='word_1_811' title='bbox 825 5365 1206 5430; x_wconf 88' lang='lat' dir='ltr'><strong>comminatur,</strong></span> <span class='ocrx_word' id='word_1_812' title='bbox 1249 5375 1313 5420; x_wconf 76' lang='lat' dir='ltr'><strong>et</strong></span> <span class='ocrx_word' id='word_1_813' title='bbox 1345 5366 1562 5436; x_wconf 90' lang='lat' dir='ltr'><strong>plenum</strong></span> <span class='ocrx_word' id='word_1_814' title='bbox 1605 5367 1879 5437; x_wconf 86' lang='lat' dir='ltr'><strong>ponderis,</strong></span> <span class='ocrx_word' id='word_1_815' title='bbox 1921 5383 1985 5422; x_wconf 90' lang='lat' dir='ltr'><strong>ac</strong></span> <span class='ocrx_word' id='word_1_816' title='bbox 2029 5367 2107 5420; x_wconf 86' lang='lat' dir='ltr'><strong>la-</strong></span> 
     </span>
    </p>
   </div>
   <div class='ocr_carea' id='block_1_102' title="bbox 522 5452 2109 5531">
    <p class='ocr_par' dir='ltr' id='par_1_102' title="bbox 522 5452 2109 5531">
     <span class='ocr_line' id='line_1_102' title="bbox 522 5452 2109 5531; baseline 0.004 -25"><span class='ocrx_word' id='word_1_817' title='bbox 522 5452 674 5509; x_wconf 79' lang='lat' dir='ltr'><strong>boris</strong></span> <span class='ocrx_word' id='word_1_818' title='bbox 713 5464 769 5510; x_wconf 89' lang='lat' dir='ltr'><strong>et</strong></span> <span class='ocrx_word' id='word_1_819' title='bbox 813 5455 1177 5525; x_wconf 81' lang='lat' dir='ltr'><strong>importabile,</strong></span> <span class='ocrx_word' id='word_1_820' title='bbox 1227 5457 1284 5512; x_wconf 89' lang='lat' dir='ltr'><strong>in</strong></span> <span class='ocrx_word' id='word_1_821' title='bbox 1329 5458 1485 5512; x_wconf 90' lang='lat' dir='ltr'><strong>titulo</strong></span> <span class='ocrx_word' id='word_1_822' title='bbox 1532 5472 1746 5527; x_wconf 92' lang='lat' dir='ltr'><strong>quoque</strong></span> <span class='ocrx_word' id='word_1_823' title='bbox 1795 5458 1956 5531; x_wconf 82' lang='grc' dir='ltr'><strong>ἅρμα,</strong></span> <span class='ocrx_word' id='word_1_824' title='bbox 2005 5459 2109 5513; x_wconf 86' lang='lat' dir='ltr'><strong>hoc</strong></span> 
     </span>
    </p>
   </div>
   <div class='ocr_carea' id='block_1_103' title="bbox 527 5545 2108 5618">
    <p class='ocr_par' dir='ltr' id='par_1_103' title="bbox 527 5545 2108 5618">
     <span class='ocr_line' id='line_1_103' title="bbox 527 5545 2108 5618; baseline 0.006 -23"><span class='ocrx_word' id='word_1_825' title='bbox 527 5552 634 5606; x_wconf 87' lang='lat' dir='ltr'><strong>est,</strong></span> <span class='ocrx_word' id='word_1_826' title='bbox 683 5545 893 5613; x_wconf 88' lang='lat' dir='ltr'><strong>pondus</strong></span> <span class='ocrx_word' id='word_1_827' title='bbox 952 5547 1150 5602; x_wconf 90' lang='lat' dir='ltr'><strong>dicitur</strong></span> <span class='ocrx_word' id='word_1_828' title='bbox 1193 5566 1206 5601; x_wconf 94' lang='lat'><strong>:</strong></span> <span class='ocrx_word' id='word_1_829' title='bbox 1254 5547 1562 5618; x_wconf 89' lang='lat' dir='ltr'><strong>ubicunque</strong></span> <span class='ocrx_word' id='word_1_830' title='bbox 1613 5559 1792 5604; x_wconf 89' lang='lat' dir='ltr'><strong>autem</strong></span> <span class='ocrx_word' id='word_1_831' title='bbox 1849 5549 2108 5605; x_wconf 90' lang='lat' dir='ltr'><strong>Dominus</strong></span> 
     </span>
    </p>
   </div>
   <div class='ocr_carea' id='block_1_104' title="bbox 521 5635 2106 5707">
    <p class='ocr_par' dir='ltr' id='par_1_104' title="bbox 521 5635 2106 5707">
     <span class='ocr_line' id='line_1_104' title="bbox 521 5635 2106 5707; baseline 0.004 -22"><span class='ocrx_word' id='word_1_832' title='bbox 521 5643 780 5701; x_wconf 84' lang='lat' dir='ltr'><strong>prospera</strong></span> <span class='ocrx_word' id='word_1_833' title='bbox 824 5635 1126 5704; x_wconf 90' lang='lat' dir='ltr'><strong>pollicetur,</strong></span> <span class='ocrx_word' id='word_1_834' title='bbox 1172 5638 1286 5692; x_wconf 87' lang='lat' dir='ltr'><strong>sive</strong></span> <span class='ocrx_word' id='word_1_835' title='bbox 1332 5647 1455 5707; x_wconf 89' lang='lat' dir='ltr'><strong>post</strong></span> <span class='ocrx_word' id='word_1_836' title='bbox 1498 5639 1847 5693; x_wconf 77' lang='lat' dir='ltr'><strong>minutionem</strong></span> <span class='ocrx_word' id='word_1_837' title='bbox 1884 5640 2106 5693; x_wconf 87' lang='lat' dir='ltr'><strong>meliora</strong></span> 
     </span>
    </p>
   </div>
   <div class='ocr_carea' id='block_1_105' title="bbox 523 5719 2109 5788">
    <p class='ocr_par' dir='ltr' id='par_1_105' title="bbox 523 5719 2109 5788">
     <span class='ocr_line' id='line_1_105' title="bbox 523 5719 2109 5788; baseline 0.009 -18"><span class='ocrx_word' id='word_1_838' title='bbox 523 5719 818 5788; x_wconf 74' lang='lat' dir='ltr'><strong>promittit,</strong></span> <span class='ocrx_word' id='word_1_839' title='bbox 850 5723 924 5779; x_wconf 90' lang='lat' dir='ltr'><strong>ibi</strong></span> <span class='ocrx_word' id='word_1_840' title='bbox 962 5725 1100 5780; x_wconf 89' lang='lat' dir='ltr'><strong>visio</strong></span> <span class='ocrx_word' id='word_1_841' title='bbox 1145 5726 1343 5781; x_wconf 88' lang='lat' dir='ltr'><strong>dicitur</strong></span> <span class='ocrx_word' id='word_1_842' title='bbox 1378 5745 1392 5781; x_wconf 96' lang='lat'><strong>:</strong></span> <span class='ocrx_word' id='word_1_843' title='bbox 1433 5727 1516 5782; x_wconf 91' lang='lat' dir='ltr'><strong>vel</strong></span> <span class='ocrx_word' id='word_1_844' title='bbox 1559 5736 1707 5784; x_wconf 89' lang='lat' dir='ltr'><strong>certe</strong></span> <span class='ocrx_word' id='word_1_845' title='bbox 1739 5729 1960 5783; x_wconf 89' lang='lat' dir='ltr'><strong>verbum</strong></span> <span class='ocrx_word' id='word_1_846' title='bbox 2004 5730 2109 5784; x_wconf 87' lang='lat' dir='ltr'><strong>Do-</strong></span> 
     </span>
    </p>
   </div>
   <div class='ocr_carea' id='block_1_106' title="bbox 523 5809 2104 5890">
    <p class='ocr_par' dir='ltr' id='par_1_106' title="bbox 523 5809 2104 5890">
     <span class='ocr_line' id='line_1_106' title="bbox 523 5809 2104 5890; baseline 0.007 -28"><span class='ocrx_word' id='word_1_847' title='bbox 523 5809 678 5874; x_wconf 86' lang='lat' dir='ltr'><strong>mini,</strong></span> <span class='ocrx_word' id='word_1_848' title='bbox 724 5821 780 5868; x_wconf 86' lang='lat' dir='ltr'><strong>et</strong></span> <span class='ocrx_word' id='word_1_849' title='bbox 815 5815 1157 5883; x_wconf 84' lang='lat' dir='ltr'><strong>perspicuum</strong></span> <span class='ocrx_word' id='word_1_850' title='bbox 1198 5825 1317 5871; x_wconf 87' lang='lat' dir='ltr'><strong>erat</strong></span> <span class='ocrx_word' id='word_1_851' title='bbox 1355 5832 1421 5872; x_wconf 81' lang='lat' dir='ltr'><strong>ex</strong></span> <span class='ocrx_word' id='word_1_852' title='bbox 1463 5818 1581 5887; x_wconf 88' lang='lat' dir='ltr'><strong>ipso</strong></span> <span class='ocrx_word' id='word_1_853' title='bbox 1619 5818 1774 5874; x_wconf 87' lang='lat' dir='ltr'><strong>titulo</strong></span> <span class='ocrx_word' id='word_1_854' title='bbox 1807 5819 2104 5890; x_wconf 76' lang='lat' dir='ltr'><strong>prophetia:</strong></span> 
     </span>
    </p>
   </div>
   <div class='ocr_carea' id='block_1_107' title="bbox 2214 4637 3790 4709">
    <p class='ocr_par' dir='ltr' id='par_1_107' title="bbox 2214 4637 3790 4709">
     <span class='ocr_line' id='line_1_107' title="bbox 2214 4637 3790 4709; baseline -0.003 -15"><span class='ocrx_word' id='word_1_855' title='bbox 2214 4639 2532 4709; x_wconf 89' lang='lat' dir='ltr'><strong>sumptionis</strong></span> <span class='ocrx_word' id='word_1_856' title='bbox 2569 4654 2749 4694; x_wconf 89' lang='lat' dir='ltr'><strong>sermo</strong></span> <span class='ocrx_word' id='word_1_857' title='bbox 2787 4639 3060 4694; x_wconf 88' lang='lat' dir='ltr'><strong>diceretur</strong></span> <span class='ocrx_word' id='word_1_858' title='bbox 3097 4637 3152 4692; x_wconf 91' lang='lat' dir='ltr'><strong>in</strong></span> <span class='ocrx_word' id='word_1_859' title='bbox 3194 4638 3409 4708; x_wconf 90' lang='lat' dir='ltr'><strong>populo,</strong></span> <span class='ocrx_word' id='word_1_860' title='bbox 3440 4639 3536 4691; x_wconf 83' lang='lat' dir='ltr'><strong>sed</strong></span> <span class='ocrx_word' id='word_1_861' title='bbox 3565 4652 3790 4706; x_wconf 79' lang='lat' dir='ltr'><strong>respon-</strong></span> 
     </span>
    </p>
   </div>
   <div class='ocr_carea' id='block_1_108' title="bbox 2209 4727 3788 4800">
    <p class='ocr_par' dir='ltr' id='par_1_108' title="bbox 2209 4727 3788 4800">
     <span class='ocr_line' id='line_1_108' title="bbox 2209 4727 3788 4800; baseline -0.003 -15"><span class='ocrx_word' id='word_1_862' title='bbox 2209 4731 2378 4785; x_wconf 77' lang='lat' dir='ltr'><strong>sionis</strong></span> <span class='ocrx_word' id='word_1_863' title='bbox 2431 4739 2484 4785; x_wconf 93' lang='lat' dir='ltr'><strong>et</strong></span> <span class='ocrx_word' id='word_1_864' title='bbox 2523 4729 2672 4785; x_wconf 87' lang='lat' dir='ltr'><strong>verbi</strong></span> <span class='ocrx_word' id='word_1_865' title='bbox 2717 4731 2812 4786; x_wconf 91' lang='lat' dir='ltr'><strong>Dei</strong></span> <span class='ocrx_word' id='word_1_866' title='bbox 2855 4748 2867 4782; x_wconf 91' lang='lat'><strong>:</strong></span> <span class='ocrx_word' id='word_1_867' title='bbox 2927 4730 3069 4800; x_wconf 87' lang='lat' dir='ltr'><strong>quod</strong></span> <span class='ocrx_word' id='word_1_868' title='bbox 3118 4730 3242 4800; x_wconf 89' lang='lat' dir='ltr'><strong>quia</strong></span> <span class='ocrx_word' id='word_1_869' title='bbox 3288 4728 3519 4799; x_wconf 88' lang='lat' dir='ltr'><strong>populus</strong></span> <span class='ocrx_word' id='word_1_870' title='bbox 3563 4727 3788 4797; x_wconf 81' lang='lat' dir='ltr'><strong>implere</strong></span> 
     </span>
    </p>
   </div>
   <div class='ocr_carea' id='block_1_109' title="bbox 2209 4820 3788 4893">
    <p class='ocr_par' dir='ltr' id='par_1_109' title="bbox 2209 4820 3788 4893">
     <span class='ocr_line' id='line_1_109' title="bbox 2209 4820 3788 4893; baseline -0.004 -16"><span class='ocrx_word' id='word_1_871' title='bbox 2209 4831 2647 4893; x_wconf 80' lang='lat' dir='ltr'><strong>contempserat:</strong></span> <span class='ocrx_word' id='word_1_872' title='bbox 2700 4822 2874 4892; x_wconf 89' lang='lat' dir='ltr'><strong>ipsum</strong></span> <span class='ocrx_word' id='word_1_873' title='bbox 2919 4820 3144 4876; x_wconf 83' lang='lat' dir='ltr'><strong>verbum</strong></span> <span class='ocrx_word' id='word_1_874' title='bbox 3195 4821 3586 4888; x_wconf 87' lang='lat' dir='ltr'><strong>interpretatur</strong></span> <span class='ocrx_word' id='word_1_875' title='bbox 3625 4834 3788 4888; x_wconf 83' lang='lat' dir='ltr'><strong>super</strong></span> 
     </span>
    </p>
   </div>
   <div class='ocr_carea' id='block_1_110' title="bbox 2208 4910 3785 4980">
    <p class='ocr_par' dir='ltr' id='par_1_110' title="bbox 2208 4910 3785 4980">
     <span class='ocr_line' id='line_1_110' title="bbox 2208 4910 3785 4980; baseline -0.004 -11"><span class='ocrx_word' id='word_1_876' title='bbox 2208 4915 2289 4969; x_wconf 87' lang='lat' dir='ltr'><strong>eis</strong></span> <span class='ocrx_word' id='word_1_877' title='bbox 2330 4922 2386 4968; x_wconf 89' lang='lat' dir='ltr'><strong>et</strong></span> <span class='ocrx_word' id='word_1_878' title='bbox 2425 4914 2599 4968; x_wconf 76' lang='lat' dir='ltr'><strong>dicit:</strong></span> <span class='ocrx_word' id='word_1_879' title='bbox 2646 4912 2910 4980; x_wconf 88' lang='lat' dir='ltr'><strong>Quoniam</strong></span> <span class='ocrx_word' id='word_1_880' title='bbox 2953 4912 3184 4976; x_wconf 80' lang='lat' dir='ltr'><strong>dixistis,</strong></span> <span class='ocrx_word' id='word_1_881' title='bbox 3228 4911 3372 4980; x_wconf 91' lang='lat' dir='ltr'><strong>quod</strong></span> <span class='ocrx_word' id='word_1_882' title='bbox 3413 4911 3578 4971; x_wconf 88' lang='lat' dir='ltr'><strong>nolui,</strong></span> <span class='ocrx_word' id='word_1_883' title='bbox 3608 4910 3785 4964; x_wconf 87' lang='lat' dir='ltr'><strong>ethoc</strong></span> 
     </span>
    </p>
   </div>
   <div class='ocr_carea' id='block_1_111' title="bbox 2206 4997 3784 5073">
    <p class='ocr_par' dir='ltr' id='par_1_111' title="bbox 2206 4997 3784 5073">
     <span class='ocr_line' id='line_1_111' title="bbox 2206 4997 3784 5073; baseline -0.004 -16"><span class='ocrx_word' id='word_1_884' title='bbox 2206 5018 2327 5057; x_wconf 92' lang='lat' dir='ltr'><strong>cum</strong></span> <span class='ocrx_word' id='word_1_885' title='bbox 2366 5017 2506 5073; x_wconf 69' lang='lat' dir='ltr'><strong>saapc</strong></span> <span class='ocrx_word' id='word_1_886' title='bbox 2539 5004 2831 5072; x_wconf 85' lang='lat' dir='ltr'><strong>prophetas</strong></span> <span class='ocrx_word' id='word_1_887' title='bbox 2864 5001 3154 5064; x_wconf 84' lang='lat' dir='ltr'><strong>mitterem,</strong></span> <span class='ocrx_word' id='word_1_888' title='bbox 3192 5008 3247 5056; x_wconf 87' lang='lat' dir='ltr'><strong>et</strong></span> <span class='ocrx_word' id='word_1_889' title='bbox 3269 4997 3519 5067; x_wconf 78' lang='lat' dir='ltr'><strong>iuberem</strong></span> <span class='ocrx_word' id='word_1_890' title='bbox 3549 5014 3618 5052; x_wconf 91' lang='lat' dir='ltr'><strong>ne</strong></span> <span class='ocrx_word' id='word_1_891' title='bbox 3642 4999 3784 5052; x_wconf 86' lang='lat' dir='ltr'><strong>dice-</strong></span> 
     </span>
    </p>
   </div>
   <div class='ocr_carea' id='block_1_112' title="bbox 2201 5087 3780 5160">
    <p class='ocr_par' dir='ltr' id='par_1_112' title="bbox 2201 5087 3780 5160">
     <span class='ocr_line' id='line_1_112' title="bbox 2201 5087 3780 5160; baseline -0.002 -16"><span class='ocrx_word' id='word_1_892' title='bbox 2201 5091 2377 5145; x_wconf 87' lang='lat' dir='ltr'><strong>retis:</strong></span> <span class='ocrx_word' id='word_1_893' title='bbox 2421 5101 2702 5160; x_wconf 88' lang='lat' dir='ltr'><strong>propterea</strong></span> <span class='ocrx_word' id='word_1_894' title='bbox 2743 5104 3045 5145; x_wconf 88' lang='lat' dir='ltr'><strong>sermonem</strong></span> <span class='ocrx_word' id='word_1_895' title='bbox 3089 5097 3329 5144; x_wconf 87' lang='lat' dir='ltr'><strong>vestrum</strong></span> <span class='ocrx_word' id='word_1_896' title='bbox 3373 5087 3780 5158; x_wconf 87' lang='lat' dir='ltr'><strong>assumptionis,</strong></span> 
     </span>
    </p>
   </div>
   <div class='ocr_carea' id='block_1_113' title="bbox 2201 5179 3775 5250">
    <p class='ocr_par' dir='ltr' id='par_1_113' title="bbox 2201 5179 3775 5250">
     <span class='ocr_line' id='line_1_113' title="bbox 2201 5179 3775 5250; baseline -0.003 -14"><span class='ocrx_word' id='word_1_897' title='bbox 2201 5182 2383 5236; x_wconf 77' lang='lat' dir='ltr'><strong>oneris</strong></span> <span class='ocrx_word' id='word_1_898' title='bbox 2423 5187 2480 5235; x_wconf 90' lang='lat' dir='ltr'><strong>et</strong></span> <span class='ocrx_word' id='word_1_899' title='bbox 2525 5181 2780 5250; x_wconf 89' lang='lat' dir='ltr'><strong>ponderis</strong></span> <span class='ocrx_word' id='word_1_900' title='bbox 2821 5181 2875 5234; x_wconf 94' lang='lat' dir='ltr'><strong>in</strong></span> <span class='ocrx_word' id='word_1_901' title='bbox 2919 5181 3074 5235; x_wconf 85' lang='lat' dir='ltr'><strong>vobis</strong></span> <span class='ocrx_word' id='word_1_902' title='bbox 3113 5195 3278 5250; x_wconf 87' lang='lat' dir='ltr'><strong>opere</strong></span> <span class='ocrx_word' id='word_1_903' title='bbox 3323 5179 3630 5249; x_wconf 87' lang='lat' dir='ltr'><strong>complebo.</strong></span> <span class='ocrx_word' id='word_1_904' title='bbox 3678 5181 3775 5233; x_wconf 82' lang='lat' dir='ltr'><strong>As-</strong></span> 
     </span>
    </p>
   </div>
   <div class='ocr_carea' id='block_1_114' title="bbox 2205 5271 3780 5344">
    <p class='ocr_par' dir='ltr' id='par_1_114' title="bbox 2205 5271 3780 5344">
     <span class='ocr_line' id='line_1_114' title="bbox 2205 5271 3780 5344; baseline -0.003 -15"><span class='ocrx_word' id='word_1_905' title='bbox 2205 5289 2414 5329; x_wconf 87' lang='lat' dir='ltr'><strong>sumam</strong></span> <span class='ocrx_word' id='word_1_906' title='bbox 2454 5275 2650 5344; x_wconf 89' lang='lat' dir='ltr'><strong>quippe</strong></span> <span class='ocrx_word' id='word_1_907' title='bbox 2691 5288 2820 5337; x_wconf 90' lang='lat' dir='ltr'><strong>vos,</strong></span> <span class='ocrx_word' id='word_1_908' title='bbox 2875 5282 2930 5327; x_wconf 93' lang='lat' dir='ltr'><strong>et</strong></span> <span class='ocrx_word' id='word_1_909' title='bbox 2987 5273 3170 5327; x_wconf 89' lang='lat' dir='ltr'><strong>tollam</strong></span> <span class='ocrx_word' id='word_1_910' title='bbox 3211 5280 3374 5341; x_wconf 86' lang='lat' dir='ltr'><strong>atque</strong></span> <span class='ocrx_word' id='word_1_911' title='bbox 3416 5271 3680 5342; x_wconf 89' lang='lat' dir='ltr'><strong>portabo,</strong></span> <span class='ocrx_word' id='word_1_912' title='bbox 3727 5277 3780 5325; x_wconf 88' lang='lat' dir='ltr'><strong>et</strong></span> 
     </span>
    </p>
   </div>
   <div class='ocr_carea' id='block_1_115' title="bbox 2205 5361 3778 5430">
    <p class='ocr_par' dir='ltr' id='par_1_115' title="bbox 2205 5361 3778 5430">
     <span class='ocr_line' id='line_1_115' title="bbox 2205 5361 3778 5430; baseline -0.003 -12"><span class='ocrx_word' id='word_1_913' title='bbox 2205 5364 2456 5430; x_wconf 83' lang='lat' dir='ltr'><strong>allidam,</strong></span> <span class='ocrx_word' id='word_1_914' title='bbox 2497 5379 2560 5418; x_wconf 90' lang='lat' dir='ltr'><strong>ac</strong></span> <span class='ocrx_word' id='word_1_915' title='bbox 2598 5364 2666 5419; x_wconf 89' lang='lat' dir='ltr'><strong>dc</strong></span> <span class='ocrx_word' id='word_1_916' title='bbox 2701 5362 3021 5419; x_wconf 85' lang='lat' dir='ltr'><strong>sublimibus</strong></span> <span class='ocrx_word' id='word_1_917' title='bbox 3060 5363 3112 5417; x_wconf 92' lang='lat' dir='ltr'><strong>in</strong></span> <span class='ocrx_word' id='word_1_918' title='bbox 3158 5371 3357 5418; x_wconf 86' lang='lat' dir='ltr'><strong>terram</strong></span> <span class='ocrx_word' id='word_1_919' title='bbox 3400 5378 3659 5418; x_wconf 84' lang='lat' dir='ltr'><strong>corruere</strong></span> <span class='ocrx_word' id='word_1_920' title='bbox 3698 5361 3778 5414; x_wconf 80' lang='lat' dir='ltr'><strong>l’a-</strong></span> 
     </span>
    </p>
   </div>
   <div class='ocr_carea' id='block_1_116' title="bbox 2203 5451 3778 5518">
    <p class='ocr_par' dir='ltr' id='par_1_116' title="bbox 2203 5451 3778 5518">
     <span class='ocr_line' id='line_1_116' title="bbox 2203 5451 3778 5518; baseline -0.004 -10"><span class='ocrx_word' id='word_1_921' title='bbox 2203 5455 2340 5508; x_wconf 88' lang='lat' dir='ltr'><strong>ciam</strong></span> <span class='ocrx_word' id='word_1_922' title='bbox 2366 5473 2378 5508; x_wconf 94' lang='lat'><strong>:</strong></span> <span class='ocrx_word' id='word_1_923' title='bbox 2418 5469 2524 5509; x_wconf 90' lang='lat' dir='ltr'><strong>non</strong></span> <span class='ocrx_word' id='word_1_924' title='bbox 2551 5453 2724 5509; x_wconf 85' lang='lat' dir='ltr'><strong>solum</strong></span> <span class='ocrx_word' id='word_1_925' title='bbox 2748 5462 2927 5508; x_wconf 84' lang='lat' dir='ltr'><strong>autem</strong></span> <span class='ocrx_word' id='word_1_926' title='bbox 2964 5467 3084 5518; x_wconf 87' lang='lat' dir='ltr'><strong>vos,</strong></span> <span class='ocrx_word' id='word_1_927' title='bbox 3111 5451 3204 5507; x_wconf 82' lang='lat' dir='ltr'><strong>sed</strong></span> <span class='ocrx_word' id='word_1_928' title='bbox 3232 5462 3288 5507; x_wconf 83' lang='lat' dir='ltr'><strong>et</strong></span> <span class='ocrx_word' id='word_1_929' title='bbox 3321 5453 3510 5506; x_wconf 88' lang='lat' dir='ltr'><strong>urbem</strong></span> <span class='ocrx_word' id='word_1_930' title='bbox 3547 5459 3778 5505; x_wconf 81' lang='lat' dir='ltr'><strong>vestram</strong></span> 
     </span>
    </p>
   </div>
   <div class='ocr_carea' id='block_1_117' title="bbox 2203 5541 3779 5616">
    <p class='ocr_par' dir='ltr' id='par_1_117' title="bbox 2203 5541 3779 5616">
     <span class='ocr_line' id='line_1_117' title="bbox 2203 5541 3779 5616; baseline -0.004 -18"><span class='ocrx_word' id='word_1_931' title='bbox 2203 5561 2364 5616; x_wconf 88' lang='lat' dir='ltr'><strong>quam</strong></span> <span class='ocrx_word' id='word_1_932' title='bbox 2385 5544 2506 5601; x_wconf 89' lang='lat' dir='ltr'><strong>dedi</strong></span> <span class='ocrx_word' id='word_1_933' title='bbox 2533 5544 2776 5614; x_wconf 85' lang='lat' dir='ltr'><strong>patrihus</strong></span> <span class='ocrx_word' id='word_1_934' title='bbox 2798 5545 3011 5600; x_wconf 87' lang='lat' dir='ltr'><strong>vestris.</strong></span> <span class='ocrx_word' id='word_1_935' title='bbox 3051 5562 3070 5594; x_wconf 74' lang='grc' dir='ltr'>ι</span> <span class='ocrx_word' id='word_1_936' title='bbox 3103 5542 3168 5598; x_wconf 85' lang='lat' dir='ltr'><strong>Et</strong></span> <span class='ocrx_word' id='word_1_937' title='bbox 3192 5543 3348 5608; x_wconf 81' lang='lat' dir='ltr'><strong>dabo,</strong></span> <span class='ocrx_word' id='word_1_938' title='bbox 3375 5543 3551 5612; x_wconf 91' lang='lat' dir='ltr'><strong>inquit</strong></span> <span class='ocrx_word' id='word_1_939' title='bbox 3567 5583 3584 5607; x_wconf 93' lang='lat'><strong>,</strong></span> <span class='ocrx_word' id='word_1_940' title='bbox 3605 5556 3698 5596; x_wconf 84' lang='lat' dir='ltr'><strong>vos</strong></span> <span class='ocrx_word' id='word_1_941' title='bbox 3726 5541 3779 5593; x_wconf 89' lang='lat' dir='ltr'><strong>iu</strong></span> 
     </span>
    </p>
   </div>
   <div class='ocr_carea' id='block_1_118' title="bbox 2202 5634 3779 5706">
    <p class='ocr_par' dir='ltr' id='par_1_118' title="bbox 2202 5634 3779 5706">
     <span class='ocr_line' id='line_1_118' title="bbox 2202 5634 3779 5706; baseline -0.005 -16"><span class='ocrx_word' id='word_1_942' title='bbox 2202 5636 2547 5706; x_wconf 88' lang='lat' dir='ltr'><strong>opprobrium</strong></span> <span class='ocrx_word' id='word_1_943' title='bbox 2582 5643 2637 5689; x_wconf 90' lang='lat' dir='ltr'><strong>et</strong></span> <span class='ocrx_word' id='word_1_944' title='bbox 2669 5635 3018 5705; x_wconf 88' lang='lat' dir='ltr'><strong>ignominiam</strong></span> <span class='ocrx_word' id='word_1_945' title='bbox 3060 5634 3466 5703; x_wconf 84' lang='lat' dir='ltr'><strong>sempiternam,</strong></span> <span class='ocrx_word' id='word_1_946' title='bbox 3497 5647 3623 5701; x_wconf 71' lang='lat' dir='ltr'><strong>qua:</strong></span> <span class='ocrx_word' id='word_1_947' title='bbox 3646 5645 3779 5684; x_wconf 81' lang='lat' dir='ltr'><strong>nun-</strong></span> 
     </span>
    </p>
   </div>
   <div class='ocr_carea' id='block_1_119' title="bbox 2203 5723 3777 5798">
    <p class='ocr_par' dir='ltr' id='par_1_119' title="bbox 2203 5723 3777 5798">
     <span class='ocr_line' id='line_1_119' title="bbox 2203 5723 3777 5798; baseline -0.004 -17"><span class='ocrx_word' id='word_1_948' title='bbox 2203 5743 2363 5798; x_wconf 87' lang='lat' dir='ltr'><strong>quam</strong></span> <span class='ocrx_word' id='word_1_949' title='bbox 2395 5726 2665 5781; x_wconf 78' lang='lat' dir='ltr'><strong>oblivione</strong></span> <span class='ocrx_word' id='word_1_950' title='bbox 2697 5724 2980 5780; x_wconf 87' lang='lat' dir='ltr'><strong>delebitur.</strong></span> <span class='ocrx_word' id='word_1_951' title='bbox 3012 5745 3030 5776; x_wconf 69' lang='grc' dir='ltr'>ι</span> <span class='ocrx_word' id='word_1_952' title='bbox 3079 5723 3191 5778; x_wconf 84' lang='lat' dir='ltr'><strong>Hoc</strong></span> <span class='ocrx_word' id='word_1_953' title='bbox 3221 5733 3401 5777; x_wconf 81' lang='lat' dir='ltr'><strong>autem</strong></span> <span class='ocrx_word' id='word_1_954' title='bbox 3441 5729 3498 5776; x_wconf 87' lang='lat' dir='ltr'><strong>et</strong></span> <span class='ocrx_word' id='word_1_955' title='bbox 3540 5732 3777 5792; x_wconf 83' lang='lat' dir='ltr'><strong>tempore</strong></span> 
     </span>
    </p>
   </div>
   <div class='ocr_carea' id='block_1_120' title="bbox 2206 5809 3777 5889">
    <p class='ocr_par' dir='ltr' id='par_1_120' title="bbox 2206 5809 3777 5889">
     <span class='ocr_line' id='line_1_120' title="bbox 2206 5809 3777 5889; baseline -0.007 -16"><span class='ocrx_word' id='word_1_956' title='bbox 2206 5818 2509 5884; x_wconf 68' lang='lat' dir='ltr'><strong>Babylonia:</strong></span> <span class='ocrx_word' id='word_1_957' title='bbox 2555 5817 2884 5889; x_wconf 86' lang='lat' dir='ltr'><strong>captivitatis</strong></span> <span class='ocrx_word' id='word_1_958' title='bbox 2933 5816 3133 5871; x_wconf 74' lang='lat' dir='ltr'><strong>factum</strong></span> <span class='ocrx_word' id='word_1_959' title='bbox 3181 5829 3300 5870; x_wconf 85' lang='lat' dir='ltr'><strong>esse</strong></span> <span class='ocrx_word' id='word_1_960' title='bbox 3343 5815 3633 5876; x_wconf 82' lang='lat' dir='ltr'><strong>novimus,</strong></span> <span class='ocrx_word' id='word_1_961' title='bbox 3681 5809 3777 5865; x_wconf 88' lang='lat' dir='ltr'><strong>sed</strong></span> 
     </span>
    </p>
   </div>
  </div>
