4022 6186
253 406 371 464 ων

1196 409 1559 469 EXPOSITIO
1591 410 2225 475 SUPER‘JEREIIAI.
2266 442 2336 458 --
2368 414 2497 471 LIB.
2541 415 2608 470 Χ.

250 521 470 592 pictiius
505 531 669 590 atque
710 522 1003 593 perfectius
1042 533 1165 595 post
1198 525 1495 583 Salvatoris
1526 526 1832 596 passionem
1859 531 1913 592 Α
1936 526 2116 583 verbis
2144 537 2323 584 autem
2358 536 2413 583 et
2449 527 2890 598 interpretatione
2933 525 3210 583 nominum
3247 539 3390 595 sape
3427 540 3516 582 res

252 611 822 680 resurrectionemqne
860 613 1184 683 completur,
1231 615 1449 684 quando
1493 614 1706 670 locutus
1750 622 1838 671 est

250 701 554 757 Dominus:
587 719 606 752 ι
637 700 992 772 Relinquetur
1011 703 1168 759 vobis
1202 703 1396 759 domus
1417 712 1593 760 vestra
1622 704 1837 759 deserta

251 789 415 859 (Luc.
442 790 590 863 xm),
620 810 642 845 ι
684 800 739 845 et
770 806 941 861 usque
975 793 1043 848 ad
1083 793 1245 847 ﬁnem
1278 791 1398 861 eius
1422 793 1690 848 sententia
1713 808 1838 862 per-

252 882 518 941 manebit.
560 883 818 939 Dicamus
854 892 910 939 et
941 884 1103 940 aliter
1129 885 1394 941 duntaxat
1425 880 1578 952 juxta
1608 882 1836 952 Septua-

249 973 428 1042 ginta,
447 972 621 1044 Βμμα
646 987 753 1029 non
775 972 949 1029 solum
970 974 1402 1044 assumptionem,
1430 973 1525 1029 sed
1553 981 1608 1028 et
1634 972 1833 1027 donum

250 1078 557 1132 munusque
594 1062 882 1130 signiﬁcat.
926 1063 1064 1130 Quia
1104 1063 1271 1134 igitur
1300 1062 1404 1120 sibi
1440 1061 1669 1132 populus
1697 1076 1837 1117 scim

250 1167 352 1222 per
392 1168 656 1223 prospera
703 1155 1090 1224 promittebat,
1151 1155 1284 1211 dicit
1337 1168 1433 1211 eos
1489 1167 1832 1224 nequaquam

252 1242 395 1297 ultra
438 1244 543 1298 hoc
580 1243 778 1299 debere
819 1246 1042 1302 dicere:
1093 1246 1343 1316 indignos
1387 1245 1532 1300 enim
1576 1258 1671 1299 eos
1712 1258 1835 1299 esse

250 1334 411 1389 (loliis
449 1336 568 1402 Dei,
610 1347 773 1409 atque
811 1338 1147 1403 muneribus,
1189 1338 1318 1408 quin
1356 1336 1537 1408 potius
1576 1335 1832 1405 objicien-

250 1423 353 1479 dos
382 1465 398 1492 ,
457 1435 514 1482 et
565 1442 597 1487 a
647 1429 745 1484 Dei
794 1429 996 1485 auxilio
1048 1429 1264 1499 penitus
1303 1426 1702 1498 relinquendos.
1749 1426 1831 1483 Ex

1941 618 2317 685 emetiuntur,
2356 629 2419 675 ut
2456 619 2752 681 Abraham.
2779 618 2947 682 Sam,
2989 625 3046 672 et
3084 616 3252 681 Petri,
3281 624 3339 670 et
3378 614 3516 671 lilio-

1941 725 2061 765 rum
2091 710 2334 766 Zebedaai
2357 708 2618 766 vocabula
2648 717 2976 766 commutata
3007 708 3513 777 signiﬁcantrernm

1940 801 2312 855 mutationem.
2382 801 2450 855 Et
2485 800 2540 856 in
2583 799 2689 855 hoc
2729 801 2920 856 eodem
2966 802 3228 871 propheta
3271 799 3516 855 Phascor

1940 889 2137 947 dicitur
2167 905 2330 960 pavor
2368 890 2482 946 sive
2523 889 2832 955 translatio,
2877 900 2933 946 et
2971 891 3220 955 colonus,
3264 890 3384 945 sive
3422 905 3514 958 pe—

1940 978 2195 1048 regrinus.
2240 978 2542 1035 Notandum
2572 978 2713 1048 quod
2743 982 2907 1036 verba
2933 997 2947 1035 :
2981 998 2998 1030 ι
3032 979 3126 1034 Dei
3154 979 3387 1035 viventis
3412 977 3518 1033 Do-

1938 1068 2072 1125 mini
2110 1068 2443 1124 exercituum
2498 1069 2594 1125 Dei
2648 1071 2860 1135 nostri,
2913 1090 2932 1123 ι
2997 1070 3170 1126 Latini
3230 1080 3288 1125 et
3338 1067 3513 1125 Graeci

1938 1158 2171 1216 Codices
2211 1174 2318 1214 non
2362 1159 2597 1215 habeant
2619 1200 2636 1225 ,
2688 1170 2744 1214 et
2784 1160 2997 1216 Hebraei
3038 1161 3094 1215 in
3134 1160 3248 1215 suis
3287 1158 3516 1214 volnmi-o

1938 1251 2099 1306 nibus
2135 1258 2323 1305 contra
2363 1264 2423 1305 se
2468 1250 2686 1320 legant,
2747 1251 2891 1322 quod
2939 1249 3156 1322 praprie
3197 1247 3515 1321 mysterium

1936 1340 2206 1413 signiﬁcat
2246 1340 2549 1399 Trinitatis.

1473 1689 1768 1766 LIBER
1846 1688 2326 1768 DECIMUS.

1647 1867 2122 1884 —I—_

325 1977 582 2036 uicimus
621 1976 1144 2032 Commentariorum
1188 1976 1242 2030 in
1285 1975 1580 2030 Jeremiam
1622 1975 1761 2032 liber
1801 1990 1831 2029 a
1861 1980 1909 2039 Β
1943 1995 1961 2029 σ
1990 1974 2227 2046 sionem)
2266 1975 2519 2033 omnibus
2562 1978 2742 2048 regnis
2783 1988 2980 2045 terra,
3026 1980 3083 2038 in
3124 1982 3470 2051 opprobrium
3495 2024 3514 2054 ,

254 2069 469 2124 duobus
486 2066 717 2123 calathis
737 2067 900 2122 habet
924 2066 1204 2121 exordium
1227 2083 1241 2120 :
1269 2082 1501 2136 quorum
1531 2065 1668 2120 alter
1693 2074 1843 2120 recte

253 2156 786 2223 ﬁdeidnlcediuem,
827 2156 966 2212 alter
998 2155 1374 2212 haereticorum
1413 2155 1651 2227 perﬁdiae
1692 2171 1842 2210 ama-

255 2248 548 2303 ritudinem
574 2248 927 2303 demonstrat.
973 2245 1230 2314 Quamvis
1261 2246 1501 2301 Ananias
1529 2246 1671 2301 ﬁlius
1694 2246 1843 2300 Azur

255 2344 522 2407 repugnet
557 2335 827 2403 Jeremiae,
863 2344 921 2394 et
951 2334 1197 2392 Semeias
1228 2334 1572 2392 Neellamites
1606 2337 1843 2406 prophe-

258 2434 372 2480 tam
413 2426 556 2483 mitti
598 2426 783 2495 cupiat
824 2426 880 2481 in
921 2440 1199 2484 carcerem
1226 2465 1242 2489 ,
1303 2433 1360 2483 et
1405 2424 1714 2495 Sophonias
1754 2440 1841 2480 sa-

258 2516 455 2573 cerdos
478 2515 531 2569 in
555 2515 1143 2586 pseudoprophetarum
1167 2515 1330 2571 verba
1354 2514 1631 2584 coniuret,
1660 2522 1843 2570 tamen

259 2606 468 2662 veritas
491 2604 668 2663 claudi
687 2613 743 2661 et
768 2604 924 2677 ligari
946 2614 1149 2676 potest,
1174 2605 1318 2661 vinci
1343 2620 1450 2660 non
1475 2612 1654 2674 potest
1677 2621 1691 2658 :
1718 2619 1843 2672 qua:

258 2706 314 2759 et
362 2712 586 2752 suorum
627 2696 902 2766 paucitate
938 2704 1194 2753 contenta
1238 2704 1379 2761 est,
1404 2702 1461 2751 et
1500 2693 1843 2753 multitudine

261 2786 500 2841 hostium
541 2800 648 2839 non
694 2793 954 2840 terretur.

826 2893 1055 2952 CAPUT
1094 2893 1283 2948 XXIV.

263 2983 345 3043 De
377 2985 553 3057 ﬁgura
584 2984 1038 3057 licemjnoram
1070 2983 1399 3057 calamorum
1414 2999 1434 3048 ;
1476 2982 1542 3038 de
1568 2982 1843 3053 umidioris

766 3052 1031 3113 Sedlchiw
1070 3063 1116 3108 et
1146 3052 1345 3123 populi.

338 3162 362 3197 ι
394 3144 643 3201 Ostendit
695 3145 828 3205 mihi
867 3104 1171 3209 Dominus:
1214 3104 1282 3200 ret
1330 3159 1459 3200 ecce
1494 3144 1603 3200 dno
1639 3144 1840 3201 calathi

1943 2086 1963 2121 ς
1995 2076 2053 2122 et
2095 2066 2148 2122 in
2192 2065 2522 2137 parabolam,
2563 2075 2620 2121 et
2661 2068 2716 2122 in
2755 2067 3124 2137 proverbium,
3158 2078 3218 2123 et
3253 2070 3308 2124 in
3348 2071 3516 2128 male-

1943 2176 1963 2208 ι
1996 2156 2287 2215 dictionem
2333 2156 2388 2211 in
2426 2157 2697 2212 universis
2734 2157 2902 2221 locis,
2945 2157 3013 2211 ad
3054 2173 3174 2227 quae
3209 2158 3349 2228 ejeei
3383 2174 3512 2227 eos,

1945 2262 1964 2296 ι
1998 2254 2055 2299 et
2096 2244 2305 2301 mittam
2350 2244 2407 2299 in
2447 2258 2541 2300 eos
2580 2244 2847 2316 gladium,
2890 2252 2948 2301 et
2973 2246 3168 2300 famem
3195 2256 3515 2317 etpestem,

1947 2352 1967 2396 ς
1998 2335 2171 2393 donec
2214 2344 2599 2392 conmutantur
2635 2336 2703 2392 de
2744 2346 2920 2403 terra,
2966 2352 3129 2407 quam
3175 2338 3297 2393 dedi
3338 2338 3418 2394 eis
3455 2343 3519 2395 et

1948 2441 1967 2478 ι
1994 2425 2242 2494 patribus
2282 2439 2488 2483 eorum.
2524 2446 2544 2481 ι
2589 2425 2857 2498 (Ηὶεινοιι.)
2894 2427 3040 2483 Duos
3081 2428 3360 2498 cophinos,
3396 2429 3514 2485 sive

1940 2514 2184 2571 Calatinos
2213 2514 2474 2571 bonarum
2513 2524 2569 2570 et
2604 2515 2867 2572 malarum
2900 2516 3147 2581 ﬁcorum,
3183 2517 3401 2586 quidam
3429 2518 3515 2572 in-

1942 2611 2311 2673 terpretantur
2366 2605 2420 2658 in
2470 2605 2615 2676 Lege
2658 2615 2712 2665 et
2751 2606 3082 2677 Evangelia,
3129 2605 3411 2678 Synagoga
3455 2616 3516 2663 et

1941 2694 2204 2761 Ecclesia,
2244 2695 2552 2753 Jndteorum
2591 2699 2789 2770 populo
2827 2708 2884 2754 et
2919 2699 3375 2765 Christianorum,
3421 2714 3515 2771 ge-

1943 2785 2120 2845 henaa
2158 2794 2216 2843 et
2254 2801 2421 2857 regno
2454 2787 2737 2857 caelorum,
2773 2805 3003 2861 quorum
3041 2794 3269 2850 alterum
3298 2796 3363 2850 ad
3386 2810 3512 2864 sup-

1940 2877 2158 2948 plicium
2188 2878 2425 2948 pertinet
2442 2890 2807 2950 peccatorum,
2834 2883 3063 2943 alterum
3096 2886 3164 2940 ad
3196 2893 3508 2943 sanctorum

1941 2966 2329 3025 habitaculum.
2400 2967 2506 3023 Sed
2563 2983 2665 3024 nos
2714 2971 2952 3025 scientes
3005 2970 3158 3040 juxta
3206 2973 3511 3042 apostolum

1941 3054 2166 3113 Paulum
2206 3053 2382 3127 (Rom.
2418 3056 2517 3126 vn)
2564 3056 2741 3128 legem
2783 3059 2981 3115 bonam
3023 3066 3081 3119 et
3123 3068 3364 3113 sanetam
3388 3099 3405 3125 ,
3453 3067 3512 3115 et

1942 3144 2257 3203 mandatum
2278 3145 2475 3201 bonum
2509 3157 2566 3205 et
2588 3156 2849 3211 sanmnm.
2877 3156 2936 3202 et
2966 3163 3132 3203 unum
3163 3164 3281 3207 esse
3311 3148 3515 3205 utrium

270 3255 295 3293 ι
325 3235 453 3309 (sive
484 3237 645 3307 juxta
686 3235 1080 3306 Symmachum,
1123 3235 1362 3305 cophini)
1406 3234 1549 3304 pleni
1591 3235 1708 3291 ﬁcis
1746 3250 1842 3304 po.
1941 3254 2050 3310 que
2072 3240 2406 3296 Testamenti
2428 3239 2635 3296 Deum:
2676 3240 2763 3295 vel
2786 3241 2855 3295 ad
2878 3255 2974 3296 eos
2997 3241 3169 3312 magis
3193 3239 3513 3312 referamus,

271 3347 292 3380 ι
327 3303 417 3382 siti
625 3303 882 3395 templum
928 3325 1139 3382 Domini
1173 3303 1207 3380 εί
1234 3303 1519 3395 postquam
1566 3303 1842 3381 transtulit
1867 3314 1913 3377 C
1943 3303 2036 3399 qui
2076 3330 2133 3385 in
2172 3330 2407 3386 adventu
2447 3330 2657 3385 Domini
2699 3328 2997 3384 Salvatoris
3032 3303 3413 3392 credideram,

268 3438 293 3475 ι
324 3417 821 3479 Nabuchodonosor
857 3431 952 3471 rex
996 3415 1284 3480 Babylonis
1319 3414 1633 3470 Jecboniam
1674 3413 1843 3470 ﬁlium

271 3529 292 3564 ι
324 3509 571 3571 Joaehim
598 3523 777 3579 regem
799 3505 958 3573 inda,
982 3516 1038 3564 et
1061 3507 1331 3576 principes
1361 3507 1498 3576 ejus,
1522 3514 1580 3562 et
1609 3506 1841 3570 fabrum,

268 3620 295 3655 ι
324 3610 383 3658 et
417 3600 747 3659 inclusorem
784 3600 851 3655 de
888 3598 1258 3663 Hierusalem,
1299 3607 1355 3653 et
1397 3597 1620 3655 adduxit
1656 3610 1753 3652 eos
1791 3597 1846 3655 in

267 3714 295 3747 ι
328 3693 678 3765 Babylonem.
718 3689 980 3748 Calathus
1033 3706 1175 3746 unus
1214 3690 1349 3745 ﬁcus
1397 3691 1569 3747 bonas
1611 3689 1847 3746 habebat

270 3804 297 3836 ι
330 3783 529 3849 nimis,
568 3790 635 3839 ut
672 3782 849 3839 solent
888 3780 1030 3837 ﬁcus
1073 3795 1195 3839 esse
1234 3781 1393 3851 primi
1439 3781 1738 3850 temporis:
1789 3788 1848 3836 et

268 3893 297 3925 ι
329 3873 578 3933 calathus
620 3889 760 3930 anuis
806 3872 943 3929 ﬁcus
984 3873 1218 3932 habebat
1259 3873 1430 3929 malas
1475 3872 1637 3928 nimis
1658 3912 1674 3937 ,
1725 3886 1848 3943 qua:

270 3982 297 4017 ι
328 3963 541 4021 medi
578 3979 686 4020 non
725 3970 1002 4033 poterant.
1039 3979 1109 4021 eo
1147 3964 1292 4034 quod
1324 3972 1519 4020 essent
1554 3962 1731 4018 malae.
1778 3962 1847 4018 Et

275 4077 294 4107 ι
328 4055 466 4110 dixit
506 4053 765 4110 Dominus
805 4055 875 4109 ad
916 4069 1041 4109 me:
1083 4053 1224 4122 Quid
1265 4062 1323 4110 tu
1358 4053 1532 4120 vides,
1571 4050 1847 4108 Ieremia?

276 4167 297 4198 ι
332 4148 402 4202 Et
440 4146 594 4202 ﬁxi:
638 4144 802 4201 Ficus
840 4145 1048 4211 bonas,
1092 4146 1264 4201 bonas
1302 4143 1494 4211 valde;
1539 4153 1597 4201 et
1634 4145 1843 4211 malas,

275 4260 297 4293 α
331 4238 504 4296 malas
538 4238 711 4303 valide,
748 4252 871 4308 quae
906 4236 1114 4293 comedi
1156 4251 1264 4291 non
1308 4245 1560 4306 possunt,
1601 4249 1668 4292 eo
1703 4237 1847 4306 quod

270 4351 297 4383 ι
328 4332 441 4387 sint
466 4329 642 4385 malae.
685 4330 753 4385 Et
784 4329 988 4385 factum
1019 4336 1106 4384 est
1136 4329 1358 4384 verbum
1398 4328 1609 4383 Domini
1651 4326 1721 4382 ad
1756 4342 1847 4383 me

274 4442 295 4473 ς
330 4423 561 4478 dicens:
587 4420 715 4476 Haec
752 4421 887 4476 dicit
924 4419 1214 4483 Dominus,
1261 4419 1405 4474 Dens
1440 4417 1646 4474 Israel:
1693 4418 1848 4473 Sicut

272 4532 301 4564 te
330 4513 469 4569 tiens
510 4513 597 4568 hae
632 4514 805 4578 home,
846 4513 929 4568 sic
958 4526 1281 4583 cognoscam
1315 4512 1847 4580 transmigrationem

274 4628 296 4657 ι
327 4604 490 4667 Inda,
530 4619 694 4674 quam
735 4603 893 4659 emisi
938 4603 1008 4659 de
1046 4603 1167 4661 loco
1210 4603 1317 4661 isto
1354 4603 1411 4658 in
1446 4610 1648 4659 terram
1686 4602 1848 4658 Chal-

1875 4650 1925 4709 D

1942 3437 2049 3477 non
2093 3422 2440 3478 crediderunt
2469 3440 2483 3476 :
2512 3432 2573 3477 nt
2612 3423 2703 3492 qui
2731 3437 2761 3475 a
2804 3420 3001 3477 scribis
3039 3430 3102 3475 et
3144 3421 3518 3481 sacerdotibus

1943 3514 2197 3570 concitati
2237 3513 2622 3575 clamaverunt,
2659 3514 2900 3568 dicentes
2923 3531 2941 3566 :
2970 3532 2993 3564 ‹
3023 3511 3314 3582 Crneiﬁge,
3338 3511 3519 3566 cruei-

1944 3604 2047 3675 ﬁge
2074 3605 2236 3661 talem
2259 3603 2412 3677 (Luc.
2434 3605 2619 3675 χχιιι),
2650 3623 2669 3656 ι
2715 3604 2825 3659 sint
2863 3603 3111 3658 calathus
3150 3601 3371 3657 ﬁcorum
3402 3614 3519 3655 ma-

1944 3695 2149 3760 larum;
2185 3697 2281 3766 qui
2318 3710 2450 3751 vero
2483 3704 2609 3766 post
2644 3692 3017 3750 ascensionem
3059 3691 3178 3760 ejus
3212 3691 3282 3745 de
3320 3688 3518 3760 populo

1944 3785 2312 3850 crediderunt,
2352 3785 2421 3839 ad
2458 3783 2630 3839 bonas
2672 3782 2806 3839 ﬁcus
2844 3791 2901 3836 et
2937 3782 3004 3835 ad
3033 3778 3308 3835 calathum
3331 3776 3516 3848 cophi-

1944 3890 2184 3943 numque
2220 3874 2484 3943 optimum
2522 3871 2848 3926 referantur.
2897 3868 3207 3937 Simplicem
3248 3876 3429 3922 autmn
3459 3870 3519 3921 et

1943 3979 2128 4021 veram
2154 3977 2448 4033 sequamur
2468 3961 2768 4023 historiam,
2796 3959 2942 4030 quod
2984 3958 3251 4012 bonarum
3290 3955 3517 4015 ﬁcorum

1943 4053 2216 4110 calathum
2257 4051 2453 4108 dixerit
2488 4049 2804 4106 Jechoniam
2828 4089 2846 4116 ,
2888 4049 2983 4119 qui
3024 4063 3093 4104 se
3126 4064 3225 4119 per
3264 4047 3517 4103 Jeremias

1945 4145 2230 4203 consilium
2269 4153 2327 4199 et
2365 4143 2650 4212 imperium
2692 4141 2814 4207 Dei,
2856 4140 3152 4195 tradiderat
3192 4140 3302 4209 regi
3344 4138 3519 4208 Deity-

1945 4234 2113 4297 lonio,
2136 4232 2223 4288 wi
2250 4241 2306 4287 et
2335 4245 2592 4301 prospera
2618 4228 2879 4289 Dominus
2909 4228 3212 4299 pollicetur.
3255 4225 3521 4281 Maiarum

1947 4334 2128 4383 autem
2144 4322 2484 4384 Sedechism,
2500 4321 2592 4391 qui
2610 4320 2989 4378 contradicens
3004 4319 3283 4374 sententia:
3294 4316 3413 4381 Dei,
3429 4330 3518 4370 ea-

1945 4426 2071 4486 ptns
2094 4414 2185 4479 sit,
2200 4420 2539 4481 cecatusqne
2557 4411 2749 4473 oculis,
2766 4410 2959 4467 ductus
2983 4409 3035 4465 in
3059 4417 3145 4465 est
3169 4406 3517 4477 Babylonem,

1947 4507 2130 4576 ibique
2154 4512 2398 4561 mortuus
2421 4508 2508 4559 est
2526 4500 2546 4572 (
2563 4500 2593 4555 Ι
2610 4498 2646 4554 ν
2680 4499 2808 4572 Reg.
2841 4500 3002 4570 xxv).
3025 4499 3083 4554 in
3109 4505 3313 4555 tanaim
3339 4505 3521 4551 autem

1948 4598 2093 4656 Deus
2117 4594 2296 4665 posuit
2320 4592 2507 4649 oculos
2538 4606 2670 4651 suos
2705 4592 2759 4648 in
2796 4592 2999 4648 bonum
3036 4589 3123 4645 his
3163 4588 3255 4658 qui
3295 4588 3524 4655 imperio

274 4712 297 4744 ι
331 4694 595 4755 «imarum,
618 4691 674 4745 in
698 4692 938 4745 bonum:
975 4699 1033 4746 et
1070 4704 1267 4761 pinnam
1304 4689 1491 4746 oculos
1512 4704 1663 4745 meos
1686 4704 1850 4761 super
1875 4680 1925 4709 ν
1949 4685 2067 4755 eius
2106 4684 2512 4755 acquievernnt,
2557 4688 2614 4738 et
2657 4680 2871 4739 reduxit
2894 4680 3013 4735 illos
3035 4680 3091 4735 in
3117 4689 3318 4735 terram
3341 4692 3521 4743 suam,

272 4802 294 4833 ε
326 4797 424 4837 eos
462 4780 533 4837 ad
567 4780 893 4851 placandum
931 4778 1066 4852 (AL,
1108 4781 1163 4835 in
1201 4778 1460 4851 bonum],
1498 4786 1555 4835 et
1594 4781 1847 4836 reducam

270 4891 296 4920 e
328 4884 429 4925 eos
471 4870 526 4924 ln
565 4877 768 4925 terram
806 4867 985 4933 hanc,
1037 4877 1095 4924 et
1134 4867 1413 4924 aediﬁcabo
1457 4882 1590 4934 eos,
1637 4879 1694 4924 et
1738 4883 1845 4923 non

273 4979 297 5011 ι
334 4958 645 5020 destruant
690 4964 749 5017 et
784 4955 1040 5027 plantabo
1079 4971 1196 5021 eos,
1239 4964 1294 5011 et
1337 4971 1447 5011 non
1484 4956 1732 5012 evellam.
1781 4957 1849 5012 Et

274 5066 297 5095 ι
328 5046 474 5104 dabo
497 5045 583 5103 eis
607 5060 706 5105 cur
733 5054 795 5102 ut
814 5046 988 5103 sciant
1008 5060 1121 5112 me,
1143 5045 1270 5116 quia
1296 5058 1398 5117 ego
1422 5060 1543 5102 sum
1565 5045 1844 5102 Dominus.

274 5156 297 5189 ι
333 5136 399 5190 Et
434 5143 600 5191 erunt
629 5136 764 5195 mihi
800 5137 859 5195 in
898 5136 1176 5207 populum,
1212 5143 1271 5192 et
1303 5150 1411 5208 ego
1441 5136 1521 5192 eis
1559 5136 1615 5192 in
1654 5137 1845 5204 Deum,

275 5246 295 5276 ι
329 5224 459 5294 quia
482 5234 823 5287 revertentur
843 5227 913 5285 ad
936 5241 1022 5283 me
1042 5227 1095 5283 in
1118 5234 1231 5285 toto
1250 5227 1415 5285 corde
1447 5241 1566 5282 suo.
1612 5225 1682 5284 Et
1702 5227 1850 5284 sicut

275 5318 1848 5393 «tienspessimteqnaecomedinonpossunteoqaod

274 5424 296 5459 ι
328 5408 440 5465 sint
470 5407 645 5473 malai.
685 5407 822 5467 dicit
859 5410 1142 5476 Dominus,
1177 5410 1259 5467 sic
1293 5408 1435 5467 dabo
1457 5408 1589 5481 (sive
1612 5407 1847 5482 tradam)

273 5517 295 5548 ι
331 5497 653 5555 Sedechiam
690 5514 873 5569 regem
911 5497 1085 5566 inde,
1122 5508 1181 5556 et
1214 5501 1485 5572 principes
1514 5499 1657 5570 eius,
1678 5509 1741 5556 et
1763 5514 1850 5557 reo

274 5604 298 5645 ι
330 5590 508 5659 “quos
542 5592 612 5647 de
649 5588 1022 5658 Hierusalem,
1063 5593 1157 5662 qui
1199 5602 1576 5653 remanserunt
1615 5594 1673 5649 in
1717 5594 1849 5652 urbe

274 5693 301 5730 ι
330 5678 481 5742 hac.
518 5686 579 5736 et
608 5679 703 5750 qui
742 5679 992 5737 habitant
1028 5680 1085 5737 in
1126 5689 1271 5738 terra
1311 5682 1554 5755 Egypti.
1602 5682 1671 5739 Et
1708 5682 1849 5738 dabo

273 5783 302 5825 ι
330 5781 430 5830 eos
449 5768 509 5833 in
529 5768 871 5833 vetationem
908 5770 1365 5843 amictionemqne
1405 5772 1537 5843 (sine
1559 5773 1614 5831 in
1641 5772 1847 5844 dispem

1947 4788 2005 4836 et
2042 4777 2345 4842 aediﬁcavit,
2388 4784 2443 4839 et
2482 4789 2590 4830 non
2631 4773 2915 4839 destruxit,
2944 4781 3000 4829 et
3021 4772 3306 4843 plantavit,
3330 4779 3386 4827 et
3408 4786 3517 4825 non

1947 4869 2165 4926 evellit:
2205 4866 2461 4937 deditque
2483 4865 2566 4921 eis
2582 4879 2702 4929 eor,
2742 4872 2801 4919 ut
2834 4864 3032 4919 scirent
3062 4877 3207 4927 eum,
3236 4861 3376 4931 quod
3403 4859 3521 4928 ipse

1949 4967 2095 5016 esset
2133 4957 2413 5021 Dominus,
2453 4963 2511 5011 et
2533 4955 2729 5010 tierent
2766 4952 2844 5008 illi
2888 4953 2957 5007 in.
2983 4952 3264 5023 populum,
3308 4956 3365 5003 et
3405 4948 3521 5018 ipso

1947 5053 2029 5109 eis
2067 5058 2213 5107 esset
2252 5049 2306 5104 in
2344 5048 2544 5110 Deum,
2588 5055 2650 5102 at
2672 5045 2835 5100 etiam
2860 5043 2915 5099 in
2941 5043 3252 5113 captivitate
3276 5036 3519 5108 posuerit

1949 5142 2140 5199 oculos
2178 5154 2307 5196 suos
2341 5151 2502 5206 super
2540 5135 2677 5201 illos.
2720 5142 2776 5191 et
2806 5146 3066 5191 exercete
3106 5138 3327 5191 terram,
3351 5124 3520 5181 aediﬁ-

1951 5249 2076 5291 care
2101 5233 2311 5295 domos,
2334 5229 2583 5299 planiore
2614 5225 2858 5297 pomaria
2891 5225 2946 5279 in
2984 5220 3273 5291 Babylonia
3298 5218 3520 5287 regium

1951 5322 2288 5397 permiserit;
2325 5318 2515 5375 Daniel
2551 5318 2829 5390 signorum
2866 5313 3160 5378 mirawlis,
3200 5312 3269 5367 de
3305 5310 3522 5381 captivo

1951 5413 2131 5475 subito
2170 5410 2425 5481 princeps
2466 5405 2640 5463 factus
2682 5407 2757 5461 sit
2794 5403 2960 5472 (Du.
2986 5400 3076 5472 v);
3119 5409 3177 5457 et
3212 5408 3327 5456 tres
3364 5399 3521 5470 pueri

1949 5501 2182 5571 gloriose
2222 5498 2292 5554 de
2315 5495 2550 5553 fornacis
2570 5493 2818 5550 incendio
2854 5490 3067 5548 liberati
3090 5490 3202 5549 sint
3223 5488 3385 5561 (Dan.
3408 5487 3521 5559 in);

1949 5592 2019 5655 Et
2037 5589 2266 5660 expletis
2284 5586 2444 5644 annis
2480 5583 2822 5655 septuaginta
2842 5583 2947 5638 sub
2963 5578 3287 5645 Zombabei,
3304 5586 3371 5637 et
3388 5577 3523 5635 ιω-

1948 5679 2233 5739 sacerdote
2264 5690 2477 5747 magno,
2502 5672 2730 5732 ethra
2760 5687 2825 5731 ac
2858 5670 3100 5736 Nessus,
3132 5665 3364 5742 pbd-ima
3390 5683 3530 5740 pars

1948 5785 2169 5829 reversa
2201 5769 2275 5827 ait
2303 5765 2679 5828 llierusalem:
2716 5779 2949 5837 quorum
2987 5776 3246 5822 numerus
3279 5760 3337 5820 in
3371 5760 3517 5833 cisse
