  <div class='ocr_page' id='page_1' title='image "/cluster/home/n/w/nwhite01/storage/ocr_20150623/111/hvd.32044054759766/499.png"; bbox 0 0 4022 6186; ppageno 0'>
   <div class='ocr_carea' id='block_1_1' title="bbox 507 419 606 476">
    <p class='ocr_par' dir='ltr' id='par_1_1' title="bbox 507 419 606 476">
     <span class='ocr_line' id='line_1_1' title="bbox 507 419 606 476; baseline 0.071 -9"><span class='ocrx_word' id='word_1_1' title='bbox 507 419 606 476; x_wconf 68' lang='grc' dir='ltr'><strong>9(ιί</strong></span> 
     </span>
    </p>
   </div>
   <div class='ocr_carea' id='block_1_2' title="bbox 1158 407 3112 473">
    <p class='ocr_par' dir='ltr' id='par_1_2' title="bbox 1158 407 3112 473">
     <span class='ocr_line' id='line_1_2' title="bbox 1158 407 3112 473; baseline -0.003 0"><span class='ocrx_word' id='word_1_2' title='bbox 1158 419 1216 473; x_wconf 93' lang='lat' dir='ltr'><strong>B.</strong></span> <span class='ocrx_word' id='word_1_3' title='bbox 1256 416 1503 473; x_wconf 67' lang='lat' dir='ltr'><strong>[MBAN]</strong></span> <span class='ocrx_word' id='word_1_4' title='bbox 1542 417 1753 473; x_wconf 68' lang='grc' dir='ltr'><strong>ΜΛΕΕΙ</strong></span> <span class='ocrx_word' id='word_1_5' title='bbox 1795 415 2106 471; x_wconf 73' lang='lat' dir='ltr'><strong>ABCIIIEP.</strong></span> <span class='ocrx_word' id='word_1_6' title='bbox 2152 409 2456 473; x_wconf 79' lang='lat' dir='ltr'><strong>MOCUN&#39;I&#39;.</strong></span> <span class='ocrx_word' id='word_1_7' title='bbox 2497 411 2776 472; x_wconf 77' lang='lat' dir='ltr'><strong>OPEBUM</strong></span> <span class='ocrx_word' id='word_1_8' title='bbox 2811 407 2990 468; x_wconf 76' lang='lat' dir='ltr'><strong>PARS</strong></span> <span class='ocrx_word' id='word_1_9' title='bbox 3023 411 3112 467; x_wconf 89' lang='lat' dir='ltr'><strong>m.</strong></span> 
     </span>
    </p>
   </div>
   <div class='ocr_carea' id='block_1_3' title="bbox 3645 410 3758 468">
    <p class='ocr_par' dir='ltr' id='par_1_3' title="bbox 3645 410 3758 468">
     <span class='ocr_line' id='line_1_3' title="bbox 3645 410 3758 468; baseline 0 0"><span class='ocrx_word' id='word_1_10' title='bbox 3645 410 3758 468; x_wconf 60' lang='grc' dir='ltr'><strong>Μ</strong></span> 
     </span>
    </p>
   </div>
   <div class='ocr_carea' id='block_1_4' title="bbox 507 522 3756 600">
    <p class='ocr_par' dir='ltr' id='par_1_4' title="bbox 507 522 3756 600">
     <span class='ocr_line' id='line_1_4' title="bbox 507 522 3756 600; baseline -0.002 -14"><span class='ocrx_word' id='word_1_11' title='bbox 507 533 629 588; x_wconf 88' lang='lat' dir='ltr'><strong>dem</strong></span> <span class='ocrx_word' id='word_1_12' title='bbox 655 535 805 587; x_wconf 70' lang='lat' dir='ltr'><strong>Ezra:</strong></span> <span class='ocrx_word' id='word_1_13' title='bbox 844 535 1113 587; x_wconf 76' lang='lat' dir='ltr'><strong>volumine</strong></span> <span class='ocrx_word' id='word_1_14' title='bbox 1151 533 1458 588; x_wconf 88' lang='lat' dir='ltr'><strong>continetur</strong></span> <span class='ocrx_word' id='word_1_15' title='bbox 1498 530 1550 600; x_wconf 90' lang='lat' dir='ltr'><strong>(I</strong></span> <span class='ocrx_word' id='word_1_16' title='bbox 1579 531 1710 584; x_wconf 82' lang='lat' dir='ltr'><strong>Esd.</strong></span> <span class='ocrx_word' id='word_1_17' title='bbox 1740 530 1822 600; x_wconf 91' lang='grc' dir='ltr'><strong>ιι).</strong></span> <span class='ocrx_word' id='word_1_18' title='bbox 1875 527 2077 582; x_wconf 86' lang='lat' dir='ltr'><strong>Notau-</strong></span> <span class='ocrx_word' id='word_1_19' title='bbox 2103 530 2152 586; x_wconf 84' lang='grc' dir='ltr'>Α</span> <span class='ocrx_word' id='word_1_20' title='bbox 2181 525 2381 580; x_wconf 77' lang='lat' dir='ltr'><strong>Delirat</strong></span> <span class='ocrx_word' id='word_1_21' title='bbox 2427 527 2478 580; x_wconf 94' lang='lat' dir='ltr'><strong>in</strong></span> <span class='ocrx_word' id='word_1_22' title='bbox 2525 526 2627 580; x_wconf 88' lang='lat' dir='ltr'><strong>hoc</strong></span> <span class='ocrx_word' id='word_1_23' title='bbox 2673 523 2787 577; x_wconf 89' lang='lat' dir='ltr'><strong>loco</strong></span> <span class='ocrx_word' id='word_1_24' title='bbox 2845 522 3164 593; x_wconf 75' lang='lat' dir='ltr'><strong>allegoricus</strong></span> <span class='ocrx_word' id='word_1_25' title='bbox 3209 535 3423 592; x_wconf 78' lang='lat' dir='ltr'><strong>semper</strong></span> <span class='ocrx_word' id='word_1_26' title='bbox 3461 523 3756 594; x_wconf 75' lang='lat' dir='ltr'><strong>interpres,</strong></span> 
     </span>
    </p>
   </div>
   <div class='ocr_carea' id='block_1_5' title="bbox 508 619 2077 692">
    <p class='ocr_par' dir='ltr' id='par_1_5' title="bbox 508 619 2077 692">
     <span class='ocr_line' id='line_1_5' title="bbox 508 619 2077 692; baseline -0.003 -16"><span class='ocrx_word' id='word_1_27' title='bbox 508 624 633 677; x_wconf 84' lang='lat' dir='ltr'><strong>dum</strong></span> <span class='ocrx_word' id='word_1_28' title='bbox 673 624 867 692; x_wconf 83' lang='lat' dir='ltr'><strong>quippe</strong></span> <span class='ocrx_word' id='word_1_29' title='bbox 909 623 1050 692; x_wconf 89' lang='lat' dir='ltr'><strong>quod</strong></span> <span class='ocrx_word' id='word_1_30' title='bbox 1090 623 1204 676; x_wconf 81' lang='lat' dir='ltr'><strong>haec</strong></span> <span class='ocrx_word' id='word_1_31' title='bbox 1246 621 1380 677; x_wconf 86' lang='lat' dir='ltr'><strong>visio</strong></span> <span class='ocrx_word' id='word_1_32' title='bbox 1423 620 1700 676; x_wconf 72' lang='lat' dir='ltr'><strong>Sedechia:</strong></span> <span class='ocrx_word' id='word_1_33' title='bbox 1745 619 2077 688; x_wconf 89' lang='lat' dir='ltr'><strong>temporibus</strong></span> 
     </span>
    </p>
   </div>
   <div class='ocr_carea' id='block_1_6' title="bbox 509 708 2078 780">
    <p class='ocr_par' dir='ltr' id='par_1_6' title="bbox 509 708 2078 780">
     <span class='ocr_line' id='line_1_6' title="bbox 509 708 2078 780; baseline -0.003 -15"><span class='ocrx_word' id='word_1_34' title='bbox 509 712 648 765; x_wconf 84' lang='lat' dir='ltr'><strong>facta</strong></span> <span class='ocrx_word' id='word_1_35' title='bbox 681 711 753 764; x_wconf 92' lang='lat' dir='ltr'><strong>sit</strong></span> <span class='ocrx_word' id='word_1_36' title='bbox 790 712 856 764; x_wconf 88' lang='lat' dir='ltr'><strong>ad</strong></span> <span class='ocrx_word' id='word_1_37' title='bbox 889 712 1229 779; x_wconf 77' lang='lat' dir='ltr'><strong>prophetam,</strong></span> <span class='ocrx_word' id='word_1_38' title='bbox 1254 719 1534 780; x_wconf 83' lang='lat' dir='ltr'><strong>postquam</strong></span> <span class='ocrx_word' id='word_1_39' title='bbox 1569 708 1858 764; x_wconf 81' lang='lat' dir='ltr'><strong>Jecbonias</strong></span> <span class='ocrx_word' id='word_1_40' title='bbox 1881 708 2078 762; x_wconf 92' lang='lat' dir='ltr'><strong>ductus</strong></span> 
     </span>
    </p>
   </div>
   <div class='ocr_carea' id='block_1_7' title="bbox 508 796 2079 870">
    <p class='ocr_par' dir='ltr' id='par_1_7' title="bbox 508 796 2079 870">
     <span class='ocr_line' id='line_1_7' title="bbox 508 796 2079 870; baseline -0.004 -15"><span class='ocrx_word' id='word_1_41' title='bbox 508 810 592 856; x_wconf 86' lang='lat' dir='ltr'><strong>est</strong></span> <span class='ocrx_word' id='word_1_42' title='bbox 630 801 689 856; x_wconf 90' lang='lat' dir='ltr'><strong>in</strong></span> <span class='ocrx_word' id='word_1_43' title='bbox 728 800 1259 870; x_wconf 81' lang='lat' dir='ltr'><strong>transmigrationem</strong></span> <span class='ocrx_word' id='word_1_44' title='bbox 1291 817 1303 852; x_wconf 91' lang='lat'>:</span> <span class='ocrx_word' id='word_1_45' title='bbox 1353 815 1460 853; x_wconf 88' lang='lat' dir='ltr'><strong>non</strong></span> <span class='ocrx_word' id='word_1_46' title='bbox 1495 800 1639 853; x_wconf 90' lang='lat' dir='ltr'><strong>enim</strong></span> <span class='ocrx_word' id='word_1_47' title='bbox 1681 798 1814 852; x_wconf 77' lang='lat' dir='ltr'><strong>dixit</strong></span> <span class='ocrx_word' id='word_1_48' title='bbox 1853 796 2079 866; x_wconf 83' lang='lat' dir='ltr'><strong>captivi-</strong></span> 
     </span>
    </p>
   </div>
   <div class='ocr_carea' id='block_1_8' title="bbox 511 891 2081 960">
    <p class='ocr_par' dir='ltr' id='par_1_8' title="bbox 511 891 2081 960">
     <span class='ocr_line' id='line_1_8' title="bbox 511 891 2081 960; baseline -0.003 -14"><span class='ocrx_word' id='word_1_49' title='bbox 511 902 695 956; x_wconf 81' lang='lat' dir='ltr'><strong>tatem,</strong></span> <span class='ocrx_word' id='word_1_50' title='bbox 737 893 862 960; x_wconf 92' lang='lat' dir='ltr'><strong>quia</strong></span> <span class='ocrx_word' id='word_1_51' title='bbox 904 906 962 945; x_wconf 89' lang='lat' dir='ltr'><strong>se</strong></span> <span class='ocrx_word' id='word_1_52' title='bbox 1004 891 1146 945; x_wconf 81' lang='lat' dir='ltr'><strong>ultro</strong></span> <span class='ocrx_word' id='word_1_53' title='bbox 1194 891 1506 944; x_wconf 82' lang='lat' dir='ltr'><strong>tradiderat.</strong></span> <span class='ocrx_word' id='word_1_54' title='bbox 1561 891 1762 943; x_wconf 86' lang='lat' dir='ltr'><strong>Fabros</strong></span> <span class='ocrx_word' id='word_1_55' title='bbox 1807 897 1988 943; x_wconf 89' lang='lat' dir='ltr'><strong>autem</strong></span> <span class='ocrx_word' id='word_1_56' title='bbox 2026 895 2081 942; x_wconf 92' lang='lat' dir='ltr'><strong>et</strong></span> 
     </span>
    </p>
   </div>
   <div class='ocr_carea' id='block_1_9' title="bbox 512 978 2081 1051">
    <p class='ocr_par' dir='ltr' id='par_1_9' title="bbox 512 978 2081 1051">
     <span class='ocr_line' id='line_1_9' title="bbox 512 978 2081 1051; baseline -0.003 -15"><span class='ocrx_word' id='word_1_57' title='bbox 512 981 807 1036; x_wconf 88' lang='lat' dir='ltr'><strong>inclusores</strong></span> <span class='ocrx_word' id='word_1_58' title='bbox 832 1021 847 1045; x_wconf 96' lang='lat'><strong>,</strong></span> <span class='ocrx_word' id='word_1_59' title='bbox 899 981 983 1033; x_wconf 86' lang='lat' dir='ltr'><strong>vel</strong></span> <span class='ocrx_word' id='word_1_60' title='bbox 1037 981 1169 1051; x_wconf 90' lang='lat' dir='ltr'><strong>legis</strong></span> <span class='ocrx_word' id='word_1_61' title='bbox 1219 981 1575 1049; x_wconf 85' lang='lat' dir='ltr'><strong>interpretes,</strong></span> <span class='ocrx_word' id='word_1_62' title='bbox 1627 987 1788 1047; x_wconf 88' lang='lat' dir='ltr'><strong>atque</strong></span> <span class='ocrx_word' id='word_1_63' title='bbox 1829 978 2081 1032; x_wconf 89' lang='lat' dir='ltr'><strong>doctores</strong></span> 
     </span>
    </p>
   </div>
   <div class='ocr_carea' id='block_1_10' title="bbox 511 1065 2080 1138">
    <p class='ocr_par' dir='ltr' id='par_1_10' title="bbox 511 1065 2080 1138">
     <span class='ocr_line' id='line_1_10' title="bbox 511 1065 2080 1138; baseline -0.004 -12"><span class='ocrx_word' id='word_1_64' title='bbox 511 1071 766 1126; x_wconf 81' lang='lat' dir='ltr'><strong>debemus</strong></span> <span class='ocrx_word' id='word_1_65' title='bbox 808 1071 1070 1138; x_wconf 88' lang='lat' dir='ltr'><strong>accipere,</strong></span> <span class='ocrx_word' id='word_1_66' title='bbox 1116 1070 1198 1122; x_wconf 88' lang='lat' dir='ltr'><strong>vel</strong></span> <span class='ocrx_word' id='word_1_67' title='bbox 1237 1070 1474 1123; x_wconf 90' lang='lat' dir='ltr'><strong>artiﬁces</strong></span> <span class='ocrx_word' id='word_1_68' title='bbox 1514 1068 1918 1136; x_wconf 89' lang='lat' dir='ltr'><strong>inclusoresque</strong></span> <span class='ocrx_word' id='word_1_69' title='bbox 1963 1065 2080 1120; x_wconf 87' lang='lat' dir='ltr'><strong>auri</strong></span> 
     </span>
    </p>
   </div>
   <div class='ocr_carea' id='block_1_11' title="bbox 509 1157 2082 1231">
    <p class='ocr_par' dir='ltr' id='par_1_11' title="bbox 509 1157 2082 1231">
     <span class='ocr_line' id='line_1_11' title="bbox 509 1157 2082 1231; baseline -0.003 -15"><span class='ocrx_word' id='word_1_70' title='bbox 509 1170 671 1231; x_wconf 79' lang='lat' dir='ltr'><strong>atque</strong></span> <span class='ocrx_word' id='word_1_71' title='bbox 706 1176 1058 1231; x_wconf 89' lang='lat' dir='ltr'><strong>gemmarum,</strong></span> <span class='ocrx_word' id='word_1_72' title='bbox 1085 1176 1204 1230; x_wconf 72' lang='lat' dir='ltr'><strong>qua:</strong></span> <span class='ocrx_word' id='word_1_73' title='bbox 1237 1175 1327 1212; x_wconf 90' lang='lat' dir='ltr'><strong>ars</strong></span> <span class='ocrx_word' id='word_1_74' title='bbox 1361 1159 1499 1227; x_wconf 89' lang='lat' dir='ltr'><strong>apud</strong></span> <span class='ocrx_word' id='word_1_75' title='bbox 1539 1158 1800 1212; x_wconf 88' lang='lat' dir='ltr'><strong>barbaras</strong></span> <span class='ocrx_word' id='word_1_76' title='bbox 1837 1157 2082 1211; x_wconf 87' lang='lat' dir='ltr'><strong>nationes</strong></span> 
     </span>
    </p>
   </div>
   <div class='ocr_carea' id='block_1_12' title="bbox 509 1249 2078 1324">
    <p class='ocr_par' dir='ltr' id='par_1_12' title="bbox 509 1249 2078 1324">
     <span class='ocr_line' id='line_1_12' title="bbox 509 1249 2078 1324; baseline -0.003 -17"><span class='ocrx_word' id='word_1_77' title='bbox 509 1253 898 1324; x_wconf 74' lang='lat' dir='ltr'><strong>pretiosissima</strong></span> <span class='ocrx_word' id='word_1_78' title='bbox 924 1260 1026 1306; x_wconf 88' lang='lat' dir='ltr'><strong>est.</strong></span> <span class='ocrx_word' id='word_1_79' title='bbox 1079 1253 1183 1305; x_wconf 84' lang='lat' dir='ltr'><strong>Pro</strong></span> <span class='ocrx_word' id='word_1_80' title='bbox 1208 1251 1567 1304; x_wconf 89' lang='lat' dir='ltr'><strong>inclusoribus</strong></span> <span class='ocrx_word' id='word_1_81' title='bbox 1593 1249 1940 1319; x_wconf 85' lang='lat' dir='ltr'><strong>Septuaginta</strong></span> <span class='ocrx_word' id='word_1_82' title='bbox 1966 1249 2078 1303; x_wconf 84' lang='lat' dir='ltr'><strong>vin-</strong></span> 
     </span>
    </p>
   </div>
   <div class='ocr_carea' id='block_1_13' title="bbox 510 1339 2084 1411">
    <p class='ocr_par' dir='ltr' id='par_1_13' title="bbox 510 1339 2084 1411">
     <span class='ocr_line' id='line_1_13' title="bbox 510 1339 2084 1411; baseline -0.002 -15"><span class='ocrx_word' id='word_1_83' title='bbox 510 1353 620 1396; x_wconf 77' lang='lat' dir='ltr'><strong>clas</strong></span> <span class='ocrx_word' id='word_1_84' title='bbox 662 1342 999 1411; x_wconf 80' lang='lat' dir='ltr'><strong>interpretati</strong></span> <span class='ocrx_word' id='word_1_85' title='bbox 1042 1349 1198 1404; x_wconf 91' lang='lat' dir='ltr'><strong>sunt,</strong></span> <span class='ocrx_word' id='word_1_86' title='bbox 1247 1349 1304 1394; x_wconf 88' lang='lat' dir='ltr'><strong>ut</strong></span> <span class='ocrx_word' id='word_1_87' title='bbox 1347 1340 1676 1409; x_wconf 81' lang='lat' dir='ltr'><strong>captivitatis</strong></span> <span class='ocrx_word' id='word_1_88' title='bbox 1717 1339 2084 1410; x_wconf 78' lang='lat' dir='ltr'><strong>signiﬁcarent</strong></span> 
     </span>
    </p>
   </div>
   <div class='ocr_carea' id='block_1_14' title="bbox 513 1432 2082 1502">
    <p class='ocr_par' dir='ltr' id='par_1_14' title="bbox 513 1432 2082 1502">
     <span class='ocr_line' id='line_1_14' title="bbox 513 1432 2082 1502; baseline -0.001 -13"><span class='ocrx_word' id='word_1_89' title='bbox 513 1435 750 1500; x_wconf 89' lang='lat' dir='ltr'><strong>malum,</strong></span> <span class='ocrx_word' id='word_1_90' title='bbox 796 1445 850 1488; x_wconf 90' lang='lat' dir='ltr'><strong>et</strong></span> <span class='ocrx_word' id='word_1_91' title='bbox 894 1435 958 1488; x_wconf 90' lang='lat' dir='ltr'><strong>de</strong></span> <span class='ocrx_word' id='word_1_92' title='bbox 1001 1450 1097 1488; x_wconf 91' lang='lat' dir='ltr'><strong>suo</strong></span> <span class='ocrx_word' id='word_1_93' title='bbox 1135 1433 1390 1488; x_wconf 81' lang='lat' dir='ltr'><strong>addidere</strong></span> <span class='ocrx_word' id='word_1_94' title='bbox 1433 1433 1647 1498; x_wconf 80' lang='lat' dir='ltr'><strong>divites,</strong></span> <span class='ocrx_word' id='word_1_95' title='bbox 1692 1434 1835 1502; x_wconf 90' lang='lat' dir='ltr'><strong>quod</strong></span> <span class='ocrx_word' id='word_1_96' title='bbox 1879 1434 1933 1487; x_wconf 93' lang='lat' dir='ltr'><strong>in</strong></span> <span class='ocrx_word' id='word_1_97' title='bbox 1979 1432 2082 1488; x_wconf 83' lang='lat' dir='ltr'><strong>lle-</strong></span> 
     </span>
    </p>
   </div>
   <div class='ocr_carea' id='block_1_15' title="bbox 512 1523 2082 1594">
    <p class='ocr_par' dir='ltr' id='par_1_15' title="bbox 512 1523 2082 1594">
     <span class='ocr_line' id='line_1_15' title="bbox 512 1523 2082 1594; baseline 0 -16"><span class='ocrx_word' id='word_1_98' title='bbox 512 1523 697 1578; x_wconf 86' lang='lat' dir='ltr'><strong>braico</strong></span> <span class='ocrx_word' id='word_1_99' title='bbox 723 1538 829 1578; x_wconf 88' lang='lat' dir='ltr'><strong>non</strong></span> <span class='ocrx_word' id='word_1_100' title='bbox 859 1525 1103 1577; x_wconf 84' lang='lat' dir='ltr'><strong>habetur.</strong></span> <span class='ocrx_word' id='word_1_101' title='bbox 1154 1523 1443 1594; x_wconf 86' lang='lat' dir='ltr'><strong>Comparat</strong></span> <span class='ocrx_word' id='word_1_102' title='bbox 1468 1533 1645 1578; x_wconf 90' lang='lat' dir='ltr'><strong>autem</strong></span> <span class='ocrx_word' id='word_1_103' title='bbox 1673 1523 1965 1588; x_wconf 81' lang='lat' dir='ltr'><strong>calathum,</strong></span> <span class='ocrx_word' id='word_1_104' title='bbox 1990 1525 2082 1593; x_wconf 89' lang='lat' dir='ltr'><strong>qui</strong></span> 
     </span>
    </p>
   </div>
   <div class='ocr_carea' id='block_1_16' title="bbox 512 1615 2083 1686">
    <p class='ocr_par' dir='ltr' id='par_1_16' title="bbox 512 1615 2083 1686">
     <span class='ocr_line' id='line_1_16' title="bbox 512 1615 2083 1686; baseline 0.001 -17"><span class='ocrx_word' id='word_1_105' title='bbox 512 1615 683 1669; x_wconf 88' lang='lat' dir='ltr'><strong>bonas</strong></span> <span class='ocrx_word' id='word_1_106' title='bbox 724 1615 857 1670; x_wconf 90' lang='lat' dir='ltr'><strong>ﬁcus</strong></span> <span class='ocrx_word' id='word_1_107' title='bbox 900 1616 1168 1680; x_wconf 85' lang='lat' dir='ltr'><strong>habebat,</strong></span> <span class='ocrx_word' id='word_1_108' title='bbox 1213 1625 1267 1670; x_wconf 81' lang='lat' dir='ltr'><strong>et</strong></span> <span class='ocrx_word' id='word_1_109' title='bbox 1311 1617 1479 1670; x_wconf 87' lang='lat' dir='ltr'><strong>bonas</strong></span> <span class='ocrx_word' id='word_1_110' title='bbox 1522 1617 1682 1670; x_wconf 75' lang='lat' dir='ltr'><strong>[limis</strong></span> <span class='ocrx_word' id='word_1_111' title='bbox 1708 1657 1723 1680; x_wconf 91' lang='lat'><strong>,</strong></span> <span class='ocrx_word' id='word_1_112' title='bbox 1769 1616 1884 1670; x_wconf 90' lang='lat' dir='ltr'><strong>ﬁcis</strong></span> <span class='ocrx_word' id='word_1_113' title='bbox 1925 1617 2083 1686; x_wconf 90' lang='lat' dir='ltr'><strong>primi</strong></span> 
     </span>
    </p>
   </div>
   <div class='ocr_carea' id='block_1_17' title="bbox 516 1705 2085 1782">
    <p class='ocr_par' dir='ltr' id='par_1_17' title="bbox 516 1705 2085 1782">
     <span class='ocr_line' id='line_1_17' title="bbox 516 1705 2085 1782; baseline 0.002 -24"><span class='ocrx_word' id='word_1_114' title='bbox 516 1706 795 1774; x_wconf 85' lang='lat' dir='ltr'><strong>temporis,</strong></span> <span class='ocrx_word' id='word_1_115' title='bbox 837 1721 956 1775; x_wconf 72' lang='lat' dir='ltr'><strong>quae</strong></span> <span class='ocrx_word' id='word_1_116' title='bbox 1000 1705 1186 1761; x_wconf 62' lang='lat' dir='ltr'><strong>Graece</strong></span> <span class='ocrx_word' id='word_1_117' title='bbox 1233 1706 1565 1775; x_wconf 85' lang='lat' dir='ltr'><strong>appellantur</strong></span> <span class='ocrx_word' id='word_1_118' title='bbox 1603 1707 1814 1782; x_wconf 59' lang='grc' dir='ltr'><strong>πρωῖαα</strong></span> <span class='ocrx_word' id='word_1_119' title='bbox 1855 1705 2085 1761; x_wconf 72' lang='lat' dir='ltr'><strong>Abrahae</strong></span> 
     </span>
    </p>
   </div>
   <div class='ocr_carea' id='block_1_18' title="bbox 512 1795 2080 1866">
    <p class='ocr_par' dir='ltr' id='par_1_18' title="bbox 512 1795 2080 1866">
     <span class='ocr_line' id='line_1_18' title="bbox 512 1795 2080 1866; baseline 0.004 -21"><span class='ocrx_word' id='word_1_120' title='bbox 512 1795 759 1849; x_wconf 75' lang='lat' dir='ltr'><strong>videlicet</strong></span> <span class='ocrx_word' id='word_1_121' title='bbox 792 1804 845 1850; x_wconf 91' lang='lat' dir='ltr'><strong>et</strong></span> <span class='ocrx_word' id='word_1_122' title='bbox 875 1797 1044 1860; x_wconf 90' lang='lat' dir='ltr'><strong>Isaac,</strong></span> <span class='ocrx_word' id='word_1_123' title='bbox 1077 1795 1258 1861; x_wconf 82' lang='lat' dir='ltr'><strong>Jacob,</strong></span> <span class='ocrx_word' id='word_1_124' title='bbox 1287 1806 1340 1850; x_wconf 91' lang='lat' dir='ltr'><strong>et</strong></span> <span class='ocrx_word' id='word_1_125' title='bbox 1367 1797 1554 1866; x_wconf 81' lang='lat' dir='ltr'><strong>Moysi,</strong></span> <span class='ocrx_word' id='word_1_126' title='bbox 1583 1806 1637 1852; x_wconf 91' lang='lat' dir='ltr'><strong>et</strong></span> <span class='ocrx_word' id='word_1_127' title='bbox 1657 1800 1856 1862; x_wconf 82' lang='lat' dir='ltr'><strong>Aaron,</strong></span> <span class='ocrx_word' id='word_1_128' title='bbox 1883 1806 1938 1852; x_wconf 88' lang='lat' dir='ltr'><strong>et</strong></span> <span class='ocrx_word' id='word_1_129' title='bbox 1960 1797 2080 1864; x_wconf 83' lang='lat' dir='ltr'><strong>Job,</strong></span> 
     </span>
    </p>
   </div>
   <div class='ocr_carea' id='block_1_19' title="bbox 2176 611 3758 684">
    <p class='ocr_par' dir='ltr' id='par_1_19' title="bbox 2176 611 3758 684">
     <span class='ocr_line' id='line_1_19' title="bbox 2176 611 3758 684; baseline 0 -16"><span class='ocrx_word' id='word_1_130' title='bbox 2176 622 2232 668; x_wconf 90' lang='lat' dir='ltr'><strong>et</strong></span> <span class='ocrx_word' id='word_1_131' title='bbox 2265 615 2370 667; x_wconf 87' lang='lat' dir='ltr'><strong>vim</strong></span> <span class='ocrx_word' id='word_1_132' title='bbox 2415 614 2638 684; x_wconf 91' lang='lat' dir='ltr'><strong>cupiens</strong></span> <span class='ocrx_word' id='word_1_133' title='bbox 2677 612 2947 666; x_wconf 68' lang='lat' dir='ltr'><strong>historica:</strong></span> <span class='ocrx_word' id='word_1_134' title='bbox 2989 611 3169 666; x_wconf 91' lang='lat' dir='ltr'><strong>facere</strong></span> <span class='ocrx_word' id='word_1_135' title='bbox 3222 613 3469 675; x_wconf 85' lang='lat' dir='ltr'><strong>veritati,</strong></span> <span class='ocrx_word' id='word_1_136' title='bbox 3519 612 3586 666; x_wconf 91' lang='lat' dir='ltr'><strong>de</strong></span> <span class='ocrx_word' id='word_1_137' title='bbox 3645 628 3758 668; x_wconf 63' lang='lat' dir='ltr'><strong>cor:-</strong></span> 
     </span>
    </p>
   </div>
   <div class='ocr_carea' id='block_1_20' title="bbox 2175 701 3761 772">
    <p class='ocr_par' dir='ltr' id='par_1_20' title="bbox 2175 701 3761 772">
     <span class='ocr_line' id='line_1_20' title="bbox 2175 701 3761 772; baseline 0 -15"><span class='ocrx_word' id='word_1_138' title='bbox 2175 704 2296 758; x_wconf 87' lang='lat' dir='ltr'><strong>lcsti</strong></span> <span class='ocrx_word' id='word_1_139' title='bbox 2339 704 2668 758; x_wconf 81' lang='lat' dir='ltr'><strong>Hierusalem</strong></span> <span class='ocrx_word' id='word_1_140' title='bbox 2710 713 2894 772; x_wconf 89' lang='lat' dir='ltr'><strong>captos</strong></span> <span class='ocrx_word' id='word_1_141' title='bbox 2934 701 3118 765; x_wconf 87' lang='lat' dir='ltr'><strong>refert,</strong></span> <span class='ocrx_word' id='word_1_142' title='bbox 3164 711 3324 771; x_wconf 91' lang='lat' dir='ltr'><strong>atque</strong></span> <span class='ocrx_word' id='word_1_143' title='bbox 3364 703 3660 757; x_wconf 81' lang='lat' dir='ltr'><strong>translatos</strong></span> <span class='ocrx_word' id='word_1_144' title='bbox 3703 704 3761 757; x_wconf 88' lang='lat' dir='ltr'><strong>in</strong></span> 
     </span>
    </p>
   </div>
   <div class='ocr_carea' id='block_1_21' title="bbox 2177 792 3766 862">
    <p class='ocr_par' dir='ltr' id='par_1_21' title="bbox 2177 792 3766 862">
     <span class='ocr_line' id='line_1_21' title="bbox 2177 792 3766 862; baseline -0.003 -12"><span class='ocrx_word' id='word_1_145' title='bbox 2177 803 2378 850; x_wconf 87' lang='lat' dir='ltr'><strong>terram</strong></span> <span class='ocrx_word' id='word_1_146' title='bbox 2420 795 2790 850; x_wconf 83' lang='lat' dir='ltr'><strong>Chaldaeorum</strong></span> <span class='ocrx_word' id='word_1_147' title='bbox 2823 812 2834 846; x_wconf 89' lang='lat'><strong>:</strong></span> <span class='ocrx_word' id='word_1_148' title='bbox 2884 808 3207 862; x_wconf 87' lang='lat' dir='ltr'><strong>rursumque</strong></span> <span class='ocrx_word' id='word_1_149' title='bbox 3249 794 3315 847; x_wconf 92' lang='lat' dir='ltr'><strong>ad</strong></span> <span class='ocrx_word' id='word_1_150' title='bbox 3357 792 3535 847; x_wconf 91' lang='lat' dir='ltr'><strong>locum</strong></span> <span class='ocrx_word' id='word_1_151' title='bbox 3571 794 3766 862; x_wconf 84' lang='lat' dir='ltr'><strong>pristi-</strong></span> 
     </span>
    </p>
   </div>
   <div class='ocr_carea' id='block_1_22' title="bbox 2177 880 3766 947">
    <p class='ocr_par' dir='ltr' id='par_1_22' title="bbox 2177 880 3766 947">
     <span class='ocr_line' id='line_1_22' title="bbox 2177 880 3766 947; baseline -0.001 -10"><span class='ocrx_word' id='word_1_152' title='bbox 2177 899 2306 937; x_wconf 91' lang='lat' dir='ltr'><strong>num</strong></span> <span class='ocrx_word' id='word_1_153' title='bbox 2350 897 2686 947; x_wconf 86' lang='lat' dir='ltr'><strong>reversuros,</strong></span> <span class='ocrx_word' id='word_1_154' title='bbox 2727 891 2785 935; x_wconf 91' lang='lat' dir='ltr'><strong>ut</strong></span> <span class='ocrx_word' id='word_1_155' title='bbox 2828 880 3118 936; x_wconf 72' lang='lat' dir='ltr'><strong>Jeremiam</strong></span> <span class='ocrx_word' id='word_1_156' title='bbox 3165 891 3221 936; x_wconf 87' lang='lat' dir='ltr'><strong>et</strong></span> <span class='ocrx_word' id='word_1_157' title='bbox 3263 893 3490 936; x_wconf 71' lang='lat' dir='ltr'><strong>caeteros</strong></span> <span class='ocrx_word' id='word_1_158' title='bbox 3542 891 3766 936; x_wconf 83' lang='lat' dir='ltr'><strong>sanctos</strong></span> 
     </span>
    </p>
   </div>
   <div class='ocr_carea' id='block_1_23' title="bbox 2177 973 3761 1045">
    <p class='ocr_par' dir='ltr' id='par_1_23' title="bbox 2177 973 3761 1045">
     <span class='ocr_line' id='line_1_23' title="bbox 2177 973 3761 1045; baseline -0.001 -18"><span class='ocrx_word' id='word_1_159' title='bbox 2177 975 2502 1045; x_wconf 86' lang='lat' dir='ltr'><strong>prophetas:</strong></span> <span class='ocrx_word' id='word_1_160' title='bbox 2549 973 2684 1028; x_wconf 89' lang='lat' dir='ltr'><strong>alios</strong></span> <span class='ocrx_word' id='word_1_161' title='bbox 2725 987 2886 1037; x_wconf 90' lang='lat' dir='ltr'><strong>vero,</strong></span> <span class='ocrx_word' id='word_1_162' title='bbox 2933 973 3026 1043; x_wconf 89' lang='lat' dir='ltr'><strong>qui</strong></span> <span class='ocrx_word' id='word_1_163' title='bbox 3071 982 3385 1042; x_wconf 89' lang='lat' dir='ltr'><strong>peccatores</strong></span> <span class='ocrx_word' id='word_1_164' title='bbox 3429 973 3654 1028; x_wconf 82' lang='lat' dir='ltr'><strong>fuerunt</strong></span> <span class='ocrx_word' id='word_1_165' title='bbox 3705 973 3761 1026; x_wconf 92' lang='lat' dir='ltr'><strong>in</strong></span> 
     </span>
    </p>
   </div>
   <div class='ocr_carea' id='block_1_24' title="bbox 2181 1063 3761 1134">
    <p class='ocr_par' dir='ltr' id='par_1_24' title="bbox 2181 1063 3761 1134">
     <span class='ocr_line' id='line_1_24' title="bbox 2181 1063 3761 1134; baseline -0.001 -17"><span class='ocrx_word' id='word_1_166' title='bbox 2181 1071 2322 1117; x_wconf 84' lang='lat' dir='ltr'><strong>terra</strong></span> <span class='ocrx_word' id='word_1_167' title='bbox 2365 1063 2486 1128; x_wconf 87' lang='lat' dir='ltr'><strong>hac,</strong></span> <span class='ocrx_word' id='word_1_168' title='bbox 2512 1071 2567 1117; x_wconf 89' lang='lat' dir='ltr'><strong>et</strong></span> <span class='ocrx_word' id='word_1_169' title='bbox 2606 1064 2659 1117; x_wconf 91' lang='lat' dir='ltr'><strong>in</strong></span> <span class='ocrx_word' id='word_1_170' title='bbox 2693 1063 2831 1118; x_wconf 83' lang='lat' dir='ltr'><strong>valle</strong></span> <span class='ocrx_word' id='word_1_171' title='bbox 2866 1063 3228 1134; x_wconf 84' lang='lat' dir='ltr'><strong>lacrymarum</strong></span> <span class='ocrx_word' id='word_1_172' title='bbox 3275 1077 3395 1118; x_wconf 88' lang='lat' dir='ltr'><strong>esse</strong></span> <span class='ocrx_word' id='word_1_173' title='bbox 3441 1064 3761 1118; x_wconf 87' lang='lat' dir='ltr'><strong>morituros.</strong></span> 
     </span>
    </p>
   </div>
   <div class='ocr_carea' id='block_1_25' title="bbox 2181 1150 3766 1230">
    <p class='ocr_par' dir='ltr' id='par_1_25' title="bbox 2181 1150 3766 1230">
     <span class='ocr_line' id='line_1_25' title="bbox 2181 1150 3766 1230; baseline 0.003 -26"><span class='ocrx_word' id='word_1_174' title='bbox 2181 1150 2371 1206; x_wconf 86' lang='lat' dir='ltr'><strong>Totam</strong></span> <span class='ocrx_word' id='word_1_175' title='bbox 2413 1152 2634 1206; x_wconf 88' lang='lat' dir='ltr'><strong>visionis</strong></span> <span class='ocrx_word' id='word_1_176' title='bbox 2674 1152 2832 1223; x_wconf 83' lang='lat' dir='ltr'><strong>hujus</strong></span> <span class='ocrx_word' id='word_1_177' title='bbox 2874 1152 3034 1206; x_wconf 89' lang='lat' dir='ltr'><strong>simul</strong></span> <span class='ocrx_word' id='word_1_178' title='bbox 3076 1154 3329 1222; x_wconf 89' lang='lat' dir='ltr'><strong>proposui</strong></span> <span class='ocrx_word' id='word_1_179' title='bbox 3366 1161 3650 1230; x_wconf 68' lang='grc' dir='ltr'><strong>περικοπύν</strong></span> <span class='ocrx_word' id='word_1_180' title='bbox 3696 1169 3766 1209; x_wconf 88' lang='lat' dir='ltr'><strong>ne</strong></span> 
     </span>
    </p>
   </div>
   <div class='ocr_carea' id='block_1_26' title="bbox 2179 1240 3202 1310">
    <p class='ocr_par' dir='ltr' id='par_1_26' title="bbox 2179 1240 3202 1310">
     <span class='ocr_line' id='line_1_26' title="bbox 2179 1240 3202 1310; baseline 0.002 -16"><span class='ocrx_word' id='word_1_181' title='bbox 2179 1255 2396 1295; x_wconf 87' lang='lat' dir='ltr'><strong>sensum</strong></span> <span class='ocrx_word' id='word_1_182' title='bbox 2440 1240 2494 1294; x_wconf 90' lang='lat' dir='ltr'><strong>in</strong></span> <span class='ocrx_word' id='word_1_183' title='bbox 2538 1241 2868 1310; x_wconf 75' lang='lat' dir='ltr'><strong>expositione</strong></span> <span class='ocrx_word' id='word_1_184' title='bbox 2907 1241 3202 1296; x_wconf 76' lang='lat' dir='ltr'><strong>dividet-em</strong></span> 
     </span>
    </p>
   </div>
   <div class='ocr_carea' id='block_1_27' title="bbox 2759 1352 3187 1409">
    <p class='ocr_par' dir='ltr' id='par_1_27' title="bbox 2759 1352 3187 1409">
     <span class='ocr_line' id='line_1_27' title="bbox 2759 1352 3187 1409; baseline -0.002 -1"><span class='ocrx_word' id='word_1_185' title='bbox 2759 1352 2986 1409; x_wconf 71' lang='lat' dir='ltr'><strong>CAPUT</strong></span> <span class='ocrx_word' id='word_1_186' title='bbox 3022 1354 3187 1409; x_wconf 74' lang='lat' dir='ltr'><strong>XXV.</strong></span> 
     </span>
    </p>
   </div>
   <div class='ocr_carea' id='block_1_28' title="bbox 2181 1441 3772 1515">
    <p class='ocr_par' dir='ltr' id='par_1_28' title="bbox 2181 1441 3772 1515">
     <span class='ocr_line' id='line_1_28' title="bbox 2181 1441 3772 1515; baseline 0.004 -19"><span class='ocrx_word' id='word_1_187' title='bbox 2181 1441 2258 1496; x_wconf 88' lang='lat' dir='ltr'><strong>De</strong></span> <span class='ocrx_word' id='word_1_188' title='bbox 2285 1444 2581 1513; x_wconf 77' lang='lat' dir='ltr'><strong>captivitate</strong></span> <span class='ocrx_word' id='word_1_189' title='bbox 2608 1447 2933 1515; x_wconf 78' lang='lat' dir='ltr'><strong>septuaginta</strong></span> <span class='ocrx_word' id='word_1_190' title='bbox 2968 1463 3225 1500; x_wconf 88' lang='lat' dir='ltr'><strong>annorum</strong></span> <span class='ocrx_word' id='word_1_191' title='bbox 3271 1445 3463 1510; x_wconf 68' lang='lat' dir='ltr'><strong>Judaz;</strong></span> <span class='ocrx_word' id='word_1_192' title='bbox 3503 1447 3568 1502; x_wconf 82' lang='lat' dir='ltr'><strong>de</strong></span> <span class='ocrx_word' id='word_1_193' title='bbox 3601 1448 3772 1502; x_wconf 77' lang='lat' dir='ltr'><strong>calice</strong></span> 
     </span>
    </p>
   </div>
   <div class='ocr_carea' id='block_1_29' title="bbox 2250 1515 3770 1587">
    <p class='ocr_par' dir='ltr' id='par_1_29' title="bbox 2250 1515 3770 1587">
     <span class='ocr_line' id='line_1_29' title="bbox 2250 1515 3770 1587; baseline 0.006 -24"><span class='ocrx_word' id='word_1_194' title='bbox 2250 1529 2352 1583; x_wconf 84' lang='lat' dir='ltr'><strong>quo</strong></span> <span class='ocrx_word' id='word_1_195' title='bbox 2381 1515 2717 1587; x_wconf 72' lang='lat' dir='ltr'><strong>potionantur</strong></span> <span class='ocrx_word' id='word_1_196' title='bbox 2749 1532 2924 1587; x_wconf 81' lang='lat' dir='ltr'><strong>omnes</strong></span> <span class='ocrx_word' id='word_1_197' title='bbox 2968 1527 3141 1585; x_wconf 82' lang='lat' dir='ltr'><strong>gentes</strong></span> <span class='ocrx_word' id='word_1_198' title='bbox 3173 1531 3191 1566; x_wconf 68' lang='grc' dir='ltr'><strong><em>ε</em></strong></span> <span class='ocrx_word' id='word_1_199' title='bbox 3234 1528 3486 1570; x_wconf 78' lang='lat' dir='ltr'><strong>vocantur</strong></span> <span class='ocrx_word' id='word_1_200' title='bbox 3527 1528 3770 1587; x_wconf 74' lang='lat' dir='ltr'><strong>pastores</strong></span> 
     </span>
    </p>
   </div>
   <div class='ocr_carea' id='block_1_30' title="bbox 2253 1583 3011 1653">
    <p class='ocr_par' dir='ltr' id='par_1_30' title="bbox 2253 1583 3011 1653">
     <span class='ocr_line' id='line_1_30' title="bbox 2253 1583 3011 1653; baseline 0.001 -17"><span class='ocrx_word' id='word_1_201' title='bbox 2253 1593 2301 1636; x_wconf 85' lang='lat' dir='ltr'><strong>et</strong></span> <span class='ocrx_word' id='word_1_202' title='bbox 2329 1584 2598 1652; x_wconf 79' lang='lat' dir='ltr'><strong>optimates</strong></span> <span class='ocrx_word' id='word_1_203' title='bbox 2629 1583 2698 1636; x_wconf 87' lang='lat' dir='ltr'><strong>ad</strong></span> <span class='ocrx_word' id='word_1_204' title='bbox 2725 1583 3011 1653; x_wconf 72' lang='lat' dir='ltr'><strong>planctum.</strong></span> 
     </span>
    </p>
   </div>
   <div class='ocr_carea' id='block_1_31' title="bbox 2261 1691 3770 1762">
    <p class='ocr_par' dir='ltr' id='par_1_31' title="bbox 2261 1691 3770 1762">
     <span class='ocr_line' id='line_1_31' title="bbox 2261 1691 3770 1762; baseline 0.007 -21"><span class='ocrx_word' id='word_1_205' title='bbox 2261 1709 2278 1741; x_wconf 79' lang='grc' dir='ltr'><strong>ι</strong></span> <span class='ocrx_word' id='word_1_206' title='bbox 2327 1691 2558 1746; x_wconf 75' lang='lat' dir='ltr'><strong>Verbum</strong></span> <span class='ocrx_word' id='word_1_207' title='bbox 2589 1695 2732 1762; x_wconf 89' lang='lat' dir='ltr'><strong>quod</strong></span> <span class='ocrx_word' id='word_1_208' title='bbox 2759 1693 2956 1748; x_wconf 88' lang='lat' dir='ltr'><strong>factum</strong></span> <span class='ocrx_word' id='word_1_209' title='bbox 2985 1705 3068 1749; x_wconf 89' lang='lat' dir='ltr'><strong>est</strong></span> <span class='ocrx_word' id='word_1_210' title='bbox 3099 1698 3166 1749; x_wconf 86' lang='lat' dir='ltr'><strong>ad</strong></span> <span class='ocrx_word' id='word_1_211' title='bbox 3195 1694 3486 1751; x_wconf 88' lang='lat' dir='ltr'><strong>Jcremiam</strong></span> <span class='ocrx_word' id='word_1_212' title='bbox 3524 1699 3588 1752; x_wconf 89' lang='lat' dir='ltr'><strong>de</strong></span> <span class='ocrx_word' id='word_1_213' title='bbox 3613 1699 3770 1753; x_wconf 85' lang='lat' dir='ltr'><strong>omni</strong></span> 
     </span>
    </p>
   </div>
   <div class='ocr_carea' id='block_1_32' title="bbox 2191 1781 3773 1858">
    <p class='ocr_par' dir='ltr' id='par_1_32' title="bbox 2191 1781 3773 1858">
     <span class='ocr_line' id='line_1_32' title="bbox 2191 1781 3773 1858; baseline 0.007 -25"><span class='ocrx_word' id='word_1_214' title='bbox 2191 1802 2209 1833; x_wconf 73' lang='grc' dir='ltr'><strong>ι</strong></span> <span class='ocrx_word' id='word_1_215' title='bbox 2255 1784 2448 1853; x_wconf 91' lang='lat' dir='ltr'><strong>populo</strong></span> <span class='ocrx_word' id='word_1_216' title='bbox 2472 1781 2607 1838; x_wconf 78' lang='lat' dir='ltr'><strong>Juda</strong></span> <span class='ocrx_word' id='word_1_217' title='bbox 2633 1785 2768 1856; x_wconf 79' lang='lat' dir='ltr'><strong>(sive</strong></span> <span class='ocrx_word' id='word_1_218' title='bbox 2797 1801 2956 1856; x_wconf 88' lang='lat' dir='ltr'><strong>super</strong></span> <span class='ocrx_word' id='word_1_219' title='bbox 2981 1801 3196 1841; x_wconf 87' lang='lat' dir='ltr'><strong>omnem</strong></span> <span class='ocrx_word' id='word_1_220' title='bbox 3222 1788 3476 1858; x_wconf 89' lang='lat' dir='ltr'><strong>p0pulum</strong></span> <span class='ocrx_word' id='word_1_221' title='bbox 3503 1788 3691 1856; x_wconf 85' lang='lat' dir='ltr'><strong>Juda),</strong></span> <span class='ocrx_word' id='word_1_222' title='bbox 3718 1791 3773 1844; x_wconf 86' lang='lat' dir='ltr'><strong>in</strong></span> 
     </span>
    </p>
   </div>
   <div class='ocr_carea' id='block_1_33' title="bbox 514 1863 3772 1954">
    <p class='ocr_par' dir='ltr' id='par_1_33' title="bbox 514 1863 3772 1954">
     <span class='ocr_line' id='line_1_33' title="bbox 514 1863 3772 1954; baseline 0.004 -32"><span class='ocrx_word' id='word_1_223' title='bbox 514 1890 569 1936; x_wconf 64' lang='grc' dir='ltr'><strong>ει</strong></span> <span class='ocrx_word' id='word_1_224' title='bbox 609 1883 818 1936; x_wconf 43' lang='lat' dir='ltr'><strong>cam-is</strong></span> <span class='ocrx_word' id='word_1_225' title='bbox 856 1884 1055 1937; x_wconf 56' lang='lat' dir='ltr'><strong>sanctis</strong></span> <span class='ocrx_word' id='word_1_226' title='bbox 1099 1884 1229 1938; x_wconf 56' lang='lat' dir='ltr'><strong>viris</strong></span> <span class='ocrx_word' id='word_1_227' title='bbox 1254 1925 1268 1950; x_wconf 65' lang='grc'>,</span> <span class='ocrx_word' id='word_1_228' title='bbox 1314 1885 1380 1939; x_wconf 70' lang='lat' dir='ltr'><strong>de</strong></span> <span class='ocrx_word' id='word_1_229' title='bbox 1423 1863 1616 1954; x_wconf 45' lang='lat' dir='ltr'><strong>quibus</strong></span> <span class='ocrx_word' id='word_1_230' title='bbox 1658 1901 1796 1940; x_wconf 71' lang='lat' dir='ltr'><strong>unus</strong></span> <span class='ocrx_word' id='word_1_231' title='bbox 1838 1887 1904 1941; x_wconf 73' lang='lat' dir='ltr'><strong>de</strong></span> <span class='ocrx_word' id='word_1_232' title='bbox 1947 1863 2080 1942; x_wconf 53' lang='lat' dir='ltr'><strong>duo;</strong></span> <span class='ocrx_word' id='word_1_233' title='bbox 2109 1863 2156 1923; x_wconf 86' lang='lat' dir='ltr'><strong>B</strong></span> <span class='ocrx_word' id='word_1_234' title='bbox 2191 1893 2207 1923; x_wconf 78' lang='grc' dir='ltr'><strong>ι</strong></span> <span class='ocrx_word' id='word_1_235' title='bbox 2253 1890 2394 1928; x_wconf 91' lang='lat' dir='ltr'><strong>anno</strong></span> <span class='ocrx_word' id='word_1_236' title='bbox 2420 1884 2613 1944; x_wconf 86' lang='lat' dir='ltr'><strong>quarto</strong></span> <span class='ocrx_word' id='word_1_237' title='bbox 2661 1875 2865 1931; x_wconf 82' lang='lat' dir='ltr'><strong>Joacim</strong></span> <span class='ocrx_word' id='word_1_238' title='bbox 2907 1877 2999 1930; x_wconf 92' lang='lat' dir='ltr'><strong>ﬁlii</strong></span> <span class='ocrx_word' id='word_1_239' title='bbox 3029 1876 3187 1932; x_wconf 68' lang='lat' dir='ltr'><strong>Josim</strong></span> <span class='ocrx_word' id='word_1_240' title='bbox 3213 1879 3354 1948; x_wconf 86' lang='lat' dir='ltr'><strong>regis</strong></span> <span class='ocrx_word' id='word_1_241' title='bbox 3374 1878 3531 1934; x_wconf 85' lang='lat' dir='ltr'><strong>Juda.</strong></span> <span class='ocrx_word' id='word_1_242' title='bbox 3565 1880 3772 1948; x_wconf 73' lang='grc' dir='ltr'><strong>»(11ἰε-</strong></span> 
     </span>
    </p>
   </div>
   <div class='ocr_carea' id='block_1_34' title="bbox 515 1975 2085 2045">
    <p class='ocr_par' dir='ltr' id='par_1_34' title="bbox 515 1975 2085 2045">
     <span class='ocr_line' id='line_1_34' title="bbox 515 1975 2085 2045; baseline 0.005 -17"><span class='ocrx_word' id='word_1_243' title='bbox 515 1975 687 2028; x_wconf 90' lang='lat' dir='ltr'><strong>decim</strong></span> <span class='ocrx_word' id='word_1_244' title='bbox 709 1975 943 2044; x_wconf 89' lang='lat' dir='ltr'><strong>loquitur</strong></span> <span class='ocrx_word' id='word_1_245' title='bbox 963 1977 1372 2045; x_wconf 86' lang='lat' dir='ltr'><strong>prophetarum:</strong></span> <span class='ocrx_word' id='word_1_246' title='bbox 1400 1996 1418 2028; x_wconf 83' lang='grc'>‹</span> <span class='ocrx_word' id='word_1_247' title='bbox 1442 1977 1592 2032; x_wconf 90' lang='lat' dir='ltr'><strong>Sicut</strong></span> <span class='ocrx_word' id='word_1_248' title='bbox 1617 1994 1772 2032; x_wconf 90' lang='lat' dir='ltr'><strong>uvam</strong></span> <span class='ocrx_word' id='word_1_249' title='bbox 1795 1979 1849 2033; x_wconf 92' lang='lat' dir='ltr'><strong>in</strong></span> <span class='ocrx_word' id='word_1_250' title='bbox 1871 1981 2085 2036; x_wconf 86' lang='lat' dir='ltr'><strong>deserto</strong></span> 
     </span>
    </p>
   </div>
   <div class='ocr_carea' id='block_1_35' title="bbox 514 2064 2086 2138">
    <p class='ocr_par' dir='ltr' id='par_1_35' title="bbox 514 2064 2086 2138">
     <span class='ocr_line' id='line_1_35' title="bbox 514 2064 2086 2138; baseline 0.004 -20"><span class='ocrx_word' id='word_1_251' title='bbox 514 2064 690 2120; x_wconf 86' lang='lat' dir='ltr'><strong>iuveni</strong></span> <span class='ocrx_word' id='word_1_252' title='bbox 724 2065 912 2129; x_wconf 87' lang='lat' dir='ltr'><strong>Israel,</strong></span> <span class='ocrx_word' id='word_1_253' title='bbox 953 2075 1008 2120; x_wconf 87' lang='lat' dir='ltr'><strong>et</strong></span> <span class='ocrx_word' id='word_1_254' title='bbox 1042 2067 1182 2122; x_wconf 89' lang='lat' dir='ltr'><strong>sicut</strong></span> <span class='ocrx_word' id='word_1_255' title='bbox 1207 2070 1340 2123; x_wconf 89' lang='lat' dir='ltr'><strong>ﬁcus</strong></span> <span class='ocrx_word' id='word_1_256' title='bbox 1363 2068 1415 2122; x_wconf 89' lang='lat' dir='ltr'><strong>in</strong></span> <span class='ocrx_word' id='word_1_257' title='bbox 1443 2067 1668 2123; x_wconf 89' lang='lat' dir='ltr'><strong>ﬁculnea</strong></span> <span class='ocrx_word' id='word_1_258' title='bbox 1697 2069 1875 2123; x_wconf 89' lang='lat' dir='ltr'><strong>iuveni</strong></span> <span class='ocrx_word' id='word_1_259' title='bbox 1905 2077 2086 2138; x_wconf 83' lang='lat' dir='ltr'><strong>patres</strong></span> 
     </span>
    </p>
   </div>
   <div class='ocr_carea' id='block_1_36' title="bbox 514 2155 2086 2228">
    <p class='ocr_par' dir='ltr' id='par_1_36' title="bbox 514 2155 2086 2228">
     <span class='ocr_line' id='line_1_36' title="bbox 514 2155 2086 2228; baseline 0.003 -18"><span class='ocrx_word' id='word_1_260' title='bbox 514 2171 700 2210; x_wconf 89' lang='lat' dir='ltr'><strong>eorum</strong></span> <span class='ocrx_word' id='word_1_261' title='bbox 718 2155 862 2227; x_wconf 67' lang='lat' dir='ltr'><strong>(Ore.</strong></span> <span class='ocrx_word' id='word_1_262' title='bbox 879 2157 979 2226; x_wconf 79' lang='lat' dir='ltr'><strong>Ix).</strong></span> <span class='ocrx_word' id='word_1_263' title='bbox 1003 2176 1020 2206; x_wconf 74' lang='grc' dir='ltr'><strong>ι</strong></span> <span class='ocrx_word' id='word_1_264' title='bbox 1068 2156 1216 2212; x_wconf 89' lang='lat' dir='ltr'><strong>Unde</strong></span> <span class='ocrx_word' id='word_1_265' title='bbox 1237 2166 1292 2211; x_wconf 91' lang='lat' dir='ltr'><strong>et</strong></span> <span class='ocrx_word' id='word_1_266' title='bbox 1318 2173 1416 2213; x_wconf 85' lang='lat' dir='ltr'><strong>nos</strong></span> <span class='ocrx_word' id='word_1_267' title='bbox 1441 2158 1773 2228; x_wconf 87' lang='lat' dir='ltr'><strong>appellamur</strong></span> <span class='ocrx_word' id='word_1_268' title='bbox 1797 2157 1891 2213; x_wconf 87' lang='lat' dir='ltr'><strong>lilii</strong></span> <span class='ocrx_word' id='word_1_269' title='bbox 1913 2159 2086 2215; x_wconf 87' lang='lat' dir='ltr'><strong>Abra—</strong></span> 
     </span>
    </p>
   </div>
   <div class='ocr_carea' id='block_1_37' title="bbox 513 2242 2086 2317">
    <p class='ocr_par' dir='ltr' id='par_1_37' title="bbox 513 2242 2086 2317">
     <span class='ocr_line' id='line_1_37' title="bbox 513 2242 2086 2317; baseline 0.004 -21"><span class='ocrx_word' id='word_1_270' title='bbox 513 2242 660 2296; x_wconf 84' lang='lat' dir='ltr'><strong>ham.</strong></span> <span class='ocrx_word' id='word_1_271' title='bbox 688 2243 804 2298; x_wconf 82' lang='lat' dir='ltr'><strong>Ete</strong></span> <span class='ocrx_word' id='word_1_272' title='bbox 843 2245 1118 2298; x_wconf 67' lang='lat' dir='ltr'><strong>contrario</strong></span> <span class='ocrx_word' id='word_1_273' title='bbox 1159 2245 1359 2299; x_wconf 90' lang='lat' dir='ltr'><strong>dicitur</strong></span> <span class='ocrx_word' id='word_1_274' title='bbox 1401 2246 1466 2298; x_wconf 79' lang='lat' dir='ltr'><strong>ad</strong></span> <span class='ocrx_word' id='word_1_275' title='bbox 1506 2243 1759 2300; x_wconf 70' lang='lat' dir='ltr'><strong>Judteos:</strong></span> <span class='ocrx_word' id='word_1_276' title='bbox 1797 2266 1814 2296; x_wconf 75' lang='grc' dir='ltr'><strong>ι</strong></span> <span class='ocrx_word' id='word_1_277' title='bbox 1849 2245 1907 2301; x_wconf 91' lang='lat' dir='ltr'><strong>Si</strong></span> <span class='ocrx_word' id='word_1_278' title='bbox 1933 2257 2086 2317; x_wconf 90' lang='lat' dir='ltr'><strong>pater</strong></span> 
     </span>
    </p>
   </div>
   <div class='ocr_carea' id='block_1_38' title="bbox 513 2333 2082 2408">
    <p class='ocr_par' dir='ltr' id='par_1_38' title="bbox 513 2333 2082 2408">
     <span class='ocr_line' id='line_1_38' title="bbox 513 2333 2082 2408; baseline 0.004 -23"><span class='ocrx_word' id='word_1_279' title='bbox 513 2342 691 2386; x_wconf 77' lang='lat' dir='ltr'><strong>vester</strong></span> <span class='ocrx_word' id='word_1_280' title='bbox 733 2343 876 2388; x_wconf 87' lang='lat' dir='ltr'><strong>esset</strong></span> <span class='ocrx_word' id='word_1_281' title='bbox 913 2333 1204 2398; x_wconf 87' lang='lat' dir='ltr'><strong>Abraham,</strong></span> <span class='ocrx_word' id='word_1_282' title='bbox 1248 2333 1500 2391; x_wconf 81' lang='lat' dir='ltr'><strong>faceretis</strong></span> <span class='ocrx_word' id='word_1_283' title='bbox 1541 2351 1701 2407; x_wconf 81' lang='lat' dir='ltr'><strong>Opera</strong></span> <span class='ocrx_word' id='word_1_284' title='bbox 1743 2338 1859 2407; x_wconf 85' lang='lat' dir='ltr'><strong>ejus</strong></span> <span class='ocrx_word' id='word_1_285' title='bbox 1902 2337 2082 2408; x_wconf 80' lang='lat' dir='ltr'><strong>(Joan.</strong></span> 
     </span>
    </p>
   </div>
   <div class='ocr_carea' id='block_1_39' title="bbox 513 2421 2088 2495">
    <p class='ocr_par' dir='ltr' id='par_1_39' title="bbox 513 2421 2088 2495">
     <span class='ocr_line' id='line_1_39' title="bbox 513 2421 2088 2495; baseline 0.006 -22"><span class='ocrx_word' id='word_1_286' title='bbox 513 2422 654 2492; x_wconf 89' lang='lat' dir='ltr'><strong>vm).</strong></span> <span class='ocrx_word' id='word_1_287' title='bbox 685 2441 703 2472; x_wconf 74' lang='grc' dir='ltr'><strong>ι</strong></span> <span class='ocrx_word' id='word_1_288' title='bbox 753 2421 818 2476; x_wconf 86' lang='lat' dir='ltr'><strong>Hi</strong></span> <span class='ocrx_word' id='word_1_289' title='bbox 861 2431 1039 2477; x_wconf 87' lang='lat' dir='ltr'><strong>autem</strong></span> <span class='ocrx_word' id='word_1_290' title='bbox 1085 2423 1307 2489; x_wconf 84' lang='lat' dir='ltr'><strong>calathi,</strong></span> <span class='ocrx_word' id='word_1_291' title='bbox 1353 2426 1445 2495; x_wconf 90' lang='lat' dir='ltr'><strong>qui</strong></span> <span class='ocrx_word' id='word_1_292' title='bbox 1489 2427 1658 2481; x_wconf 88' lang='lat' dir='ltr'><strong>bonas</strong></span> <span class='ocrx_word' id='word_1_293' title='bbox 1701 2427 1986 2494; x_wconf 87' lang='lat' dir='ltr'><strong>habebant,</strong></span> <span class='ocrx_word' id='word_1_294' title='bbox 2033 2436 2088 2484; x_wconf 90' lang='lat' dir='ltr'><strong>et</strong></span> 
     </span>
    </p>
   </div>
   <div class='ocr_carea' id='block_1_40' title="bbox 514 2513 2085 2585">
    <p class='ocr_par' dir='ltr' id='par_1_40' title="bbox 514 2513 2085 2585">
     <span class='ocr_line' id='line_1_40' title="bbox 514 2513 2085 2585; baseline 0.004 -18"><span class='ocrx_word' id='word_1_295' title='bbox 514 2513 686 2569; x_wconf 87' lang='lat' dir='ltr'><strong>malas</strong></span> <span class='ocrx_word' id='word_1_296' title='bbox 724 2513 894 2580; x_wconf 84' lang='lat' dir='ltr'><strong>ﬁcus,</strong></span> <span class='ocrx_word' id='word_1_297' title='bbox 951 2530 1057 2569; x_wconf 94' lang='lat' dir='ltr'><strong>non</strong></span> <span class='ocrx_word' id='word_1_298' title='bbox 1100 2525 1256 2570; x_wconf 88' lang='lat' dir='ltr'><strong>erant</strong></span> <span class='ocrx_word' id='word_1_299' title='bbox 1299 2515 1430 2572; x_wconf 91' lang='lat' dir='ltr'><strong>foris</strong></span> <span class='ocrx_word' id='word_1_300' title='bbox 1472 2524 1529 2572; x_wconf 90' lang='lat' dir='ltr'><strong>et</strong></span> <span class='ocrx_word' id='word_1_301' title='bbox 1565 2526 1718 2572; x_wconf 78' lang='lat' dir='ltr'><strong>extra</strong></span> <span class='ocrx_word' id='word_1_302' title='bbox 1757 2518 2040 2573; x_wconf 87' lang='lat' dir='ltr'><strong>ecclesiam</strong></span> <span class='ocrx_word' id='word_1_303' title='bbox 2070 2559 2085 2585; x_wconf 95' lang='lat'><strong>,</strong></span> 
     </span>
    </p>
   </div>
   <div class='ocr_carea' id='block_1_41' title="bbox 515 2603 2089 2677">
    <p class='ocr_par' dir='ltr' id='par_1_41' title="bbox 515 2603 2089 2677">
     <span class='ocr_line' id='line_1_41' title="bbox 515 2603 2089 2677; baseline 0.005 -21"><span class='ocrx_word' id='word_1_304' title='bbox 515 2603 610 2657; x_wconf 89' lang='lat' dir='ltr'><strong>sed</strong></span> <span class='ocrx_word' id='word_1_305' title='bbox 653 2611 780 2658; x_wconf 89' lang='lat' dir='ltr'><strong>ante</strong></span> <span class='ocrx_word' id='word_1_306' title='bbox 818 2604 1073 2674; x_wconf 89' lang='lat' dir='ltr'><strong>templum</strong></span> <span class='ocrx_word' id='word_1_307' title='bbox 1121 2606 1365 2672; x_wconf 88' lang='lat' dir='ltr'><strong>Domini,</strong></span> <span class='ocrx_word' id='word_1_308' title='bbox 1411 2621 1477 2662; x_wconf 88' lang='lat' dir='ltr'><strong>eo</strong></span> <span class='ocrx_word' id='word_1_309' title='bbox 1521 2608 1663 2677; x_wconf 90' lang='lat' dir='ltr'><strong>quod</strong></span> <span class='ocrx_word' id='word_1_310' title='bbox 1707 2617 1900 2662; x_wconf 88' lang='lat' dir='ltr'><strong>cuncta</strong></span> <span class='ocrx_word' id='word_1_311' title='bbox 1946 2609 2089 2664; x_wconf 90' lang='lat' dir='ltr'><strong>illius</strong></span> 
     </span>
    </p>
   </div>
   <div class='ocr_carea' id='block_1_42' title="bbox 514 2691 2086 2761">
    <p class='ocr_par' dir='ltr' id='par_1_42' title="bbox 514 2691 2086 2761">
     <span class='ocr_line' id='line_1_42' title="bbox 514 2691 2086 2761; baseline 0.006 -17"><span class='ocrx_word' id='word_1_312' title='bbox 514 2691 756 2746; x_wconf 66' lang='lat' dir='ltr'><strong>scientiae</strong></span> <span class='ocrx_word' id='word_1_313' title='bbox 781 2701 1015 2761; x_wconf 87' lang='lat' dir='ltr'><strong>pateant.</strong></span> <span class='ocrx_word' id='word_1_314' title='bbox 1067 2693 1176 2750; x_wconf 88' lang='lat' dir='ltr'><strong>Nec</strong></span> <span class='ocrx_word' id='word_1_315' title='bbox 1215 2703 1418 2750; x_wconf 89' lang='lat' dir='ltr'><strong>tantam</strong></span> <span class='ocrx_word' id='word_1_316' title='bbox 1450 2697 1647 2751; x_wconf 88' lang='lat' dir='ltr'><strong>habent</strong></span> <span class='ocrx_word' id='word_1_317' title='bbox 1674 2697 2086 2752; x_wconf 87' lang='lat' dir='ltr'><strong>amaritudinem</strong></span> 
     </span>
    </p>
   </div>
   <div class='ocr_carea' id='block_1_43' title="bbox 518 2783 2091 2860">
    <p class='ocr_par' dir='ltr' id='par_1_43' title="bbox 518 2783 2091 2860">
     <span class='ocr_line' id='line_1_43' title="bbox 518 2783 2091 2860; baseline 0.005 -22"><span class='ocrx_word' id='word_1_318' title='bbox 518 2784 601 2838; x_wconf 71' lang='lat' dir='ltr'><strong>hae</strong></span> <span class='ocrx_word' id='word_1_319' title='bbox 640 2783 773 2839; x_wconf 90' lang='lat' dir='ltr'><strong>ﬁcus</strong></span> <span class='ocrx_word' id='word_1_320' title='bbox 819 2800 938 2854; x_wconf 66' lang='lat' dir='ltr'><strong>quae</strong></span> <span class='ocrx_word' id='word_1_321' title='bbox 972 2784 1105 2841; x_wconf 87' lang='lat' dir='ltr'><strong>foris</strong></span> <span class='ocrx_word' id='word_1_322' title='bbox 1142 2797 1298 2854; x_wconf 91' lang='lat' dir='ltr'><strong>sunt,</strong></span> <span class='ocrx_word' id='word_1_323' title='bbox 1348 2796 1607 2858; x_wconf 89' lang='lat' dir='ltr'><strong>quantam</strong></span> <span class='ocrx_word' id='word_1_324' title='bbox 1649 2789 1752 2844; x_wconf 76' lang='lat' dir='ltr'><strong>ilhc</strong></span> <span class='ocrx_word' id='word_1_325' title='bbox 1803 2805 1923 2860; x_wconf 65' lang='lat' dir='ltr'><strong>quae</strong></span> <span class='ocrx_word' id='word_1_326' title='bbox 1968 2800 2091 2859; x_wconf 88' lang='lat' dir='ltr'><strong>post</strong></span> 
     </span>
    </p>
   </div>
   <div class='ocr_carea' id='block_1_44' title="bbox 515 2872 2092 2947">
    <p class='ocr_par' dir='ltr' id='par_1_44' title="bbox 515 2872 2092 2947">
     <span class='ocr_line' id='line_1_44' title="bbox 515 2872 2092 2947; baseline 0.004 -19"><span class='ocrx_word' id='word_1_327' title='bbox 515 2872 907 2930; x_wconf 79' lang='lat' dir='ltr'><strong>confessionem</strong></span> <span class='ocrx_word' id='word_1_328' title='bbox 937 2873 1056 2931; x_wconf 91' lang='lat' dir='ltr'><strong>ﬁdei</strong></span> <span class='ocrx_word' id='word_1_329' title='bbox 1081 2877 1525 2947; x_wconf 59' lang='lat' dir='ltr'><strong>praevaricatione</strong></span> <span class='ocrx_word' id='word_1_330' title='bbox 1557 2887 1774 2934; x_wconf 70' lang='lat' dir='ltr'><strong>mutatae</strong></span> <span class='ocrx_word' id='word_1_331' title='bbox 1799 2888 1924 2935; x_wconf 92' lang='lat' dir='ltr'><strong>sunt</strong></span> <span class='ocrx_word' id='word_1_332' title='bbox 1949 2899 1962 2934; x_wconf 86' lang='lat'><strong>:</strong></span> <span class='ocrx_word' id='word_1_333' title='bbox 1990 2895 2092 2936; x_wconf 90' lang='lat' dir='ltr'><strong>nec</strong></span> 
     </span>
    </p>
   </div>
   <div class='ocr_carea' id='block_1_45' title="bbox 518 2965 2090 3038">
    <p class='ocr_par' dir='ltr' id='par_1_45' title="bbox 518 2965 2090 3038">
     <span class='ocr_line' id='line_1_45' title="bbox 518 2965 2090 3038; baseline 0.004 -20"><span class='ocrx_word' id='word_1_334' title='bbox 518 2972 725 3018; x_wconf 84' lang='lat' dir='ltr'><strong>tantam</strong></span> <span class='ocrx_word' id='word_1_335' title='bbox 765 2965 1084 3021; x_wconf 88' lang='lat' dir='ltr'><strong>suavitatem</strong></span> <span class='ocrx_word' id='word_1_336' title='bbox 1154 2968 1310 3022; x_wconf 81' lang='lat' dir='ltr'><strong>bonae</strong></span> <span class='ocrx_word' id='word_1_337' title='bbox 1371 2968 1504 3024; x_wconf 87' lang='lat' dir='ltr'><strong>licus</strong></span> <span class='ocrx_word' id='word_1_338' title='bbox 1549 2984 1668 3038; x_wconf 85' lang='lat' dir='ltr'><strong>quae</strong></span> <span class='ocrx_word' id='word_1_339' title='bbox 1703 2984 1820 3024; x_wconf 80' lang='lat' dir='ltr'><strong>non</strong></span> <span class='ocrx_word' id='word_1_340' title='bbox 1867 2978 1992 3025; x_wconf 90' lang='lat' dir='ltr'><strong>sunt</strong></span> <span class='ocrx_word' id='word_1_341' title='bbox 2036 2971 2090 3026; x_wconf 91' lang='lat' dir='ltr'><strong>in</strong></span> 
     </span>
    </p>
   </div>
   <div class='ocr_carea' id='block_1_46' title="bbox 518 3055 2093 3130">
    <p class='ocr_par' dir='ltr' id='par_1_46' title="bbox 518 3055 2093 3130">
     <span class='ocr_line' id='line_1_46' title="bbox 518 3055 2093 3130; baseline 0.003 -20"><span class='ocrx_word' id='word_1_342' title='bbox 518 3063 806 3124; x_wconf 85' lang='lat' dir='ltr'><strong>conspectu</strong></span> <span class='ocrx_word' id='word_1_343' title='bbox 851 3055 1033 3125; x_wconf 89' lang='lat' dir='ltr'><strong>templi</strong></span> <span class='ocrx_word' id='word_1_344' title='bbox 1075 3057 1189 3123; x_wconf 89' lang='lat' dir='ltr'><strong>Dei,</strong></span> <span class='ocrx_word' id='word_1_345' title='bbox 1226 3058 1414 3128; x_wconf 88' lang='lat' dir='ltr'><strong>quales</strong></span> <span class='ocrx_word' id='word_1_346' title='bbox 1446 3057 1663 3114; x_wconf 91' lang='lat' dir='ltr'><strong>fuerunt</strong></span> <span class='ocrx_word' id='word_1_347' title='bbox 1700 3057 1884 3113; x_wconf 89' lang='lat' dir='ltr'><strong>mundi</strong></span> <span class='ocrx_word' id='word_1_348' title='bbox 1919 3059 2093 3130; x_wconf 87' lang='lat' dir='ltr'><strong>philo—</strong></span> 
     </span>
    </p>
   </div>
   <div class='ocr_carea' id='block_1_47' title="bbox 521 3145 2092 3222">
    <p class='ocr_par' dir='ltr' id='par_1_47' title="bbox 521 3145 2092 3222">
     <span class='ocr_line' id='line_1_47' title="bbox 521 3145 2092 3222; baseline 0.006 -23"><span class='ocrx_word' id='word_1_349' title='bbox 521 3145 715 3214; x_wconf 86' lang='lat' dir='ltr'><strong>sophi,</strong></span> <span class='ocrx_word' id='word_1_350' title='bbox 773 3146 865 3214; x_wconf 92' lang='lat' dir='ltr'><strong>qui</strong></span> <span class='ocrx_word' id='word_1_351' title='bbox 927 3148 1158 3201; x_wconf 88' lang='lat' dir='ltr'><strong>naturali</strong></span> <span class='ocrx_word' id='word_1_352' title='bbox 1197 3149 1339 3204; x_wconf 91' lang='lat' dir='ltr'><strong>bono</strong></span> <span class='ocrx_word' id='word_1_353' title='bbox 1381 3158 1438 3204; x_wconf 90' lang='lat' dir='ltr'><strong>et</strong></span> <span class='ocrx_word' id='word_1_354' title='bbox 1485 3151 1840 3222; x_wconf 83' lang='lat' dir='ltr'><strong>intelligentia</strong></span> <span class='ocrx_word' id='word_1_355' title='bbox 1881 3161 2092 3208; x_wconf 90' lang='lat' dir='ltr'><strong>creato-</strong></span> 
     </span>
    </p>
   </div>
   <div class='ocr_carea' id='block_1_48' title="bbox 521 3236 2090 3309">
    <p class='ocr_par' dir='ltr' id='par_1_48' title="bbox 521 3236 2090 3309">
     <span class='ocr_line' id='line_1_48' title="bbox 521 3236 2090 3309; baseline 0.006 -19"><span class='ocrx_word' id='word_1_356' title='bbox 521 3236 618 3302; x_wconf 88' lang='lat' dir='ltr'><strong>ris,</strong></span> <span class='ocrx_word' id='word_1_357' title='bbox 645 3252 753 3292; x_wconf 93' lang='lat' dir='ltr'><strong>non</strong></span> <span class='ocrx_word' id='word_1_358' title='bbox 782 3245 889 3292; x_wconf 89' lang='lat' dir='ltr'><strong>tam</strong></span> <span class='ocrx_word' id='word_1_359' title='bbox 915 3237 1066 3306; x_wconf 88' lang='lat' dir='ltr'><strong>sequi</strong></span> <span class='ocrx_word' id='word_1_360' title='bbox 1092 3239 1193 3292; x_wconf 88' lang='lat' dir='ltr'><strong>visi</strong></span> <span class='ocrx_word' id='word_1_361' title='bbox 1218 3248 1365 3304; x_wconf 90' lang='lat' dir='ltr'><strong>sunt,</strong></span> <span class='ocrx_word' id='word_1_362' title='bbox 1393 3256 1554 3309; x_wconf 91' lang='lat' dir='ltr'><strong>quam</strong></span> <span class='ocrx_word' id='word_1_363' title='bbox 1595 3241 1816 3296; x_wconf 88' lang='lat' dir='ltr'><strong>laudare</strong></span> <span class='ocrx_word' id='word_1_364' title='bbox 1841 3242 2090 3299; x_wconf 89' lang='lat' dir='ltr'><strong>virtutes.</strong></span> 
     </span>
    </p>
   </div>
   <div class='ocr_carea' id='block_1_49' title="bbox 520 3324 2094 3397">
    <p class='ocr_par' dir='ltr' id='par_1_49' title="bbox 520 3324 2094 3397">
     <span class='ocr_line' id='line_1_49' title="bbox 520 3324 2094 3397; baseline 0.004 -19"><span class='ocrx_word' id='word_1_365' title='bbox 520 3324 786 3390; x_wconf 77' lang='lat' dir='ltr'><strong>Quantam</strong></span> <span class='ocrx_word' id='word_1_366' title='bbox 827 3326 1026 3379; x_wconf 88' lang='lat' dir='ltr'><strong>habent</strong></span> <span class='ocrx_word' id='word_1_367' title='bbox 1058 3327 1376 3381; x_wconf 86' lang='lat' dir='ltr'><strong>suavitatem</strong></span> <span class='ocrx_word' id='word_1_368' title='bbox 1405 3327 1558 3392; x_wconf 88' lang='lat' dir='ltr'><strong>ﬁcus,</strong></span> <span class='ocrx_word' id='word_1_369' title='bbox 1586 3343 1705 3397; x_wconf 72' lang='lat' dir='ltr'><strong>qua:</strong></span> <span class='ocrx_word' id='word_1_370' title='bbox 1727 3336 1853 3382; x_wconf 90' lang='lat' dir='ltr'><strong>sunt</strong></span> <span class='ocrx_word' id='word_1_371' title='bbox 1879 3330 1931 3383; x_wconf 93' lang='lat' dir='ltr'><strong>in</strong></span> <span class='ocrx_word' id='word_1_372' title='bbox 1961 3339 2094 3384; x_wconf 85' lang='lat' dir='ltr'><strong>tem-</strong></span> 
     </span>
    </p>
   </div>
   <div class='ocr_carea' id='block_1_50' title="bbox 523 3413 2095 3486">
    <p class='ocr_par' dir='ltr' id='par_1_50' title="bbox 523 3413 2095 3486">
     <span class='ocr_line' id='line_1_50' title="bbox 523 3413 2095 3486; baseline 0.005 -21"><span class='ocrx_word' id='word_1_373' title='bbox 523 3413 612 3482; x_wconf 92' lang='lat' dir='ltr'><strong>plo</strong></span> <span class='ocrx_word' id='word_1_374' title='bbox 654 3413 768 3477; x_wconf 89' lang='lat' dir='ltr'><strong>Dei,</strong></span> <span class='ocrx_word' id='word_1_375' title='bbox 800 3427 1030 3483; x_wconf 89' lang='lat' dir='ltr'><strong>quarum</strong></span> <span class='ocrx_word' id='word_1_376' title='bbox 1074 3413 1292 3468; x_wconf 86' lang='lat' dir='ltr'><strong>fuerunt</strong></span> <span class='ocrx_word' id='word_1_377' title='bbox 1316 3416 1592 3485; x_wconf 64' lang='lat' dir='ltr'><strong>propheta:</strong></span> <span class='ocrx_word' id='word_1_378' title='bbox 1629 3425 1684 3470; x_wconf 91' lang='lat' dir='ltr'><strong>et</strong></span> <span class='ocrx_word' id='word_1_379' title='bbox 1725 3416 1972 3486; x_wconf 89' lang='lat' dir='ltr'><strong>apostoli.</strong></span> <span class='ocrx_word' id='word_1_380' title='bbox 2020 3418 2095 3473; x_wconf 89' lang='lat' dir='ltr'><strong>De</strong></span> 
     </span>
    </p>
   </div>
   <div class='ocr_carea' id='block_1_51' title="bbox 523 3502 2093 3573">
    <p class='ocr_par' dir='ltr' id='par_1_51' title="bbox 523 3502 2093 3573">
     <span class='ocr_line' id='line_1_51' title="bbox 523 3502 2093 3573; baseline 0.004 -17"><span class='ocrx_word' id='word_1_381' title='bbox 523 3502 718 3571; x_wconf 86' lang='lat' dir='ltr'><strong>quibus</strong></span> <span class='ocrx_word' id='word_1_382' title='bbox 751 3518 856 3555; x_wconf 90' lang='lat' dir='ltr'><strong>una</strong></span> <span class='ocrx_word' id='word_1_383' title='bbox 889 3502 1022 3558; x_wconf 89' lang='lat' dir='ltr'><strong>ﬁcus</strong></span> <span class='ocrx_word' id='word_1_384' title='bbox 1063 3502 1416 3573; x_wconf 88' lang='lat' dir='ltr'><strong>loquebatur:</strong></span> <span class='ocrx_word' id='word_1_385' title='bbox 1457 3525 1470 3556; x_wconf 86' lang='grc' dir='ltr'><strong>ι</strong></span> <span class='ocrx_word' id='word_1_386' title='bbox 1504 3505 1613 3561; x_wconf 89' lang='lat' dir='ltr'><strong>Lac</strong></span> <span class='ocrx_word' id='word_1_387' title='bbox 1638 3507 1791 3563; x_wconf 90' lang='lat' dir='ltr'><strong>vobis</strong></span> <span class='ocrx_word' id='word_1_388' title='bbox 1829 3507 1954 3562; x_wconf 83' lang='lat' dir='ltr'><strong>dedi</strong></span> <span class='ocrx_word' id='word_1_389' title='bbox 1986 3522 2093 3562; x_wconf 91' lang='lat' dir='ltr'><strong>non</strong></span> 
     </span>
    </p>
   </div>
   <div class='ocr_carea' id='block_1_52' title="bbox 522 3593 2095 3670">
    <p class='ocr_par' dir='ltr' id='par_1_52' title="bbox 522 3593 2095 3670">
     <span class='ocr_line' id='line_1_52' title="bbox 522 3593 2095 3670; baseline 0.004 -23"><span class='ocrx_word' id='word_1_390' title='bbox 522 3593 752 3647; x_wconf 90' lang='lat' dir='ltr'><strong>solidum</strong></span> <span class='ocrx_word' id='word_1_391' title='bbox 777 3594 956 3648; x_wconf 90' lang='lat' dir='ltr'><strong>cibum</strong></span> <span class='ocrx_word' id='word_1_392' title='bbox 979 3593 1031 3666; x_wconf 87' lang='lat' dir='ltr'><strong>(I</strong></span> <span class='ocrx_word' id='word_1_393' title='bbox 1060 3593 1181 3649; x_wconf 85' lang='lat' dir='ltr'><strong>Cor.</strong></span> <span class='ocrx_word' id='word_1_394' title='bbox 1213 3596 1328 3664; x_wconf 90' lang='grc' dir='ltr'><strong>ιιι);</strong></span> <span class='ocrx_word' id='word_1_395' title='bbox 1377 3617 1394 3647; x_wconf 74' lang='grc' dir='ltr'><strong>ι</strong></span> <span class='ocrx_word' id='word_1_396' title='bbox 1425 3605 1480 3651; x_wconf 89' lang='lat' dir='ltr'><strong>et</strong></span> <span class='ocrx_word' id='word_1_397' title='bbox 1511 3616 1524 3651; x_wconf 90' lang='lat'>:</span> <span class='ocrx_word' id='word_1_398' title='bbox 1558 3615 1576 3648; x_wconf 85' lang='grc'><em>‹</em></span> <span class='ocrx_word' id='word_1_399' title='bbox 1612 3598 1782 3653; x_wconf 87' lang='lat' dir='ltr'><strong>Filioli</strong></span> <span class='ocrx_word' id='word_1_400' title='bbox 1811 3601 1936 3665; x_wconf 89' lang='lat' dir='ltr'><strong>mei,</strong></span> <span class='ocrx_word' id='word_1_401' title='bbox 1962 3615 2095 3670; x_wconf 89' lang='lat' dir='ltr'><strong>quos</strong></span> 
     </span>
    </p>
   </div>
   <div class='ocr_carea' id='block_1_53' title="bbox 523 3684 2096 3754">
    <p class='ocr_par' dir='ltr' id='par_1_53' title="bbox 523 3684 2096 3754">
     <span class='ocr_line' id='line_1_53' title="bbox 523 3684 2096 3754; baseline 0.004 -15"><span class='ocrx_word' id='word_1_402' title='bbox 523 3684 718 3740; x_wconf 88' lang='lat' dir='ltr'><strong>iterum</strong></span> <span class='ocrx_word' id='word_1_403' title='bbox 744 3686 1007 3754; x_wconf 86' lang='lat' dir='ltr'><strong>parturio,</strong></span> <span class='ocrx_word' id='word_1_404' title='bbox 1049 3686 1223 3742; x_wconf 90' lang='lat' dir='ltr'><strong>donec</strong></span> <span class='ocrx_word' id='word_1_405' title='bbox 1261 3686 1505 3743; x_wconf 87' lang='lat' dir='ltr'><strong>Christus</strong></span> <span class='ocrx_word' id='word_1_406' title='bbox 1548 3688 1811 3744; x_wconf 80' lang='lat' dir='ltr'><strong>formetur</strong></span> <span class='ocrx_word' id='word_1_407' title='bbox 1851 3691 1906 3744; x_wconf 89' lang='lat' dir='ltr'><strong>in</strong></span> <span class='ocrx_word' id='word_1_408' title='bbox 1943 3692 2096 3746; x_wconf 87' lang='lat' dir='ltr'><strong>vobis</strong></span> 
     </span>
    </p>
   </div>
   <div class='ocr_carea' id='block_1_54' title="bbox 525 3772 2093 3852">
    <p class='ocr_par' dir='ltr' id='par_1_54' title="bbox 525 3772 2093 3852">
     <span class='ocr_line' id='line_1_54' title="bbox 525 3772 2093 3852; baseline 0.004 -23"><span class='ocrx_word' id='word_1_409' title='bbox 525 3772 669 3844; x_wconf 83' lang='lat' dir='ltr'><strong>(Gal.</strong></span> <span class='ocrx_word' id='word_1_410' title='bbox 698 3775 794 3846; x_wconf 82' lang='lat' dir='ltr'><strong>Iv).</strong></span> <span class='ocrx_word' id='word_1_411' title='bbox 825 3796 844 3828; x_wconf 78' lang='grc' dir='ltr'><strong>ι</strong></span> <span class='ocrx_word' id='word_1_412' title='bbox 898 3775 1054 3832; x_wconf 91' lang='lat' dir='ltr'><strong>Unde</strong></span> <span class='ocrx_word' id='word_1_413' title='bbox 1095 3778 1310 3844; x_wconf 89' lang='lat' dir='ltr'><strong>dicitur,</strong></span> <span class='ocrx_word' id='word_1_414' title='bbox 1337 3780 1481 3848; x_wconf 91' lang='lat' dir='ltr'><strong>quod</strong></span> <span class='ocrx_word' id='word_1_415' title='bbox 1505 3780 1559 3833; x_wconf 91' lang='lat' dir='ltr'><strong>in</strong></span> <span class='ocrx_word' id='word_1_416' title='bbox 1583 3789 1875 3849; x_wconf 91' lang='lat' dir='ltr'><strong>conspectu</strong></span> <span class='ocrx_word' id='word_1_417' title='bbox 1913 3782 2093 3852; x_wconf 92' lang='lat' dir='ltr'><strong>templi</strong></span> 
     </span>
    </p>
   </div>
   <div class='ocr_carea' id='block_1_55' title="bbox 524 3866 2098 3936">
    <p class='ocr_par' dir='ltr' id='par_1_55' title="bbox 524 3866 2098 3936">
     <span class='ocr_line' id='line_1_55' title="bbox 524 3866 2098 3936; baseline 0.003 -16"><span class='ocrx_word' id='word_1_418' title='bbox 524 3866 622 3921; x_wconf 87' lang='lat' dir='ltr'><strong>Dei</strong></span> <span class='ocrx_word' id='word_1_419' title='bbox 659 3866 794 3922; x_wconf 81' lang='lat' dir='ltr'><strong>ﬁcus</strong></span> <span class='ocrx_word' id='word_1_420' title='bbox 835 3867 989 3922; x_wconf 59' lang='lat' dir='ltr'><strong>bona}</strong></span> <span class='ocrx_word' id='word_1_421' title='bbox 1013 3867 1236 3933; x_wconf 86' lang='lat' dir='ltr'><strong>fuerint,</strong></span> <span class='ocrx_word' id='word_1_422' title='bbox 1268 3869 1420 3925; x_wconf 74' lang='lat' dir='ltr'><strong>bona:</strong></span> <span class='ocrx_word' id='word_1_423' title='bbox 1463 3870 1640 3936; x_wconf 87' lang='lat' dir='ltr'><strong>valde,</strong></span> <span class='ocrx_word' id='word_1_424' title='bbox 1681 3879 1738 3924; x_wconf 91' lang='lat' dir='ltr'><strong>et</strong></span> <span class='ocrx_word' id='word_1_425' title='bbox 1774 3871 1907 3925; x_wconf 90' lang='lat' dir='ltr'><strong>ﬁcus</strong></span> <span class='ocrx_word' id='word_1_426' title='bbox 1944 3872 2098 3926; x_wconf 70' lang='lat' dir='ltr'><strong>mala:</strong></span> 
     </span>
    </p>
   </div>
   <div class='ocr_carea' id='block_1_56' title="bbox 522 3957 2094 4030">
    <p class='ocr_par' dir='ltr' id='par_1_56' title="bbox 522 3957 2094 4030">
     <span class='ocr_line' id='line_1_56' title="bbox 522 3957 2094 4030; baseline 0.004 -19"><span class='ocrx_word' id='word_1_427' title='bbox 522 3957 744 4023; x_wconf 87' lang='lat' dir='ltr'><strong>fuerint,</strong></span> <span class='ocrx_word' id='word_1_428' title='bbox 773 3959 925 4014; x_wconf 67' lang='lat' dir='ltr'><strong>malae</strong></span> <span class='ocrx_word' id='word_1_429' title='bbox 949 3959 1123 4016; x_wconf 83' lang='lat' dir='ltr'><strong>valde.</strong></span> <span class='ocrx_word' id='word_1_430' title='bbox 1150 3975 1216 4015; x_wconf 90' lang='lat' dir='ltr'><strong>ac</strong></span> <span class='ocrx_word' id='word_1_431' title='bbox 1240 3976 1308 4016; x_wconf 91' lang='lat' dir='ltr'><strong>ne</strong></span> <span class='ocrx_word' id='word_1_432' title='bbox 1339 3970 1590 4030; x_wconf 88' lang='lat' dir='ltr'><strong>putemur</strong></span> <span class='ocrx_word' id='word_1_433' title='bbox 1614 3972 1854 4018; x_wconf 90' lang='lat' dir='ltr'><strong>nostrum</strong></span> <span class='ocrx_word' id='word_1_434' title='bbox 1878 3979 2094 4019; x_wconf 88' lang='lat' dir='ltr'><strong>sensum</strong></span> 
     </span>
    </p>
   </div>
   <div class='ocr_carea' id='block_1_57' title="bbox 519 4047 2094 4122">
    <p class='ocr_par' dir='ltr' id='par_1_57' title="bbox 519 4047 2094 4122">
     <span class='ocr_line' id='line_1_57' title="bbox 519 4047 2094 4122; baseline 0.003 -20"><span class='ocrx_word' id='word_1_435' title='bbox 519 4062 744 4119; x_wconf 90' lang='lat' dir='ltr'><strong>ponere,</strong></span> <span class='ocrx_word' id='word_1_436' title='bbox 791 4047 908 4118; x_wconf 88' lang='lat' dir='ltr'><strong>ipsa</strong></span> <span class='ocrx_word' id='word_1_437' title='bbox 949 4047 1228 4120; x_wconf 88' lang='lat' dir='ltr'><strong>Scriptura</strong></span> <span class='ocrx_word' id='word_1_438' title='bbox 1267 4065 1326 4106; x_wconf 86' lang='lat' dir='ltr'><strong>se</strong></span> <span class='ocrx_word' id='word_1_439' title='bbox 1367 4052 1591 4120; x_wconf 87' lang='lat' dir='ltr'><strong>pandit:</strong></span> <span class='ocrx_word' id='word_1_440' title='bbox 1625 4071 1644 4103; x_wconf 74' lang='grc' dir='ltr'><strong>ι</strong></span> <span class='ocrx_word' id='word_1_441' title='bbox 1679 4052 1863 4116; x_wconf 88' lang='lat' dir='ltr'><strong>Sicut,</strong></span> <span class='ocrx_word' id='word_1_442' title='bbox 1891 4053 2094 4122; x_wconf 85' lang='lat' dir='ltr'><strong>inquit,</strong></span> 
     </span>
    </p>
   </div>
   <div class='ocr_carea' id='block_1_58' title="bbox 523 4139 2096 4215">
    <p class='ocr_par' dir='ltr' id='par_1_58' title="bbox 523 4139 2096 4215">
     <span class='ocr_line' id='line_1_58' title="bbox 523 4139 2096 4215; baseline 0.004 -23"><span class='ocrx_word' id='word_1_443' title='bbox 523 4139 659 4194; x_wconf 86' lang='lat' dir='ltr'><strong>ﬁcus</strong></span> <span class='ocrx_word' id='word_1_444' title='bbox 703 4141 787 4195; x_wconf 64' lang='lat' dir='ltr'><strong>hae</strong></span> <span class='ocrx_word' id='word_1_445' title='bbox 831 4142 1020 4206; x_wconf 67' lang='lat' dir='ltr'><strong>bonae,</strong></span> <span class='ocrx_word' id='word_1_446' title='bbox 1071 4142 1150 4197; x_wconf 82' lang='lat' dir='ltr'><strong>sic</strong></span> <span class='ocrx_word' id='word_1_447' title='bbox 1195 4158 1517 4214; x_wconf 77' lang='lat' dir='ltr'><strong>cognoscam</strong></span> <span class='ocrx_word' id='word_1_448' title='bbox 1565 4146 2096 4215; x_wconf 89' lang='lat' dir='ltr'><strong>transmigrationem</strong></span> 
     </span>
    </p>
   </div>
   <div class='ocr_carea' id='block_1_59' title="bbox 523 4228 2098 4299">
    <p class='ocr_par' dir='ltr' id='par_1_59' title="bbox 523 4228 2098 4299">
     <span class='ocr_line' id='line_1_59' title="bbox 523 4228 2098 4299; baseline 0.004 -16"><span class='ocrx_word' id='word_1_449' title='bbox 523 4228 681 4295; x_wconf 82' lang='lat' dir='ltr'><strong>Juda,</strong></span> <span class='ocrx_word' id='word_1_450' title='bbox 709 4245 871 4299; x_wconf 88' lang='lat' dir='ltr'><strong>quam</strong></span> <span class='ocrx_word' id='word_1_451' title='bbox 908 4232 1072 4290; x_wconf 62' lang='lat' dir='ltr'><strong>emisi,</strong></span> <span class='ocrx_word' id='word_1_452' title='bbox 1097 4233 1164 4287; x_wconf 87' lang='lat' dir='ltr'><strong>de</strong></span> <span class='ocrx_word' id='word_1_453' title='bbox 1198 4232 1316 4289; x_wconf 92' lang='lat' dir='ltr'><strong>loco</strong></span> <span class='ocrx_word' id='word_1_454' title='bbox 1357 4234 1463 4289; x_wconf 90' lang='lat' dir='ltr'><strong>isto</strong></span> <span class='ocrx_word' id='word_1_455' title='bbox 1501 4234 1557 4290; x_wconf 90' lang='lat' dir='ltr'><strong>in</strong></span> <span class='ocrx_word' id='word_1_456' title='bbox 1597 4245 1796 4290; x_wconf 89' lang='lat' dir='ltr'><strong>terram</strong></span> <span class='ocrx_word' id='word_1_457' title='bbox 1824 4233 2098 4290; x_wconf 81' lang='lat' dir='ltr'><strong>Chaldaeo-</strong></span> 
     </span>
    </p>
   </div>
   <div class='ocr_carea' id='block_1_60' title="bbox 526 4321 2096 4398">
    <p class='ocr_par' dir='ltr' id='par_1_60' title="bbox 526 4321 2096 4398">
     <span class='ocr_line' id='line_1_60' title="bbox 526 4321 2096 4398; baseline 0.005 -24"><span class='ocrx_word' id='word_1_458' title='bbox 526 4337 665 4386; x_wconf 86' lang='lat' dir='ltr'><strong>rum,</strong></span> <span class='ocrx_word' id='word_1_459' title='bbox 695 4321 747 4376; x_wconf 92' lang='lat' dir='ltr'><strong>in</strong></span> <span class='ocrx_word' id='word_1_460' title='bbox 783 4323 980 4377; x_wconf 88' lang='lat' dir='ltr'><strong>bonum</strong></span> <span class='ocrx_word' id='word_1_461' title='bbox 1007 4342 1020 4377; x_wconf 92' lang='lat'><strong>:</strong></span> <span class='ocrx_word' id='word_1_462' title='bbox 1056 4342 1075 4376; x_wconf 76' lang='grc' dir='ltr'><strong>ι</strong></span> <span class='ocrx_word' id='word_1_463' title='bbox 1124 4323 1438 4380; x_wconf 82' lang='lat' dir='ltr'><strong>Jechoniam</strong></span> <span class='ocrx_word' id='word_1_464' title='bbox 1471 4336 1526 4381; x_wconf 91' lang='lat' dir='ltr'><strong>et</strong></span> <span class='ocrx_word' id='word_1_465' title='bbox 1559 4328 1828 4398; x_wconf 87' lang='lat' dir='ltr'><strong>principes</strong></span> <span class='ocrx_word' id='word_1_466' title='bbox 1853 4330 1944 4398; x_wconf 91' lang='lat' dir='ltr'><strong>qui</strong></span> <span class='ocrx_word' id='word_1_467' title='bbox 1975 4344 2096 4383; x_wconf 91' lang='lat' dir='ltr'><strong>cum</strong></span> 
     </span>
    </p>
   </div>
   <div class='ocr_carea' id='block_1_61' title="bbox 524 4413 2098 4486">
    <p class='ocr_par' dir='ltr' id='par_1_61' title="bbox 524 4413 2098 4486">
     <span class='ocr_line' id='line_1_61' title="bbox 524 4413 2098 4486; baseline 0.003 -20"><span class='ocrx_word' id='word_1_468' title='bbox 524 4426 591 4468; x_wconf 93' lang='lat' dir='ltr'><strong>co</strong></span> <span class='ocrx_word' id='word_1_469' title='bbox 627 4413 767 4482; x_wconf 85' lang='lat' dir='ltr'><strong>capti</strong></span> <span class='ocrx_word' id='word_1_470' title='bbox 806 4423 932 4468; x_wconf 91' lang='lat' dir='ltr'><strong>sunt</strong></span> <span class='ocrx_word' id='word_1_471' title='bbox 968 4415 1296 4486; x_wconf 86' lang='lat' dir='ltr'><strong>signiﬁcans.</strong></span> <span class='ocrx_word' id='word_1_472' title='bbox 1325 4416 1394 4471; x_wconf 86' lang='lat' dir='ltr'><strong>Et</strong></span> <span class='ocrx_word' id='word_1_473' title='bbox 1422 4432 1453 4472; x_wconf 93' lang='lat' dir='ltr'><strong>e</strong></span> <span class='ocrx_word' id='word_1_474' title='bbox 1476 4419 1750 4472; x_wconf 90' lang='lat' dir='ltr'><strong>contrario</strong></span> <span class='ocrx_word' id='word_1_475' title='bbox 1775 4419 1840 4474; x_wconf 90' lang='lat' dir='ltr'><strong>de</strong></span> <span class='ocrx_word' id='word_1_476' title='bbox 1865 4419 2098 4482; x_wconf 83' lang='lat' dir='ltr'><strong>calatho,</strong></span> 
     </span>
    </p>
   </div>
   <div class='ocr_carea' id='block_1_62' title="bbox 525 4502 2099 4577">
    <p class='ocr_par' dir='ltr' id='par_1_62' title="bbox 525 4502 2099 4577">
     <span class='ocr_line' id='line_1_62' title="bbox 525 4502 2099 4577; baseline 0.005 -23"><span class='ocrx_word' id='word_1_477' title='bbox 525 4503 618 4570; x_wconf 76' lang='lat' dir='ltr'><strong>qui</strong></span> <span class='ocrx_word' id='word_1_478' title='bbox 661 4502 830 4558; x_wconf 89' lang='lat' dir='ltr'><strong>malas</strong></span> <span class='ocrx_word' id='word_1_479' title='bbox 873 4504 1105 4560; x_wconf 88' lang='lat' dir='ltr'><strong>habebat</strong></span> <span class='ocrx_word' id='word_1_480' title='bbox 1143 4505 1312 4561; x_wconf 89' lang='lat' dir='ltr'><strong>ﬁcus:</strong></span> <span class='ocrx_word' id='word_1_481' title='bbox 1349 4524 1367 4557; x_wconf 73' lang='grc' dir='ltr'><strong>ι</strong></span> <span class='ocrx_word' id='word_1_482' title='bbox 1401 4516 1455 4562; x_wconf 92' lang='lat' dir='ltr'><strong>et</strong></span> <span class='ocrx_word' id='word_1_483' title='bbox 1493 4506 1652 4571; x_wconf 88' lang='lat' dir='ltr'><strong>sicut,</strong></span> <span class='ocrx_word' id='word_1_484' title='bbox 1679 4507 1776 4573; x_wconf 89' lang='lat' dir='ltr'><strong>ait,</strong></span> <span class='ocrx_word' id='word_1_485' title='bbox 1808 4507 1940 4562; x_wconf 91' lang='lat' dir='ltr'><strong>ﬁcus</strong></span> <span class='ocrx_word' id='word_1_486' title='bbox 1974 4523 2099 4577; x_wconf 85' lang='lat' dir='ltr'><strong>pes-</strong></span> 
     </span>
    </p>
   </div>
   <div class='ocr_carea' id='block_1_63' title="bbox 2189 1961 3771 2036">
    <p class='ocr_par' dir='ltr' id='par_1_63' title="bbox 2189 1961 3771 2036">
     <span class='ocr_line' id='line_1_63' title="bbox 2189 1961 3771 2036; baseline 0.006 -22"><span class='ocrx_word' id='word_1_487' title='bbox 2189 1964 2326 2032; x_wconf 85' lang='lat' dir='ltr'><strong>ron.)</strong></span> <span class='ocrx_word' id='word_1_488' title='bbox 2357 1961 2478 2018; x_wconf 62' lang='lat' dir='ltr'><strong>Haec</strong></span> <span class='ocrx_word' id='word_1_489' title='bbox 2519 1965 2698 2033; x_wconf 89' lang='lat' dir='ltr'><strong>priora</strong></span> <span class='ocrx_word' id='word_1_490' title='bbox 2741 1973 2864 2020; x_wconf 88' lang='lat' dir='ltr'><strong>sunt</strong></span> <span class='ocrx_word' id='word_1_491' title='bbox 2895 1968 3167 2036; x_wconf 63' lang='lat' dir='ltr'><strong>praeterita</strong></span> <span class='ocrx_word' id='word_1_492' title='bbox 3203 1969 3412 2024; x_wconf 87' lang='lat' dir='ltr'><strong>visione</strong></span> <span class='ocrx_word' id='word_1_493' title='bbox 3445 1988 3457 2022; x_wconf 94' lang='lat'>:</span> <span class='ocrx_word' id='word_1_494' title='bbox 3493 1969 3582 2022; x_wconf 82' lang='lat' dir='ltr'><strong>illa</strong></span> <span class='ocrx_word' id='word_1_495' title='bbox 3621 1971 3771 2024; x_wconf 88' lang='lat' dir='ltr'><strong>enim</strong></span> 
     </span>
    </p>
   </div>
   <div class='ocr_carea' id='block_1_64' title="bbox 2186 2054 3777 2128">
    <p class='ocr_par' dir='ltr' id='par_1_64' title="bbox 2186 2054 3777 2128">
     <span class='ocr_line' id='line_1_64' title="bbox 2186 2054 3777 2128; baseline 0.003 -19"><span class='ocrx_word' id='word_1_496' title='bbox 2186 2056 2286 2109; x_wconf 88' lang='lat' dir='ltr'><strong>sub</strong></span> <span class='ocrx_word' id='word_1_497' title='bbox 2315 2054 2577 2110; x_wconf 89' lang='lat' dir='ltr'><strong>Sedechia</strong></span> <span class='ocrx_word' id='word_1_498' title='bbox 2618 2055 2756 2111; x_wconf 84' lang='lat' dir='ltr'><strong>facta</strong></span> <span class='ocrx_word' id='word_1_499' title='bbox 2790 2066 2874 2112; x_wconf 89' lang='lat' dir='ltr'><strong>est</strong></span> <span class='ocrx_word' id='word_1_500' title='bbox 2902 2068 3186 2128; x_wconf 88' lang='lat' dir='ltr'><strong>postquam</strong></span> <span class='ocrx_word' id='word_1_501' title='bbox 3221 2060 3511 2116; x_wconf 80' lang='lat' dir='ltr'><strong>Jec&#39;nonias</strong></span> <span class='ocrx_word' id='word_1_502' title='bbox 3541 2062 3777 2115; x_wconf 79' lang='lat' dir='ltr'><strong>transla—</strong></span> 
     </span>
    </p>
   </div>
   <div class='ocr_carea' id='block_1_65' title="bbox 2191 2144 3778 2216">
    <p class='ocr_par' dir='ltr' id='par_1_65' title="bbox 2191 2144 3778 2216">
     <span class='ocr_line' id='line_1_65' title="bbox 2191 2144 3778 2216; baseline 0.005 -18"><span class='ocrx_word' id='word_1_503' title='bbox 2191 2152 2384 2200; x_wconf 88' lang='lat' dir='ltr'><strong>tus‘est</strong></span> <span class='ocrx_word' id='word_1_504' title='bbox 2417 2144 2771 2216; x_wconf 90' lang='lat' dir='ltr'><strong>Babylonem;</strong></span> <span class='ocrx_word' id='word_1_505' title='bbox 2806 2148 2920 2202; x_wconf 62' lang='lat' dir='ltr'><strong>haec</strong></span> <span class='ocrx_word' id='word_1_506' title='bbox 2945 2157 3124 2203; x_wconf 86' lang='lat' dir='ltr'><strong>autem</strong></span> <span class='ocrx_word' id='word_1_507' title='bbox 3150 2150 3249 2203; x_wconf 85' lang='lat' dir='ltr'><strong>sub</strong></span> <span class='ocrx_word' id='word_1_508' title='bbox 3296 2147 3504 2204; x_wconf 68' lang='lat' dir='ltr'><strong>Joacim</strong></span> <span class='ocrx_word' id='word_1_509' title='bbox 3536 2151 3648 2204; x_wconf 86' lang='lat' dir='ltr'><strong>ﬁlio</strong></span> <span class='ocrx_word' id='word_1_510' title='bbox 3690 2151 3778 2206; x_wconf 82' lang='lat' dir='ltr'><strong>Jo-</strong></span> 
     </span>
    </p>
   </div>
   <div class='ocr_carea' id='block_1_66' title="bbox 2189 2235 3779 2304">
    <p class='ocr_par' dir='ltr' id='par_1_66' title="bbox 2189 2235 3779 2304">
     <span class='ocr_line' id='line_1_66' title="bbox 2189 2235 3779 2304; baseline 0.003 -15"><span class='ocrx_word' id='word_1_511' title='bbox 2189 2236 2282 2289; x_wconf 78' lang='lat' dir='ltr'><strong>siae</strong></span> <span class='ocrx_word' id='word_1_512' title='bbox 2304 2246 2358 2288; x_wconf 89' lang='lat' dir='ltr'><strong>et</strong></span> <span class='ocrx_word' id='word_1_513' title='bbox 2387 2245 2538 2304; x_wconf 91' lang='lat' dir='ltr'><strong>patre</strong></span> <span class='ocrx_word' id='word_1_514' title='bbox 2565 2235 2854 2291; x_wconf 70' lang='lat' dir='ltr'><strong>Jechonice.</strong></span> <span class='ocrx_word' id='word_1_515' title='bbox 2898 2236 3014 2291; x_wconf 87' lang='lat' dir='ltr'><strong>Non</strong></span> <span class='ocrx_word' id='word_1_516' title='bbox 3046 2239 3188 2292; x_wconf 88' lang='lat' dir='ltr'><strong>enim</strong></span> <span class='ocrx_word' id='word_1_517' title='bbox 3217 2255 3361 2292; x_wconf 64' lang='lat' dir='ltr'><strong>cura:</strong></span> <span class='ocrx_word' id='word_1_518' title='bbox 3387 2248 3527 2304; x_wconf 88' lang='lat' dir='ltr'><strong>erat,</strong></span> <span class='ocrx_word' id='word_1_519' title='bbox 3560 2250 3619 2293; x_wconf 92' lang='lat' dir='ltr'><strong>ut</strong></span> <span class='ocrx_word' id='word_1_520' title='bbox 3648 2253 3779 2294; x_wconf 86' lang='lat' dir='ltr'><strong>ante</strong></span> 
     </span>
    </p>
   </div>
   <div class='ocr_carea' id='block_1_67' title="bbox 2181 2329 3778 2401">
    <p class='ocr_par' dir='ltr' id='par_1_67' title="bbox 2181 2329 3778 2401">
     <span class='ocr_line' id='line_1_67' title="bbox 2181 2329 3778 2401; baseline 0.004 -20"><span class='ocrx_word' id='word_1_521' title='bbox 2181 2329 2291 2398; x_wconf 85' lang='lat' dir='ltr'><strong>jam</strong></span> <span class='ocrx_word' id='word_1_522' title='bbox 2320 2329 2430 2383; x_wconf 70' lang='lat' dir='ltr'><strong>dixi</strong></span> <span class='ocrx_word' id='word_1_523' title='bbox 2449 2369 2464 2394; x_wconf 90' lang='lat'><strong>,</strong></span> <span class='ocrx_word' id='word_1_524' title='bbox 2493 2330 2784 2398; x_wconf 75' lang='lat' dir='ltr'><strong>prophetia:</strong></span> <span class='ocrx_word' id='word_1_525' title='bbox 2812 2340 3050 2401; x_wconf 90' lang='lat' dir='ltr'><strong>tempora</strong></span> <span class='ocrx_word' id='word_1_526' title='bbox 3077 2345 3420 2394; x_wconf 83' lang='lat' dir='ltr'><strong>conservare,</strong></span> <span class='ocrx_word' id='word_1_527' title='bbox 3452 2349 3575 2400; x_wconf 77' lang='lat' dir='ltr'><strong>quze</strong></span> <span class='ocrx_word' id='word_1_528' title='bbox 3601 2335 3778 2388; x_wconf 88' lang='lat' dir='ltr'><strong>histo-</strong></span> 
     </span>
    </p>
   </div>
   <div class='ocr_carea' id='block_1_68' title="bbox 2191 2421 3770 2494">
    <p class='ocr_par' dir='ltr' id='par_1_68' title="bbox 2191 2421 3770 2494">
     <span class='ocr_line' id='line_1_68' title="bbox 2191 2421 3770 2494; baseline 0.002 -18"><span class='ocrx_word' id='word_1_529' title='bbox 2191 2423 2282 2476; x_wconf 75' lang='lat' dir='ltr'><strong>ria:</strong></span> <span class='ocrx_word' id='word_1_530' title='bbox 2311 2421 2456 2492; x_wconf 82' lang='lat' dir='ltr'><strong>leges</strong></span> <span class='ocrx_word' id='word_1_531' title='bbox 2480 2423 2807 2487; x_wconf 90' lang='lat' dir='ltr'><strong>desiderant,</strong></span> <span class='ocrx_word' id='word_1_532' title='bbox 2839 2423 2932 2477; x_wconf 89' lang='lat' dir='ltr'><strong>sed</strong></span> <span class='ocrx_word' id='word_1_533' title='bbox 2955 2424 3197 2478; x_wconf 80' lang='lat' dir='ltr'><strong>scribere</strong></span> <span class='ocrx_word' id='word_1_534' title='bbox 3237 2433 3510 2494; x_wconf 85' lang='lat' dir='ltr'><strong>utcunque</strong></span> <span class='ocrx_word' id='word_1_535' title='bbox 3548 2427 3770 2479; x_wconf 84' lang='lat' dir='ltr'><strong>audien-</strong></span> 
     </span>
    </p>
   </div>
   <div class='ocr_carea' id='block_1_69' title="bbox 2191 2511 3777 2581">
    <p class='ocr_par' dir='ltr' id='par_1_69' title="bbox 2191 2511 3777 2581">
     <span class='ocr_line' id='line_1_69' title="bbox 2191 2511 3777 2581; baseline 0.003 -17"><span class='ocrx_word' id='word_1_536' title='bbox 2191 2511 2333 2566; x_wconf 89' lang='lat' dir='ltr'><strong>tibus</strong></span> <span class='ocrx_word' id='word_1_537' title='bbox 2355 2521 2515 2581; x_wconf 88' lang='lat' dir='ltr'><strong>atque</strong></span> <span class='ocrx_word' id='word_1_538' title='bbox 2531 2512 2821 2568; x_wconf 87' lang='lat' dir='ltr'><strong>lectoribus</strong></span> <span class='ocrx_word' id='word_1_539' title='bbox 2836 2513 2968 2576; x_wconf 87' lang='lat' dir='ltr'><strong>utile</strong></span> <span class='ocrx_word' id='word_1_540' title='bbox 2985 2521 3278 2567; x_wconf 85' lang='lat' dir='ltr'><strong>noverant:</strong></span> <span class='ocrx_word' id='word_1_541' title='bbox 3302 2515 3447 2568; x_wconf 85' lang='lat' dir='ltr'><strong>unde</strong></span> <span class='ocrx_word' id='word_1_542' title='bbox 3469 2523 3524 2568; x_wconf 90' lang='lat' dir='ltr'><strong>et</strong></span> <span class='ocrx_word' id='word_1_543' title='bbox 3547 2514 3601 2568; x_wconf 90' lang='lat' dir='ltr'><strong>in</strong></span> <span class='ocrx_word' id='word_1_544' title='bbox 3624 2513 3777 2569; x_wconf 80' lang='lat' dir='ltr'><strong>Psal-</strong></span> 
     </span>
    </p>
   </div>
   <div class='ocr_carea' id='block_1_70' title="bbox 2191 2603 3776 2674">
    <p class='ocr_par' dir='ltr' id='par_1_70' title="bbox 2191 2603 3776 2674">
     <span class='ocr_line' id='line_1_70' title="bbox 2191 2603 3776 2674; baseline 0.003 -17"><span class='ocrx_word' id='word_1_545' title='bbox 2191 2604 2327 2658; x_wconf 88' lang='lat' dir='ltr'><strong>tcrio</strong></span> <span class='ocrx_word' id='word_1_546' title='bbox 2377 2603 2514 2659; x_wconf 72' lang='lat' dir='ltr'><strong>male</strong></span> <span class='ocrx_word' id='word_1_547' title='bbox 2549 2603 2767 2672; x_wconf 89' lang='lat' dir='ltr'><strong>quidam</strong></span> <span class='ocrx_word' id='word_1_548' title='bbox 2805 2605 2959 2674; x_wconf 82' lang='lat' dir='ltr'><strong>juxta</strong></span> <span class='ocrx_word' id='word_1_549' title='bbox 3002 2613 3208 2659; x_wconf 75' lang='lat' dir='ltr'><strong>textum</strong></span> <span class='ocrx_word' id='word_1_550' title='bbox 3251 2605 3491 2660; x_wconf 75' lang='lat' dir='ltr'><strong>historia:</strong></span> <span class='ocrx_word' id='word_1_551' title='bbox 3531 2606 3776 2674; x_wconf 51' lang='lat' dir='ltr'><strong>psalmo-</strong></span> 
     </span>
    </p>
   </div>
   <div class='ocr_carea' id='block_1_71' title="bbox 2191 2695 3779 2766">
    <p class='ocr_par' dir='ltr' id='par_1_71' title="bbox 2191 2695 3779 2766">
     <span class='ocr_line' id='line_1_71' title="bbox 2191 2695 3779 2766; baseline 0.002 -18"><span class='ocrx_word' id='word_1_552' title='bbox 2191 2708 2309 2748; x_wconf 92' lang='lat' dir='ltr'><strong>rum</strong></span> <span class='ocrx_word' id='word_1_553' title='bbox 2343 2695 2621 2763; x_wconf 87' lang='lat' dir='ltr'><strong>requirunt</strong></span> <span class='ocrx_word' id='word_1_554' title='bbox 2647 2695 2912 2760; x_wconf 86' lang='lat' dir='ltr'><strong>ordinem,</strong></span> <span class='ocrx_word' id='word_1_555' title='bbox 2938 2696 3081 2764; x_wconf 84' lang='lat' dir='ltr'><strong>quod</strong></span> <span class='ocrx_word' id='word_1_556' title='bbox 3108 2696 3160 2750; x_wconf 92' lang='lat' dir='ltr'><strong>in</strong></span> <span class='ocrx_word' id='word_1_557' title='bbox 3194 2696 3363 2766; x_wconf 89' lang='lat' dir='ltr'><strong>lyrico</strong></span> <span class='ocrx_word' id='word_1_558' title='bbox 3390 2697 3637 2751; x_wconf 86' lang='lat' dir='ltr'><strong>carmine</strong></span> <span class='ocrx_word' id='word_1_559' title='bbox 3671 2712 3779 2751; x_wconf 84' lang='lat' dir='ltr'><strong>non</strong></span> 
     </span>
    </p>
   </div>
   <div class='ocr_carea' id='block_1_72' title="bbox 2190 2783 2529 2840">
    <p class='ocr_par' dir='ltr' id='par_1_72' title="bbox 2190 2783 2529 2840">
     <span class='ocr_line' id='line_1_72' title="bbox 2190 2783 2529 2840; baseline -0.012 0"><span class='ocrx_word' id='word_1_560' title='bbox 2190 2783 2529 2840; x_wconf 87' lang='lat' dir='ltr'><strong>observatur.</strong></span> 
     </span>
    </p>
   </div>
   <div class='ocr_carea' id='block_1_73' title="bbox 2267 2873 3784 2946">
    <p class='ocr_par' dir='ltr' id='par_1_73' title="bbox 2267 2873 3784 2946">
     <span class='ocr_line' id='line_1_73' title="bbox 2267 2873 3784 2946; baseline 0.003 -20"><span class='ocrx_word' id='word_1_561' title='bbox 2267 2893 2284 2925; x_wconf 75' lang='grc' dir='ltr'><strong>ι</strong></span> <span class='ocrx_word' id='word_1_562' title='bbox 2315 2874 2433 2943; x_wconf 84' lang='lat' dir='ltr'><strong>ipse</strong></span> <span class='ocrx_word' id='word_1_563' title='bbox 2477 2883 2560 2930; x_wconf 90' lang='lat' dir='ltr'><strong>est</strong></span> <span class='ocrx_word' id='word_1_564' title='bbox 2584 2891 2756 2930; x_wconf 88' lang='lat' dir='ltr'><strong>annus</strong></span> <span class='ocrx_word' id='word_1_565' title='bbox 2783 2890 2986 2944; x_wconf 80' lang='lat' dir='ltr'><strong>primus</strong></span> <span class='ocrx_word' id='word_1_566' title='bbox 3010 2873 3505 2930; x_wconf 89' lang='lat' dir='ltr'><strong>Nabuchodonosor</strong></span> <span class='ocrx_word' id='word_1_567' title='bbox 3525 2873 3784 2946; x_wconf 80' lang='lat' dir='ltr'><strong>regisBa—</strong></span> 
     </span>
    </p>
   </div>
   <div class='ocr_carea' id='block_1_74' title="bbox 2197 2963 3786 3036">
    <p class='ocr_par' dir='ltr' id='par_1_74' title="bbox 2197 2963 3786 3036">
     <span class='ocr_line' id='line_1_74' title="bbox 2197 2963 3786 3036; baseline 0.003 -20"><span class='ocrx_word' id='word_1_568' title='bbox 2197 2982 2217 3016; x_wconf 80' lang='grc' dir='ltr'><strong>ι</strong></span> <span class='ocrx_word' id='word_1_569' title='bbox 2252 2963 2459 3033; x_wconf 84' lang='lat' dir='ltr'><strong>bylonis</strong></span> <span class='ocrx_word' id='word_1_570' title='bbox 2480 2963 2637 3035; x_wconf 86' lang='lat' dir='ltr'><strong>(quod</strong></span> <span class='ocrx_word' id='word_1_571' title='bbox 2665 2965 2721 3018; x_wconf 82' lang='lat' dir='ltr'><strong>in</strong></span> <span class='ocrx_word' id='word_1_572' title='bbox 2747 2963 3100 3035; x_wconf 60' lang='lat' dir='ltr'><strong>Septuagintaf</strong></span> <span class='ocrx_word' id='word_1_573' title='bbox 3118 2981 3222 3018; x_wconf 80' lang='lat' dir='ltr'><strong>non</strong></span> <span class='ocrx_word' id='word_1_574' title='bbox 3243 2965 3483 3018; x_wconf 78' lang='lat' dir='ltr'><strong>habetur.</strong></span> <span class='ocrx_word' id='word_1_575' title='bbox 3508 2963 3578 3018; x_wconf 84' lang='lat' dir='ltr'><strong>Et</strong></span> <span class='ocrx_word' id='word_1_576' title='bbox 3601 2967 3786 3036; x_wconf 66' lang='lat' dir='ltr'><strong>sequi:</strong></span> 
     </span>
    </p>
   </div>
   <div class='ocr_carea' id='block_1_75' title="bbox 2197 3053 3780 3125">
    <p class='ocr_par' dir='ltr' id='par_1_75' title="bbox 2197 3053 3780 3125">
     <span class='ocr_line' id='line_1_75' title="bbox 2197 3053 3780 3125; baseline 0.004 -19"><span class='ocrx_word' id='word_1_577' title='bbox 2197 3072 2217 3106; x_wconf 76' lang='grc' dir='ltr'><strong>ι</strong></span> <span class='ocrx_word' id='word_1_578' title='bbox 2251 3053 2358 3125; x_wconf 86' lang='lat' dir='ltr'><strong>tur)</strong></span> <span class='ocrx_word' id='word_1_579' title='bbox 2392 3071 2404 3108; x_wconf 91' lang='lat'><strong>:</strong></span> <span class='ocrx_word' id='word_1_580' title='bbox 2437 3053 2588 3121; x_wconf 84' lang='lat' dir='ltr'><strong>Quod</strong></span> <span class='ocrx_word' id='word_1_581' title='bbox 2616 3055 2825 3109; x_wconf 92' lang='lat' dir='ltr'><strong>locutus</strong></span> <span class='ocrx_word' id='word_1_582' title='bbox 2851 3064 2933 3109; x_wconf 88' lang='lat' dir='ltr'><strong>est</strong></span> <span class='ocrx_word' id='word_1_583' title='bbox 2961 3055 3222 3110; x_wconf 88' lang='lat' dir='ltr'><strong>Jeremias</strong></span> <span class='ocrx_word' id='word_1_584' title='bbox 3258 3056 3520 3125; x_wconf 88' lang='lat' dir='ltr'><strong>propheta</strong></span> <span class='ocrx_word' id='word_1_585' title='bbox 3551 3057 3624 3111; x_wconf 89' lang='lat' dir='ltr'><strong>ad</strong></span> <span class='ocrx_word' id='word_1_586' title='bbox 3659 3072 3780 3112; x_wconf 86' lang='lat' dir='ltr'><strong>om—</strong></span> 
     </span>
    </p>
   </div>
   <div class='ocr_carea' id='block_1_76' title="bbox 2201 3142 3785 3216">
    <p class='ocr_par' dir='ltr' id='par_1_76' title="bbox 2201 3142 3785 3216">
     <span class='ocr_line' id='line_1_76' title="bbox 2201 3142 3785 3216; baseline 0.005 -20"><span class='ocrx_word' id='word_1_587' title='bbox 2201 3163 2218 3196; x_wconf 79' lang='grc' dir='ltr'><strong>ι</strong></span> <span class='ocrx_word' id='word_1_588' title='bbox 2253 3159 2372 3198; x_wconf 90' lang='lat' dir='ltr'><strong>nem</strong></span> <span class='ocrx_word' id='word_1_589' title='bbox 2407 3145 2658 3216; x_wconf 92' lang='lat' dir='ltr'><strong>populum</strong></span> <span class='ocrx_word' id='word_1_590' title='bbox 2679 3142 2707 3198; x_wconf 87' lang='lat' dir='ltr'><strong>J</strong></span> <span class='ocrx_word' id='word_1_591' title='bbox 2715 3146 2835 3208; x_wconf 87' lang='lat' dir='ltr'><strong>uda,</strong></span> <span class='ocrx_word' id='word_1_592' title='bbox 2861 3154 2916 3200; x_wconf 90' lang='lat' dir='ltr'><strong>et</strong></span> <span class='ocrx_word' id='word_1_593' title='bbox 2945 3147 3012 3200; x_wconf 89' lang='lat' dir='ltr'><strong>ad</strong></span> <span class='ocrx_word' id='word_1_594' title='bbox 3035 3146 3316 3201; x_wconf 88' lang='lat' dir='ltr'><strong>universos</strong></span> <span class='ocrx_word' id='word_1_595' title='bbox 3333 3147 3673 3203; x_wconf 88' lang='lat' dir='ltr'><strong>habitatores</strong></span> <span class='ocrx_word' id='word_1_596' title='bbox 3695 3146 3785 3204; x_wconf 78' lang='lat' dir='ltr'><strong>Je-</strong></span> 
     </span>
    </p>
   </div>
   <div class='ocr_carea' id='block_1_77' title="bbox 2154 3234 3780 3307">
    <p class='ocr_par' dir='ltr' id='par_1_77' title="bbox 2154 3234 3780 3307">
     <span class='ocr_line' id='line_1_77' title="bbox 2154 3234 3780 3307; baseline 0.004 -21"><span class='ocrx_word' id='word_1_597' title='bbox 2154 3234 2164 3254; x_wconf 89' lang='lat'><strong>‘</strong></span> <span class='ocrx_word' id='word_1_598' title='bbox 2202 3255 2220 3286; x_wconf 78' lang='grc' dir='ltr'><strong>ι</strong></span> <span class='ocrx_word' id='word_1_599' title='bbox 2259 3237 2490 3291; x_wconf 88' lang='lat' dir='ltr'><strong>rusalem</strong></span> <span class='ocrx_word' id='word_1_600' title='bbox 2516 3276 2531 3301; x_wconf 89' lang='lat'><strong>,</strong></span> <span class='ocrx_word' id='word_1_601' title='bbox 2561 3237 2765 3291; x_wconf 89' lang='lat' dir='ltr'><strong>dicens.</strong></span> <span class='ocrx_word' id='word_1_602' title='bbox 2804 3257 2822 3288; x_wconf 76' lang='grc' dir='ltr'><strong>ι</strong></span> <span class='ocrx_word' id='word_1_603' title='bbox 2861 3236 3064 3303; x_wconf 88' lang='lat' dir='ltr'><strong>Quarto</strong></span> <span class='ocrx_word' id='word_1_604' title='bbox 3094 3252 3236 3292; x_wconf 86' lang='lat' dir='ltr'><strong>anno</strong></span> <span class='ocrx_word' id='word_1_605' title='bbox 3271 3239 3414 3307; x_wconf 83' lang='lat' dir='ltr'><strong>regis</strong></span> <span class='ocrx_word' id='word_1_606' title='bbox 3439 3237 3649 3292; x_wconf 85' lang='lat' dir='ltr'><strong>Joacim</strong></span> <span class='ocrx_word' id='word_1_607' title='bbox 3688 3239 3780 3293; x_wconf 89' lang='lat' dir='ltr'><strong>ﬁlii</strong></span> 
     </span>
    </p>
   </div>
   <div class='ocr_carea' id='block_1_78' title="bbox 2193 3325 3780 3399">
    <p class='ocr_par' dir='ltr' id='par_1_78' title="bbox 2193 3325 3780 3399">
     <span class='ocr_line' id='line_1_78' title="bbox 2193 3325 3780 3399; baseline 0.001 -18"><span class='ocrx_word' id='word_1_608' title='bbox 2193 3326 2352 3381; x_wconf 66' lang='lat' dir='ltr'><strong>Josiae</strong></span> <span class='ocrx_word' id='word_1_609' title='bbox 2377 3327 2546 3396; x_wconf 89' lang='lat' dir='ltr'><strong>patris</strong></span> <span class='ocrx_word' id='word_1_610' title='bbox 2573 3325 2866 3390; x_wconf 71' lang='lat' dir='ltr'><strong>Jechonire,</strong></span> <span class='ocrx_word' id='word_1_611' title='bbox 2889 3326 3387 3382; x_wconf 86' lang='lat' dir='ltr'><strong>Nabuchodonosor</strong></span> <span class='ocrx_word' id='word_1_612' title='bbox 3403 3327 3458 3381; x_wconf 90' lang='lat' dir='ltr'><strong>in</strong></span> <span class='ocrx_word' id='word_1_613' title='bbox 3483 3327 3780 3399; x_wconf 85' lang='lat' dir='ltr'><strong>Babylone,</strong></span> 
     </span>
    </p>
   </div>
   <div class='ocr_carea' id='block_1_79' title="bbox 2195 3415 3782 3488">
    <p class='ocr_par' dir='ltr' id='par_1_79' title="bbox 2195 3415 3782 3488">
     <span class='ocr_line' id='line_1_79' title="bbox 2195 3415 3782 3488; baseline -0.001 -16"><span class='ocrx_word' id='word_1_614' title='bbox 2195 3419 2431 3488; x_wconf 86' lang='lat' dir='ltr'><strong>suscepit</strong></span> <span class='ocrx_word' id='word_1_615' title='bbox 2474 3418 2756 3486; x_wconf 91' lang='lat' dir='ltr'><strong>imperium</strong></span> <span class='ocrx_word' id='word_1_616' title='bbox 2789 3435 2801 3469; x_wconf 90' lang='lat'><strong>:</strong></span> <span class='ocrx_word' id='word_1_617' title='bbox 2851 3425 3011 3485; x_wconf 90' lang='lat' dir='ltr'><strong>atque</strong></span> <span class='ocrx_word' id='word_1_618' title='bbox 3054 3418 3128 3471; x_wconf 89' lang='lat' dir='ltr'><strong>ita</strong></span> <span class='ocrx_word' id='word_1_619' title='bbox 3155 3415 3361 3472; x_wconf 90' lang='lat' dir='ltr'><strong>factum</strong></span> <span class='ocrx_word' id='word_1_620' title='bbox 3389 3425 3476 3471; x_wconf 91' lang='lat' dir='ltr'><strong>est</strong></span> <span class='ocrx_word' id='word_1_621' title='bbox 3517 3426 3580 3470; x_wconf 92' lang='lat' dir='ltr'><strong>ut</strong></span> <span class='ocrx_word' id='word_1_622' title='bbox 3609 3431 3782 3471; x_wconf 85' lang='lat' dir='ltr'><strong>annus</strong></span> 
     </span>
    </p>
   </div>
   <div class='ocr_carea' id='block_1_80' title="bbox 2195 3506 3777 3579">
    <p class='ocr_par' dir='ltr' id='par_1_80' title="bbox 2195 3506 3777 3579">
     <span class='ocr_line' id='line_1_80' title="bbox 2195 3506 3777 3579; baseline 0.001 -17"><span class='ocrx_word' id='word_1_623' title='bbox 2195 3510 2286 3578; x_wconf 85' lang='lat' dir='ltr'><strong>qui</strong></span> <span class='ocrx_word' id='word_1_624' title='bbox 2338 3509 2543 3579; x_wconf 87' lang='lat' dir='ltr'><strong>primus</strong></span> <span class='ocrx_word' id='word_1_625' title='bbox 2596 3517 2715 3563; x_wconf 82' lang='lat' dir='ltr'><strong>erat</strong></span> <span class='ocrx_word' id='word_1_626' title='bbox 2770 3506 3270 3562; x_wconf 83' lang='lat' dir='ltr'><strong>Nabuchodonosor</strong></span> <span class='ocrx_word' id='word_1_627' title='bbox 3331 3508 3384 3560; x_wconf 91' lang='lat' dir='ltr'><strong>in</strong></span> <span class='ocrx_word' id='word_1_628' title='bbox 3443 3507 3725 3578; x_wconf 77' lang='lat' dir='ltr'><strong>Babylone</strong></span> <span class='ocrx_word' id='word_1_629' title='bbox 3763 3549 3777 3571; x_wconf 91' lang='lat'><strong>,</strong></span> 
     </span>
    </p>
   </div>
   <div class='ocr_carea' id='block_1_81' title="bbox 2196 3597 3781 3670">
    <p class='ocr_par' dir='ltr' id='par_1_81' title="bbox 2196 3597 3781 3670">
     <span class='ocr_line' id='line_1_81' title="bbox 2196 3597 3781 3670; baseline 0.002 -20"><span class='ocrx_word' id='word_1_630' title='bbox 2196 3607 2420 3668; x_wconf 89' lang='lat' dir='ltr'><strong>quartus</strong></span> <span class='ocrx_word' id='word_1_631' title='bbox 2460 3608 2605 3654; x_wconf 89' lang='lat' dir='ltr'><strong>esset</strong></span> <span class='ocrx_word' id='word_1_632' title='bbox 2649 3599 2702 3652; x_wconf 94' lang='lat' dir='ltr'><strong>in</strong></span> <span class='ocrx_word' id='word_1_633' title='bbox 2731 3598 3030 3654; x_wconf 82' lang='lat' dir='ltr'><strong>Jerusalem</strong></span> <span class='ocrx_word' id='word_1_634' title='bbox 3083 3599 3225 3669; x_wconf 86' lang='lat' dir='ltr'><strong>regis</strong></span> <span class='ocrx_word' id='word_1_635' title='bbox 3276 3597 3502 3653; x_wconf 80' lang='lat' dir='ltr'><strong>Joacim.</strong></span> <span class='ocrx_word' id='word_1_636' title='bbox 3539 3599 3781 3670; x_wconf 86' lang='lat' dir='ltr'><strong>Denique</strong></span> 
     </span>
    </p>
   </div>
   <div class='ocr_carea' id='block_1_82' title="bbox 2195 3681 3782 3754">
    <p class='ocr_par' dir='ltr' id='par_1_82' title="bbox 2195 3681 3782 3754">
     <span class='ocr_line' id='line_1_82' title="bbox 2195 3681 3782 3754; baseline -0.001 -16"><span class='ocrx_word' id='word_1_637' title='bbox 2195 3692 2388 3738; x_wconf 88' lang='lat' dir='ltr'><strong>octavo</strong></span> <span class='ocrx_word' id='word_1_638' title='bbox 2415 3698 2557 3738; x_wconf 89' lang='lat' dir='ltr'><strong>anno</strong></span> <span class='ocrx_word' id='word_1_639' title='bbox 2571 3683 2722 3753; x_wconf 88' lang='lat' dir='ltr'><strong>regni</strong></span> <span class='ocrx_word' id='word_1_640' title='bbox 2749 3682 2853 3744; x_wconf 92' lang='lat' dir='ltr'><strong>sui,</strong></span> <span class='ocrx_word' id='word_1_641' title='bbox 2873 3681 3188 3737; x_wconf 84' lang='lat' dir='ltr'><strong>Jechoniam</strong></span> <span class='ocrx_word' id='word_1_642' title='bbox 3209 3697 3331 3736; x_wconf 88' lang='lat' dir='ltr'><strong>cum</strong></span> <span class='ocrx_word' id='word_1_643' title='bbox 3361 3692 3539 3738; x_wconf 84' lang='lat' dir='ltr'><strong>matre</strong></span> <span class='ocrx_word' id='word_1_644' title='bbox 3563 3692 3621 3738; x_wconf 88' lang='lat' dir='ltr'><strong>et</strong></span> <span class='ocrx_word' id='word_1_645' title='bbox 3639 3685 3782 3754; x_wconf 90' lang='lat' dir='ltr'><strong>prin-</strong></span> 
     </span>
    </p>
   </div>
   <div class='ocr_carea' id='block_1_83' title="bbox 2197 3773 3781 3844">
    <p class='ocr_par' dir='ltr' id='par_1_83' title="bbox 2197 3773 3781 3844">
     <span class='ocr_line' id='line_1_83' title="bbox 2197 3773 3781 3844; baseline -0.001 -15"><span class='ocrx_word' id='word_1_646' title='bbox 2197 3775 2404 3844; x_wconf 89' lang='lat' dir='ltr'><strong>cipibus</strong></span> <span class='ocrx_word' id='word_1_647' title='bbox 2451 3775 2602 3829; x_wconf 76' lang='lat' dir='ltr'><strong>duxit</strong></span> <span class='ocrx_word' id='word_1_648' title='bbox 2652 3775 2706 3828; x_wconf 90' lang='lat' dir='ltr'><strong>in</strong></span> <span class='ocrx_word' id='word_1_649' title='bbox 2741 3773 3104 3844; x_wconf 86' lang='lat' dir='ltr'><strong>captivitatem</strong></span> <span class='ocrx_word' id='word_1_650' title='bbox 3145 3788 3161 3826; x_wconf 88' lang='lat'><strong>:</strong></span> <span class='ocrx_word' id='word_1_651' title='bbox 3209 3773 3302 3844; x_wconf 92' lang='lat' dir='ltr'><strong>qui</strong></span> <span class='ocrx_word' id='word_1_652' title='bbox 3348 3773 3527 3829; x_wconf 88' lang='lat' dir='ltr'><strong>tribus</strong></span> <span class='ocrx_word' id='word_1_653' title='bbox 3574 3782 3781 3828; x_wconf 87' lang='lat' dir='ltr'><strong>tantum</strong></span> 
     </span>
    </p>
   </div>
   <div class='ocr_carea' id='block_1_84' title="bbox 2197 3863 3783 3936">
    <p class='ocr_par' dir='ltr' id='par_1_84' title="bbox 2197 3863 3783 3936">
     <span class='ocr_line' id='line_1_84' title="bbox 2197 3863 3783 3936; baseline 0 -16"><span class='ocrx_word' id='word_1_654' title='bbox 2197 3875 2318 3936; x_wconf 87' lang='lat' dir='ltr'><strong>post</strong></span> <span class='ocrx_word' id='word_1_655' title='bbox 2345 3865 2776 3921; x_wconf 82' lang='lat' dir='ltr'><strong>interfectionem</strong></span> <span class='ocrx_word' id='word_1_656' title='bbox 2801 3866 2972 3936; x_wconf 86' lang='lat' dir='ltr'><strong>patris</strong></span> <span class='ocrx_word' id='word_1_657' title='bbox 3011 3863 3256 3920; x_wconf 79' lang='lat' dir='ltr'><strong>Joachim</strong></span> <span class='ocrx_word' id='word_1_658' title='bbox 3303 3867 3555 3934; x_wconf 79' lang='lat' dir='ltr'><strong>regnavit</strong></span> <span class='ocrx_word' id='word_1_659' title='bbox 3584 3867 3783 3920; x_wconf 75' lang='lat' dir='ltr'><strong>mensi-</strong></span> 
     </span>
    </p>
   </div>
   <div class='ocr_carea' id='block_1_85' title="bbox 2198 3954 3783 4011">
    <p class='ocr_par' dir='ltr' id='par_1_85' title="bbox 2198 3954 3783 4011">
     <span class='ocr_line' id='line_1_85' title="bbox 2198 3954 3783 4011; baseline -0.001 0"><span class='ocrx_word' id='word_1_660' title='bbox 2198 3957 2320 4011; x_wconf 88' lang='lat' dir='ltr'><strong>bus.</strong></span> <span class='ocrx_word' id='word_1_661' title='bbox 2351 3955 2670 4011; x_wconf 88' lang='lat' dir='ltr'><strong>lntcrfectus</strong></span> <span class='ocrx_word' id='word_1_662' title='bbox 2715 3964 2800 4010; x_wconf 87' lang='lat' dir='ltr'><strong>est</strong></span> <span class='ocrx_word' id='word_1_663' title='bbox 2832 3963 3012 4010; x_wconf 88' lang='lat' dir='ltr'><strong>autem</strong></span> <span class='ocrx_word' id='word_1_664' title='bbox 3050 3954 3255 4010; x_wconf 85' lang='lat' dir='ltr'><strong>Joacim</strong></span> <span class='ocrx_word' id='word_1_665' title='bbox 3305 3956 3596 4010; x_wconf 87' lang='lat' dir='ltr'><strong>undecimo</strong></span> <span class='ocrx_word' id='word_1_666' title='bbox 3643 3969 3783 4009; x_wconf 84' lang='lat' dir='ltr'><strong>anno</strong></span> 
     </span>
    </p>
   </div>
   <div class='ocr_carea' id='block_1_86' title="bbox 2200 4043 2915 4115">
    <p class='ocr_par' dir='ltr' id='par_1_86' title="bbox 2200 4043 2915 4115">
     <span class='ocr_line' id='line_1_86' title="bbox 2200 4043 2915 4115; baseline -0.004 -15"><span class='ocrx_word' id='word_1_667' title='bbox 2200 4047 2350 4115; x_wconf 85' lang='lat' dir='ltr'><strong>regni</strong></span> <span class='ocrx_word' id='word_1_668' title='bbox 2382 4047 2464 4100; x_wconf 91' lang='lat' dir='ltr'><strong>sui</strong></span> <span class='ocrx_word' id='word_1_669' title='bbox 2509 4046 2562 4100; x_wconf 91' lang='lat' dir='ltr'><strong>in</strong></span> <span class='ocrx_word' id='word_1_670' title='bbox 2595 4043 2915 4100; x_wconf 86' lang='lat' dir='ltr'><strong>Jerusalem.</strong></span> 
     </span>
    </p>
   </div>
   <div class='ocr_carea' id='block_1_87' title="bbox 2277 4130 3785 4202">
    <p class='ocr_par' dir='ltr' id='par_1_87' title="bbox 2277 4130 3785 4202">
     <span class='ocr_line' id='line_1_87' title="bbox 2277 4130 3785 4202; baseline 0.001 -18"><span class='ocrx_word' id='word_1_671' title='bbox 2277 4153 2295 4184; x_wconf 77' lang='grc' dir='ltr'><strong>ι</strong></span> <span class='ocrx_word' id='word_1_672' title='bbox 2327 4134 2369 4187; x_wconf 86' lang='lat' dir='ltr'><strong>A</strong></span> <span class='ocrx_word' id='word_1_673' title='bbox 2399 4134 2561 4189; x_wconf 90' lang='lat' dir='ltr'><strong>tertio</strong></span> <span class='ocrx_word' id='word_1_674' title='bbox 2584 4134 2793 4188; x_wconf 86' lang='lat' dir='ltr'><strong>decimo</strong></span> <span class='ocrx_word' id='word_1_675' title='bbox 2819 4147 2962 4187; x_wconf 90' lang='lat' dir='ltr'><strong>anno</strong></span> <span class='ocrx_word' id='word_1_676' title='bbox 2993 4131 3155 4188; x_wconf 67' lang='grc' dir='ltr'><strong>εἰοεἰὲ</strong></span> <span class='ocrx_word' id='word_1_677' title='bbox 3189 4130 3284 4187; x_wconf 87' lang='lat' dir='ltr'><strong>ﬁlii</strong></span> <span class='ocrx_word' id='word_1_678' title='bbox 3323 4131 3614 4186; x_wconf 84' lang='lat' dir='ltr'><strong>Ammonis</strong></span> <span class='ocrx_word' id='word_1_679' title='bbox 3647 4134 3785 4202; x_wconf 83' lang='lat' dir='ltr'><strong>regis</strong></span> 
     </span>
    </p>
   </div>
   <div class='ocr_carea' id='block_1_88' title="bbox 2206 4223 3786 4294">
    <p class='ocr_par' dir='ltr' id='par_1_88' title="bbox 2206 4223 3786 4294">
     <span class='ocr_line' id='line_1_88' title="bbox 2206 4223 3786 4294; baseline -0.001 -16"><span class='ocrx_word' id='word_1_680' title='bbox 2206 4246 2223 4277; x_wconf 80' lang='grc' dir='ltr'><strong>ι</strong></span> <span class='ocrx_word' id='word_1_681' title='bbox 2266 4223 2402 4280; x_wconf 83' lang='lat' dir='ltr'><strong>Juda</strong></span> <span class='ocrx_word' id='word_1_682' title='bbox 2450 4240 2620 4294; x_wconf 89' lang='lat' dir='ltr'><strong>usque</strong></span> <span class='ocrx_word' id='word_1_683' title='bbox 2673 4225 2740 4280; x_wconf 89' lang='lat' dir='ltr'><strong>ad</strong></span> <span class='ocrx_word' id='word_1_684' title='bbox 2777 4225 2920 4280; x_wconf 90' lang='lat' dir='ltr'><strong>diem</strong></span> <span class='ocrx_word' id='word_1_685' title='bbox 2965 4226 3149 4280; x_wconf 87' lang='lat' dir='ltr'><strong>hanc:</strong></span> <span class='ocrx_word' id='word_1_686' title='bbox 3207 4225 3308 4278; x_wconf 90' lang='lat' dir='ltr'><strong>iste</strong></span> <span class='ocrx_word' id='word_1_687' title='bbox 3351 4231 3436 4277; x_wconf 88' lang='lat' dir='ltr'><strong>est</strong></span> <span class='ocrx_word' id='word_1_688' title='bbox 3494 4224 3693 4277; x_wconf 85' lang='lat' dir='ltr'><strong>tertius</strong></span> <span class='ocrx_word' id='word_1_689' title='bbox 3733 4236 3786 4276; x_wconf 90' lang='lat' dir='ltr'><strong>et</strong></span> 
     </span>
    </p>
   </div>
   <div class='ocr_carea' id='block_1_89' title="bbox 2207 4313 3786 4380">
    <p class='ocr_par' dir='ltr' id='par_1_89' title="bbox 2207 4313 3786 4380">
     <span class='ocr_line' id='line_1_89' title="bbox 2207 4313 3786 4380; baseline -0.001 -14"><span class='ocrx_word' id='word_1_690' title='bbox 2207 4337 2224 4366; x_wconf 72' lang='grc' dir='ltr'><strong>ι</strong></span> <span class='ocrx_word' id='word_1_691' title='bbox 2269 4315 2556 4372; x_wconf 88' lang='lat' dir='ltr'><strong>vicesimus</strong></span> <span class='ocrx_word' id='word_1_692' title='bbox 2619 4331 2834 4380; x_wconf 86' lang='lat' dir='ltr'><strong>annus,</strong></span> <span class='ocrx_word' id='word_1_693' title='bbox 2887 4314 3088 4370; x_wconf 87' lang='lat' dir='ltr'><strong>factum</strong></span> <span class='ocrx_word' id='word_1_694' title='bbox 3158 4323 3242 4369; x_wconf 91' lang='lat' dir='ltr'><strong>est</strong></span> <span class='ocrx_word' id='word_1_695' title='bbox 3293 4313 3520 4368; x_wconf 86' lang='lat' dir='ltr'><strong>verbum</strong></span> <span class='ocrx_word' id='word_1_696' title='bbox 3571 4313 3786 4368; x_wconf 85' lang='lat' dir='ltr'><strong>Domini</strong></span> 
     </span>
    </p>
   </div>
   <div class='ocr_carea' id='block_1_90' title="bbox 2207 4404 3784 4469">
    <p class='ocr_par' dir='ltr' id='par_1_90' title="bbox 2207 4404 3784 4469">
     <span class='ocr_line' id='line_1_90' title="bbox 2207 4404 3784 4469; baseline 0 -13"><span class='ocrx_word' id='word_1_697' title='bbox 2207 4426 2224 4456; x_wconf 78' lang='grc' dir='ltr'><strong>ι</strong></span> <span class='ocrx_word' id='word_1_698' title='bbox 2269 4406 2337 4460; x_wconf 86' lang='lat' dir='ltr'><strong>ad</strong></span> <span class='ocrx_word' id='word_1_699' title='bbox 2368 4421 2472 4469; x_wconf 90' lang='lat' dir='ltr'><strong>me,</strong></span> <span class='ocrx_word' id='word_1_700' title='bbox 2515 4414 2570 4460; x_wconf 90' lang='lat' dir='ltr'><strong>et</strong></span> <span class='ocrx_word' id='word_1_701' title='bbox 2609 4405 2817 4460; x_wconf 90' lang='lat' dir='ltr'><strong>locutus</strong></span> <span class='ocrx_word' id='word_1_702' title='bbox 2856 4420 2975 4460; x_wconf 87' lang='lat' dir='ltr'><strong>sum</strong></span> <span class='ocrx_word' id='word_1_703' title='bbox 3018 4405 3086 4460; x_wconf 90' lang='lat' dir='ltr'><strong>ad</strong></span> <span class='ocrx_word' id='word_1_704' title='bbox 3115 4419 3208 4458; x_wconf 89' lang='lat' dir='ltr'><strong>vos</strong></span> <span class='ocrx_word' id='word_1_705' title='bbox 3243 4404 3310 4459; x_wconf 90' lang='lat' dir='ltr'><strong>de</strong></span> <span class='ocrx_word' id='word_1_706' title='bbox 3356 4411 3518 4457; x_wconf 85' lang='lat' dir='ltr'><strong>nocte</strong></span> <span class='ocrx_word' id='word_1_707' title='bbox 3555 4418 3784 4458; x_wconf 76' lang='lat' dir='ltr'><strong>consur-</strong></span> 
     </span>
    </p>
   </div>
   <div class='ocr_carea' id='block_1_91' title="bbox 2209 4492 3786 4566">
    <p class='ocr_par' dir='ltr' id='par_1_91' title="bbox 2209 4492 3786 4566">
     <span class='ocr_line' id='line_1_91' title="bbox 2209 4492 3786 4566; baseline 0.001 -21"><span class='ocrx_word' id='word_1_708' title='bbox 2209 4515 2225 4545; x_wconf 79' lang='grc' dir='ltr'><strong>ι</strong></span> <span class='ocrx_word' id='word_1_709' title='bbox 2268 4511 2422 4566; x_wconf 88' lang='lat' dir='ltr'><strong>gens,</strong></span> <span class='ocrx_word' id='word_1_710' title='bbox 2455 4505 2512 4550; x_wconf 92' lang='lat' dir='ltr'><strong>et</strong></span> <span class='ocrx_word' id='word_1_711' title='bbox 2532 4494 2778 4564; x_wconf 90' lang='lat' dir='ltr'><strong>loquens,</strong></span> <span class='ocrx_word' id='word_1_712' title='bbox 2809 4502 2865 4550; x_wconf 91' lang='lat' dir='ltr'><strong>et</strong></span> <span class='ocrx_word' id='word_1_713' title='bbox 2891 4509 2998 4549; x_wconf 87' lang='lat' dir='ltr'><strong>non</strong></span> <span class='ocrx_word' id='word_1_714' title='bbox 3025 4494 3272 4548; x_wconf 89' lang='lat' dir='ltr'><strong>audistis.</strong></span> <span class='ocrx_word' id='word_1_715' title='bbox 3310 4513 3328 4543; x_wconf 74' lang='grc' dir='ltr'><strong>ι</strong></span> <span class='ocrx_word' id='word_1_716' title='bbox 3357 4492 3544 4547; x_wconf 84' lang='lat' dir='ltr'><strong>Tertio</strong></span> <span class='ocrx_word' id='word_1_717' title='bbox 3569 4493 3786 4548; x_wconf 79' lang='lat' dir='ltr'><strong>decimo</strong></span> 
     </span>
    </p>
   </div>
   <div class='ocr_carea' id='block_1_92' title="bbox 527 4560 3788 4667">
    <p class='ocr_par' dir='ltr' id='par_1_92' title="bbox 527 4560 3788 4667">
     <span class='ocr_line' id='line_1_92' title="bbox 527 4560 3788 4667; baseline 0.001 -30"><span class='ocrx_word' id='word_1_718' title='bbox 527 4591 716 4656; x_wconf 69' lang='lat' dir='ltr'><strong>simas,</strong></span> <span class='ocrx_word' id='word_1_719' title='bbox 735 4609 855 4661; x_wconf 62' lang='lat' dir='ltr'><strong>qua;</strong></span> <span class='ocrx_word' id='word_1_720' title='bbox 877 4595 1085 4648; x_wconf 80' lang='lat' dir='ltr'><strong>comedi</strong></span> <span class='ocrx_word' id='word_1_721' title='bbox 1112 4609 1216 4650; x_wconf 79' lang='lat' dir='ltr'><strong>non</strong></span> <span class='ocrx_word' id='word_1_722' title='bbox 1242 4604 1484 4664; x_wconf 58' lang='lat' dir='ltr'><strong>possunt,</strong></span> <span class='ocrx_word' id='word_1_723' title='bbox 1507 4612 1591 4661; x_wconf 61' lang='lat' dir='ltr'><strong>eo,</strong></span> <span class='ocrx_word' id='word_1_724' title='bbox 1611 4597 1751 4667; x_wconf 77' lang='lat' dir='ltr'><strong>quod</strong></span> <span class='ocrx_word' id='word_1_725' title='bbox 1779 4597 1886 4651; x_wconf 77' lang='lat' dir='ltr'><strong>sim,</strong></span> <span class='ocrx_word' id='word_1_726' title='bbox 1909 4560 2094 4651; x_wconf 54' lang='lat' dir='ltr'><strong>marlm;</strong></span> <span class='ocrx_word' id='word_1_727' title='bbox 2127 4560 2178 4618; x_wconf 85' lang='lat' dir='ltr'><strong>D</strong></span> <span class='ocrx_word' id='word_1_728' title='bbox 2204 4601 2346 4641; x_wconf 85' lang='lat' dir='ltr'><strong>anno</strong></span> <span class='ocrx_word' id='word_1_729' title='bbox 2375 4586 2525 4657; x_wconf 89' lang='lat' dir='ltr'><strong>regni</strong></span> <span class='ocrx_word' id='word_1_730' title='bbox 2553 4584 2732 4652; x_wconf 69' lang='lat' dir='ltr'><strong>Josiaa,</strong></span> <span class='ocrx_word' id='word_1_731' title='bbox 2765 4586 2856 4656; x_wconf 76' lang='grc' dir='ltr'><strong>(ιιιὶ</strong></span> <span class='ocrx_word' id='word_1_732' title='bbox 2905 4586 3152 4656; x_wconf 88' lang='lat' dir='ltr'><strong>regnavit</strong></span> <span class='ocrx_word' id='word_1_733' title='bbox 3181 4587 3232 4640; x_wconf 90' lang='lat' dir='ltr'><strong>in</strong></span> <span class='ocrx_word' id='word_1_734' title='bbox 3281 4584 3581 4639; x_wconf 71' lang='lat' dir='ltr'><strong>Jerusalem</strong></span> <span class='ocrx_word' id='word_1_735' title='bbox 3627 4588 3788 4640; x_wconf 74' lang='lat' dir='ltr'><strong>antiis</strong></span> 
     </span>
    </p>
   </div>
   <div class='ocr_carea' id='block_1_93' title="bbox 527 4678 2098 4756">
    <p class='ocr_par' dir='ltr' id='par_1_93' title="bbox 527 4678 2098 4756">
     <span class='ocr_line' id='line_1_93' title="bbox 527 4678 2098 4756; baseline 0.006 -25"><span class='ocrx_word' id='word_1_736' title='bbox 527 4678 607 4732; x_wconf 90' lang='lat' dir='ltr'><strong>sic</strong></span> <span class='ocrx_word' id='word_1_737' title='bbox 631 4679 768 4733; x_wconf 90' lang='lat' dir='ltr'><strong>dabo</strong></span> <span class='ocrx_word' id='word_1_738' title='bbox 796 4679 1112 4736; x_wconf 89' lang='lat' dir='ltr'><strong>Sedechiam</strong></span> <span class='ocrx_word' id='word_1_739' title='bbox 1147 4698 1324 4754; x_wconf 83' lang='lat' dir='ltr'><strong>regem</strong></span> <span class='ocrx_word' id='word_1_740' title='bbox 1351 4683 1519 4750; x_wconf 83' lang='lat' dir='ltr'><strong>Juda,</strong></span> <span class='ocrx_word' id='word_1_741' title='bbox 1562 4693 1616 4740; x_wconf 88' lang='lat' dir='ltr'><strong>et</strong></span> <span class='ocrx_word' id='word_1_742' title='bbox 1653 4686 1924 4756; x_wconf 88' lang='lat' dir='ltr'><strong>principes</strong></span> <span class='ocrx_word' id='word_1_743' title='bbox 1962 4685 2098 4754; x_wconf 90' lang='lat' dir='ltr'><strong>ejus,</strong></span> 
     </span>
    </p>
   </div>
   <div class='ocr_carea' id='block_1_94' title="bbox 528 4769 2099 4846">
    <p class='ocr_par' dir='ltr' id='par_1_94' title="bbox 528 4769 2099 4846">
     <span class='ocr_line' id='line_1_94' title="bbox 528 4769 2099 4846; baseline 0.005 -23"><span class='ocrx_word' id='word_1_744' title='bbox 528 4776 585 4823; x_wconf 86' lang='lat' dir='ltr'><strong>et</strong></span> <span class='ocrx_word' id='word_1_745' title='bbox 625 4783 721 4824; x_wconf 90' lang='lat' dir='ltr'><strong>eos</strong></span> <span class='ocrx_word' id='word_1_746' title='bbox 758 4769 850 4839; x_wconf 91' lang='lat' dir='ltr'><strong>qui</strong></span> <span class='ocrx_word' id='word_1_747' title='bbox 893 4770 945 4824; x_wconf 90' lang='lat' dir='ltr'><strong>in</strong></span> <span class='ocrx_word' id='word_1_748' title='bbox 973 4770 1264 4841; x_wconf 67' lang='lat' dir='ltr'><strong>IEgyptum</strong></span> <span class='ocrx_word' id='word_1_749' title='bbox 1307 4772 1729 4846; x_wconf 89' lang='lat' dir='ltr'><strong>transfugerunt,</strong></span> <span class='ocrx_word' id='word_1_750' title='bbox 1779 4785 1834 4830; x_wconf 93' lang='lat' dir='ltr'><strong>et</strong></span> <span class='ocrx_word' id='word_1_751' title='bbox 1876 4776 1966 4846; x_wconf 89' lang='lat' dir='ltr'><strong>qui</strong></span> <span class='ocrx_word' id='word_1_752' title='bbox 2012 4792 2099 4831; x_wconf 87' lang='lat' dir='ltr'><strong>re-</strong></span> 
     </span>
    </p>
   </div>
   <div class='ocr_carea' id='block_1_95' title="bbox 528 4861 2098 4927">
    <p class='ocr_par' dir='ltr' id='par_1_95' title="bbox 528 4861 2098 4927">
     <span class='ocr_line' id='line_1_95' title="bbox 528 4861 2098 4927; baseline 0.006 -14"><span class='ocrx_word' id='word_1_753' title='bbox 528 4870 846 4914; x_wconf 88' lang='lat' dir='ltr'><strong>manserunt</strong></span> <span class='ocrx_word' id='word_1_754' title='bbox 891 4861 944 4915; x_wconf 91' lang='lat' dir='ltr'><strong>in</strong></span> <span class='ocrx_word' id='word_1_755' title='bbox 989 4863 1122 4917; x_wconf 88' lang='lat' dir='ltr'><strong>urbe</strong></span> <span class='ocrx_word' id='word_1_756' title='bbox 1149 4865 1288 4926; x_wconf 91' lang='lat' dir='ltr'><strong>hac,</strong></span> <span class='ocrx_word' id='word_1_757' title='bbox 1335 4865 1388 4919; x_wconf 91' lang='lat' dir='ltr'><strong>in</strong></span> <span class='ocrx_word' id='word_1_758' title='bbox 1430 4866 1806 4927; x_wconf 80' lang='lat' dir='ltr'><strong>vexationem,</strong></span> <span class='ocrx_word' id='word_1_759' title='bbox 1852 4865 2098 4922; x_wconf 73' lang='lat' dir='ltr'><strong>afﬂictio-</strong></span> 
     </span>
    </p>
   </div>
   <div class='ocr_carea' id='block_1_96' title="bbox 529 4952 2102 5026">
    <p class='ocr_par' dir='ltr' id='par_1_96' title="bbox 529 4952 2102 5026">
     <span class='ocr_line' id='line_1_96' title="bbox 529 4952 2102 5026; baseline 0.004 -21"><span class='ocrx_word' id='word_1_760' title='bbox 529 4966 780 5020; x_wconf 88' lang='lat' dir='ltr'><strong>uemque,</strong></span> <span class='ocrx_word' id='word_1_761' title='bbox 801 4952 1050 5008; x_wconf 87' lang='lat' dir='ltr'><strong>omnibus</strong></span> <span class='ocrx_word' id='word_1_762' title='bbox 1076 4954 1253 5024; x_wconf 86' lang='lat' dir='ltr'><strong>regnis</strong></span> <span class='ocrx_word' id='word_1_763' title='bbox 1278 4953 1624 5023; x_wconf 74' lang='lat' dir='ltr'><strong>terrannfra</strong></span> <span class='ocrx_word' id='word_1_764' title='bbox 1647 4955 1800 5026; x_wconf 72' lang='grc' dir='ltr'><strong>χιιι).</strong></span> <span class='ocrx_word' id='word_1_765' title='bbox 1827 4973 1845 5006; x_wconf 72' lang='grc' dir='ltr'><strong>ι</strong></span> <span class='ocrx_word' id='word_1_766' title='bbox 1878 4955 2102 5022; x_wconf 87' lang='lat' dir='ltr'><strong>Quando</strong></span> 
     </span>
    </p>
   </div>
   <div class='ocr_carea' id='block_1_97' title="bbox 529 5043 2107 5116">
    <p class='ocr_par' dir='ltr' id='par_1_97' title="bbox 529 5043 2107 5116">
     <span class='ocr_line' id='line_1_97' title="bbox 529 5043 2107 5116; baseline 0.003 -18"><span class='ocrx_word' id='word_1_767' title='bbox 529 5044 583 5098; x_wconf 90' lang='lat' dir='ltr'><strong>in</strong></span> <span class='ocrx_word' id='word_1_768' title='bbox 613 5043 848 5116; x_wconf 65' lang='lat' dir='ltr'><strong>Egypto</strong></span> <span class='ocrx_word' id='word_1_769' title='bbox 892 5060 1105 5114; x_wconf 89' lang='lat' dir='ltr'><strong>quoque</strong></span> <span class='ocrx_word' id='word_1_770' title='bbox 1143 5047 1288 5116; x_wconf 90' lang='lat' dir='ltr'><strong>capti</strong></span> <span class='ocrx_word' id='word_1_771' title='bbox 1337 5055 1490 5109; x_wconf 89' lang='lat' dir='ltr'><strong>sunt,</strong></span> <span class='ocrx_word' id='word_1_772' title='bbox 1535 5057 1589 5100; x_wconf 93' lang='lat' dir='ltr'><strong>et</strong></span> <span class='ocrx_word' id='word_1_773' title='bbox 1615 5046 2107 5103; x_wconf 87' lang='lat' dir='ltr'><strong>Nabuchodonosor</strong></span> 
     </span>
    </p>
   </div>
   <div class='ocr_carea' id='block_1_98' title="bbox 529 5136 2108 5210">
    <p class='ocr_par' dir='ltr' id='par_1_98' title="bbox 529 5136 2108 5210">
     <span class='ocr_line' id='line_1_98' title="bbox 529 5136 2108 5210; baseline 0.004 -20"><span class='ocrx_word' id='word_1_774' title='bbox 529 5136 707 5204; x_wconf 84' lang='lat' dir='ltr'><strong>posuit</strong></span> <span class='ocrx_word' id='word_1_775' title='bbox 745 5136 800 5191; x_wconf 90' lang='lat' dir='ltr'><strong>in</strong></span> <span class='ocrx_word' id='word_1_776' title='bbox 843 5137 1082 5206; x_wconf 88' lang='lat' dir='ltr'><strong>Taphnis</strong></span> <span class='ocrx_word' id='word_1_777' title='bbox 1122 5137 1314 5192; x_wconf 91' lang='lat' dir='ltr'><strong>solium</strong></span> <span class='ocrx_word' id='word_1_778' title='bbox 1342 5154 1518 5202; x_wconf 86' lang='lat' dir='ltr'><strong>suum,</strong></span> <span class='ocrx_word' id='word_1_779' title='bbox 1548 5139 1800 5208; x_wconf 90' lang='lat' dir='ltr'><strong>misitque</strong></span> <span class='ocrx_word' id='word_1_780' title='bbox 1829 5155 1990 5210; x_wconf 87' lang='lat' dir='ltr'><strong>super</strong></span> <span class='ocrx_word' id='word_1_781' title='bbox 2013 5155 2108 5196; x_wconf 91' lang='lat' dir='ltr'><strong>eos</strong></span> 
     </span>
    </p>
   </div>
   <div class='ocr_carea' id='block_1_99' title="bbox 530 5222 2106 5298">
    <p class='ocr_par' dir='ltr' id='par_1_99' title="bbox 530 5222 2106 5298">
     <span class='ocr_line' id='line_1_99' title="bbox 530 5222 2106 5298; baseline 0.004 -19"><span class='ocrx_word' id='word_1_782' title='bbox 530 5222 792 5280; x_wconf 85' lang='lat' dir='ltr'><strong>Dominus</strong></span> <span class='ocrx_word' id='word_1_783' title='bbox 828 5225 1084 5296; x_wconf 86' lang='lat' dir='ltr'><strong>gladium,</strong></span> <span class='ocrx_word' id='word_1_784' title='bbox 1129 5225 1348 5291; x_wconf 89' lang='lat' dir='ltr'><strong>famem,</strong></span> <span class='ocrx_word' id='word_1_785' title='bbox 1394 5235 1449 5281; x_wconf 89' lang='lat' dir='ltr'><strong>et</strong></span> <span class='ocrx_word' id='word_1_786' title='bbox 1489 5237 1716 5298; x_wconf 84' lang='lat' dir='ltr'><strong>pestem,</strong></span> <span class='ocrx_word' id='word_1_787' title='bbox 1765 5229 1936 5285; x_wconf 88' lang='lat' dir='ltr'><strong>donec</strong></span> <span class='ocrx_word' id='word_1_788' title='bbox 1981 5246 2106 5284; x_wconf 63' lang='lat' dir='ltr'><strong>cono</strong></span> 
     </span>
    </p>
   </div>
   <div class='ocr_carea' id='block_1_100' title="bbox 529 5317 2102 5387">
    <p class='ocr_par' dir='ltr' id='par_1_100' title="bbox 529 5317 2102 5387">
     <span class='ocr_line' id='line_1_100' title="bbox 529 5317 2102 5387; baseline 0.002 -16"><span class='ocrx_word' id='word_1_789' title='bbox 529 5324 872 5372; x_wconf 85' lang='lat' dir='ltr'><strong>sumerentur</strong></span> <span class='ocrx_word' id='word_1_790' title='bbox 914 5317 980 5371; x_wconf 88' lang='lat' dir='ltr'><strong>de</strong></span> <span class='ocrx_word' id='word_1_791' title='bbox 1025 5325 1170 5371; x_wconf 89' lang='lat' dir='ltr'><strong>terra</strong></span> <span class='ocrx_word' id='word_1_792' title='bbox 1219 5331 1382 5387; x_wconf 87' lang='lat' dir='ltr'><strong>quam</strong></span> <span class='ocrx_word' id='word_1_793' title='bbox 1424 5317 1572 5372; x_wconf 89' lang='lat' dir='ltr'><strong>dedit</strong></span> <span class='ocrx_word' id='word_1_794' title='bbox 1613 5319 1858 5387; x_wconf 86' lang='lat' dir='ltr'><strong>patribus</strong></span> <span class='ocrx_word' id='word_1_795' title='bbox 1895 5334 2102 5374; x_wconf 90' lang='lat' dir='ltr'><strong>eorum.</strong></span> 
     </span>
    </p>
   </div>
   <div class='ocr_carea' id='block_1_101' title="bbox 529 5406 2102 5473">
    <p class='ocr_par' dir='ltr' id='par_1_101' title="bbox 529 5406 2102 5473">
     <span class='ocr_line' id='line_1_101' title="bbox 529 5406 2102 5473; baseline 0.004 -15"><span class='ocrx_word' id='word_1_796' title='bbox 529 5406 684 5473; x_wconf 83' lang='lat' dir='ltr'><strong>Quod</strong></span> <span class='ocrx_word' id='word_1_797' title='bbox 723 5414 906 5462; x_wconf 90' lang='lat' dir='ltr'><strong>autem</strong></span> <span class='ocrx_word' id='word_1_798' title='bbox 952 5409 1088 5463; x_wconf 81' lang='lat' dir='ltr'><strong>dixit</strong></span> <span class='ocrx_word' id='word_1_799' title='bbox 1127 5409 1193 5464; x_wconf 91' lang='lat' dir='ltr'><strong>de</strong></span> <span class='ocrx_word' id='word_1_800' title='bbox 1237 5408 1351 5463; x_wconf 88' lang='lat' dir='ltr'><strong>ﬁcis</strong></span> <span class='ocrx_word' id='word_1_801' title='bbox 1395 5408 1587 5463; x_wconf 91' lang='lat' dir='ltr'><strong>bonis:</strong></span> <span class='ocrx_word' id='word_1_802' title='bbox 1622 5427 1641 5459; x_wconf 77' lang='grc' dir='ltr'><strong>ι</strong></span> <span class='ocrx_word' id='word_1_803' title='bbox 1675 5409 1823 5464; x_wconf 90' lang='lat' dir='ltr'><strong>Dabo</strong></span> <span class='ocrx_word' id='word_1_804' title='bbox 1866 5409 1946 5464; x_wconf 90' lang='lat' dir='ltr'><strong>eis</strong></span> <span class='ocrx_word' id='word_1_805' title='bbox 1989 5425 2102 5473; x_wconf 89' lang='lat' dir='ltr'><strong>cor,</strong></span> 
     </span>
    </p>
   </div>
   <div class='ocr_carea' id='block_1_102' title="bbox 530 5498 2108 5569">
    <p class='ocr_par' dir='ltr' id='par_1_102' title="bbox 530 5498 2108 5569">
     <span class='ocr_line' id='line_1_102' title="bbox 530 5498 2108 5569; baseline 0.003 -19"><span class='ocrx_word' id='word_1_806' title='bbox 530 5505 593 5551; x_wconf 83' lang='lat' dir='ltr'><strong>ut</strong></span> <span class='ocrx_word' id='word_1_807' title='bbox 635 5498 810 5553; x_wconf 79' lang='lat' dir='ltr'><strong>Sciant</strong></span> <span class='ocrx_word' id='word_1_808' title='bbox 851 5514 959 5563; x_wconf 87' lang='lat' dir='ltr'><strong>me,</strong></span> <span class='ocrx_word' id='word_1_809' title='bbox 988 5500 1114 5568; x_wconf 90' lang='lat' dir='ltr'><strong>quia</strong></span> <span class='ocrx_word' id='word_1_810' title='bbox 1159 5515 1259 5569; x_wconf 87' lang='lat' dir='ltr'><strong>ego</strong></span> <span class='ocrx_word' id='word_1_811' title='bbox 1300 5514 1420 5554; x_wconf 90' lang='lat' dir='ltr'><strong>sum</strong></span> <span class='ocrx_word' id='word_1_812' title='bbox 1447 5499 1726 5564; x_wconf 87' lang='lat' dir='ltr'><strong>Dominus,</strong></span> <span class='ocrx_word' id='word_1_813' title='bbox 1761 5518 1779 5551; x_wconf 76' lang='grc' dir='ltr'><strong>ι</strong></span> <span class='ocrx_word' id='word_1_814' title='bbox 1825 5499 1898 5553; x_wconf 93' lang='lat' dir='ltr'><strong>illi</strong></span> <span class='ocrx_word' id='word_1_815' title='bbox 1934 5499 2108 5554; x_wconf 91' lang='lat' dir='ltr'><strong>simile</strong></span> 
     </span>
    </p>
   </div>
   <div class='ocr_carea' id='block_1_103' title="bbox 531 5589 2106 5659">
    <p class='ocr_par' dir='ltr' id='par_1_103' title="bbox 531 5589 2106 5659">
     <span class='ocr_line' id='line_1_103' title="bbox 531 5589 2106 5659; baseline 0.002 -19"><span class='ocrx_word' id='word_1_816' title='bbox 531 5595 618 5640; x_wconf 83' lang='lat' dir='ltr'><strong>est</strong></span> <span class='ocrx_word' id='word_1_817' title='bbox 653 5589 989 5657; x_wconf 85' lang='lat' dir='ltr'><strong>apostolico:</strong></span> <span class='ocrx_word' id='word_1_818' title='bbox 1023 5609 1042 5640; x_wconf 75' lang='grc' dir='ltr'><strong>ι</strong></span> <span class='ocrx_word' id='word_1_819' title='bbox 1075 5591 1216 5645; x_wconf 86' lang='lat' dir='ltr'><strong>Deus</strong></span> <span class='ocrx_word' id='word_1_820' title='bbox 1257 5599 1362 5656; x_wconf 90' lang='lat' dir='ltr'><strong>est,</strong></span> <span class='ocrx_word' id='word_1_821' title='bbox 1405 5590 1496 5659; x_wconf 90' lang='lat' dir='ltr'><strong>qui</strong></span> <span class='ocrx_word' id='word_1_822' title='bbox 1536 5598 1793 5659; x_wconf 89' lang='lat' dir='ltr'><strong>operatur</strong></span> <span class='ocrx_word' id='word_1_823' title='bbox 1833 5590 1887 5643; x_wconf 90' lang='lat' dir='ltr'><strong>in</strong></span> <span class='ocrx_word' id='word_1_824' title='bbox 1932 5590 2106 5654; x_wconf 91' lang='lat' dir='ltr'><strong>vobis,</strong></span> 
     </span>
    </p>
   </div>
   <div class='ocr_carea' id='block_1_104' title="bbox 530 5679 2108 5751">
    <p class='ocr_par' dir='ltr' id='par_1_104' title="bbox 530 5679 2108 5751">
     <span class='ocr_line' id='line_1_104' title="bbox 530 5679 2108 5751; baseline 0.003 -21"><span class='ocrx_word' id='word_1_825' title='bbox 530 5686 590 5731; x_wconf 83' lang='lat' dir='ltr'><strong>et</strong></span> <span class='ocrx_word' id='word_1_826' title='bbox 623 5679 758 5734; x_wconf 83' lang='lat' dir='ltr'><strong>velle</strong></span> <span class='ocrx_word' id='word_1_827' title='bbox 796 5689 852 5734; x_wconf 90' lang='lat' dir='ltr'><strong>et</strong></span> <span class='ocrx_word' id='word_1_828' title='bbox 891 5681 1151 5750; x_wconf 85' lang='lat' dir='ltr'><strong>perﬁcere</strong></span> <span class='ocrx_word' id='word_1_829' title='bbox 1177 5679 1397 5751; x_wconf 79' lang='lat' dir='ltr'><strong>(Philip.</strong></span> <span class='ocrx_word' id='word_1_830' title='bbox 1425 5681 1511 5751; x_wconf 86' lang='grc' dir='ltr'><strong>ιι).</strong></span> <span class='ocrx_word' id='word_1_831' title='bbox 1543 5701 1561 5734; x_wconf 76' lang='grc' dir='ltr'><strong>ι</strong></span> <span class='ocrx_word' id='word_1_832' title='bbox 1608 5681 1762 5748; x_wconf 86' lang='lat' dir='ltr'><strong>Quod</strong></span> <span class='ocrx_word' id='word_1_833' title='bbox 1797 5696 1902 5736; x_wconf 92' lang='lat' dir='ltr'><strong>non</strong></span> <span class='ocrx_word' id='word_1_834' title='bbox 1937 5681 2108 5736; x_wconf 90' lang='lat' dir='ltr'><strong>solum</strong></span> 
     </span>
    </p>
   </div>
   <div class='ocr_carea' id='block_1_105' title="bbox 534 5770 2107 5837">
    <p class='ocr_par' dir='ltr' id='par_1_105' title="bbox 534 5770 2107 5837">
     <span class='ocr_line' id='line_1_105' title="bbox 534 5770 2107 5837; baseline 0.001 -15"><span class='ocrx_word' id='word_1_835' title='bbox 534 5781 718 5837; x_wconf 65' lang='lat' dir='ltr'><strong>opera,</strong></span> <span class='ocrx_word' id='word_1_836' title='bbox 759 5773 854 5826; x_wconf 84' lang='lat' dir='ltr'><strong>sed</strong></span> <span class='ocrx_word' id='word_1_837' title='bbox 897 5780 952 5825; x_wconf 87' lang='lat' dir='ltr'><strong>et</strong></span> <span class='ocrx_word' id='word_1_838' title='bbox 989 5771 1237 5826; x_wconf 86' lang='lat' dir='ltr'><strong>voluntas</strong></span> <span class='ocrx_word' id='word_1_839' title='bbox 1282 5781 1464 5827; x_wconf 88' lang='lat' dir='ltr'><strong>nostra</strong></span> <span class='ocrx_word' id='word_1_840' title='bbox 1508 5771 1603 5828; x_wconf 87' lang='lat' dir='ltr'><strong>Dei</strong></span> <span class='ocrx_word' id='word_1_841' title='bbox 1641 5771 1848 5826; x_wconf 86' lang='lat' dir='ltr'><strong>nitatur</strong></span> <span class='ocrx_word' id='word_1_842' title='bbox 1885 5770 2107 5826; x_wconf 79' lang='lat' dir='ltr'><strong>auxilio.</strong></span> 
     </span>
    </p>
   </div>
   <div class='ocr_carea' id='block_1_106' title="bbox 2203 4675 3823 4748">
    <p class='ocr_par' dir='ltr' id='par_1_106' title="bbox 2203 4675 3823 4748">
     <span class='ocr_line' id='line_1_106' title="bbox 2203 4675 3823 4748; baseline -0.001 -17"><span class='ocrx_word' id='word_1_843' title='bbox 2203 4677 2420 4748; x_wconf 86' lang='lat' dir='ltr'><strong>triginta</strong></span> <span class='ocrx_word' id='word_1_844' title='bbox 2446 4686 2502 4732; x_wconf 92' lang='lat' dir='ltr'><strong>et</strong></span> <span class='ocrx_word' id='word_1_845' title='bbox 2529 4692 2655 4739; x_wconf 90' lang='lat' dir='ltr'><strong>uno,</strong></span> <span class='ocrx_word' id='word_1_846' title='bbox 2685 4675 2948 4731; x_wconf 85' lang='lat' dir='ltr'><strong>Jeremias</strong></span> <span class='ocrx_word' id='word_1_847' title='bbox 2989 4677 3314 4747; x_wconf 86' lang='lat' dir='ltr'><strong>prophetare</strong></span> <span class='ocrx_word' id='word_1_848' title='bbox 3341 4691 3573 4730; x_wconf 77' lang='lat' dir='ltr'><strong>exorsus</strong></span> <span class='ocrx_word' id='word_1_849' title='bbox 3612 4686 3700 4731; x_wconf 90' lang='lat' dir='ltr'><strong>est</strong></span> <span class='ocrx_word' id='word_1_850' title='bbox 3731 4685 3786 4731; x_wconf 83' lang='lat' dir='ltr'><strong>et</strong></span> <span class='ocrx_word' id='word_1_851' title='bbox 3819 4734 3823 4736; x_wconf 89' lang='lat'>_</span> 
     </span>
    </p>
   </div>
   <div class='ocr_carea' id='block_1_107' title="bbox 2200 4765 3784 4835">
    <p class='ocr_par' dir='ltr' id='par_1_107' title="bbox 2200 4765 3784 4835">
     <span class='ocr_line' id='line_1_107' title="bbox 2200 4765 3784 4835; baseline 0.001 -16"><span class='ocrx_word' id='word_1_852' title='bbox 2200 4766 2542 4835; x_wconf 86' lang='lat' dir='ltr'><strong>prophetavit</strong></span> <span class='ocrx_word' id='word_1_853' title='bbox 2571 4765 2672 4820; x_wconf 90' lang='lat' dir='ltr'><strong>sub</strong></span> <span class='ocrx_word' id='word_1_854' title='bbox 2695 4781 2761 4821; x_wconf 91' lang='lat' dir='ltr'><strong>eo</strong></span> <span class='ocrx_word' id='word_1_855' title='bbox 2800 4766 2956 4820; x_wconf 88' lang='lat' dir='ltr'><strong>annis</strong></span> <span class='ocrx_word' id='word_1_856' title='bbox 2979 4773 3164 4820; x_wconf 82' lang='lat' dir='ltr'><strong>decem</strong></span> <span class='ocrx_word' id='word_1_857' title='bbox 3199 4773 3253 4819; x_wconf 89' lang='lat' dir='ltr'><strong>et</strong></span> <span class='ocrx_word' id='word_1_858' title='bbox 3275 4780 3490 4819; x_wconf 88' lang='lat' dir='ltr'><strong>novem.</strong></span> <span class='ocrx_word' id='word_1_859' title='bbox 3523 4765 3620 4820; x_wconf 81' lang='lat' dir='ltr'><strong>Cui</strong></span> <span class='ocrx_word' id='word_1_860' title='bbox 3665 4781 3784 4820; x_wconf 77' lang='lat' dir='ltr'><strong>suc-</strong></span> 
     </span>
    </p>
   </div>
   <div class='ocr_carea' id='block_1_108' title="bbox 2202 4853 3786 4925">
    <p class='ocr_par' dir='ltr' id='par_1_108' title="bbox 2202 4853 3786 4925">
     <span class='ocr_line' id='line_1_108' title="bbox 2202 4853 3786 4925; baseline -0.002 -14"><span class='ocrx_word' id='word_1_861' title='bbox 2202 4858 2366 4911; x_wconf 87' lang='lat' dir='ltr'><strong>cessit</strong></span> <span class='ocrx_word' id='word_1_862' title='bbox 2395 4856 2448 4909; x_wconf 92' lang='lat' dir='ltr'><strong>in</strong></span> <span class='ocrx_word' id='word_1_863' title='bbox 2488 4870 2713 4925; x_wconf 90' lang='lat' dir='ltr'><strong>regnum</strong></span> <span class='ocrx_word' id='word_1_864' title='bbox 2749 4855 2890 4908; x_wconf 88' lang='lat' dir='ltr'><strong>ﬁlius</strong></span> <span class='ocrx_word' id='word_1_865' title='bbox 2915 4853 3032 4922; x_wconf 86' lang='lat' dir='ltr'><strong>ejus</strong></span> <span class='ocrx_word' id='word_1_866' title='bbox 3059 4853 3316 4918; x_wconf 81' lang='lat' dir='ltr'><strong>Joacbaz,</strong></span> <span class='ocrx_word' id='word_1_867' title='bbox 3344 4869 3454 4924; x_wconf 90' lang='lat' dir='ltr'><strong>quo</strong></span> <span class='ocrx_word' id='word_1_868' title='bbox 3478 4855 3664 4909; x_wconf 89' lang='lat' dir='ltr'><strong>statim</strong></span> <span class='ocrx_word' id='word_1_869' title='bbox 3687 4857 3786 4909; x_wconf 85' lang='lat' dir='ltr'><strong>du-</strong></span> 
     </span>
    </p>
   </div>
   <div class='ocr_carea' id='block_1_109' title="bbox 2201 4945 3784 5017">
    <p class='ocr_par' dir='ltr' id='par_1_109' title="bbox 2201 4945 3784 5017">
     <span class='ocr_line' id='line_1_109' title="bbox 2201 4945 3784 5017; baseline -0.002 -15"><span class='ocrx_word' id='word_1_870' title='bbox 2201 4956 2289 5003; x_wconf 92' lang='lat' dir='ltr'><strong>cto</strong></span> <span class='ocrx_word' id='word_1_871' title='bbox 2315 4948 2368 5002; x_wconf 94' lang='lat' dir='ltr'><strong>in</strong></span> <span class='ocrx_word' id='word_1_872' title='bbox 2396 4947 2760 5016; x_wconf 86' lang='lat' dir='ltr'><strong>captivitatem</strong></span> <span class='ocrx_word' id='word_1_873' title='bbox 2799 4961 2830 5000; x_wconf 88' lang='lat' dir='ltr'><strong>a</strong></span> <span class='ocrx_word' id='word_1_874' title='bbox 2852 4945 3066 5000; x_wconf 86' lang='lat' dir='ltr'><strong>Nechao</strong></span> <span class='ocrx_word' id='word_1_875' title='bbox 3095 4961 3222 5017; x_wconf 89' lang='lat' dir='ltr'><strong>rege</strong></span> <span class='ocrx_word' id='word_1_876' title='bbox 3247 4945 3528 5017; x_wconf 62' lang='lat' dir='ltr'><strong>Egyptio,</strong></span> <span class='ocrx_word' id='word_1_877' title='bbox 3557 4961 3784 5017; x_wconf 83' lang='lat' dir='ltr'><strong>regnum</strong></span> 
     </span>
    </p>
   </div>
   <div class='ocr_carea' id='block_1_110' title="bbox 2207 5037 3784 5108">
    <p class='ocr_par' dir='ltr' id='par_1_110' title="bbox 2207 5037 3784 5108">
     <span class='ocr_line' id='line_1_110' title="bbox 2207 5037 3784 5108; baseline -0.003 -14"><span class='ocrx_word' id='word_1_878' title='bbox 2207 5040 2440 5094; x_wconf 90' lang='lat' dir='ltr'><strong>obtinuit</strong></span> <span class='ocrx_word' id='word_1_879' title='bbox 2465 5038 2708 5093; x_wconf 86' lang='lat' dir='ltr'><strong>Joachim</strong></span> <span class='ocrx_word' id='word_1_880' title='bbox 2735 5037 2905 5094; x_wconf 87' lang='lat' dir='ltr'><strong>frater</strong></span> <span class='ocrx_word' id='word_1_881' title='bbox 2929 5037 3048 5107; x_wconf 87' lang='lat' dir='ltr'><strong>ejus</strong></span> <span class='ocrx_word' id='word_1_882' title='bbox 3074 5037 3122 5108; x_wconf 88' lang='lat' dir='ltr'><strong>(l</strong></span> <span class='ocrx_word' id='word_1_883' title='bbox 3139 5037 3179 5091; x_wconf 87' lang='lat' dir='ltr'><strong><em>V</em></strong></span> <span class='ocrx_word' id='word_1_884' title='bbox 3207 5037 3335 5108; x_wconf 79' lang='lat' dir='ltr'><strong>Reg.</strong></span> <span class='ocrx_word' id='word_1_885' title='bbox 3365 5037 3551 5105; x_wconf 71' lang='lat' dir='ltr'><strong>uni).</strong></span> <span class='ocrx_word' id='word_1_886' title='bbox 3584 5037 3641 5091; x_wconf 87' lang='lat' dir='ltr'><strong>In</strong></span> <span class='ocrx_word' id='word_1_887' title='bbox 3683 5053 3784 5090; x_wconf 87' lang='lat' dir='ltr'><strong>cu-</strong></span> 
     </span>
    </p>
   </div>
   <div class='ocr_carea' id='block_1_111' title="bbox 2202 5127 3786 5202">
    <p class='ocr_par' dir='ltr' id='par_1_111' title="bbox 2202 5127 3786 5202">
     <span class='ocr_line' id='line_1_111' title="bbox 2202 5127 3786 5202; baseline -0.004 -16"><span class='ocrx_word' id='word_1_888' title='bbox 2202 5131 2294 5202; x_wconf 90' lang='lat' dir='ltr'><strong>jus</strong></span> <span class='ocrx_word' id='word_1_889' title='bbox 2332 5132 2479 5202; x_wconf 84' lang='lat' dir='ltr'><strong>regni</strong></span> <span class='ocrx_word' id='word_1_890' title='bbox 2525 5139 2718 5201; x_wconf 89' lang='lat' dir='ltr'><strong>quarto</strong></span> <span class='ocrx_word' id='word_1_891' title='bbox 2761 5146 2904 5186; x_wconf 90' lang='lat' dir='ltr'><strong>anno</strong></span> <span class='ocrx_word' id='word_1_892' title='bbox 2933 5131 3035 5185; x_wconf 89' lang='lat' dir='ltr'><strong>iste</strong></span> <span class='ocrx_word' id='word_1_893' title='bbox 3076 5130 3144 5184; x_wconf 90' lang='lat' dir='ltr'><strong>ad</strong></span> <span class='ocrx_word' id='word_1_894' title='bbox 3179 5129 3470 5185; x_wconf 84' lang='lat' dir='ltr'><strong>Jeremiam</strong></span> <span class='ocrx_word' id='word_1_895' title='bbox 3519 5142 3697 5183; x_wconf 86' lang='lat' dir='ltr'><strong>sermo</strong></span> <span class='ocrx_word' id='word_1_896' title='bbox 3729 5127 3786 5179; x_wconf 87' lang='lat' dir='ltr'><strong>tit</strong></span> 
     </span>
    </p>
   </div>
   <div class='ocr_carea' id='block_1_112' title="bbox 2207 5214 3781 5291">
    <p class='ocr_par' dir='ltr' id='par_1_112' title="bbox 2207 5214 3781 5291">
     <span class='ocr_line' id='line_1_112' title="bbox 2207 5214 3781 5291; baseline -0.006 -14"><span class='ocrx_word' id='word_1_897' title='bbox 2207 5222 2439 5286; x_wconf 93' lang='lat' dir='ltr'><strong>Domini,</strong></span> <span class='ocrx_word' id='word_1_898' title='bbox 2471 5236 2536 5276; x_wconf 87' lang='lat' dir='ltr'><strong>ac</strong></span> <span class='ocrx_word' id='word_1_899' title='bbox 2559 5236 2657 5291; x_wconf 88' lang='lat' dir='ltr'><strong>per</strong></span> <span class='ocrx_word' id='word_1_900' title='bbox 2682 5223 2786 5276; x_wconf 91' lang='lat' dir='ltr'><strong>hoc</strong></span> <span class='ocrx_word' id='word_1_901' title='bbox 2816 5222 3106 5276; x_wconf 88' lang='lat' dir='ltr'><strong>vicesimus</strong></span> <span class='ocrx_word' id='word_1_902' title='bbox 3134 5220 3323 5274; x_wconf 90' lang='lat' dir='ltr'><strong>tertius</strong></span> <span class='ocrx_word' id='word_1_903' title='bbox 3345 5233 3523 5272; x_wconf 89' lang='lat' dir='ltr'><strong>annus</strong></span> <span class='ocrx_word' id='word_1_904' title='bbox 3550 5225 3670 5271; x_wconf 87' lang='lat' dir='ltr'><strong>erat</strong></span> <span class='ocrx_word' id='word_1_905' title='bbox 3692 5214 3781 5269; x_wconf 76' lang='lat' dir='ltr'><strong>Je-</strong></span> 
     </span>
    </p>
   </div>
   <div class='ocr_carea' id='block_1_113' title="bbox 2206 5306 3783 5383">
    <p class='ocr_par' dir='ltr' id='par_1_113' title="bbox 2206 5306 3783 5383">
     <span class='ocr_line' id='line_1_113' title="bbox 2206 5306 3783 5383; baseline -0.007 -15"><span class='ocrx_word' id='word_1_906' title='bbox 2206 5313 2390 5369; x_wconf 82' lang='lat' dir='ltr'><strong>remiae</strong></span> <span class='ocrx_word' id='word_1_907' title='bbox 2421 5313 2716 5383; x_wconf 66' lang='lat' dir='ltr'><strong>prophetat,</strong></span> <span class='ocrx_word' id='word_1_908' title='bbox 2745 5327 2812 5366; x_wconf 78' lang='lat' dir='ltr'><strong>ex</strong></span> <span class='ocrx_word' id='word_1_909' title='bbox 2841 5327 2947 5381; x_wconf 89' lang='lat' dir='ltr'><strong>quo</strong></span> <span class='ocrx_word' id='word_1_910' title='bbox 2975 5309 3118 5379; x_wconf 89' lang='lat' dir='ltr'><strong>loqui</strong></span> <span class='ocrx_word' id='word_1_911' title='bbox 3147 5308 3310 5379; x_wconf 60' lang='lat' dir='ltr'><strong>coepit</strong></span> <span class='ocrx_word' id='word_1_912' title='bbox 3330 5310 3400 5362; x_wconf 83' lang='lat' dir='ltr'><strong>ad</strong></span> <span class='ocrx_word' id='word_1_913' title='bbox 3427 5306 3708 5377; x_wconf 88' lang='lat' dir='ltr'><strong>populum,</strong></span> <span class='ocrx_word' id='word_1_914' title='bbox 3731 5313 3783 5357; x_wconf 84' lang='lat' dir='ltr'><strong>et</strong></span> 
     </span>
    </p>
   </div>
   <div class='ocr_carea' id='block_1_114' title="bbox 2209 5393 3782 5473">
    <p class='ocr_par' dir='ltr' id='par_1_114' title="bbox 2209 5393 3782 5473">
     <span class='ocr_line' id='line_1_114' title="bbox 2209 5393 3782 5473; baseline -0.006 -16"><span class='ocrx_word' id='word_1_915' title='bbox 2209 5417 2484 5473; x_wconf 87' lang='lat' dir='ltr'><strong>nunquam</strong></span> <span class='ocrx_word' id='word_1_916' title='bbox 2511 5402 2808 5472; x_wconf 69' lang='lat' dir='ltr'><strong>praedicare</strong></span> <span class='ocrx_word' id='word_1_917' title='bbox 2828 5401 3064 5455; x_wconf 85' lang='lat' dir='ltr'><strong>cessavit</strong></span> <span class='ocrx_word' id='word_1_918' title='bbox 3093 5418 3106 5453; x_wconf 87' lang='lat'><strong>:</strong></span> <span class='ocrx_word' id='word_1_919' title='bbox 3136 5399 3228 5454; x_wconf 88' lang='lat' dir='ltr'><strong>sed</strong></span> <span class='ocrx_word' id='word_1_920' title='bbox 3255 5397 3480 5466; x_wconf 81' lang='lat' dir='ltr'><strong>singulis</strong></span> <span class='ocrx_word' id='word_1_921' title='bbox 3503 5397 3692 5452; x_wconf 87' lang='lat' dir='ltr'><strong>diebus</strong></span> <span class='ocrx_word' id='word_1_922' title='bbox 3711 5393 3782 5450; x_wconf 81' lang='lat' dir='ltr'><strong>di-</strong></span> 
     </span>
    </p>
   </div>
   <div class='ocr_carea' id='block_1_115' title="bbox 2209 5487 3783 5560">
    <p class='ocr_par' dir='ltr' id='par_1_115' title="bbox 2209 5487 3783 5560">
     <span class='ocr_line' id='line_1_115' title="bbox 2209 5487 3783 5560; baseline -0.005 -15"><span class='ocrx_word' id='word_1_923' title='bbox 2209 5491 2410 5558; x_wconf 82' lang='lat' dir='ltr'><strong>loculo,</strong></span> <span class='ocrx_word' id='word_1_924' title='bbox 2445 5500 2501 5546; x_wconf 89' lang='lat' dir='ltr'><strong>et</strong></span> <span class='ocrx_word' id='word_1_925' title='bbox 2527 5492 2593 5548; x_wconf 91' lang='lat' dir='ltr'><strong>de</strong></span> <span class='ocrx_word' id='word_1_926' title='bbox 2617 5501 2773 5546; x_wconf 88' lang='lat' dir='ltr'><strong>nocte</strong></span> <span class='ocrx_word' id='word_1_927' title='bbox 2817 5503 3148 5560; x_wconf 86' lang='lat' dir='ltr'><strong>consurgens</strong></span> <span class='ocrx_word' id='word_1_928' title='bbox 3177 5488 3498 5558; x_wconf 86' lang='lat' dir='ltr'><strong>loquebatur</strong></span> <span class='ocrx_word' id='word_1_929' title='bbox 3518 5487 3586 5540; x_wconf 89' lang='lat' dir='ltr'><strong>ad</strong></span> <span class='ocrx_word' id='word_1_930' title='bbox 3617 5499 3783 5555; x_wconf 81' lang='lat' dir='ltr'><strong>popu-</strong></span> 
     </span>
    </p>
   </div>
   <div class='ocr_carea' id='block_1_116' title="bbox 2211 5573 3782 5650">
    <p class='ocr_par' dir='ltr' id='par_1_116' title="bbox 2211 5573 3782 5650">
     <span class='ocr_line' id='line_1_116' title="bbox 2211 5573 3782 5650; baseline -0.005 -13"><span class='ocrx_word' id='word_1_931' title='bbox 2211 5582 2322 5638; x_wconf 91' lang='lat' dir='ltr'><strong>lum</strong></span> <span class='ocrx_word' id='word_1_932' title='bbox 2349 5601 2361 5636; x_wconf 91' lang='lat'>:</span> <span class='ocrx_word' id='word_1_933' title='bbox 2397 5601 2416 5634; x_wconf 75' lang='grc' dir='ltr'><strong>ι</strong></span> <span class='ocrx_word' id='word_1_934' title='bbox 2444 5590 2500 5638; x_wconf 90' lang='lat' dir='ltr'><strong>et</strong></span> <span class='ocrx_word' id='word_1_935' title='bbox 2527 5582 2854 5650; x_wconf 89' lang='lat' dir='ltr'><strong>non,inquit,</strong></span> <span class='ocrx_word' id='word_1_936' title='bbox 2883 5581 3130 5637; x_wconf 88' lang='lat' dir='ltr'><strong>audistis.</strong></span> <span class='ocrx_word' id='word_1_937' title='bbox 3160 5599 3179 5632; x_wconf 75' lang='grc' dir='ltr'><strong>ι</strong></span> <span class='ocrx_word' id='word_1_938' title='bbox 3216 5578 3311 5634; x_wconf 90' lang='lat' dir='ltr'><strong>Sin</strong></span> <span class='ocrx_word' id='word_1_939' title='bbox 3341 5588 3544 5639; x_wconf 82' lang='lat' dir='ltr'><strong>autem,</strong></span> <span class='ocrx_word' id='word_1_940' title='bbox 3571 5585 3634 5630; x_wconf 88' lang='lat' dir='ltr'><strong>ut</strong></span> <span class='ocrx_word' id='word_1_941' title='bbox 3658 5573 3782 5630; x_wconf 68' lang='lat' dir='ltr'><strong>nevi</strong></span> 
     </span>
    </p>
   </div>
   <div class='ocr_carea' id='block_1_117' title="bbox 2211 5665 3785 5736">
    <p class='ocr_par' dir='ltr' id='par_1_117' title="bbox 2211 5665 3785 5736">
     <span class='ocr_line' id='line_1_117' title="bbox 2211 5665 3785 5736; baseline -0.008 -7"><span class='ocrx_word' id='word_1_942' title='bbox 2211 5689 2277 5729; x_wconf 75' lang='lat' dir='ltr'><strong>ex</strong></span> <span class='ocrx_word' id='word_1_943' title='bbox 2301 5673 2571 5728; x_wconf 86' lang='lat' dir='ltr'><strong>veteribus</strong></span> <span class='ocrx_word' id='word_1_944' title='bbox 2592 5672 2831 5728; x_wconf 71' lang='lat' dir='ltr'><strong>hterelici</strong></span> <span class='ocrx_word' id='word_1_945' title='bbox 2853 5671 3058 5735; x_wconf 86' lang='lat' dir='ltr'><strong>volunt,</strong></span> <span class='ocrx_word' id='word_1_946' title='bbox 3082 5671 3165 5724; x_wconf 78' lang='lat' dir='ltr'><strong>lex</strong></span> <span class='ocrx_word' id='word_1_947' title='bbox 3189 5669 3354 5725; x_wconf 87' lang='lat' dir='ltr'><strong>semel</strong></span> <span class='ocrx_word' id='word_1_948' title='bbox 3380 5669 3434 5721; x_wconf 90' lang='lat' dir='ltr'><strong>iu</strong></span> <span class='ocrx_word' id='word_1_949' title='bbox 3460 5665 3785 5736; x_wconf 76' lang='lat' dir='ltr'><strong>adiutorium</strong></span> 
     </span>
    </p>
   </div>
   <div class='ocr_carea' id='block_1_118' title="bbox 2213 5759 3784 5834">
    <p class='ocr_par' dir='ltr' id='par_1_118' title="bbox 2213 5759 3784 5834">
     <span class='ocr_line' id='line_1_118' title="bbox 2213 5759 3784 5834; baseline -0.006 -14"><span class='ocrx_word' id='word_1_950' title='bbox 2213 5766 2334 5821; x_wconf 87' lang='lat' dir='ltr'><strong>data</strong></span> <span class='ocrx_word' id='word_1_951' title='bbox 2371 5774 2474 5832; x_wconf 87' lang='lat' dir='ltr'><strong>est,</strong></span> <span class='ocrx_word' id='word_1_952' title='bbox 2516 5774 2569 5821; x_wconf 92' lang='lat' dir='ltr'><strong>et</strong></span> <span class='ocrx_word' id='word_1_953' title='bbox 2601 5766 2895 5820; x_wconf 86' lang='lat' dir='ltr'><strong>constituta</strong></span> <span class='ocrx_word' id='word_1_954' title='bbox 2933 5772 3219 5834; x_wconf 70' lang='lat' dir='ltr'><strong>praecepta,</strong></span> <span class='ocrx_word' id='word_1_955' title='bbox 3263 5777 3384 5832; x_wconf 69' lang='lat' dir='ltr'><strong>qua:</strong></span> <span class='ocrx_word' id='word_1_956' title='bbox 3439 5759 3612 5816; x_wconf 86' lang='lat' dir='ltr'><strong>nostri</strong></span> <span class='ocrx_word' id='word_1_957' title='bbox 3649 5759 3784 5812; x_wconf 77' lang='lat' dir='ltr'><strong>arbi-</strong></span> 
     </span>
    </p>
   </div>
  </div>
