4022 6186
286 251 400 304 ξ)θῖ

1212 249 1570 308 EXPOSITIO
1607 247 1830 305 SUPER
1870 243 2232 302 JEREMIAM.
2275 276 2338 290 -ο
2384 247 2508 302 LIB.
2553 246 2615 303 Χ.

3418 255 3519 312 θυι

288 369 384 422 trli
414 365 709 428 voluntate,
739 365 821 420 vel
862 365 1104 430 facimus,
1145 367 1229 419 vel
1265 382 1371 422 non
1414 362 1671 428 facimus;
1718 374 1851 430 quo-
1883 361 1932 419 Α
1958 368 2042 412 cal
2065 374 2280 414 servum
2311 367 2468 414 suum
2514 357 3040 428 Nabuchodonosor,
3078 379 3183 419 non
3216 366 3296 422 sic
3337 382 3526 426 servus

282 457 452 508 modo
481 453 741 523 propheta
770 467 828 507 se
856 468 1070 523 semper
1095 453 1312 523 ingerit,
1342 460 1398 506 et
1437 451 1675 521 quotidie
1699 450 1858 519 repli-

288 551 383 596 cat
418 541 667 594 mandata
703 541 820 606 Dei,
859 556 978 610 qua:
1003 541 1186 610 utique
1231 540 1392 595 semel
1441 548 1660 608 accepta
1701 538 1860 593 suile-

289 637 484 683 cerant
511 631 608 692 eis,
637 627 832 696 quibus
855 628 978 683 data
1023 627 1235 682 fuerant
1265 645 1279 682 :
1310 627 1413 682 nisi
1443 635 1500 682 ut
1542 628 1642 682 hoc
1679 635 1862 681 osten-

291 721 379 774 dat
417 720 510 772 Dei
556 734 654 773 nos
684 719 926 791 indigere
967 733 1178 789 semper
1205 717 1445 772 auxilio:
1492 726 1546 772 et
1588 731 1861 786 nunquam

290 823 452 877 posse
477 807 741 872 sufﬁcere,
770 806 912 876 quod
933 807 1098 862 semel
1125 807 1309 862 datum
1338 816 1422 860 est
1447 823 1460 859 :
1493 805 1595 860 nisi
1623 804 1862 876 quotidie

294 899 507 952 Domini
537 896 900 951 admonitione
926 897 1251 949 renovetur?

376 1009 394 1040 ι
435 990 500 1042 Et
542 988 688 1042 misit
734 988 990 1040 Dominus
1019 986 1085 1039 ad
1133 1001 1228 1039 vos
1281 1001 1469 1040 omnes
1513 999 1699 1041 servos
1736 997 1863 1040 suos

298 1098 319 1130 ι
357 1079 664 1149 prophetas,
688 1090 1015 1146 consurgens
1035 1074 1286 1138 diluculo,
1315 1075 1660 1144 mittensque,
1682 1081 1738 1130 et
1756 1089 1863 1128 non

295 1169 548 1224 audistis.
583 1185 602 1220 ι
627 1166 742 1222 Non
769 1181 866 1236 per
889 1181 1052 1220 unum
1074 1166 1412 1235 prophetam,
1436 1163 1528 1219 sed
1559 1178 1656 1234 per
1675 1178 1865 1220 omnes

291 1259 549 1330 populum
569 1271 726 1312 suum
753 1256 895 1310 Deus
923 1269 1136 1325 semper
1161 1254 1460 1318 admonuit,
1489 1261 1544 1306 et
1568 1252 1719 1322 quasi
1748 1252 1862 1321 ipse

292 1353 347 1407 in
376 1351 574 1422 vigiliis
600 1358 762 1418 atque
787 1348 1028 1404 excubiis
1077 1348 1419 1412 constitutus,
1451 1347 1687 1402 surrexit
1720 1347 1858 1401 dilu-

291 1444 437 1507 culo,
469 1452 528 1496 ut
571 1457 726 1496 suum
755 1440 1004 1511 populum
1043 1448 1427 1496 commoneret.
1467 1459 1486 1490 ι
1517 1441 1582 1495 Et
1604 1455 1731 1505 nor),
1776 1441 1864 1494 in-

291 1533 434 1601 quit,
463 1531 709 1595 audistis,
743 1551 760 1582 ›
787 1540 845 1585 ut
868 1537 1070 1600 quanto
1097 1530 1340 1584 crebrior
1366 1529 1678 1594 admonitio,
1715 1537 1864 1583 tanto

291 1621 750 1676 contemnentium
779 1618 976 1673 fuerint
999 1626 1219 1689 peccata
1256 1617 1482 1688 majora.

1958 460 2200 516 vocatur,
2227 459 2286 504 ut
2311 451 2582 520 prophetae
2614 459 2671 506 et
2693 466 2882 507 omnes
2907 454 3101 518 sancti,
3129 457 3222 525 qui
3249 471 3374 512 vere
3411 475 3524 514 ser-

1957 539 2110 592 viunt
2134 539 2380 604 Domino,
2415 541 2509 594 sed
2537 555 2644 608 quo
2689 541 2740 594 in
2773 543 3054 598 eversione
3099 543 3388 601 Jerusalem
3417 549 3524 602 Do-

1960 627 2088 682 mini
2116 628 2314 683 serviat
2341 628 2620 692 voluntati,
2644 631 2935 684 secundum
2967 633 3108 701 quod
3145 643 3200 688 et
3238 635 3526 705 Apostolus

1959 715 2241 786 loquitur:
2295 734 2314 769 ι
2349 718 2492 785 Quos
2540 719 2735 773 tradidi
2789 720 3020 786 Satanae,
3066 731 3126 776 ut
3166 723 3373 778 discant
3419 742 3525 780 non

1959 806 2330 874 blasphemare
2355 805 2405 879 (1
2451 807 2584 860 Tim.
2619 806 2679 877 ι).
2716 826 2733 858 ι
2768 807 2824 861 lu
2861 809 3140 877 Aquilonis
3171 820 3348 866 autem
3374 825 3530 882 parte

1960 911 2080 951 esse
2121 897 2398 953 Chaldaeos
2435 900 2588 969 juxta
2619 900 2780 953 situm
2817 899 3113 956 Jerusalem
3149 903 3277 956 nulli
3308 905 3525 958 dubium

1961 995 2065 1041 est.

2035 1093 2055 1124 ι
2091 1074 2158 1128 Ει
2189 1073 2447 1130 adducam
2487 1091 2580 1130 eos
2621 1091 2782 1146 super
2817 1085 3015 1132 terram
3045 1082 3226 1143 istam,
3263 1089 3318 1135 et
3365 1095 3526 1150 super

1966 1181 1988 1218 ι
2030 1164 2360 1220 habitatores
2385 1164 2522 1233 ejus,
2548 1175 2602 1221 et
2629 1183 2789 1236 super
2826 1184 3013 1224 omnes
3042 1171 3284 1226 nationes
3323 1188 3442 1242 qua:
3474 1175 3525 1227 in

1966 1270 1987 1305 ι
2030 1251 2258 1307 circuitu
2295 1251 2436 1307 illius
2467 1262 2592 1307 sunt
2623 1272 2636 1307 :
2669 1263 2722 1309 et
2750 1256 3070 1311 interficiam
3096 1273 3209 1323 eos,
3237 1268 3293 1314 et
3333 1277 3524 1329 ponam

1966 1359 1987 1394 ι
2029 1356 2125 1398 eos
2159 1343 2213 1397 in
2243 1351 2537 1412 stuporem,
2587 1354 2641 1399 et
2675 1345 2728 1399 in
2756 1346 2989 1411 sibilum,
3023 1356 3078 1402 et
3122 1349 3175 1402 in
3215 1351 3531 1405 solitudines

1969 1447 1988 1481 ι
2033 1431 2408 1500 sempiternas.
2446 1452 2463 1483 ι
2505 1433 2607 1487 Ista
2652 1445 2778 1489 sunt
2809 1439 3030 1504 praemia
3076 1449 3525 1511 contemptorum,

1963 1525 2019 1573 et
2055 1519 2151 1576 Dei
2185 1523 2346 1577 verba
2380 1521 2567 1576 audire
2594 1523 2907 1579 nolentium.
2940 1525 3209 1597 Quidquid
3247 1530 3412 1599 igitur
3437 1546 3527 1584 su-

1962 1623 2059 1677 per
2105 1625 2203 1664 nos
2233 1611 2358 1665 mali
2411 1611 2716 1679 adducitur,
2745 1624 2928 1670 nostra
2985 1627 3204 1686 peccata
3261 1619 3524 1676 fecerunt.

371 1729 392 1762 ι
427 1709 611 1778 Neque
637 1708 932 1764 inclinastis
957 1687 1116 1764 aures
1144 1716 1354 1765 vestras
1386 1717 1444 1762 ut
1465 1708 1720 1763 audiretis
1739 1723 1860 1763 cum
1891 1687 1937 1746 Β
1965 1698 2270 1771 Omnesque
2293 1711 2498 1772 gentes,
2543 1712 2601 1757 ul
2627 1713 2752 1759 tunc
2790 1706 3030 1761 adduan
3068 1717 3190 1763 sunt
3215 1719 3402 1765 contra
3438 1711 3530 1765 Je-

300 1821 320 1849 ι
359 1799 594 1854 dicerem
622 1815 636 1850 :
667 1796 1014 1851 Revertimini
1036 1797 1403 1866 unusquisque
1421 1811 1452 1851 a
1473 1797 1556 1851 via
1583 1811 1678 1852 sua
1699 1795 1860 1861 mala,

301 1906 320 1938 ι
355 1896 412 1942 et
436 1901 466 1940 a
494 1886 744 1956 pessimis
767 1885 1180 1956 cogitationibus
1207 1885 1433 1950 vestris,
1461 1893 1516 1941 et
1555 1884 1865 1940 habitabitis

300 1997 319 2027 ι
361 1978 414 2030 in
443 1984 582 2029 terra
610 1989 769 2044 quam
795 1974 941 2029 dedit
963 1973 1219 2029 Dominus
1242 1975 1394 2028 vobis
1418 1982 1474 2030 et
1499 1974 1741 2044 patribus
1771 1987 1862 2028 ve-

303 2089 320 2120 ι
362 2072 492 2125 stris
519 2085 546 2123 a
579 2069 774 2124 saeculo
799 2077 853 2122 et
877 2083 1046 2138 usque
1085 2067 1140 2121 in
1183 2066 1459 2122 saeculum.
1489 2083 1510 2118 ι
1557 2065 1724 2118 Tanta
1767 2063 1864 2118 fuit

296 2160 499 2213 duritia
528 2158 710 2229 populi
748 2166 806 2213 ut
843 2171 911 2213 ne
944 2157 1185 2212 habitum
1211 2158 1426 2227 quidem
1473 2156 1740 2210 audientis
1780 2171 1866 2209 as-

295 2255 556 2312 sumeret,
585 2257 640 2303 et
664 2248 944 2302 inclinaret
967 2254 1146 2301 autem
1173 2261 1324 2300 suam
1350 2245 1614 2315 praecipue
1638 2244 1864 2299 Domino

295 2345 698 2401 commonente,
728 2344 787 2390 ut
813 2343 1174 2391 reverteretur
1201 2335 1563 2403 unusquisque
1593 2348 1623 2386 a
1661 2333 1746 2386 via
1768 2347 1866 2388 sua

297 2425 466 2491 mala,
497 2435 553 2480 et
574 2441 603 2478 a
625 2426 876 2496 pessimis
895 2424 1310 2496 cogitationibus
1333 2424 1464 2477 suis.
1489 2423 1576 2486 Et,
1598 2437 1630 2476 o
1658 2423 1865 2476 infinita

295 2515 606 2581 clementia,
638 2530 743 2569 non
769 2515 1084 2586 supplicium
1112 2513 1309 2569 inferre
1339 2530 1436 2584 pro
1478 2514 1682 2569 scelere
1712 2532 1725 2568 :
1772 2515 1866 2570 sed

297 2607 367 2660 ad
390 2607 759 2677 penitentiam
809 2621 1102 2676 provocare
1141 2621 1155 2660 :
1187 2617 1293 2661 tam
1325 2607 1585 2662 malorum
1620 2622 1863 2678 Operum,

297 2711 422 2766 qute
457 2697 720 2768 significat
747 2697 834 2751 via
864 2695 1025 2763 mala,
1073 2711 1234 2766 quam
1272 2699 1627 2768 pessimarum
1667 2699 1868 2768 cogita—

302 2785 533 2850 tionum,
560 2801 678 2856 quae
697 2794 753 2840 et
777 2786 909 2856 ipse,
931 2786 1134 2854 absque
1148 2799 1311 2856 Opere
1336 2795 1650 2855 reputentur
1670 2787 1722 2840 in
1744 2802 1868 2856 pec-

300 2884 487 2931 catum
512 2894 527 2930 :
553 2885 608 2930 et
626 2876 885 2948 promittit
909 2877 1208 2946 prazmium,
1240 2877 1286 2932 si
1314 2876 1539 2932 fecerint
1563 2878 1706 2947 quod
1735 2893 1870 2947 pra:-

300 2975 519 3036 ceptum
543 2974 629 3024 est
674 2975 732 3021 ut
765 2965 1007 3021 habitent
1051 2967 1103 3020 in
1133 2974 1274 3022 terra
1303 2982 1422 3036 quae
1451 2968 1571 3021 data
1605 2969 1674 3022 sit
1700 2968 1867 3038 patri-

301 3056 426 3122 bus,
457 3066 514 3112 et
552 3063 769 3128 propter
790 3056 1020 3112 filiorum
1047 3056 1176 3110 vilia
1204 3057 1432 3111 sublata.
1465 3055 1724 3127 Quodque
1767 3058 1860 3122 ait,

307 3165 326 3198 ι
361 3163 392 3200 a
422 3145 618 3202 steculo
639 3156 688 3201 et
715 3162 882 3218 usque
910 3147 964 3202 in
987 3145 1260 3207 saeculum,
1300 3165 1318 3197 ι
1352 3147 1484 3210 sive,
1519 3165 1537 3197 ‹
1567 3147 1636 3201 ab
1663 3157 1867 3202 aeterno

299 3245 361 3291 et
388 3251 558 3306 usque
585 3236 640 3292 in
665 3245 946 3302 aeternum,
979 3254 1000 3288 ι
1035 3237 1268 3292 ostendit
1295 3236 1385 3290 Dei
1413 3236 1550 3291 dona
1587 3247 1868 3308 perpetua,

301 3328 351 3384 si
377 3327 522 3400 digni
551 3327 854 3382 exstiterint
881 3325 934 3380 hi
963 3325 1157 3395 quibus
1181 3326 1301 3381 data
1328 3335 1469 3381 sunt.

380 3437 400 3469 ι
437 3416 513 3472 -Ει
550 3416 713 3472 nolite
755 3415 836 3472 ire
858 3424 980 3486 post
1004 3416 1132 3471 deos
1171 3417 1401 3481 alienos,
1433 3425 1492 3470 ut
1520 3417 1767 3473 serviatis
1796 3417 1876 3473 eis

309 3532 329 3566 ι
375 3512 716 3582 adoretisque
745 3525 874 3567 eos:
912 3523 1086 3580 neque
1111 3525 1196 3563 me
1220 3510 1285 3564 ad
1318 3509 1646 3566 iracundiam
1685 3525 1876 3581 provo-

308 3622 330 3655 ι
377 3603 514 3657 cetis
534 3601 586 3656 in
611 3600 863 3672 operibus
883 3615 1135 3654 manuum
1158 3609 1458 3653 vestrarum
1483 3613 1498 3653 :
1532 3608 1712 3654 etnon
1738 3597 1872 3654 afﬂi-

309 3711 331 3743 ι
377 3706 502 3763 gam
534 3705 630 3747 vos
655 3706 671 3746 :
696 3698 752 3747 et
780 3705 886 3746 non
909 3689 1135 3744 audistis
1167 3703 1273 3744 me.
1310 3707 1328 3740 ι
1360 3688 1426 3743 Ει
1494 3689 1641 3754 haec,
1670 3689 1872 3760 inquit,

305 3781 590 3837 monebam
611 3796 733 3836 cum
756 3779 1139 3850 superioribus,
1155 3795 1223 3835 ne
1245 3778 1434 3835 alienis
1455 3779 1557 3835 diis
1580 3780 1874 3845 serviretis,

306 3880 361 3926 et
386 3871 682 3927 adoraretis
703 3885 816 3936 eos,
840 3877 896 3924 et
916 3885 983 3924 ne
1009 3870 1110 3924 ista
1134 3868 1379 3926 faciendo
1405 3883 1491 3924 me
1515 3869 1878 3938 provocaretis

309 3964 374 4018 ad
403 3962 732 4017 iracundiam
775 3968 991 4032 preptcr
1035 3974 1195 4029 opera
1239 3973 1494 4013 manuum
1540 3965 1874 4022 vestrarum,

306 4063 369 4109 ut
395 4053 626 4108 facerem
661 4053 804 4123 quod
833 4051 1076 4107 nolebam
1095 4090 1110 4114 ,
1138 4059 1192 4104 et
1225 4049 1514 4120 amigerem
1547 4063 1662 4112 vos,
1691 4056 1746 4102 et
1771 4064 1876 4103 non

291 4142 537 4198 audistis
565 4157 668 4197 me.
707 4142 964 4210 Quodque
993 4139 1258 4209 sequitur,
1291 4157 1309 4188 ι
1343 4139 1476 4195 dicit
1505 4139 1782 4203 Dominus,
1819 4147 1880 4194 ut

311 4250 399 4289 me
433 4233 502 4287 ad
533 4233 864 4287 iracundiam
885 4232 1250 4301 provocaretis
1276 4231 1330 4285 in
1349 4230 1600 4300 operibus
1621 4245 1876 4285 manuum

308 4331 614 4376 vestrarum
643 4321 696 4375 in
721 4320 916 4374 malum
943 4327 1202 4384 vestrum,
1241 4339 1260 4372 ι
1296 4320 1350 4375 in
1380 4320 1726 4391 Septuaginta
1767 4334 1872 4374 non
1901 4356 1953 4415 Ι)

310 4412 558 4466 habetur.

387 4521 404 4552 ι
449 4499 737 4570 Propterea
784 4500 900 4555 haec
930 4499 1061 4555 dicit
1084 4495 1344 4555 Dominus
1371 4512 1529 4553 exere
1557 4504 1704 4552 tuum
1730 4513 1746 4552 :
1771 4495 1880 4554 Pro

316 4611 336 4644 ι
379 4607 445 4648 eo
476 4591 616 4660 quod
645 4607 751 4645 non
780 4590 1006 4646 audistis
1035 4591 1198 4645 verba
1227 4603 1373 4654 mea,
1393 4602 1521 4644 ecce
1543 4603 1642 4659 ego
1669 4589 1880 4644 mittam

317 4700 336 4732 ι
383 4689 440 4734 et
465 4695 734 4735 assumam
757 4681 1036 4734 universas
1059 4679 1408 4749 cognationes
1427 4677 1726 4748 Aquilonis,
1751 4679 1884 4736 dicit

206 4827 218 4838 ,
318 4793 335 4822 ι
381 4771 662 4837 Dominus,
713 4778 769 4826 et
821 4769 1314 4826 Nabuchodonosor
1361 4785 1543 4841 regem
1592 4769 1881 4842 Babylonis

319 4881 338 4912 ι
385 4877 600 4917 servum
633 4877 831 4916 meum.
870 4881 889 4913 ι
921 4860 1190 4933 (Ηὶενοη.)
1228 4860 1365 4928 Quia
1414 4875 1502 4916 me
1547 4861 1614 4914 ad
1663 4861 1878 4916 iracun-

314 4953 458 5005 diam
487 4951 839 5020 provocastis,
867 4959 922 5005 et
950 4949 1155 5005 fecistis
1181 4950 1379 5004 malum
1407 4949 1460 5003 in
1490 4949 1766 5005 interitum
1789 4965 1876 5004 ve-

317 5051 510 5105 strum,
542 5049 598 5095 et
623 5048 1003 5112 provocantem
1027 5039 1092 5093 ad
1119 5039 1490 5108 pmnitentiam
1517 5040 1744 5110 superbo
1768 5040 1880 5094 cal-

318 5132 487 5186 castis
513 5131 645 5200 pede
671 5147 684 5184 :
716 5131 946 5193 mittam,
990 5130 1183 5199 inquit,
1213 5129 1280 5183 ad
1304 5129 1584 5183 universas
1610 5129 1883 5198 cognatio-

320 5233 439 5282 nes,
471 5219 584 5273 sive
609 5221 850 5274 nationes
873 5218 1180 5287 Aquilonis,
1207 5226 1263 5272 et
1291 5217 1552 5271 adducam
1585 5217 1882 5288 principem

318 5293 506 5364 earum
568 5308 1053 5364 Nabuchodonosor
1110 5321 1289 5380 regem
1337 5305 1622 5378 Babylonis
1671 5321 1886 5364 servum

322 5415 523 5454 meum.
557 5399 719 5454 Mittit
746 5408 924 5454 autem
966 5398 1246 5463 Dominus,
1275 5396 1361 5452 vel
1389 5395 1630 5465 angelos,
1662 5405 1720 5450 ut
1759 5413 1888 5453 con-

321 5489 490 5544 citent
524 5497 731 5560 gentes,
770 5487 853 5542 vel
898 5497 1046 5543 certe
1088 5486 1453 5557 hujuscemodi
1485 5495 1666 5542 monet
1695 5501 1890 5556 cogna-

326 5578 524 5646 tiones,
553 5588 610 5633 ut
648 5577 848 5634 faciant
878 5578 1088 5632 Domini
1115 5577 1466 5632 voluntatem.
1499 5576 1759 5647 Quodque
1800 5593 1890 5633 vo-

1966 1791 2214 1856 rusalem,
2241 1793 2320 1848 sic
2344 1794 2502 1849 hodie
2527 1796 2868 1851 adducuntur
2897 1808 3082 1853 contra
3112 1801 3403 1857 Ecclesiam
3437 1819 3531 1859 ne-

1964 1881 2278 1952 gligentem,
2311 1893 2368 1939 ut
2393 1885 2681 1941 interficiat
2703 1903 2816 1950 eos,
2858 1898 2912 1944 et
2943 1901 3107 1960 ponat
3151 1893 3204 1946 in
3255 1902 3531 1964 stuporem

1964 1980 2020 2025 et
2057 1972 2112 2026 in
2145 1972 2377 2038 sibilum,
2409 1982 2466 2029 et
2509 1975 2562 2029 in
2613 1977 2928 2033 solitudines
2968 1985 3342 2050 sempiternas,
3377 1993 3436 2039 ut
3475 1986 3530 2040 in

1963 2062 2207 2131 exemplo
2227 2063 2335 2118 sint
2357 2065 2597 2118 omnium
2626 2074 2785 2135 atque
2809 2069 3084 2124 miraculo.
3105 2070 3306 2128 Sibilus
3323 2083 3529 2142 autem,

1965 2149 2232 2214 miraculi,
2264 2160 2318 2204 et
2346 2154 2582 2222 stuporis
2612 2155 2866 2211 indicium
2897 2167 2982 2213 est
3007 2177 3019 2212 :
3051 2168 3104 2214 et
3129 2161 3362 2217 solitudo
3381 2179 3531 2219 sem-

1963 2239 2172 2307 piterna
2208 2241 2260 2294 in
2282 2241 2367 2295 his
2393 2243 2830 2313 deprehenditur,
2861 2249 2952 2317 qui
2980 2250 3264 2319 praesidem
3293 2267 3397 2306 non
3427 2254 3527 2309 ha-

1965 2328 2095 2384 bent
2125 2329 2314 2385 Deum.

2041 2437 2059 2470 ‹
2103 2419 2436 2490 Perdamque
2460 2437 2524 2478 ex
2545 2427 2636 2482 eis
2657 2439 2842 2479 vocem
2871 2429 3068 2497 gaudii,
3100 2438 3154 2484 et
3177 2446 3362 2486 vocem
3395 2432 3532 2488 laeti-

1972 2525 1991 2559 ι
2039 2508 2143 2572 tite,
2167 2523 2353 2565 vocem
2383 2513 2587 2581 sponsi,
2609 2521 2663 2568 et
2683 2530 2868 2570 vocem
2896 2532 3126 2586 sponsre,
3149 2536 3334 2576 vocem
3358 2524 3533 2589 molze,

1973 2616 1991 2648 ι
2035 2605 2092 2653 et
2135 2597 2313 2654 lumen
2343 2600 2578 2656 lucerna:
2608 2621 2620 2656 :
2655 2614 2710 2658 et
2737 2606 2839 2660 erit
2866 2609 3111 2664 universa
3161 2619 3302 2667 terra
3331 2613 3446 2684 ejus
3475 2615 3530 2670 in

1974 2705 1992 2737 ι
2037 2688 2378 2746 solitudinem
2425 2700 2480 2747 et
2530 2693 2584 2747 in
2623 2709 2917 2764 suporem.
2960 2717 2980 2751 ι
3021 2699 3134 2756 Hoc
3185 2703 3236 2757 in
3280 2705 3533 2760 concilia-

1967 2774 2095 2833 bulo
2128 2778 2554 2851 malignantium,
2583 2792 2637 2838 et
2661 2786 2822 2841 hodie
2847 2791 3247 2859 comprobatur,
3279 2803 3335 2848 ut
3361 2796 3533 2866 magi-

1968 2869 2066 2922 stri
2091 2883 2278 2924 corum
2322 2885 2428 2925 non
2458 2873 2688 2928 doceant
2715 2876 2937 2930 verbum
2970 2878 3086 2945 Dei,
3111 2882 3204 2934 sed
3234 2882 3405 2936 instar
3443 2899 3536 2939 co-

1971 2956 2108 3013 lubri
2155 2958 2410 3015 sibilent:
2440 2962 2686 3032 peritque
2732 2963 2786 3018 in
2823 2967 2904 3020 eis
2942 2982 3043 3022 vox
3087 2971 3286 3039 gaudii,
3322 2987 3534 3042 voxque

1969 3048 2188 3114 laetitiae,
2209 3059 2268 3104 ut
2295 3065 2568 3120 nunquam
2595 3054 2814 3108 audiant
2857 3055 2983 3110 illud
3014 3057 3251 3127 Apostoli
3282 3078 3294 3113 :
3333 3081 3351 3112 ι
3385 3061 3535 3118 Gau-

1970 3139 2107 3201 dete,
2139 3138 2332 3193 iterum
2353 3140 2474 3194 dico
2496 3142 2721 3212 gaudete
2747 3141 2965 3214 (Pmlip.
2993 3147 3104 3218 tv);
3145 3167 3164 3200 ι
3195 3165 3298 3204 vox
3325 3167 3539 3223 quoque

1970 3245 2200 3301 sponsae,
2225 3231 2603 3288 ecclesiasticae
2657 3234 2806 3300 fidei;
2846 3244 2900 3290 et
2931 3251 3035 3290 non
3082 3241 3286 3309 sponsi,
3324 3242 3536 3299 Domini

1972 3318 2308 3374 Salvatoris:
2344 3338 2364 3372 ι
2401 3319 2502 3388 Qui
2524 3322 2669 3376 enim
2692 3322 2854 3378 habet
2896 3340 3168 3394 sponsam,
3201 3344 3430 3399 sponsus
3455 3342 3540 3388 est

1973 3409 2154 3482 (Joan.
2185 3411 2301 3480 nt);
2333 3426 2438 3466 vox
2466 3412 2639 3478 mola,
2672 3423 2732 3468 ut
2755 3430 2862 3469 non
2887 3426 3236 3473 conterantur
3257 3421 3310 3475 in
3339 3437 3403 3476 ea
3427 3422 3542 3477 τινα

1974 3510 2174 3567 menta,
2203 3511 2259 3558 et
2285 3503 2496 3573 populis
2518 3506 2778 3560 vescenda
2813 3506 3146 3575 tribuantur;
3173 3520 3228 3565 et
3253 3511 3431 3569 lumen
3453 3514 3537 3569 lu—

1974 3604 2172 3656 cernae,
2202 3593 2499 3646 doctrinam
2532 3593 2782 3650 videlicet
2820 3603 2875 3650 et
2919 3597 3198 3653 scientiam
3248 3603 3543 3671 propheta-

1975 3697 2113 3736 rum.
2157 3682 2398 3754 Denique
2424 3691 2478 3737 et
2503 3684 2568 3738 de
2595 3682 2801 3740 Joanne
2844 3687 3081 3756 Baptista
3129 3691 3362 3746 dicitur:
3398 3711 3417 3744 ι
3448 3695 3542 3755 Ille

1973 3781 2092 3826 erat
2130 3771 2346 3828 lucerna
2375 3772 2558 3828 lucens
2581 3773 2760 3845 (Joan.
2811 3775 2896 3847 v);
2934 3796 2952 3828 ι
2985 3786 3040 3831 et
3070 3778 3207 3833 alius
3235 3783 3495 3852 propheta
3526 3802 3540 3839 :

1979 3882 1998 3914 ι
2036 3862 2301 3927 Lucerna,
2331 3861 2522 3931 inquit,
2567 3863 2791 3932 pedibus
2818 3865 2954 3919 meis
2983 3867 3207 3921 verbum
3236 3876 3409 3932 tuum,
3437 3870 3541 3926 Do-

1975 3952 2140 4016 mine,
2165 3961 2220 4006 ct
2240 3951 2332 4006 lux
2359 3953 2570 4008 semitis
2596 3953 2732 4008 meis
2757 3952 2930 4024 (Psal.
2959 3955 3167 4026 cxvnt).
3192 3975 3211 4008 ι
3250 3957 3543 4026 Universa,

1976 4041 2170 4109 inquit,
2204 4049 2348 4095 terra
2375 4040 2750 4095 haereticorum
2779 4041 2883 4095 erit
2918 4042 2970 4096 in
2996 4043 3362 4110 solitudinem,
3400 4056 3455 4101 et
3483 4049 3536 4102 in

1973 4137 2269 4198 stuporem,
2291 4144 2418 4184 cum
2446 4128 2796 4184 novissimum
2820 4129 2937 4199 ejus
2972 4131 3234 4202 insipiens
3255 4133 3417 4189 luerit
3447 4137 3542 4192 de-

1974 4225 2355 4272 monstratum.

2051 4327 2069 4358 ‹
2115 4309 2181 4361 Et
2223 4309 2460 4362 servient
2498 4323 2686 4362 omnes
2728 4317 2914 4377 gentes
2953 4309 3070 4364 istae
3099 4312 3212 4380 regi
3258 4311 3548 4384 Babylonis

1989 4415 2009 4448 ι
2053 4398 2386 4468 septuaginta
2428 4399 2602 4451 annis.
2635 4398 2878 4466 Cumque
2925 4399 3126 4468 impleti
3173 4401 3376 4456 fuerint
3419 4405 3546 4458 anni

1987 4503 2008 4538 ς
2047 4489 2404 4558 septuaginta,
2451 4487 2684 4542 visitabo
2730 4502 2890 4557 super
2932 4505 3110 4559 regem
3159 4491 3468 4562 Babylonis,
3493 4504 3550 4549 et

1989 4594 2009 4630 ι
2053 4593 2216 4647 super
2247 4587 2458 4648 gentem
2504 4577 2673 4643 illam,
2723 4579 2854 4632 dicit
2879 4580 3160 4646 Dominus,
3209 4583 3547 4652 iniquitatem

1987 4685 2010 4722 ο
2055 4682 2271 4734 eorum;
2303 4677 2358 4723 et
2401 4684 2562 4738 super
2603 4678 2805 4725 terram
2847 4669 3244 4740 Chaldzeorum,
3273 4685 3330 4730 et
3353 4693 3549 4747 ponam

1989 4776 2010 4810 ι
2055 4757 2196 4813 illam
2227 4759 2280 4812 in
2307 4759 2621 4815 solitudines
2645 4760 3020 4829 sempiternas.
3048 4762 3114 4817 Et
3159 4765 3416 4822 adducam
3459 4783 3552 4823 su—

1987 4865 2010 4901 t
2050 4861 2148 4919 per
2177 4857 2374 4903 terram
2409 4849 2550 4903 illam
2593 4852 2771 4905 omnia
2821 4851 2982 4907 verba
3022 4867 3159 4919 mea,
3187 4870 3305 4923 quae
3343 4857 3553 4913 locutus

1990 4955 2008 4988 ι
2052 4953 2170 4992 sum
2199 4948 2386 4994 contra
2414 4953 2534 4994 eam
2554 4979 2570 5005 ,
2596 4955 2754 4994 omne
2776 4941 2916 5010 quod
2943 4942 3202 5011 scripturn
3229 4955 3312 4999 est
3339 4945 3392 4998 in
3415 4945 3552 4999 libro

1992 5044 2012 5076 ι
2060 5026 2162 5081 isto
2209 5041 2542 5099 quacunque
2585 5029 2927 5098 prophetavit
2969 5027 3230 5084 Jeremias
3269 5031 3550 5085 adversum

1994 5137 2012 5169 ι
2056 5133 2244 5174 omnes
2266 5127 2473 5186 gentes.
2497 5138 2516 5172 ι
2551 5117 2702 5174 Sicut
2721 5118 3054 5174 Hierusalem
3075 5127 3195 5189 post
3217 5119 3554 5190 septuaginta

1989 5222 2162 5262 annos
2190 5208 2380 5276 recipit
2406 5207 2662 5277 pristinos
2689 5208 3038 5272 habitatores,
3072 5216 3129 5261 et
3153 5207 3380 5278 expletis
3425 5223 3552 5276 snp-

1991 5297 2184 5367 pliciis,
2229 5297 2355 5365 quia
2398 5297 2634 5352 obedivit
2678 5297 2954 5350 sententia:
2985 5295 3101 5360 Dei,
3137 5294 3392 5352 felicitate
3439 5297 3555 5366 pri-

1939 5383 1943 5388 ”
1991 5387 2132 5443 stina
2162 5386 2380 5452 fruitur,
2409 5386 2488 5440 sic
2515 5401 2610 5442 rex
2636 5385 2942 5456 Babylonis,
2965 5387 3054 5455 qui
3081 5385 3253 5443 elatus
3280 5394 3364 5444 est
3391 5387 3445 5442 in
3465 5401 3558 5443 au-

1992 5477 2258 5548 perbiam,
2289 5484 2344 5530 et
2369 5491 2584 5530 suarum
2611 5475 2904 5528 arbitratus
2931 5483 3013 5528 est
3045 5476 3258 5542 virium,
3294 5475 3438 5548 quod
3471 5491 3558 5533 re-

1996 5569 2177 5642 gnavit
2199 5568 2252 5622 in
2275 5566 2542 5638 gentibus,
2571 5575 2630 5620 et
2654 5581 2760 5620 non
2788 5565 2994 5621 Domini
3017 5568 3328 5632 voluntatis.
3367 5569 3555 5632 Medis.
