4022 6186
478 219 588 278 995
1119 209 1179 264 Β.
1223 207 1476 264 RABANI
1514 206 1730 265 MAURI
1767 206 2085 263 ARCIIIEP.
2127 205 2434 264 MOGUNT.
2477 203 2761 262 OPERUAI
2801 202 2981 260 PARS
3015 203 3102 258 III.
3641 205 3756 258 S96

477 333 768 401 Persistpte
787 324 1134 383 venientibus
1150 325 1477 380 destruetur.
1504 323 1746 392 Denique
1772 337 1943 391 usque
1964 321 2060 376 Ιιο-
2089 327 2135 386 Λ
2165 321 2306 376 liter.
2343 341 2361 372 ›
2397 320 2528 375 Post
2558 318 2894 374 Hierusalem
2921 317 3060 372 bibit
3089 333 3181 374 rex
3207 315 3422 371 Pharao
3453 315 3673 389 Egypti
3703 329 3760 373 rt

478 429 568 483 die
593 425 745 482 urbis
768 421 1052 494 Babylonis
1079 418 1321 489 reliquias
1344 426 1552 474 tanaim
1589 425 1830 472 manent.
1863 417 1930 472 Et
1956 431 2056 487 po-
2161 411 2293 468 socii
2323 410 2470 481 ejus,
2503 409 2756 464 biberunt
2776 407 3050 478 principes
3077 417 3132 462 et
3164 408 3454 461 universus
3480 406 3709 476 populus
3742 427 3758 463 :

481 525 592 574 sunt
614 516 760 571 illam
789 511 1046 567 Dominus
1077 509 1132 564 in
1173 507 1514 563 solitudinem
1558 506 1942 573 sempiternam
1961 545 1976 569 ,
2003 512 2060 557 et
2161 512 2494 572 cunctosque
2516 501 2605 570 qui
2634 515 2738 554 non
2761 498 2976 568 quidem
3001 505 3086 552 est
3105 496 3414 568 Egyptius,
3439 497 3535 552 sed
3567 497 3622 552 in
3641 497 3761 566 ejus

481 603 922 677 implevitomnia
948 599 1132 662 verba,
1159 613 1280 667 quae
1307 598 1361 652 in
1392 598 1548 652 istius
1584 596 1752 666 ipsius
1779 595 2062 665 l’rOpheue
2162 592 2474 663 regionibus
2502 598 2869 645 commoratur
2901 606 2912 640 :
2942 602 3080 657 quos
3105 583 3246 640 LXX
3290 599 3506 640 vertere
3532 587 3762 660 συμμιχ-

482 676 756 751 volumine
781 691 1144 746 continentur.
1173 687 1306 744 Nam
1335 688 1392 742 in
1417 687 1895 756 consequentibus,
1940 701 2062 755 qua:
2162 703 2304 747 τους,
2339 682 2392 736 id
2433 689 2537 745 est,
2566 679 2836 742 mia-tilias,
2867 677 3059 748 vulgus
3103 691 3210 731 non
3263 676 3538 748 Egyptize
3583 677 3758 750 regio-

484 784 624 841 mala
653 797 875 853 passura
901 783 974 836 sit
1012 778 1272 850 Babylon,
1302 777 1550 834 Ieremia:
1579 791 1836 833 sermone
1852 777 2064 832 descri-

483 873 629 928 bitur
654 890 667 925 :

561 984 580 1018 ‹
623 963 758 1031 Quia
785 961 1089 1016 servierunt
1115 963 1195 1016 eis
1225 975 1346 1014 cum
1371 968 1548 1014 essent
1577 967 1764 1028 gentes
1792 959 2067 1023 multimet

490 1075 512 1109 ι
559 1071 712 1128 neges
740 1054 919 1123 magni
951 1069 965 1106 :
1003 1061 1056 1106 et
1088 1053 1311 1106 reddam
1343 1052 1423 1106 eis
1453 1052 1744 1106 secundum
1773 1065 1938 1120 opera
1970 1067 2063 1105 eo-

491 1167 512 1200 ι
558 1162 700 1212 rum,
723 1152 776 1200 et
803 1144 1094 1198 secundum
1126 1141 1267 1195 facta
1288 1156 1542 1194 manuum
1565 1155 1802 1195 suarum.
1828 1160 1845 1189 ι
1875 1139 1986 1193 Hoc
2014 1140 2069 1193 in

489 1235 838 1307 Septuaginta
866 1249 970 1288 non
1001 1234 1249 1286 habetur.
1283 1231 1561 1301 Significat
1587 1240 1766 1284 autem
1793 1231 1933 1298 quod
1960 1246 2068 1284 non

487 1328 661 1384 solum
708 1334 895 1381 contra
943 1323 1271 1394 Babylonem
1318 1322 1724 1391 prophetaverit
1770 1320 2068 1386 Ieremias,

487 1421 583 1476 sed
603 1427 658 1475 et
685 1426 874 1474 contra
895 1425 1120 1471 steteras
1138 1423 1348 1485 gentes,
1377 1428 1498 1481 quae
1519 1413 1571 1467 iu
1599 1412 1892 1484 Babylonio
1919 1412 2070 1468 fuere

487 1509 750 1574 exercitu,
786 1514 842 1561 et
869 1514 1055 1560 contra
1083 1503 1296 1557 Domini
1329 1502 1584 1572 populum
1611 1502 1956 1557 dimicarunt.
1975 1503 2073 1557 De-

489 1599 653 1666 nique
677 1597 730 1650 in
756 1593 1210 1662 consequentibus
1258 1592 1486 1655 dicitur,
1515 1598 1704 1645 contra
1751 1589 2066 1661 Egyptum,

2165 773 2273 838 nis,
2302 771 2396 826 sed
2427 771 2770 841 peregrinum
2799 777 2856 823 et
2881 768 3257 822 adventitium.

2243 882 2262 914 ι
2308 862 2376 916 Et
2407 863 2616 916 cunctis
2646 861 2895 930 gentibus
2923 867 3082 914 terrae
3103 859 3382 914 Ausitidis.
3429 878 3448 910 ι
3483 859 3616 926 Quae
3649 859 3758 914 He-

2167 952 2348 1009 braicc
2395 951 2694 1020 appellatur
2721 958 2858 1034 vv),
2912 950 2977 1004 de
3005 964 3111 1018 qua
3137 957 3192 1003 et
3237 947 3338 1003 Job
3378 949 3546 1005 fuisse
3574 961 3760 1004 narrat

2169 1045 2433 1100 historia:
2474 1063 2492 1095 ι
2541 1043 2713 1098 Homo
2741 1043 2958 1113 quidam
3001 1051 3122 1096 erat
3169 1043 3224 1097 in
3266 1043 3485 1112 regione
3526 1041 3758 1096 Ausitidi

2169 1137 2388 1192 nomine
2410 1135 2529 1191 Iob.
2563 1155 2581 1188 ι
2615 1136 2681 1190 Ει
2707 1143 2885 1190 tamen
2929 1135 3210 1190 sciendum
3255 1135 3400 1190 hunc
3431 1135 3760 1190 versiculum

2170 1230 2224 1284 in
2249 1228 2392 1283 LXX
2436 1243 2542 1282 non
2592 1228 2801 1292 haberi,
2833 1227 3364 1298 Theodotionemque
3410 1244 3512 1298 pro
3540 1237 3651 1314 vi:
3676 1230 3762 1283 in-

2173 1327 2522 1388 terpretatum
2549 1333 2670 1373 esse
2697 1317 2944 1372 insulam.

2247 1430 2266 1462 ι
2313 1410 2380 1464 Et
2407 1411 2618 1465 cunctis
2656 1409 2872 1480 regi-bus
2899 1417 3063 1464 terra:
3089 1409 3412 1474 Philistum,
3441 1419 3500 1463 et
3541 1411 3654 1462 Asc
3689 1409 3763 1462 In-

2172 1501 2279 1566 uis,
2309 1499 2490 1564 Gazae,
2519 1499 2781 1554 Acaronis
2809 1507 2864 1554 et
2889 1499 3131 1568 reliquiis
3151 1498 3330 1553 Azoti.
3369 1517 3388 1549 ι
3421 1497 3766 1554 Generaliter

2171 1591 2355 1660 posuit
2381 1589 2691 1653 Philistiim,
2721 1590 2826 1644 hoc
2854 1597 2936 1644 est
2967 1597 3169 1644 terram
3213 1588 3630 1644 Palmstinorum
3649 1629 3664 1652 ,
3710 1598 3764 1642 et

487 1699 544 1745 et
566 1686 874 1750 Philistiim,
903 1694 961 1740 et
986 1683 1157 1746 Moab,
1187 1693 1242 1738 et
1283 1685 1535 1747 Ammon,
1579 1690 1635 1737 et
1659 1680 1945 1737 Idumaeam
1970 1721 1986 1746 ,
2017 1687 2072 1735 et

2195 1681 2482 1750 specialiter
2502 1680 2663 1734 urbes
2690 1692 2900 1744 eorum,
2929 1678 3274 1744 Ascalonem,
3300 1677 3532 1745 Gazam,
3551 1678 3757 1743 Aaron,

491 1781 836 1841 Damascum,
863 1783 919 1830 et
944 1775 1139 1840 Cedar,
1170 1783 1225 1828 et
1251 1788 1413 1843 regna
1442 1772 1610 1828 Assor
1637 1781 1692 1826 et
1725 1771 1896 1835 Elam,
1925 1781 1983 1826 et
2002 1771 2072 1826 ad

489 1877 790 1924 extremum
823 1873 1011 1919 contra
1040 1863 1366 1933 Babylonem
1413 1869 1720 1930 terramque
1740 1861 2070 1917 Cbaldzcam.

565 1975 586 2007 ‹
629 1953 763 2019 Quia
793 1952 873 2006 sic
902 1951 977 2005 ait
1005 1951 1265 2004 Dominus
1293 1949 1432 2003 Deus
1454 1948 1621 2003 Israel
1646 1948 1712 2002 ad
1744 1963 1832 2003 me
1861 1965 1874 2000 :
1907 1947 2074 2002 Sume

496 2065 515 2097 ‹
560 2044 784 2098 calicem
810 2040 920 2094 vini
971 2038 1170 2094 furoris
1216 2038 1363 2109 (sive
1409 2037 1579 2107 meri)
1627 2036 1787 2108 hujus
1813 2036 1882 2092 de
1910 2051 2074 2091 manu

496 2156 518 2188 ο
563 2150 699 2196 mea,
731 2143 788 2188 et
809 2130 1120 2202 prepinabis
1143 2131 1210 2184 de
1233 2129 1324 2185 illo
1351 2129 1561 2184 cunctis
1577 2128 1829 2200 gentibus
1845 2127 1911 2182 ad
1939 2143 2074 2198 quas

498 2244 520 2276 ι
563 2238 663 2293 ego
693 2223 905 2277 mittam
933 2228 985 2274 te
1015 2237 1028 2273 :
1076 2227 1131 2273 et
1159 2218 1368 2282 bibent,
1399 2225 1456 2271 et
1501 2217 1912 2272 inebriabuntur
1938 2218 2076 2290 (sive

498 2335 518 2369 ε
562 2313 833 2384 vomeut);
880 2321 935 2367 et
976 2311 1248 2365 insanient
1295 2325 1327 2363 a
1385 2308 1522 2364 facie
1563 2309 1721 2377 gladii
1770 2324 1929 2378 quem
1977 2321 2078 2379 ego

499 2426 518 2458 ε
564 2406 775 2459 mittam
811 2403 949 2456 inter
977 2415 1090 2455 eos.
1123 2399 1192 2453 Et
1221 2399 1407 2469 accepi
1438 2399 1662 2453 calicem
1692 2397 1760 2452 de
1789 2414 1949 2452 manu
1974 2398 2080 2451 Do-

499 2513 518 2548 t
561 2493 715 2557 mini,
743 2500 798 2546 et
832 2489 1113 2561 propinavi
1143 2489 1357 2542 cunctis
1381 2488 1632 2558 gentibus
1669 2487 1738 2541 ad
1769 2504 1906 2557 quas
1933 2487 2080 2542 misit

500 2604 521 2638 ι
563 2601 649 2639 me
675 2583 953 2638 Dominus.
990 2601 1010 2634 ι
1042 2580 1354 2650 Pmpinatio
1381 2579 1586 2646 salicis,
1624 2587 1679 2634 et
1707 2579 1895 2635 colicis
1921 2579 2078 2643 meri,

495 2675 610 2731 sive
648 2689 754 2729 non
785 2672 961 2736 mixti,
991 2671 1134 2740 quod
1163 2669 1352 2725 Graece
1389 2670 1588 2724 dicitur
1619 2672 1869 2748 ἀκράτου,
1899 2669 2083 2725 Domi-

495 2765 604 2822 uici
634 2763 835 2818 furoris
856 2762 1113 2817 indicium
1139 2770 1252 2825 est;
1286 2761 1354 2816 de
1373 2775 1482 2831 quo
1510 2761 1564 2816 in
1589 2761 1798 2832 psalmo
1818 2762 2081 2832 Scriptum

496 2863 622 2912 est:
659 2873 679 2906 ‹
711 2853 863 2908 Calix
892 2853 944 2906 in
991 2867 1156 2906 manu
1203 2851 1418 2906 Domini
1463 2851 1572 2906 vini
1615 2852 1748 2906 meri
1777 2852 1969 2924 plenus
1998 2860 2083 2907 est

505 2946 686 3010 misto,
706 2963 726 2996 ι
746 2952 805 2999 ut
829 2958 1020 2998 omnes
1037 2953 1226 3014 gentes
1239 2957 1359 3012 qua:
1379 2952 1566 2998 contra
1583 2943 1679 2998 Dei
1704 2943 1960 3012 populum
1981 2944 2055 2998 mi

2174 1763 2435 1837 A'zotum;
2464 1770 2633 1826 solum
2663 1770 2832 1825 tacuit
2857 1769 3017 1835 Gcth,
3048 1785 3170 1840 qua:
3194 1772 3508 1825 continetur
3536 1770 3593 1824 in
3633 1769 3759 1824 reli-

2175 1865 2334 1936 quiis.
2369 1862 2482 1918 Hoc
2507 1871 2590 1917 est
2616 1863 2762 1917 enim
2782 1863 2925 1932 quod
2953 1862 3214 1933 scriptum
3232 1871 3317 1917 est
3335 1902 3352 1926 ,
3383 1880 3404 1914 ι
3439 1871 3498 1918 et
3519 1861 3766 1931 reliquiis

2175 1955 2370 2015 Arcti;
2434 1971 2452 2004 ι
2507 1952 2683 2007 vicina
2732 1952 2877 2006 enim
2934 1960 3098 2021 atque
3147 1953 3378 2008 conﬁnis
3426 1961 3511 2007 est
3565 1952 3759 2011 Aznto.

2175 2059 2295 2114 qua:
2323 2041 2587 2097 Hebraice
2615 2041 2814 2096 dicitur
2846 2050 3032 2100 'n'mm
3063 2041 3210 2111 regio
3252 2041 3404 2096 urbis
3429 2039 3571 2096 Geth
3598 2039 3766 2094 Palm-

2176 2135 2349 2190 stinos
2378 2141 2558 2187 autem
2582 2147 2614 2186 a
2638 2131 2949 2203 Babyloniis
2973 2140 3162 2202 captos
3185 2140 3347 2201 atque
3369 2140 3612 2188 vastatos
3633 2132 3767 2186 scri-

2179 2223 2258 2279 bit
2285 2232 2340 2278 et
2368 2223 2555 2277 Isaias.

2254 2333 2272 2365 ί
2317 2313 2584 2377 Idumam,
2614 2320 2670 2367 et
2709 2310 2887 2379 Moab,
2941 2321 2995 2368 et
3023 2311 3147 2367 ﬁliis
3174 2313 3426 2377 Ammon,
3455 2321 3512 2367 et
3558 2311 3766 2366 cunctis

2179 2405 2396 2476 regibus
2427 2404 2576 2474 Tyri,
2607 2411 2662 2458 et
2709 2402 2978 2458 universis
3028 2403 3247 2474 regibus
3299 2401 3538 2457 Sidonis.
3579 2423 3600 2455 ι
3649 2401 3767 2456 [duo

2179 2511 2336 2561 mata,
2367 2496 2420 2550 in
2450 2511 2556 2564 qua
2585 2503 2709 2550 sunt
2741 2503 2950 2550 montes
2977 2494 3119 2560 Seir,
3143 2504 3200 2551 et
3227 2511 3351 2566 qua:
3377 2494 3648 2549 Ilcbraice
3673 2509 3769 2566 ap-

2178 2589 2410 2659 pellatur
2437 2598 2578 2646 DTTN
2609 2605 2621 2640 :
2657 2586 2813 2640 Moab
2847 2594 2904 2641 et
2937 2587 3168 2640 Ammon
3201 2587 3305 2656 ipsi
3353 2594 3480 2640 sunt
3511 2584 3608 2639 lilii
3645 2585 3766 2650 Lot,

2183 2677 2417 2747 proximi
2447 2677 2616 2731 maris
2658 2674 2874 2730 Mortui.
2903 2673 3080 2745 Tyrus
3111 2683 3167 2729 ct
3209 2674 3374 2729 Sidon
3406 2676 3458 2729 in
3495 2674 3769 2730 Phoenicis

2182 2765 2363 2820 littore
2400 2765 2673 2835 principes
2702 2803 2718 2830 ,
2761 2764 3011 2819 civitates
3035 2803 3052 2830 ,
3093 2779 3214 2835 quae
3238 2772 3294 2820 et
3319 2765 3436 2835 ipse
3473 2763 3770 2835 Babylonio

2183 2855 2439 2910 veniente
2466 2855 2709 2910 exercitu
2738 2861 3004 2924 superata!
3031 2862 3195 2909 sunt:
3235 2871 3466 2925 quarum
3499 2854 3771 2924 Carthago

2183 2946 2392 3002 colonia
2446 2963 2458 2998 :
2498 2946 2644 3000 unde
2688 2953 2744 3000 et
2790 2944 2942 2999 ι)ωηί
2991 2959 3241 3000 sermone
3285 2956 3570 3016 corrupto,
3615 2943 3770 3014 quasi

495 3032 724 3091 litarunt
742 3034 928 3090 bibant
955 3034 1022 3089 de
1049 3033 1218 3088 calice
1250 3033 1447 3088 furoris
1469 3034 1702 3088 Domini.
1721 3034 1800 3090 De
1818 3049 1926 3104 quo
1952 3033 2086 3090 scri-
2105 3046 2150 3109 (ι
2179 3035 2371 3092 Phteni
2421 3036 2776 3106 appellantur,
2811 3051 3045 3105 quorum
3073 3034 3254 3106 lingua
3300 3035 3546 3092 Hebraea
3573 3035 3770 3104 Iingtne

494 3126 577 3183 bit
602 3134 658 3181 et
681 3125 848 3180 Isaias
872 3133 1061 3180 contra
1087 3124 1420 3179 Hierusalem
1453 3139 1468 3176 :
1502 3144 1520 3176 ι
1553 3124 1826 3196 Scyphum
1854 3125 2077 3191 furoris,

499 3217 724 3272 calicem
753 3216 921 3270 ruinae
949 3215 1166 3269 ebibisti
1197 3223 1252 3269 et
1281 3215 1575 3280 evacnasti,
1608 3225 1890 3285 propterea
1920 3229 2078 3286 surge

500 3307 638 3375 (lia.
667 3307 763 3377 ιι).
797 3325 815 3359 ι
851 3305 956 3360 Iste
985 3313 1165 3359 autem
1193 3305 1336 3358 calix
1360 3305 1562 3360 idcirco
1590 3306 1793 3360 bibitur
1813 3321 1842 3359 a
1871 3308 2083 3362 cunctis

500 3395 774 3466 gentibus,
803 3403 861 3448 ut
888 3401 1111 3447 vomant
1135 3401 1190 3447 et
1214 3393 1505 3446 insaniant.
1536 3391 1691 3459 Quod
1713 3394 1928 3463 quidem
1959 3410 2083 3464 pra-

503 3502 602 3542 vus
631 3487 902 3556 interpres
928 3486 982 3539 in
1007 3484 1204 3539 bonam
1233 3493 1442 3556 partem
1471 3486 1690 3556 accipit,
1720 3495 1780 3540 ut
1805 3486 1976 3541 instar
1995 3502 2087 3542 ca-

504 3577 754 3633 tbartica:
780 3576 1040 3644 potionis,
1074 3575 1333 3646 quidquid
1377 3577 1632 3644 cholerte,
1677 3585 1731 3631 et
1771 3578 2000 3647 pituita},
2030 3588 2086 3634 et

503 3667 649 3723 noxii
691 3668 936 3722 humoris
971 3668 1024 3721 in
1054 3677 1274 3736 pectore
1321 3679 1426 3733 est,
1457 3667 1601 3722 foras
1625 3669 1774 3724 exire
1799 3671 2087 3740 compellat

503 3766 562 3813 et
589 3757 838 3812 restituat
866 3757 917 3811 in
939 3757 1223 3826 pristinam
1245 3759 1553 3813 sanitatem.
1575 3758 1679 3813 Pro
1699 3759 1933 3815 Ieremia
1953 3776 2088 3830 quo-

503 3861 609 3918 que
637 3847 976 3902 Salvatorem
1018 3847 1234 3917 accipit,
1267 3848 1409 3917 quod
1439 3848 1558 3918 ipse
1601 3850 1814 3904 cunctis
1838 3851 2088 3921 gentibus

502 3937 826 4007 propinarit,
855 3938 922 3990 ad
949 3952 1087 4008 quas
1108 3944 1168 3992 et
1191 3939 1390 3993 missus
1414 3947 1519 4003 est,
1549 3949 1608 3994 ut
1633 3938 1843 4009 abiecta
1871 3942 2089 3996 idolola-

505 4028 610 4081 tria
635 4026 730 4082 Dei
758 4041 818 4082 se
845 4026 1012 4082 cultui
1058 4026 1391 4082 dedicarem.
1424 4027 1577 4095 Quod
1611 4031 1943 4084 contrarium
1969 4045 2091 4086 esse

507 4118 804 4186 Scriptura:
829 4125 1032 4173 sauctze
1061 4119 1439 4174 monstrabunt
1464 4122 1762 4189 sequentia.
1803 4123 1918 4178 Non
1945 4125 2090 4178 enim

506 4223 604 4278 pro
629 4208 886 4271 remedio,
919 4216 976 4261 ut
1004 4208 1094 4262 ille
1123 4208 1256 4274 vult,
1289 4210 1382 4263 sed
1414 4225 1512 4281 pro
1536 4227 1695 4282 ptena
1743 4229 1960 4270 meraco
2002 4230 2093 4270 ca-

507 4299 610 4354 lice
631 4299 1006 4370 propinantur.

2179 3143 2372 3199 magna
2398 3144 2464 3184 ex
2491 3138 2645 3200 parte
2668 3129 2899 3184 conﬁnis
2927 3139 3034 3184 est.

2257 3242 2276 3274 ι
2324 3223 2391 3278 Et
2427 3222 2642 3292 regibus
2694 3229 2854 3275 terra:
2905 3221 3226 3285 insularum,
3278 3235 3402 3290 qtae
3444 3229 3576 3276 sunt
3622 3229 3772 3276 trans

2185 3325 2358 3368 mare.
2415 3311 2588 3365 Trans
2634 3309 2871 3382 Cyprum
2906 3319 2960 3365 et
3009 3310 3280 3376 Rhodum,
3311 3317 3368 3365 et
3413 3309 3625 3365 insulas
3655 3325 3776 3381 qua

2185 3402 2523 3474 appellantur
2554 3401 2823 3467 Κυκλάδας,
2854 3409 2907 3456 ct
2936 3402 3022 3456 ha:
3049 3400 3192 3456 enim
3219 3415 3250 3454 a
3277 3390 3593 3471 Babyloniis
3617 3414 3776 3455 occu-

2185 3502 2327 3565 patae
2359 3501 2506 3546 sunt.

2263 3602 2283 3638 ι
2326 3583 2393 3638 Ει
2419 3583 2623 3648 Dedan,
2659 3591 2716 3637 et
2743 3582 3006 3646 'I'hemau,
3051 3590 3108 3636 et
3133 3580 3266 3645 Buz,
3299 3587 3353 3635 et
3379 3579 3659 3634 universis
3685 3576 3773 3646 qui

2193 3694 2213 3728 ι
2249 3675 2447 3730 attonsi
2491 3682 2618 3729 sunt
2645 3673 2698 3727 in
2731 3687 2967 3728 comam.
3007 3691 3026 3724 ι
3068 3671 3164 3726 Hie
3188 3679 3376 3742 gentes
3400 3671 3460 3725 in
3486 3669 3773 3726 solitudine

2189 3773 2316 3820 sunt
2369 3781 2384 3818 :
2431 3763 2622 3818 vicinas
2669 3771 2727 3816 et
2778 3762 2962 3816 mixta:
3002 3760 3314 3831 regionibus
3356 3757 3773 3822 Ismaelitartun,

2190 3872 2326 3928 quos
2350 3871 2496 3912 nunc
2527 3855 2831 3910 Saracenos
2857 3863 3055 3908 vocant
3083 3870 3098 3905 :
3131 3859 3186 3907 et
3214 3852 3280 3908 de
3310 3852 3511 3922 quibus
3539 3851 3772 3907 dicitur:

2196 3966 2215 4000 ι
2247 3946 2339 4017 qui
2370 3945 2574 4000 attonsi
2600 3953 2726 4000 sunt
2762 3945 2814 3998 in
2843 3959 3076 3999 comam.
3114 3962 3132 3995 ι

2267 4055 2287 4087 ι
2320 4036 2389 4091 Et
2418 4037 2630 4091 cunctis
2680 4035 2899 4105 regibus
2934 4035 3180 4099 Arabiae,
3210 4043 3266 4088 et
3305 4034 3520 4088 cunctis
3563 4034 3776 4102 regibus

2191 4125 2507 4190 occidentis,
2534 4125 2624 4194 qui
2655 4123 2900 4178 habitant
2929 4123 2984 4177 in
3009 4125 3244 4179 deserto.
3275 4143 3294 4176 ι
3323 4123 3441 4178 Hoc
3463 4123 3519 4177 iu
3549 4122 3778 4193 Septua-

2193 4217 2339 4288 ginta
2366 4231 2472 4270 nou
2495 4215 2724 4270 habetur
2753 4235 2768 4270 :
2799 4224 3023 4286 propter
3048 4217 3230 4272 Dedan
3260 4215 3424 4285 igitur
3451 4222 3509 4270 et
3535 4215 3776 4270 Theman

2197 4314 2251 4361 et
2273 4304 2405 4369 Buz,
2437 4312 2493 4358 et
2519 4303 2840 4368 Ismaelitas,
2867 4305 3144 4372 regionum
3174 4303 3418 4359 ordinem
3450 4305 3719 4374 sequitur.

585 4407 606 4440 ι
645 4389 979 4445 Hierusalem
1008 4399 1065 4445 et
1091 4391 1402 4448 civitatibus
1428 4390 1568 4448 Iuda
1595 4402 1650 4450 et
1687 4398 1904 4466 regibus
1934 4397 2052 4468 ejus
2075 4437 2090 4461 ,
2119 4385 2171 4443 Ῐ)
2272 4413 2291 4446 ι
2322 4395 2389 4449 Ει
2417 4395 2630 4449 cunctis
2659 4395 2879 4466 regibus
2901 4395 3106 4449 Zamri.
3137 4415 3156 4448 ι
3191 4393 3303 4449 Hoc
3334 4410 3553 4465 quoque
3583 4395 3641 4449 in
3686 4392 3778 4450 Se-

511 4497 530 4528 ι
575 4487 632 4532 et
659 4480 991 4549 principibus
1013 4479 1152 4549 ejus,
1179 4489 1241 4536 ut
1285 4482 1471 4538 darem
1505 4497 1600 4539 eos
1641 4485 1695 4540 in
1724 4485 2089 4554 solitudinem,

511 4590 530 4620 σ
576 4579 634 4625 et
660 4571 714 4625 in
741 4581 1034 4642 stuporem,
1066 4582 1121 4629 et
1147 4575 1202 4629 in
1227 4575 1468 4643 sibilum,
1489 4578 1618 4633 etin
1639 4579 2089 4647 maledictionem,

511 4682 532 4715 t
580 4667 720 4720 sicut
747 4675 832 4720 est
856 4668 972 4722 dies
1002 4668 1123 4722 ista.
1160 4688 1179 4720 ι
1218 4668 1500 4734 Putabam,
1534 4671 1741 4741 inquit,
1777 4675 1920 4744 quod
1965 4674 2094 4730 solis

513 4755 766 4826 gentibus
794 4757 1160 4827 propinarem,
1185 4767 1240 4814 et
1268 4760 1389 4816 ideo
1415 4776 1501 4817 me
1532 4763 1656 4818 huic
1675 4764 1978 4820 ministerio
2004 4765 2094 4820 Im.

515 4855 602 4901 tus
632 4845 930 4900 obtuleram
976 4865 989 4900 :
1021 4847 1116 4903 sed
1163 4848 1306 4904 inter
1331 4860 1556 4907 caeteras
1599 4861 1786 4924 gentes
1836 4855 1944 4909 imo
1969 4865 2094 4910 ante

515 4945 741 4991 cmteras
759 4937 1039 5006 propinavi
1067 4937 1426 5007 Hierusalem,
1454 4951 1509 4998 et
1528 4942 1838 4998 civitatibus
1858 4941 2017 5010 Iuda,
2042 4956 2096 4999 et

515 5029 734 5101 regibus
767 5027 903 5098 ejus,
934 5038 989 5083 et
1019 5031 1369 5101 principibus,
1401 5041 1460 5087 ut
1493 5033 1678 5090 darem
1709 5050 1802 5090 eos
1829 5037 1881 5090 in
1915 5045 2098 5106 stupo-

517 5136 632 5177 rem
655 5161 670 5188 ,
713 5122 844 5177 etin
875 5119 1252 5187 solitudinem,
1297 5133 1354 5177 et
1402 5123 1453 5178 in
1491 5124 1737 5192 sibilum,
1767 5135 1822 5182 ct
1851 5127 1906 5182 in
1935 5129 2100 5184 malc-

519 5210 856 5266 dictionem:
910 5211 1052 5266 sicut
1083 5219 1137 5266 et
1197 5212 1450 5280 prtesenti
1503 5212 1765 5283 probatur
1825 5217 2094 5288 exemplo.

522 5305 676 5360 Unde
712 5301 842 5358 dicit
867 5313 922 5359 et
950 5319 1113 5374 supra
1142 5321 1154 5358 :
1182 5303 1458 5360 Seduxisti
1486 5320 1572 5361 me
1600 5314 1656 5360 et
1680 5308 1934 5364 seductus
1955 5326 2096 5378 sum,

524 5391 796 5450 invaluisti
828 5402 882 5448 et
922 5393 1168 5464 potuisti.

598 5502 619 5537 ι
666 5482 930 5537 Pharaoni
958 5483 1067 5553 regi
1099 5482 1340 5556 .Egypti,
1366 5491 1422 5540 et
1443 5485 1617 5542 servis
1638 5499 1775 5556 ejus,
1806 5497 1860 5544 et
1893 5491 2099 5561 pnnci-
2147 5496 2153 5501 '

528 5587 554 5628 ο
571 5575 727 5646 pibns
748 5572 886 5644 ejus,
902 5584 956 5630 et
979 5576 1122 5632 omni
1142 5575 1338 5647 populo
1362 5577 1499 5651 ejus,
1517 5587 1572 5635 et
1594 5580 1858 5637 universis
1877 5597 2102 5652 genera-

2196 4486 2477 4556 ptuaginta
2509 4501 2616 4540 non
2642 4485 2892 4540 habetur.

2273 4595 2292 4629 ι
2329 4578 2396 4632 Et
2449 4577 2660 4632 cunctis
2717 4579 2936 4646 regibus
2987 4577 3161 4642 Elam,
3195 4577 3519 4647 cunctisque
3567 4579 3780 4650 regibus

2202 4687 2221 4722 ε
2255 4671 2553 4726 Medorum.
2587 4689 2604 4722 ι
2632 4670 2709 4724 Es
2748 4685 2816 4726 eo
2852 4670 2996 4740 quod
3023 4671 3203 4726 Zamri
3229 4670 3476 4740 sequitur
3500 4669 3678 4734 Elam,
3701 4684 3782 4723 re-

2196 4778 2396 4834 gesque
2425 4763 2700 4818 Medorum
2750 4780 2764 4816 :
2812 4763 3143 4818 arbitramur
3175 4773 3230 4817 et
3273 4762 3453 4817 Ζωηή
3506 4764 3779 4832 regionem

2195 4870 2316 4910 esse
2347 4854 2585 4909 Persidis
2610 4873 2623 4908 :
2664 4854 2762 4909 nisi
2792 4853 2930 4908 forte
2957 4871 3020 4907 ex
3055 4869 3144 4918 eo,
3171 4854 3313 4922 quod
3343 4854 3630 4922 praecessit
3655 4854 3782 4906 Ara-

2195 4949 2302 5010 bia,
2335 4957 2390 5002 et
2417 4948 2472 5002 hi
2501 4962 2654 5018 reges
2676 4947 2983 5003 solitudinis
3011 4947 3310 5018 accipiendi
3339 4955 3486 5002 sunt.
3519 4946 3674 5000 Elam
3699 4961 3783 4998 au-

2198 5047 2305 5094 tem
2334 5039 2486 5109 regio
2525 5039 2762 5093 Persidis
2795 5046 2946 5094 trans
2987 5037 3336 5108 Babylonem,
3381 5036 3530 5092 unde
3575 5037 3643 5091 Et
3669 5036 3786 5090 Ela-

2199 5131 2366 5186 mima.
2402 5131 2538 5185 Medi
2569 5144 2785 5201 quoque
2818 5139 2979 5200 atque
3004 5129 3219 5194 Persa,
3250 5144 3282 5183 a
3317 5129 3516 5199 quibus
3543 5136 3701 5199 capta
3733 5133 3786 5179 et

2199 5221 2472 5276 destructa
2494 5229 2578 5276 est
2597 5221 2853 5292 Babylon.
2878 5220 2944 5275 Et
2965 5221 3068 5292 ipsi
3087 5221 3235 5276 enim
3256 5233 3534 5274 meracum
3559 5217 3784 5273 calicem

2200 5313 2505 5368 Alexandro
2535 5329 2658 5384 rege
2689 5313 3040 5368 Macedonum
3071 5313 3392 5383 propinante
3427 5319 3703 5383 putarunt.

2278 5422 2296 5454 ι
2333 5403 2399 5457 Et
2419 5403 2627 5458 cunctis
2670 5405 2886 5474 regibus
2911 5402 3200 5473 Babylonis
3226 5401 3336 5476 [ΑΙ.
3361 5399 3670 5473 Aquilonis]
3717 5403 3783 5454 de

2209 5511 2228 5545 ι
2262 5508 2428 5564 prope
2453 5502 2507 5550 et
2531 5495 2596 5550 de
2617 5495 2793 5568 longe.
2807 5515 2825 5548 ι
2851 5495 2986 5563 Quia
3001 5493 3237 5551 Persidis
3259 5504 3314 5551 et
3328 5493 3618 5560 Babylonis
3637 5493 3784 5549 Elam

2205 5594 2366 5654 atque
2394 5584 2667 5642 Medorum
2695 5599 3109 5642 enumeraverat
3141 5587 3411 5656 regiones,
3449 5599 3597 5642 nunc
3623 5594 3787 5652 gerro.
