4022 6186
254 227 361 282 €97

1185 222 1551 283 EXPOSITIO
1590 221 1817 280 SUPER
1854 222 2224 280 JEREmAll.
2261 255 2332 266 —
2368 225 2500 281 LIB.
2542 224 2608 281 Χ.

3421 222 3531 291 998

246 335 439 394 raliter
462 336 616 406 ponit
644 345 834 388 omnes
861 347 1017 403 reges
1040 332 1346 404 Aquilonis,
1380 335 1473 404 qui
1515 349 1688 405 prope
1713 343 1843 391 sunt
1870 340 1917 402 Α
1947 335 2102 401 titur,
2127 335 2194 392 de
2233 336 2337 393 hoc
2358 337 2594 407 capitulo
2617 338 2874 405 diximus,
2916 340 3061 410 quod
3089 337 3265 398 Graeci
3297 342 3526 403 (σηπίαι,

244 437 305 482 et
332 426 511 497 longe.
544 424 651 479 Pro
677 422 964 493 Aquilone,
1007 427 1099 494 qui
1138 424 1403 481 Hebraice
1442 423 1643 481 dicitur
1693 432 1841 512 rex,

246 513 604 585 Septuaginta
636 522 849 567 vertere
873 513 1155 587 ἀνηλίωτην
1182 528 1345 583 quem
1378 528 1479 570 nos
1500 511 1841 569 subsolanum

243 619 541 674 possumus
562 603 766 659 dicere.

323 713 343 747 ι
393 695 697 764 Unicuique
720 700 910 748 contra
937 693 1161 747 fratrem
1190 707 1369 757 suum,
1398 700 1455 747 et
1486 691 1735 747 omnibus
1758 706 1843 746 re-

249 804 271 838 ι
309 786 430 856 guis
457 795 636 850 terrae,
660 799 781 854 quae
806 799 971 853 super
999 782 1190 838 faciem
1217 781 1334 851 ejus
1360 791 1505 838 sunt.
1534 782 1598 837 Et
1627 798 1723 836 rex
1744 781 1844 837 Se—

248 894 268 925 ι
309 873 442 929 saeh
490 874 639 929 hibet
666 880 787 944 post
814 887 928 929 eos.
966 893 984 924 ι
1043 872 1121 927 Ne
1157 883 1381 928 cunctas
1416 870 1696 927 orientalis
1718 885 1844 940 pro-

242 963 441 1017 vinciae
465 963 715 1033 regiones
739 977 1058 1018 enumerare
1087 977 1185 1032 per
1222 972 1407 1032 partes
1436 961 1654 1032 longum
1689 960 1845 1014 fieret

241 1054 578 1123 generaliter
606 1054 784 1124 posuit
811 1053 993 1107 omnia
1020 1068 1183 1123 regna
1218 1064 1373 1108 terra:
1400 1066 1521 1122 quae
1560 1059 1845 1106 morantur

242 1148 298 1201 in
331 1158 502 1200 terra.
531 1144 686 1214 Quod
714 1153 898 1201 autem
944 1145 1102 1212 dixit,
1130 1154 1321 1201 contra
1372 1143 1599 1199 fratrem
1646 1159 1840 1210 suum,

241 1239 588 1302 subauditur,
622 1238 743 1292 dedi
777 1254 1038 1292 meracam
1077 1240 1363 1309 potionem,
1393 1244 1452 1292 ut
1475 1251 1666 1292 omnes
1696 1235 1841 1291 fure-

243 1337 389 1394 rent,
419 1336 724 1394 vomerent,
766 1328 1091 1395 insanirent,
1122 1337 1178 1384 et
1223 1328 1428 1383 mutuis
1453 1326 1595 1382 inter
1620 1341 1679 1381 se
1702 1340 1842 1396 pra:-

240 1418 332 1473 liis
360 1417 709 1473 dimicarent.
741 1415 1004 1487 Quodque
1034 1417 1238 1483 intulit,
1271 1436 1289 1469 ι
1337 1429 1432 1471 rex
1456 1413 1659 1471 Sesach
1691 1413 1840 1469 bibet

241 1517 368 1580 post
406 1523 521 1573 eos,
573 1527 593 1560 ι
645 1515 702 1562 et
742 1507 797 1562 in
837 1506 1193 1579 Septuaginta
1242 1521 1346 1561 non
1390 1505 1642 1570 habetur,
1689 1504 1836 1559 hunc

242 1598 414 1652 habet
439 1611 696 1652 sensum:
732 1594 952 1659 Omnes,
984 1596 1179 1682 inquit,
1221 1596 1275 1651 in
1313 1595 1545 1651 circuitu
1589 1595 1837 1649 nationes

1944 424 2234 498 Latinique
2262 426 2561 494 fastidiunt,
2591 430 2720 500 quia
2754 429 2809 485 in
2835 433 2949 488 suis
2971 434 3251 491 codicibus
3295 449 3401 490 non
3433 436 3534 492 ha-

1943 517 2103 572 betur
2144 519 2282 573 :sed
2315 518 2446 590 quid
2472 520 2746 590 proderit,
2775 534 2899 576 cum
2940 522 2996 577 in
3045 525 3395 594 sequentibus
3436 527 3526 584 hic

1942 610 2058 679 ipse
2085 610 2351 680 propheta
2387 610 2570 666 dicat:
2609 632 2630 663 ι
2662 611 2942 679 Quomodo
2970 624 3127 686 capta
3170 628 3247 671 est
3293 616 3521 684 Sesach,

1943 710 1999 756 et
2040 701 2431 771 comprehensa
2468 710 2554 757 est
2598 701 2799 775 inclyta
2827 704 3096 761 universae
3144 708 3335 762 terras?
3380 706 3527 774 Quo-

1942 795 2102 850 modo
2144 794 2286 849 facta
2338 804 2423 850 est
2460 795 2515 850 in
2547 805 2822 866 stuporem
2850 796 3088 868 Babylon
3133 798 3274 852 inter
3299 798 3531 868 gentes?

1940 881 2226 954 Allcgorici
2258 883 2585 954 interpretes
2630 885 2791 937 istum
2823 899 3037 939 omnem
3079 886 3251 941 locum
3284 888 3351 941 ad
3395 901 3528 942 cun-

1942 977 2058 1026 etas
2105 970 2347 1026 referunt
2394 972 2661 1037 nationes,
2709 987 2845 1043 quas
2887 974 3238 1030 inebriaverit
3285 977 3530 1033 diabolus

1941 1062 2110 1118 calice
2138 1072 2487 1133 peccatorum
2538 1065 2931 1131 meracissimo,
2985 1067 3335 1122 novissimum
3381 1071 3527 1123 enim

1940 1154 2103 1211 etiam
2132 1154 2306 1225 ipsum
2334 1154 2629 1211 bibiturum
2653 1156 2911 1227 supplicia
2939 1168 3102 1229 atque
3130 1159 3422 1215 cruciatus.
3452 1161 3530 1216 De

1939 1262 2049 1316 quo
2065 1246 2253 1302 scribit
2278 1248 2567 1318 Apostolus
2592 1267 2604 1301 :
2645 1268 2662 1300 ι
2697 1249 2869 1316 Quem
2892 1250 3150 1305 Dominus
3171 1250 3329 1307 Jesus
3364 1253 3532 1307 inter-

1941 1335 2290 1407 tlcietspiritu
2312 1337 2426 1393 oris
2439 1337 2520 1392 sui
2537 1335 2621 1408 (II
2638 1335 2816 1392 Thess.
2837 1337 2918 1407 li).
2933 1357 2950 1389 ι
2974 1336 3128 1394 Unde
3146 1339 3267 1394 etin
3285 1339 3390 1395 alio
3409 1340 3530 1397 loco

1939 1424 2071 1482 dicit
2100 1445 2113 1481 :
2144 1446 2163 1479 ι
2185 1424 2523 1485 Novissimus
2551 1437 2734 1485 autem
2758 1430 3012 1486 inimicus
3038 1424 3351 1487 destruetur
3384 1448 3531 1488 mors

1940 1512 1995 1585 (Ι
2027 1511 2149 1569 Car.
2178 1513 2293 1586 xv).
2333 1536 2353 1569 ι
2389 1514 2529 1585 Quid
2575 1531 2893 1590 magnarum
2938 1519 3133 1574 virium
3161 1528 3243 1574 est
3268 1535 3428 1591 posse
3449 1522 3531 1576 tli-

1938 1618 2219 1660 versarum
2250 1606 2513 1663 vocabula
2546 1610 2825 1664 nationum
2859 1608 3158 1666 transferre
3191 1610 3292 1666 sub
3322 1621 3531 1683 etymo-

241 1687 545 1758 Babylonio
571 1687 796 1757 imperio
820 1686 1195 1756 subjacebunt,
1226 1696 1280 1742 et
1304 1694 1500 1742 cuneta
1537 1700 1648 1742 suae
1674 1684 1839 1753 subji-
1867 1685 1914 1744 B
1942 1695 2098 1768 logiis
2129 1696 2243 1752 suis
2274 1705 2331 1753 et
2377 1699 2587 1770 singula
2627 1700 2853 1772 singulis
2880 1701 3190 1756 nominibus
3249 1711 3523 1772 coaptare.

243 1776 355 1831 ciet
378 1776 636 1845 potestati
670 1793 684 1829 :
717 1776 791 1830 ita
820 1783 881 1829 ut
909 1775 1193 1833 universa).
1222 1789 1361 1845 quas
1391 1774 1701 1846 praeteritus
1722 1790 1838 1830 ser-

244 1884 339 1922 mo
376 1867 620 1921 narravit
672 1875 880 1937 gentes,
919 1866 1020 1937 ipsi
1051 1867 1317 1933 serviant,
1350 1875 1403 1922 et
1442 1867 1632 1922 bibant
1655 1867 1721 1922 de
1747 1880 1837 1922 ca-

243 1959 352 2014 lice
378 1957 513 2030 ejus.
544 1955 696 2012 Unde
721 1965 776 2011 et
802 1956 857 2011 in
885 1956 1093 2012 visione
1123 1967 1314 2011 contra
1343 1955 1671 2027 Babylonem
1702 1955 1838 2011 Scri-

243 2050 437 2105 bitur:
488 2066 510 2101 ι
552 2046 705 2103 Calix
759 2063 958 2103 aureus
1006 2046 1242 2118 Babylon
1295 2047 1569 2101 inebrians
1620 2061 1839 2101 omnem

246 2152 475 2207 terram.
516 2161 535 2194 ι
589 2138 927 2196 Novissimus
971 2147 1153 2194 autem
1217 2154 1314 2194 rex
1358 2136 1649 2210 Babylonis
1694 2138 1839 2193 bibet

246 2231 393 2285 hanc
422 2230 695 2299 potionem
716 2270 732 2295 ,
764 2230 1084 2300 propinante
1111 2228 1214 2283 sibi
1256 2243 1542 2283 ascensore
1566 2227 1723 2299 bigae,
1749 2242 1839 2283 ca-

246 2318 399 2385 meli,
432 2330 491 2375 et
516 2319 677 2385 asini,
705 2319 846 2391 Cyro
876 2334 1002 2390 rege
1031 2317 1310 2374 Medorum
1335 2326 1497 2387 atque
1521 2317 1833 2372 Persarum.

246 2410 534 2479 Quomodo
557 2420 737 2464 autem
767 2409 1026 2479 Babylon,
1059 2423 1179 2480 qum
1206 2407 1470 2463 liebraice
1508 2407 1710 2463 dicitur
1728 2391 1839 2467 '72:

247 2499 587 2569 intelligatur
785 2515 890 2554 non
924 2514 1249 2571 magnopere
1298 2498 1583 2565 laborabit,
1612 2499 1703 2570 qui
1734 2494 1839 2554 ﬂc-

247 2590 411 2645 braae
438 2588 847 2663 linguatsaltem
868 2606 1090 2661 parvam
1120 2590 1372 2645 habuerit
1394 2590 1697 2645 scientiam.
1718 2588 1838 2645 Sic-

248 2688 312 2733 ut
359 2679 502 2749 apud
548 2695 647 2734 nos
675 2694 913 2751 graecum
940 2678 1284 2749 alphabetum
1313 2694 1482 2749 usque
1506 2680 1576 2734 ad
1608 2679 1841 2735 novissi-

249 2785 396 2825 mam
421 2772 655 2825 litteram
702 2786 800 2841 per
823 2769 1072 2826 ordinem
1102 2769 1319 2842 legitur,
1361 2759 1465 2826 hoc
1488 2778 1572 2826 est
1593 2793 1644 2835 α,
1688 2771 1742 2844 β,
1784 2778 1840 2825 et

246 2869 447 2917 uetera
493 2876 663 2931 usque
708 2860 777 2916 ad
805 2876 876 2926 ω;
908 2875 1231 2931 rursumque
1266 2870 1485 2931 propter
1522 2859 1839 2916 memoriam

2015 1801 2033 1836 ι
2069 1784 2136 1839 Ει
2166 1786 2315 1842 dices
2338 1787 2406 1841 ad
2430 1802 2555 1843 eos:
2580 1787 2706 1844 [huc
2729 1789 2858 1844 dicit
2880 1790 3140 1846 Dominus
3165 1791 3524 1860 exercituum,

1944 1895 1963 1929 ι
2004 1878 2142 1933 Deus
2169 1876 2334 1933 Israel
2352 1878 2557 1935 :Bihite
2584 1888 2639 1935 et
2674 1880 3042 1947 inebriamini,
3061 1892 3117 1937 et
3135 1883 3335 1939 vomite
3363 1893 3417 1939 et
3436 1900 3530 1938 ca-

1944 1985 1964 2018 ι
2000 1965 2131 2032 dite,
2156 1973 2213 2021 et
2235 1966 2404 2023 nolite
2428 1982 2755 2040 consurgere
2793 1984 2824 2023 a
2854 1969 2994 2026 facie
3036 1958 3198 2042 gladii
3237 1984 3398 2041 quem
3425 1988 3526 2044 ego

1944 2076 1964 2109 ι
2007 2057 2216 2112 mittam
2266 2057 2410 2114 inter
2436 2068 2553 2114 vos.
2607 2079 2626 2112 ι
2664 2058 2996 2131 Postquam,
3043 2061 3262 2132 inquit,
3310 2064 3525 2119 cunctis

1937 2146 2189 2220 gentibus
2211 2149 2585 2220 propinaveris
2617 2159 2674 2205 et
2705 2150 3013 2221 impleveris
3039 2162 3369 2222 praeceptum
3405 2153 3518 2208 Do-

1939 2239 2071 2294 mini
2114 2258 2128 2293 :
2188 2254 2406 2294 rursum
2457 2240 2574 2296 haec
2607 2242 2789 2297 verbis
2840 2240 3054 2297 Domini
3096 2242 3423 2312 imperabis,
3466 2251 3525 2298 et

1937 2325 2084 2383 dices
2123 2346 2136 2382 :
2182 2347 2201 2381 ι
2249 2328 2424 2384 Bibite
2444 2338 2501 2385 et
2522 2330 2885 2397 inebriamini,
2913 2340 2969 2386 et
2998 2332 3199 2385 vomite
3224 2340 3281 2386 et
3320 2334 3523 2399 cadite,

1938 2425 1994 2473 et
2020 2419 2184 2475 nolite
2209 2435 2557 2491 consurgere.
2591 2441 2609 2473 ι
2643 2420 2699 2477 Si
2740 2422 2924 2478 bibere
2959 2423 3248 2489 inebriari,
3276 2440 3519 2491 vomere,

1937 2514 1992 2563 et
2025 2510 2216 2565 cadere
2253 2508 2443 2569 salutis
2476 2512 2734 2567 indicium
2774 2520 2878 2578 est,
2912 2522 2968 2568 ut
3004 2513 3178 2569 instar
3203 2515 3521 2570 catharticze

1937 2598 2174 2667 potionis
2201 2601 2362 2655 noxia
2386 2616 2610 2671 quaeque
2636 2601 2931 2671 pellantur;
2957 2603 3225 2671 quomodo
3251 2602 3519 2672 sequitur,

1944 2707 1963 2741 ι
1999 2698 2053 2745 et
2074 2691 2240 2745 nolite
2256 2693 2655 2763 consurgere?»
2674 2692 2806 2760 Qua:
2823 2693 2897 2747 sit
2917 2702 3096 2748 autem
3117 2693 3268 2762 potio
3288 2706 3410 2762 quae
3429 2705 3526 2747 eos

1939 2778 2133 2836 cadere
2168 2780 2334 2836 faciat
2363 2781 2417 2836 in
2440 2768 2735 2850 aeternum,
2764 2782 2917 2853 ponit
2942 2780 3301 2846 manifestius,
3332 2781 3385 2836 id
3417 2792 3523 2849 est,

1944 2890 1965 2923 ι
1992 2887 2021 2926 a
2047 2869 2187 2927 facie
2201 2870 2386 2944 gladii,
2411 2888 2570 2943 quem
2586 2887 2685 2946 ego
2705 2874 2915 2929 mittam
2942 2873 3085 2928 inter
3097 2889 3214 2928 vos.
3246 2892 3265 2927 ι
3294 2871 3526 2944 (Mum)

248 2953 602 3026 parvulorum
634 2954 872 3009 solemus
918 2951 1169 3009 lectionis
1208 2948 1455 3008 ordinem
1493 2960 1739 3019 vertere,
1786 2960 1842 3008 et
1888 3036 1899 3037 ί
1941 2959 2041 3017 Hic
2063 2962 2289 3032 quaestio
2325 2964 2569 3018 nascitur
2602 2964 2870 3033 quomodo
2912 2974 3033 3035 post
3054 2974 3260 3037 ροιυηι,
3285 2966 3528 3021 ebrieia-

252 3043 446 3113 primis
468 3052 711 3098 extrema
741 3043 1004 3110 miscere,
1041 3052 1101 3097 ut
1129 3042 1372 3098 dicamus
1396 3060 1451 3109 α,
1480 3064 1540 3110 ω,
1566 3042 1625 3115 β,
1650 3042 1691 3115 ψ
1718 3058 1733 3097 :
1760 3043 1840 3098 sic

1944 3062 2071 3118 tem,
2099 3053 2472 3125 vomitumque
2501 3066 2556 3110 et
2577 3056 2788 3111 ruinam
2811 3056 2863 3110 in
2890 3036 3125 3112 Ieremia
3155 3058 3369 3113 dicatur
3396 3055 3523 3112 Ilie-

253 3144 308 3190 et
334 3137 475 3204 apud
525 3134 779 3191 Hebraeos
804 3137 1041 3205 primum
1081 3143 1167 3192 est
1194 3147 1256 3202 at,
1288 3134 1582 3191 secundum
1618 3145 1680 3202 ι,
1726 3144 1841 3190 ter-

253 3224 389 3278 tium
423 3235 476 3290 λ,
507 3212 677 3294 usque
702 3225 770 3278 ad
798 3224 1113 3280 vicesimam
1135 3224 1423 3280 secundant
1454 3231 1510 3278 et
1541 3233 1841 3279 extremam

254 3314 581 3380 litteratum,
629 3315 717 3369 cui
766 3314 1060 3384 peuultima
1108 3322 1191 3369 est
1239 3324 1312 3374 ω.
1368 3313 1624 3385 Legimus
1660 3314 1844 3384 itaque

254 3414 306 3464 φ
324 3416 366 3463 3
385 3414 430 3463 rt
452 3420 510 3464 te.
560 3404 806 3475 Cumque
850 3405 1159 3460 venerimus
1187 3406 1253 3460 ad
1302 3404 1538 3461 medium
1572 3389 1625 3470 ι),
1650 3404 1844 3461 littera:

252 3493 496 3547 occurrit
518 3505 568 3555 Ω,
599 3504 654 3548 et
677 3504 737 3548 ut
763 3492 808 3549 si
840 3501 987 3548 recte
1019 3491 1232 3565 legatur
1257 3492 1486 3565 legimus
1523 3492 1685 3548 Βαὺεί
1708 3534 1724 3559 ,
1767 3493 1844 3547 ita

253 3581 448 3637 ordine
484 3589 815 3637 commutato
858 3580 1088 3652 legimus
1124 3579 1342 3636 Sesach.
1392 3579 1620 3636 Vocales
1661 3590 1842 3637 autem

255 3674 453 3729 littera:
499 3672 639 3727 inter
665 3685 690 3713 ι
716 3685 756 3733 rt
778 3681 827 3727 et
874 3683 936 3736 π,
955 3671 1111 3741 juxta
1138 3670 1341 3726 idioma
1386 3670 1583 3743 lingua:
1607 3670 1845 3727 Hebrum

255 3770 312 3823 in
356 3766 458 3821 hoc
485 3764 701 3820 nomine
726 3780 833 3820 non
858 3772 1153 3834 ponuntur,
1200 3764 1541 3834 arbitrorque
1582 3778 1613 3818 a
1654 3773 1845 3819 sancto

257 3856 521 3929 propheta
543 3857 839 3926 prudenter
866 3853 1036 3911 fuisse
1061 3855 1312 3919 celatum,
1342 3870 1410 3910 ne
1440 3864 1628 3925 aperte
1655 3868 1844 3911 eorum

257 3957 449 4001 contra
474 3960 533 4000 se
564 3945 825 3999 insaniam
854 3954 1246 4010 commoveret,
1262 3945 1355 4015 qui
1379 3944 1701 4000 obsidebant
1720 3943 1846 3999 Hie-

258 4035 517 4100 rusalem,
544 4042 599 4089 et
615 4034 948 4105 jamjamque
971 4032 1090 4103 ejus
1113 4032 1336 4105 petituri
1367 4041 1527 4088 erant
1571 4050 1585 4087 :
1622 4032 1766 4103 quod
1790 4040 1847 4088 et

257 4130 573 4202 Apostolum
601 4137 791 4184 contra
818 4128 1105 4198 imperium
1144 4126 1449 4183 Romanum
1494 4124 1689 4182 fecisse
1713 4125 1847 4197 legi-

260 4235 385 4276 mus
439 4217 523 4291 (ΙΙ
580 4217 764 4273 Thess.
817 4218 901 4289 ιι),
951 4217 1281 4273 scribentem
1329 4217 1397 4273 de
1443 4218 1781 4274 Antichristo
1825 4235 1843 4274 :

265 4330 286 4363 ι
323 4308 442 4365 Non
467 4309 815 4375 meministis,
843 4309 986 4379 quod
1007 4324 1131 4365 cum
1161 4308 1303 4379 apud
1325 4323 1422 4364 vos
1441 4323 1617 4364 essem
1646 4309 1842 4377 adhuc,

1943 3143 2178 3200 rusalem
2206 3161 2312 3200 non
2341 3161 2502 3217 posse
2535 3162 2882 3217 consurgere,
2911 3158 2967 3203 et
2994 3147 3161 3204 Isaias
3190 3148 3429 3219 loquitur
3454 3148 3523 3203 ad

1942 3251 2064 3291 eam
2092 3253 2107 3290 :
2141 3254 2160 3288 ι
2187 3235 2434 3303 Elevare,
2452 3235 2688 3304 elevare,
2711 3252 2998 3309 consurge,
3017 3237 3377 3304 Hierusalem,
3404 3255 3529 3310 qua:

1945 3324 2125 3380 bibisti
2163 3325 2231 3382 de
2268 3342 2429 3381 manu
2458 3325 2672 3382 Domini
2699 3327 2924 3383 calicem
2967 3329 3061 3383 ira:
3095 3330 3214 3400 ejus
3256 3343 3427 3398 usque
3456 3329 3529 3383 ad

1944 3413 2189 3481 fundum,
2207 3415 2431 3473 calicem
2462 3418 2674 3488 soporis
2695 3415 2894 3482 bibisti,
2926 3427 2982 3473 et
3006 3418 3234 3490 epotasti
3264 3432 3435 3489 usque
3459 3419 3530 3473 ad

1944 3502 2110 3562 feces.
2154 3505 2271 3563 Non
2296 3518 2381 3563 est
2409 3508 2503 3577 qui
2544 3517 2812 3565 sustentet
2838 3526 2958 3565 eam
2997 3524 3061 3564 ex
3103 3510 3357 3565 omnibus
3406 3510 3533 3565 tiliis

1945 3614 2082 3670 quos
2122 3600 2340 3671 genuit,
2371 3608 2427 3654 et
2466 3616 2572 3655 non
2625 3610 2728 3668 est,
2760 3602 2850 3672 qui
2898 3602 3269 3673 apprehendat
3310 3618 3529 3656 manum

1944 3686 2063 3759 ejus
2088 3703 2152 3744 ex
2180 3691 2435 3746 omnibus
2463 3690 2586 3747 filiis
2609 3707 2746 3762 quos
2769 3694 3048 3747 enutrivit.
3084 3692 3201 3747 Duo
3247 3701 3376 3747 sunt
3408 3707 3532 3763 qu:e

1943 3788 2303 3835 occurrerunt
2332 3780 2583 3852 tibi,quis
2608 3782 3022 3837 contristabitur
3053 3797 3217 3852 super
3240 3784 3329 3836 te?
3359 3780 3534 3835 Vasti—

1946 3877 2031 3923 tas
2057 3877 2110 3924 et
2135 3870 2411 3935 contritio,
2444 3882 2500 3925 et
2519 3869 2689 3927 fames
2716 3880 2771 3924 et
2806 3870 3035 3941 gladius,
3079 3871 3201 3940 quis
3230 3869 3535 3926 consolabi-

1946 3970 2035 4016 tur
2061 3962 2150 4017 te?
2169 3982 2187 4013 ι
2207 3962 2343 4034 (lsa.
2374 3963 2470 4034 LI.)
2504 3979 2623 4033 quae
2648 3965 2721 4018 ita
2749 3964 2992 4019 solvitur.
3022 3963 3271 4030 Quandiu
3292 3964 3417 4033 quis
3444 3962 3532 4017 bi-

1944 4052 2026 4107 bit
2048 4051 2297 4118 calicem,
2324 4063 2380 4107 et
2402 4053 2719 4119 inebriatur,
2755 4053 2978 4120 insanit,
3017 4053 3291 4123 vomitque
3322 4062 3378 4107 et
3410 4068 3535 4106 cor-

1947 4145 2076 4208 ruit,
2103 4158 2206 4196 non
2228 4158 2351 4197 eum
2375 4158 2534 4212 posse
2568 4158 2914 4214 consurgere.
2964 4142 3205 4199 Necdum
3233 4144 3379 4198 enim
3403 4158 3537 4214 epo—

1946 4231 2081 4288 tavit
2105 4228 2331 4287 calicem
2360 4231 2573 4287 Domini
2606 4250 2621 4287 :
2645 4248 2744 4289 nec
2767 4234 3012 4304 pervenit
3040 4234 3108 4289 ad
3130 4235 3294 4297 feces,
3330 4241 3387 4287 ut
3406 4247 3533 4288 eum

1947 4336 2119 4392 usque
2143 4322 2211 4376 ad
2239 4319 2464 4378 fundum
2492 4323 2702 4379 biberet
2730 4341 2743 4378 :
2776 4338 2920 4379 nunc
2956 4332 3139 4378 autem
3170 4324 3237 4378 ad
3269 4321 3532 4378 Hierusa-

259 4405 377 4461 haec
404 4402 651 4458 dicebam
679 4401 876 4457 vobis?
903 4408 958 4456 et
989 4414 1135 4456 nunc
1158 4398 1288 4471 quid
1312 4399 1552 4455 detineat
1577 4400 1758 4465 scitis,
1787 4410 1847 4455 ut
1871 4383 1924 4444 Ῑ)
1948 4383 2055 4468 ιω]
2097 4411 2165 4468 de
2197 4411 2473 4482 ρῃειθιιίιο
2501 4412 2700 4468 dicitur
2742 4421 2987 4484 tempore
3012 4432 3025 4467 ε
3048 4412 3180 4481 Qua:
3223 4413 3408 4469 bibisti
3466 4414 3536 4469 de

259 4494 534 4552 reveletur
574 4493 630 4548 in
670 4509 769 4548 suo
797 4502 1039 4564 tempore
1062 4493 1407 4565 (subauditur
1429 4493 1843 4567 Antichristus).

257 4586 377 4643 lam
420 4585 568 4641 enim
595 4583 911 4655 mysterium
942 4583 1241 4654 iniquitatis
1261 4593 1537 4655 operatur,
1558 4591 1763 4639 tantum
1788 4592 1849 4640 ut

255 4678 352 4749 qui
379 4684 530 4733 tenet
557 4677 737 4741 modo,
767 4682 968 4742 teneat,
989 4674 1162 4731 donec
1187 4674 1256 4731 de
1285 4676 1463 4731 medio
1483 4675 1606 4740 ﬁat;
1630 4681 1686 4731 et
1717 4687 1846 4731 tunc

258 4766 594 4824 revelabitur
633 4764 721 4820 ille
748 4764 986 4836 iniquus,
1019 4780 1179 4836 quem
1209 4765 1469 4821 Dominus
1491 4763 1649 4821 Iesus
1678 4766 1848 4821 inter-

257 4859 405 4916 tlciet
426 4857 620 4930 spiritu
641 4857 754 4914 oris
771 4857 877 4924 sui,
901 4866 957 4913 et
975 4858 1216 4914 destruet
1235 4856 1625 4912 illuminatione
1644 4857 1844 4912 adven-

257 4957 348 5004 tus
370 4949 455 5005 sui
472 4945 559 5020 (II
578 4945 758 5003 Thess.
772 4946 836 5018 ιι)
853 4964 869 5012 ;
894 4967 915 5001 ι
936 4962 1085 5012 eum,
1108 4947 1352 5017 inquam,
1367 4949 1460 5017 qui
1483 4955 1630 5003 tenet
1645 4948 1843 5002 Berna-

256 5051 391 5094 num
431 5038 721 5108 imperium
752 5036 1009 5093 ostendit.
1042 5036 1155 5093 Nisi
1185 5038 1330 5093 enim
1371 5039 1475 5094 hoc
1509 5038 1844 5094 destructum

254 5127 449 5195 fuerit,
461 5128 843 5200 sublatumque
857 5130 924 5185 de
946 5129 1122 5185 medio
1134 5128 1287 5201 juxta
1302 5129 1636 5199 prophetiam
1650 5128 1847 5184 Danie-

249 5223 347 5288 lis,
374 5220 746 5277 Antichristus
770 5229 896 5275 ante
918 5234 1024 5275 non
1060 5220 1255 5275 veniet.
1287 5218 1441 5286 Quod
1465 5218 1512 5273 si
1544 5226 1731 5288 aperte
1758 5217 1842 5274 di-

251 5324 389 5393 cere
417 5311 705 5377 voluisset,
735 5312 901 5368 stulte
927 5310 1317 5383 persecutionis
1355 5309 1644 5365 adversum
1687 5307 1845 5364 Chri-

251 5402 488 5466 stianos,
522 5408 578 5457 et
601 5411 728 5457 tunc
758 5409 1071 5458 nascentem
1096 5396 1397 5456 Ecclesium
1423 5398 1632 5455 rabiem
1657 5398 1843 5455 conci-

250 5500 451 5549 tasset.
481 5492 721 5566 Longius
744 5507 908 5564 quam
939 5489 1457 5547 commentariorum
1479 5489 1722 5546 brevitas
1744 5503 1844 5560 pa-

334 5616 360 5646 ο
385 5601 479 5660 Sic
500 5601 812 5677 legendum,
825 5602 971 5661 Inter
990 5587 1025 5665 ὃ
1050 5614 1096 5658 ει
1123 5580 1166 5663 τι
1180 5613 1226 5658 et
1253 5614 1292 5665 τι
1304 5621 1323 5671 ;
1347 5605 1484 5660 inter
1501 5611 1542 5689 π
1561 5576 1609 5658 et
1627 5612 1681 5665 ut
1695 5614 1742 5660 et
1768 5614 1842 5667 tv.

1948 4518 2112 4558 manu
2149 4500 2361 4557 Domini
2409 4500 2631 4558 calicem
2673 4501 2874 4558 furoris
2901 4503 3038 4575 ejus,
3066 4512 3258 4560 etnon
3292 4520 3414 4577 quae
3453 4504 3536 4560 bi—

1948 4595 2052 4652 bis.
2099 4592 2379 4665 Simulque
2407 4592 2884 4661 considerandum,
2911 4595 3056 4666 quod
3082 4609 3191 4650 non
3235 4597 3535 4668 propheta,

1949 4703 2056 4744 non
2083 4685 2357 4758 apostolus
2390 4687 2588 4743 exinde
2616 4686 2780 4743 fuerit
2803 4687 2860 4742 in
2893 4686 3101 4755 Iudaea,
3133 4688 3224 4758 qui
3246 4703 3366 4743 eam
3407 4705 3539 4744 eon-

1948 4777 2156 4834 solatus
2184 4778 2278 4844 sit,
2300 4786 2357 4833 et
2386 4777 2807 4848 apprehenderit
2844 4794 3065 4834 manum
3096 4778 3235 4850 ejus,
3266 4788 3321 4834 et
3337 4776 3534 4848 jacen-

1943 4882 2053 4929 tem
2070 4872 2385 4929 elevaverit.
2400 4873 2480 4928 Ex
2505 4889 2615 4945 quo
2634 4871 2986 4929 manifestum
3013 4882 3119 4940 est,
3151 4873 3292 4943 quod
3311 4882 3434 4943 post
3460 4871 3535 4926 ul-

1949 4965 2134 5022 timam
2165 4965 2534 5037 captivitatem
2566 4965 2669 5022 ista
2693 4965 2984 5021 dicantur:
3017 4965 3258 5034 alioquin
3282 4965 3334 5018 in
3361 4964 3511 5034 Baby

1946 5058 2092 5124 ioue,
2120 5067 2174 5113 et
2203 5067 2325 5129 post
2355 5057 2709 5128 Babylonem,
2750 5057 3002 5113 Ezechiel
3033 5066 3088 5111 et
3130 5064 3358 5111 cancros
3399 5070 3531 5125 pro-

1946 5150 2139 5221 phetas
2160 5149 2416 5205 habuisse
2436 5163 2556 5204 eam
2582 5157 2770 5203 narrat
2794 5147 3041 5204 historia.
3068 5145 3223 5212 Quod
3247 5154 3428 5199 autem
3450 5144 3531 5199 di-

1945 5241 2053 5306 cit,
2075 5242 2182 5296 duo
2206 5246 2353 5307 sunt,
2375 5254 2497 5310 quae
2516 5247 2813 5295 occurrunt
2838 5239 2957 5302 tibi,
2989 5237 3105 5292 sive
3130 5236 3238 5289 duo
3261 5249 3295 5289 e
3312 5244 3531 5290 eorum

1944 5332 2030 5390 rio
2063 5330 2184 5396 tibi,
2211 5330 2335 5400 quis
2372 5331 2784 5386 contristabitur
2823 5344 2987 5401 super
3038 5327 3130 5383 te?
3176 5334 3232 5382 et
3269 5342 3368 5397 pro
3398 5326 3533 5383 duo-

1944 5426 2049 5483 bus
2074 5423 2238 5483 infert
2268 5433 2522 5497 quatuor,
2563 5424 2789 5481 vastitas
2826 5431 2882 5478 et
2931 5421 3222 5488 contritio,
3260 5419 3434 5476 fames
3473 5433 3531 5476 es

1920 5518 2195 5593 gladius:
2224 5517 2304 5577 illi
2351 5516 2530 5577 simile
2571 5524 2686 5586 est,
2731 5514 2875 5588 quod
2923 5515 2981 5572 in
3023 5515 3232 5587 psalmo
3274 5512 3525 5569 canitur:
