  <div class='ocr_page' id='page_1' title='image "/cluster/home/n/w/nwhite01/storage/ocr_20150623/111/hvd.32044054759766/503.png"; bbox 0 0 4022 6186; ppageno 0'>
   <div class='ocr_carea' id='block_1_1' title="bbox 529 166 3753 253">
    <p class='ocr_par' dir='ltr' id='par_1_1' title="bbox 529 166 3753 253">
     <span class='ocr_line' id='line_1_1' title="bbox 529 166 3753 253; baseline 0 -28"><span class='ocrx_word' id='word_1_1' title='bbox 529 175 638 235; x_wconf 71' lang='lat'><strong>999</strong></span> <span class='ocrx_word' id='word_1_2' title='bbox 1134 173 1192 228; x_wconf 83' lang='grc' dir='ltr'><strong>Β.</strong></span> <span class='ocrx_word' id='word_1_3' title='bbox 1233 170 1484 227; x_wconf 68' lang='lat' dir='ltr'><strong>RABAM</strong></span> <span class='ocrx_word' id='word_1_4' title='bbox 1523 170 1737 227; x_wconf 76' lang='lat' dir='ltr'><strong>MAURI</strong></span> <span class='ocrx_word' id='word_1_5' title='bbox 1773 168 2088 225; x_wconf 76' lang='lat' dir='ltr'><strong>ARCHIEP.</strong></span> <span class='ocrx_word' id='word_1_6' title='bbox 2132 168 2437 225; x_wconf 72' lang='lat' dir='ltr'><strong>MOGUNT.</strong></span> <span class='ocrx_word' id='word_1_7' title='bbox 2478 168 2758 253; x_wconf 73' lang='lat' dir='ltr'><strong>QPERUM</strong></span> <span class='ocrx_word' id='word_1_8' title='bbox 2796 167 2977 226; x_wconf 67' lang='lat' dir='ltr'><strong>PARS</strong></span> <span class='ocrx_word' id='word_1_9' title='bbox 3009 166 3071 223; x_wconf 89' lang='grc'><strong>111</strong></span> <span class='ocrx_word' id='word_1_10' title='bbox 3620 184 3753 239; x_wconf 39' lang='lat'><strong>{0‘0</strong></span> 
     </span>
    </p>
   </div>
   <div class='ocr_carea' id='block_1_2' title="bbox 535 276 3765 351">
    <p class='ocr_par' dir='ltr' id='par_1_2' title="bbox 535 276 3765 351">
     <span class='ocr_line' id='line_1_2' title="bbox 535 276 3765 351; baseline -0.005 -5"><span class='ocrx_word' id='word_1_11' title='bbox 535 307 559 346; x_wconf 79' lang='grc' dir='ltr'><strong>ι</strong></span> <span class='ocrx_word' id='word_1_12' title='bbox 590 286 770 348; x_wconf 78' lang='lat' dir='ltr'><strong>Semel</strong></span> <span class='ocrx_word' id='word_1_13' title='bbox 792 285 1002 344; x_wconf 86' lang='lat' dir='ltr'><strong>locutus</strong></span> <span class='ocrx_word' id='word_1_14' title='bbox 1032 293 1119 342; x_wconf 86' lang='lat' dir='ltr'><strong>est</strong></span> <span class='ocrx_word' id='word_1_15' title='bbox 1137 286 1297 351; x_wconf 89' lang='lat' dir='ltr'><strong>Deus,</strong></span> <span class='ocrx_word' id='word_1_16' title='bbox 1324 284 1432 340; x_wconf 93' lang='lat' dir='ltr'><strong>duo</strong></span> <span class='ocrx_word' id='word_1_17' title='bbox 1468 285 1584 339; x_wconf 65' lang='lat' dir='ltr'><strong>hate</strong></span> <span class='ocrx_word' id='word_1_18' title='bbox 1617 282 1817 348; x_wconf 85' lang='lat' dir='ltr'><strong>audivi,</strong></span> <span class='ocrx_word' id='word_1_19' title='bbox 1852 282 1977 351; x_wconf 83' lang='lat' dir='ltr'><strong>quia</strong></span> <span class='ocrx_word' id='word_1_20' title='bbox 2002 296 2098 351; x_wconf 91' lang='lat' dir='ltr'><strong>po-</strong></span> <span class='ocrx_word' id='word_1_21' title='bbox 2125 287 2172 346; x_wconf 79' lang='grc' dir='ltr'><strong>Α</strong></span> <span class='ocrx_word' id='word_1_22' title='bbox 2202 287 2377 335; x_wconf 87' lang='lat' dir='ltr'><strong>vocat.</strong></span> <span class='ocrx_word' id='word_1_23' title='bbox 2417 278 2582 348; x_wconf 86' lang='lat' dir='ltr'><strong>Cujus</strong></span> <span class='ocrx_word' id='word_1_24' title='bbox 2628 280 2939 335; x_wconf 77' lang='lat' dir='ltr'><strong>celeumatis</strong></span> <span class='ocrx_word' id='word_1_25' title='bbox 2973 287 3028 333; x_wconf 86' lang='lat' dir='ltr'><strong>et</strong></span> <span class='ocrx_word' id='word_1_26' title='bbox 3064 277 3322 333; x_wconf 78' lang='lat' dir='ltr'><strong>carminis</strong></span> <span class='ocrx_word' id='word_1_27' title='bbox 3351 276 3559 333; x_wconf 85' lang='lat' dir='ltr'><strong>sonitus</strong></span> <span class='ocrx_word' id='word_1_28' title='bbox 3595 291 3765 346; x_wconf 74' lang='lat' dir='ltr'><strong>usque</strong></span> 
     </span>
    </p>
   </div>
   <div class='ocr_carea' id='block_1_3' title="bbox 531 364 3762 442">
    <p class='ocr_par' dir='ltr' id='par_1_3' title="bbox 531 364 3762 442">
     <span class='ocr_line' id='line_1_3' title="bbox 531 364 3762 442; baseline -0.006 -3"><span class='ocrx_word' id='word_1_29' title='bbox 531 391 701 439; x_wconf 82' lang='lat' dir='ltr'><strong>testas</strong></span> <span class='ocrx_word' id='word_1_30' title='bbox 717 378 813 435; x_wconf 89' lang='lat' dir='ltr'><strong>Dei</strong></span> <span class='ocrx_word' id='word_1_31' title='bbox 837 386 943 442; x_wconf 91' lang='lat' dir='ltr'><strong>est,</strong></span> <span class='ocrx_word' id='word_1_32' title='bbox 963 385 1018 433; x_wconf 91' lang='lat' dir='ltr'><strong>et</strong></span> <span class='ocrx_word' id='word_1_33' title='bbox 1045 377 1163 441; x_wconf 92' lang='lat' dir='ltr'><strong>tibi,</strong></span> <span class='ocrx_word' id='word_1_34' title='bbox 1191 375 1438 439; x_wconf 86' lang='lat' dir='ltr'><strong>Domine,</strong></span> <span class='ocrx_word' id='word_1_35' title='bbox 1458 371 1854 436; x_wconf 79' lang='lat' dir='ltr'><strong>misericordia,</strong></span> <span class='ocrx_word' id='word_1_36' title='bbox 1876 370 2000 441; x_wconf 88' lang='lat' dir='ltr'><strong>quia</strong></span> <span class='ocrx_word' id='word_1_37' title='bbox 2037 378 2096 422; x_wconf 91' lang='lat' dir='ltr'><strong>tu</strong></span> <span class='ocrx_word' id='word_1_38' title='bbox 2199 372 2266 424; x_wconf 80' lang='lat' dir='ltr'><strong>al</strong></span> <span class='ocrx_word' id='word_1_39' title='bbox 2297 381 2455 427; x_wconf 63' lang='lat' dir='ltr'><strong>terra:</strong></span> <span class='ocrx_word' id='word_1_40' title='bbox 2499 380 2741 425; x_wconf 86' lang='lat' dir='ltr'><strong>extrema</strong></span> <span class='ocrx_word' id='word_1_41' title='bbox 2769 369 3062 440; x_wconf 91' lang='lat' dir='ltr'><strong>perveniet,</strong></span> <span class='ocrx_word' id='word_1_42' title='bbox 3099 368 3224 438; x_wconf 90' lang='lat' dir='ltr'><strong>quia</strong></span> <span class='ocrx_word' id='word_1_43' title='bbox 3259 365 3523 435; x_wconf 87' lang='lat' dir='ltr'><strong>judicium</strong></span> <span class='ocrx_word' id='word_1_44' title='bbox 3554 364 3762 421; x_wconf 79' lang='lat' dir='ltr'><strong>Domini</strong></span> 
     </span>
    </p>
   </div>
   <div class='ocr_carea' id='block_1_4' title="bbox 532 459 2096 536">
    <p class='ocr_par' dir='ltr' id='par_1_4' title="bbox 532 459 2096 536">
     <span class='ocr_line' id='line_1_4' title="bbox 532 459 2096 536; baseline -0.009 -9"><span class='ocrx_word' id='word_1_45' title='bbox 532 471 723 527; x_wconf 80' lang='lat' dir='ltr'><strong>reddes</strong></span> <span class='ocrx_word' id='word_1_46' title='bbox 748 467 1035 536; x_wconf 84' lang='lat' dir='ltr'><strong>unicuique</strong></span> <span class='ocrx_word' id='word_1_47' title='bbox 1057 465 1212 534; x_wconf 80' lang='lat' dir='ltr'><strong>juxta</strong></span> <span class='ocrx_word' id='word_1_48' title='bbox 1249 479 1413 535; x_wconf 90' lang='lat' dir='ltr'><strong>opera</strong></span> <span class='ocrx_word' id='word_1_49' title='bbox 1457 478 1556 518; x_wconf 85' lang='lat' dir='ltr'><strong>sua</strong></span> <span class='ocrx_word' id='word_1_50' title='bbox 1601 460 1775 533; x_wconf 83' lang='lat' dir='ltr'><strong>(Psal.</strong></span> <span class='ocrx_word' id='word_1_51' title='bbox 1799 459 1931 531; x_wconf 78' lang='lat' dir='ltr'><strong>ut).</strong></span> <span class='ocrx_word' id='word_1_52' title='bbox 1968 479 1989 513; x_wconf 74' lang='grc' dir='ltr'><strong>ι</strong></span> <span class='ocrx_word' id='word_1_53' title='bbox 2030 459 2096 513; x_wconf 84' lang='grc' dir='ltr'><strong>Ει</strong></span> 
     </span>
    </p>
   </div>
   <div class='ocr_carea' id='block_1_5' title="bbox 532 549 2091 626">
    <p class='ocr_par' dir='ltr' id='par_1_5' title="bbox 532 549 2091 626">
     <span class='ocr_line' id='line_1_5' title="bbox 532 549 2091 626; baseline -0.007 -12"><span class='ocrx_word' id='word_1_54' title='bbox 532 560 605 616; x_wconf 86' lang='lat' dir='ltr'><strong>ibi</strong></span> <span class='ocrx_word' id='word_1_55' title='bbox 629 558 772 613; x_wconf 89' lang='lat' dir='ltr'><strong>enim</strong></span> <span class='ocrx_word' id='word_1_56' title='bbox 795 556 963 613; x_wconf 90' lang='lat' dir='ltr'><strong>semel</strong></span> <span class='ocrx_word' id='word_1_57' title='bbox 988 555 1224 626; x_wconf 78' lang='lat' dir='ltr'><strong>loquitur</strong></span> <span class='ocrx_word' id='word_1_58' title='bbox 1262 555 1423 617; x_wconf 89' lang='lat' dir='ltr'><strong>Deus,</strong></span> <span class='ocrx_word' id='word_1_59' title='bbox 1456 551 1597 622; x_wconf 87' lang='lat' dir='ltr'><strong>quod</strong></span> <span class='ocrx_word' id='word_1_60' title='bbox 1629 551 1967 620; x_wconf 90' lang='lat' dir='ltr'><strong>omnipotens</strong></span> <span class='ocrx_word' id='word_1_61' title='bbox 1986 549 2091 604; x_wconf 86' lang='lat' dir='ltr'><strong>sit:</strong></span> 
     </span>
    </p>
   </div>
   <div class='ocr_carea' id='block_1_6' title="bbox 528 638 2093 717">
    <p class='ocr_par' dir='ltr' id='par_1_6' title="bbox 528 638 2093 717">
     <span class='ocr_line' id='line_1_6' title="bbox 528 638 2093 717; baseline -0.006 -14"><span class='ocrx_word' id='word_1_62' title='bbox 528 658 587 703; x_wconf 89' lang='lat' dir='ltr'><strong>et</strong></span> <span class='ocrx_word' id='word_1_63' title='bbox 605 648 710 701; x_wconf 92' lang='lat' dir='ltr'><strong>duo</strong></span> <span class='ocrx_word' id='word_1_64' title='bbox 736 646 940 701; x_wconf 86' lang='lat' dir='ltr'><strong>audivit</strong></span> <span class='ocrx_word' id='word_1_65' title='bbox 971 646 1249 717; x_wconf 80' lang='lat' dir='ltr'><strong>propheta,</strong></span> <span class='ocrx_word' id='word_1_66' title='bbox 1287 644 1428 713; x_wconf 89' lang='lat' dir='ltr'><strong>quod</strong></span> <span class='ocrx_word' id='word_1_67' title='bbox 1454 640 1841 710; x_wconf 89' lang='lat' dir='ltr'><strong>omnipotentia</strong></span> <span class='ocrx_word' id='word_1_68' title='bbox 1870 638 2015 694; x_wconf 90' lang='lat' dir='ltr'><strong>illius</strong></span> <span class='ocrx_word' id='word_1_69' title='bbox 2038 639 2093 693; x_wconf 92' lang='lat' dir='ltr'><strong>in</strong></span> 
     </span>
    </p>
   </div>
   <div class='ocr_carea' id='block_1_7' title="bbox 530 728 2097 806">
    <p class='ocr_par' dir='ltr' id='par_1_7' title="bbox 530 728 2097 806">
     <span class='ocr_line' id='line_1_7' title="bbox 530 728 2097 806; baseline -0.006 -14"><span class='ocrx_word' id='word_1_70' title='bbox 530 747 759 805; x_wconf 85' lang='lat' dir='ltr'><strong>utraque</strong></span> <span class='ocrx_word' id='word_1_71' title='bbox 787 746 942 806; x_wconf 88' lang='lat' dir='ltr'><strong>parte</strong></span> <span class='ocrx_word' id='word_1_72' title='bbox 965 734 1274 804; x_wconf 69' lang='lat' dir='ltr'><strong>praevaleat,</strong></span> <span class='ocrx_word' id='word_1_73' title='bbox 1305 740 1363 786; x_wconf 92' lang='lat' dir='ltr'><strong>ut</strong></span> <span class='ocrx_word' id='word_1_74' title='bbox 1387 741 1441 786; x_wconf 89' lang='lat' dir='ltr'><strong>et</strong></span> <span class='ocrx_word' id='word_1_75' title='bbox 1468 729 1858 800; x_wconf 72' lang='lat' dir='ltr'><strong>pcenitentibus</strong></span> <span class='ocrx_word' id='word_1_76' title='bbox 1896 728 2097 784; x_wconf 87' lang='lat' dir='ltr'><strong>tribuat</strong></span> 
     </span>
    </p>
   </div>
   <div class='ocr_carea' id='block_1_8' title="bbox 531 820 2097 894">
    <p class='ocr_par' dir='ltr' id='par_1_8' title="bbox 531 820 2097 894">
     <span class='ocr_line' id='line_1_8' title="bbox 531 820 2097 894; baseline -0.005 -11"><span class='ocrx_word' id='word_1_77' title='bbox 531 826 975 891; x_wconf 87' lang='lat' dir='ltr'><strong>misericordiam,</strong></span> <span class='ocrx_word' id='word_1_78' title='bbox 1006 834 1060 880; x_wconf 90' lang='lat' dir='ltr'><strong>et</strong></span> <span class='ocrx_word' id='word_1_79' title='bbox 1093 824 1536 894; x_wconf 85' lang='lat' dir='ltr'><strong>permanentibus</strong></span> <span class='ocrx_word' id='word_1_80' title='bbox 1560 822 1614 877; x_wconf 92' lang='lat' dir='ltr'><strong>in</strong></span> <span class='ocrx_word' id='word_1_81' title='bbox 1653 828 1877 893; x_wconf 87' lang='lat' dir='ltr'><strong>peccato</strong></span> <span class='ocrx_word' id='word_1_82' title='bbox 1905 820 2097 875; x_wconf 88' lang='lat' dir='ltr'><strong>reddat</strong></span> 
     </span>
    </p>
   </div>
   <div class='ocr_carea' id='block_1_9' title="bbox 529 910 2095 988">
    <p class='ocr_par' dir='ltr' id='par_1_9' title="bbox 529 910 2095 988">
     <span class='ocr_line' id='line_1_9' title="bbox 529 910 2095 988; baseline -0.005 -15"><span class='ocrx_word' id='word_1_83' title='bbox 529 917 787 988; x_wconf 85' lang='lat' dir='ltr'><strong>supplicia</strong></span> <span class='ocrx_word' id='word_1_84' title='bbox 813 932 935 986; x_wconf 66' lang='lat' dir='ltr'><strong>quae</strong></span> <span class='ocrx_word' id='word_1_85' title='bbox 961 923 1255 979; x_wconf 88' lang='lat' dir='ltr'><strong>merentur,</strong></span> <span class='ocrx_word' id='word_1_86' title='bbox 1294 912 1450 982; x_wconf 80' lang='lat' dir='ltr'><strong>juxta</strong></span> <span class='ocrx_word' id='word_1_87' title='bbox 1472 912 1615 983; x_wconf 87' lang='lat' dir='ltr'><strong>quod</strong></span> <span class='ocrx_word' id='word_1_88' title='bbox 1636 912 1691 967; x_wconf 93' lang='lat' dir='ltr'><strong>in</strong></span> <span class='ocrx_word' id='word_1_89' title='bbox 1718 912 1822 966; x_wconf 91' lang='lat' dir='ltr'><strong>hoc</strong></span> <span class='ocrx_word' id='word_1_90' title='bbox 1850 911 1967 966; x_wconf 90' lang='lat' dir='ltr'><strong>loco</strong></span> <span class='ocrx_word' id='word_1_91' title='bbox 1990 910 2095 965; x_wconf 92' lang='lat' dir='ltr'><strong>duo</strong></span> 
     </span>
    </p>
   </div>
   <div class='ocr_carea' id='block_1_10' title="bbox 527 1000 2094 1073">
    <p class='ocr_par' dir='ltr' id='par_1_10' title="bbox 527 1000 2094 1073">
     <span class='ocr_line' id='line_1_10' title="bbox 527 1000 2094 1073; baseline -0.006 -10"><span class='ocrx_word' id='word_1_92' title='bbox 527 1015 813 1064; x_wconf 90' lang='lat' dir='ltr'><strong>occurrunt</strong></span> <span class='ocrx_word' id='word_1_93' title='bbox 846 1004 1198 1069; x_wconf 81' lang='lat' dir='ltr'><strong>Hierusalem,</strong></span> <span class='ocrx_word' id='word_1_94' title='bbox 1225 1017 1344 1073; x_wconf 64' lang='lat' dir='ltr'><strong>qua:</strong></span> <span class='ocrx_word' id='word_1_95' title='bbox 1368 1001 1574 1073; x_wconf 88' lang='lat' dir='ltr'><strong>singula</strong></span> <span class='ocrx_word' id='word_1_96' title='bbox 1614 1001 1738 1056; x_wconf 88' lang='lat' dir='ltr'><strong>bina</strong></span> <span class='ocrx_word' id='word_1_97' title='bbox 1762 1000 1963 1056; x_wconf 87' lang='lat' dir='ltr'><strong>habent</strong></span> <span class='ocrx_word' id='word_1_98' title='bbox 1986 1000 2094 1054; x_wconf 83' lang='lat' dir='ltr'><strong>rui-</strong></span> 
     </span>
    </p>
   </div>
   <div class='ocr_carea' id='block_1_11' title="bbox 531 1088 2096 1161">
    <p class='ocr_par' dir='ltr' id='par_1_11' title="bbox 531 1088 2096 1161">
     <span class='ocr_line' id='line_1_11' title="bbox 531 1088 2096 1161; baseline -0.006 -9"><span class='ocrx_word' id='word_1_99' title='bbox 531 1114 654 1152; x_wconf 89' lang='lat' dir='ltr'><strong>nam</strong></span> <span class='ocrx_word' id='word_1_100' title='bbox 690 1096 803 1151; x_wconf 82' lang='lat' dir='ltr'><strong>sive</strong></span> <span class='ocrx_word' id='word_1_101' title='bbox 829 1094 1135 1149; x_wconf 82' lang='lat' dir='ltr'><strong>vastitatem</strong></span> <span class='ocrx_word' id='word_1_102' title='bbox 1165 1091 1446 1161; x_wconf 88' lang='lat' dir='ltr'><strong>:sequitur</strong></span> <span class='ocrx_word' id='word_1_103' title='bbox 1492 1089 1749 1145; x_wconf 72' lang='lat' dir='ltr'><strong>wntritio</strong></span> <span class='ocrx_word' id='word_1_104' title='bbox 1792 1088 2012 1154; x_wconf 90' lang='lat' dir='ltr'><strong>famem,</strong></span> <span class='ocrx_word' id='word_1_105' title='bbox 2041 1096 2096 1144; x_wconf 91' lang='lat' dir='ltr'><strong>et</strong></span> 
     </span>
    </p>
   </div>
   <div class='ocr_carea' id='block_1_12' title="bbox 533 1187 1066 1261">
    <p class='ocr_par' dir='ltr' id='par_1_12' title="bbox 533 1187 1066 1261">
     <span class='ocr_line' id='line_1_12' title="bbox 533 1187 1066 1261; baseline -0.011 -17"><span class='ocrx_word' id='word_1_106' title='bbox 533 1190 765 1261; x_wconf 79' lang='lat' dir='ltr'><strong>gladium</strong></span> <span class='ocrx_word' id='word_1_107' title='bbox 798 1187 1066 1241; x_wconf 90' lang='lat' dir='ltr'><strong>interitus.</strong></span> 
     </span>
    </p>
   </div>
   <div class='ocr_carea' id='block_1_13' title="bbox 604 1270 2092 1346">
    <p class='ocr_par' dir='ltr' id='par_1_13' title="bbox 604 1270 2092 1346">
     <span class='ocr_line' id='line_1_13' title="bbox 604 1270 2092 1346; baseline -0.005 -15"><span class='ocrx_word' id='word_1_108' title='bbox 604 1299 621 1330; x_wconf 83' lang='grc' dir='ltr'><strong>ι</strong></span> <span class='ocrx_word' id='word_1_109' title='bbox 653 1278 893 1346; x_wconf 88' lang='lat' dir='ltr'><strong>Cumque</strong></span> <span class='ocrx_word' id='word_1_110' title='bbox 919 1275 1188 1331; x_wconf 88' lang='lat' dir='ltr'><strong>noluerint</strong></span> <span class='ocrx_word' id='word_1_111' title='bbox 1206 1273 1448 1343; x_wconf 85' lang='lat' dir='ltr'><strong>accipere</strong></span> <span class='ocrx_word' id='word_1_112' title='bbox 1466 1271 1689 1327; x_wconf 89' lang='lat' dir='ltr'><strong>calicem</strong></span> <span class='ocrx_word' id='word_1_113' title='bbox 1710 1270 1777 1327; x_wconf 92' lang='lat' dir='ltr'><strong>de</strong></span> <span class='ocrx_word' id='word_1_114' title='bbox 1799 1286 1957 1326; x_wconf 87' lang='lat' dir='ltr'><strong>manu</strong></span> <span class='ocrx_word' id='word_1_115' title='bbox 1982 1278 2092 1336; x_wconf 88' lang='lat' dir='ltr'><strong>tua,</strong></span> 
     </span>
    </p>
   </div>
   <div class='ocr_carea' id='block_1_14' title="bbox 534 1360 2096 1431">
    <p class='ocr_par' dir='ltr' id='par_1_14' title="bbox 534 1360 2096 1431">
     <span class='ocr_line' id='line_1_14' title="bbox 534 1360 2096 1431; baseline -0.003 -13"><span class='ocrx_word' id='word_1_116' title='bbox 534 1387 552 1418; x_wconf 75' lang='grc' dir='ltr'><strong>ι</strong></span> <span class='ocrx_word' id='word_1_117' title='bbox 592 1376 649 1420; x_wconf 85' lang='grc' dir='ltr'><strong>ιιι</strong></span> <span class='ocrx_word' id='word_1_118' title='bbox 669 1367 877 1431; x_wconf 89' lang='lat' dir='ltr'><strong>bibant,</strong></span> <span class='ocrx_word' id='word_1_119' title='bbox 898 1366 1047 1420; x_wconf 90' lang='lat' dir='ltr'><strong>dices</strong></span> <span class='ocrx_word' id='word_1_120' title='bbox 1067 1364 1133 1419; x_wconf 90' lang='lat' dir='ltr'><strong>ad</strong></span> <span class='ocrx_word' id='word_1_121' title='bbox 1147 1378 1240 1419; x_wconf 92' lang='lat' dir='ltr'><strong>eos</strong></span> <span class='ocrx_word' id='word_1_122' title='bbox 1267 1382 1280 1416; x_wconf 92' lang='lat'>:</span> <span class='ocrx_word' id='word_1_123' title='bbox 1308 1362 1434 1418; x_wconf 65' lang='lat' dir='ltr'><strong>Haac</strong></span> <span class='ocrx_word' id='word_1_124' title='bbox 1454 1361 1584 1417; x_wconf 90' lang='lat' dir='ltr'><strong>dicit</strong></span> <span class='ocrx_word' id='word_1_125' title='bbox 1605 1360 1863 1416; x_wconf 89' lang='lat' dir='ltr'><strong>Dominus</strong></span> <span class='ocrx_word' id='word_1_126' title='bbox 1886 1360 2096 1415; x_wconf 83' lang='lat' dir='ltr'><strong>exerci-</strong></span> 
     </span>
    </p>
   </div>
   <div class='ocr_carea' id='block_1_15' title="bbox 536 1449 2093 1521">
    <p class='ocr_par' dir='ltr' id='par_1_15' title="bbox 536 1449 2093 1521">
     <span class='ocr_line' id='line_1_15' title="bbox 536 1449 2093 1521; baseline -0.004 -13"><span class='ocrx_word' id='word_1_127' title='bbox 536 1477 553 1508; x_wconf 80' lang='grc' dir='ltr'><strong>ι</strong></span> <span class='ocrx_word' id='word_1_128' title='bbox 595 1465 741 1511; x_wconf 89' lang='lat' dir='ltr'><strong>tuum</strong></span> <span class='ocrx_word' id='word_1_129' title='bbox 777 1475 789 1510; x_wconf 93' lang='lat'>:</span> <span class='ocrx_word' id='word_1_130' title='bbox 821 1455 1076 1511; x_wconf 87' lang='lat' dir='ltr'><strong>Bibentes</strong></span> <span class='ocrx_word' id='word_1_131' title='bbox 1104 1453 1336 1509; x_wconf 90' lang='lat' dir='ltr'><strong>bibetis:</strong></span> <span class='ocrx_word' id='word_1_132' title='bbox 1370 1452 1494 1521; x_wconf 89' lang='lat' dir='ltr'><strong>quia</strong></span> <span class='ocrx_word' id='word_1_133' title='bbox 1527 1466 1654 1507; x_wconf 91' lang='lat' dir='ltr'><strong>ecce</strong></span> <span class='ocrx_word' id='word_1_134' title='bbox 1688 1450 1741 1505; x_wconf 93' lang='lat' dir='ltr'><strong>in</strong></span> <span class='ocrx_word' id='word_1_135' title='bbox 1772 1450 2010 1513; x_wconf 76' lang='lat' dir='ltr'><strong>civitate,</strong></span> <span class='ocrx_word' id='word_1_136' title='bbox 2039 1449 2093 1502; x_wconf 92' lang='lat' dir='ltr'><strong>in</strong></span> 
     </span>
    </p>
   </div>
   <div class='ocr_carea' id='block_1_16' title="bbox 522 1537 2094 1619">
    <p class='ocr_par' dir='ltr' id='par_1_16' title="bbox 522 1537 2094 1619">
     <span class='ocr_line' id='line_1_16' title="bbox 522 1537 2094 1619; baseline -0.002 -22"><span class='ocrx_word' id='word_1_137' title='bbox 522 1569 557 1619; x_wconf 75' lang='grc' dir='ltr'><strong>Δι</strong></span> <span class='ocrx_word' id='word_1_138' title='bbox 597 1564 700 1618; x_wconf 88' lang='lat' dir='ltr'><strong>qua</strong></span> <span class='ocrx_word' id='word_1_139' title='bbox 728 1548 1031 1602; x_wconf 89' lang='lat' dir='ltr'><strong>invocatum</strong></span> <span class='ocrx_word' id='word_1_140' title='bbox 1058 1554 1141 1602; x_wconf 89' lang='lat' dir='ltr'><strong>est</strong></span> <span class='ocrx_word' id='word_1_141' title='bbox 1167 1559 1359 1600; x_wconf 90' lang='lat' dir='ltr'><strong>nomen</strong></span> <span class='ocrx_word' id='word_1_142' title='bbox 1382 1558 1580 1609; x_wconf 90' lang='lat' dir='ltr'><strong>meum,</strong></span> <span class='ocrx_word' id='word_1_143' title='bbox 1610 1556 1711 1613; x_wconf 88' lang='lat' dir='ltr'><strong>ego</strong></span> <span class='ocrx_word' id='word_1_144' title='bbox 1738 1540 1935 1610; x_wconf 87' lang='lat' dir='ltr'><strong>incipio</strong></span> <span class='ocrx_word' id='word_1_145' title='bbox 1961 1537 2094 1594; x_wconf 82' lang='lat' dir='ltr'><strong>allii-</strong></span> 
     </span>
    </p>
   </div>
   <div class='ocr_carea' id='block_1_17' title="bbox 2195 458 3767 530">
    <p class='ocr_par' dir='ltr' id='par_1_17' title="bbox 2195 458 3767 530">
     <span class='ocr_line' id='line_1_17' title="bbox 2195 458 3767 530; baseline -0.002 -15"><span class='ocrx_word' id='word_1_146' title='bbox 2195 474 2319 515; x_wconf 91' lang='lat' dir='ltr'><strong>cum</strong></span> <span class='ocrx_word' id='word_1_147' title='bbox 2353 461 2618 530; x_wconf 78' lang='lat' dir='ltr'><strong>gentibus.</strong></span> <span class='ocrx_word' id='word_1_148' title='bbox 2650 459 2710 516; x_wconf 91' lang='lat' dir='ltr'><strong>Si</strong></span> <span class='ocrx_word' id='word_1_149' title='bbox 2739 470 2917 515; x_wconf 91' lang='lat' dir='ltr'><strong>autem</strong></span> <span class='ocrx_word' id='word_1_150' title='bbox 2951 458 3213 530; x_wconf 87' lang='lat' dir='ltr'><strong>judicium</strong></span> <span class='ocrx_word' id='word_1_151' title='bbox 3243 458 3454 514; x_wconf 88' lang='lat' dir='ltr'><strong>Domini</strong></span> <span class='ocrx_word' id='word_1_152' title='bbox 3488 474 3612 513; x_wconf 92' lang='lat' dir='ltr'><strong>cum</strong></span> <span class='ocrx_word' id='word_1_153' title='bbox 3640 474 3767 530; x_wconf 77' lang='lat' dir='ltr'><strong>gen-</strong></span> 
     </span>
    </p>
   </div>
   <div class='ocr_carea' id='block_1_18' title="bbox 2197 547 3759 619">
    <p class='ocr_par' dir='ltr' id='par_1_18' title="bbox 2197 547 3759 619">
     <span class='ocr_line' id='line_1_18' title="bbox 2197 547 3759 619; baseline -0.003 -14"><span class='ocrx_word' id='word_1_154' title='bbox 2197 549 2341 605; x_wconf 87' lang='lat' dir='ltr'><strong>tibus</strong></span> <span class='ocrx_word' id='word_1_155' title='bbox 2362 557 2469 615; x_wconf 91' lang='lat' dir='ltr'><strong>est,</strong></span> <span class='ocrx_word' id='word_1_156' title='bbox 2494 558 2620 605; x_wconf 88' lang='lat' dir='ltr'><strong>sunt</strong></span> <span class='ocrx_word' id='word_1_157' title='bbox 2657 558 2709 604; x_wconf 88' lang='lat' dir='ltr'><strong>et</strong></span> <span class='ocrx_word' id='word_1_158' title='bbox 2739 551 2977 619; x_wconf 88' lang='lat' dir='ltr'><strong>gentium</strong></span> <span class='ocrx_word' id='word_1_159' title='bbox 3009 549 3200 604; x_wconf 87' lang='lat' dir='ltr'><strong>merita</strong></span> <span class='ocrx_word' id='word_1_160' title='bbox 3241 548 3453 603; x_wconf 88' lang='lat' dir='ltr'><strong>diversa</strong></span> <span class='ocrx_word' id='word_1_161' title='bbox 3481 548 3629 619; x_wconf 74' lang='lat' dir='ltr'><strong>(Ore.</strong></span> <span class='ocrx_word' id='word_1_162' title='bbox 3667 547 3759 619; x_wconf 77' lang='grc' dir='ltr'><strong>ιι).</strong></span> 
     </span>
    </p>
   </div>
   <div class='ocr_carea' id='block_1_19' title="bbox 2194 637 3758 710">
    <p class='ocr_par' dir='ltr' id='par_1_19' title="bbox 2194 637 3758 710">
     <span class='ocr_line' id='line_1_19' title="bbox 2194 637 3758 710; baseline -0.003 -14"><span class='ocrx_word' id='word_1_163' title='bbox 2194 640 2275 696; x_wconf 84' lang='lat' dir='ltr'><strong>Ad</strong></span> <span class='ocrx_word' id='word_1_164' title='bbox 2320 640 2689 710; x_wconf 85' lang='lat' dir='ltr'><strong>exponendum</strong></span> <span class='ocrx_word' id='word_1_165' title='bbox 2719 639 2863 693; x_wconf 90' lang='lat' dir='ltr'><strong>illum</strong></span> <span class='ocrx_word' id='word_1_166' title='bbox 2913 638 3110 703; x_wconf 90' lang='lat' dir='ltr'><strong>locum,</strong></span> <span class='ocrx_word' id='word_1_167' title='bbox 3160 648 3223 694; x_wconf 91' lang='lat' dir='ltr'><strong>ut</strong></span> <span class='ocrx_word' id='word_1_168' title='bbox 3266 638 3485 707; x_wconf 89' lang='lat' dir='ltr'><strong>quidam</strong></span> <span class='ocrx_word' id='word_1_169' title='bbox 3537 637 3758 691; x_wconf 79' lang='lat' dir='ltr'><strong>volunt:</strong></span> 
     </span>
    </p>
   </div>
   <div class='ocr_carea' id='block_1_20' title="bbox 2200 728 3764 801">
    <p class='ocr_par' dir='ltr' id='par_1_20' title="bbox 2200 728 3764 801">
     <span class='ocr_line' id='line_1_20' title="bbox 2200 728 3764 801; baseline 0 -18"><span class='ocrx_word' id='word_1_170' title='bbox 2200 749 2221 783; x_wconf 70' lang='grc' dir='ltr'>ί</span> <span class='ocrx_word' id='word_1_171' title='bbox 2254 729 2353 797; x_wconf 83' lang='lat' dir='ltr'><strong>Qui</strong></span> <span class='ocrx_word' id='word_1_172' title='bbox 2382 746 2487 785; x_wconf 90' lang='lat' dir='ltr'><strong>non</strong></span> <span class='ocrx_word' id='word_1_173' title='bbox 2523 731 2712 795; x_wconf 88' lang='lat' dir='ltr'><strong>credit,</strong></span> <span class='ocrx_word' id='word_1_174' title='bbox 2729 730 2839 800; x_wconf 88' lang='lat' dir='ltr'><strong>jam</strong></span> <span class='ocrx_word' id='word_1_175' title='bbox 2866 730 3141 797; x_wconf 86' lang='lat' dir='ltr'><strong>judicatus</strong></span> <span class='ocrx_word' id='word_1_176' title='bbox 3163 739 3249 785; x_wconf 85' lang='lat' dir='ltr'><strong>est</strong></span> <span class='ocrx_word' id='word_1_177' title='bbox 3280 728 3462 801; x_wconf 77' lang='lat' dir='ltr'><strong>(Joan.</strong></span> <span class='ocrx_word' id='word_1_178' title='bbox 3490 731 3593 797; x_wconf 86' lang='grc' dir='ltr'><strong>ιιι).</strong></span> <span class='ocrx_word' id='word_1_179' title='bbox 3626 750 3647 780; x_wconf 74' lang='grc' dir='ltr'><strong>ι</strong></span> <span class='ocrx_word' id='word_1_180' title='bbox 3674 728 3764 783; x_wconf 76' lang='lat' dir='ltr'><strong>Ju-</strong></span> 
     </span>
    </p>
   </div>
   <div class='ocr_carea' id='block_1_21' title="bbox 2195 821 3757 891">
    <p class='ocr_par' dir='ltr' id='par_1_21' title="bbox 2195 821 3757 891">
     <span class='ocr_line' id='line_1_21' title="bbox 2195 821 3757 891; baseline -0.002 -13"><span class='ocrx_word' id='word_1_181' title='bbox 2195 823 2403 878; x_wconf 89' lang='lat' dir='ltr'><strong>dicatus</strong></span> <span class='ocrx_word' id='word_1_182' title='bbox 2439 822 2654 891; x_wconf 79' lang='lat' dir='ltr'><strong>quidem</strong></span> <span class='ocrx_word' id='word_1_183' title='bbox 2680 821 2836 877; x_wconf 88' lang='lat' dir='ltr'><strong>estin</strong></span> <span class='ocrx_word' id='word_1_184' title='bbox 2868 836 2933 877; x_wconf 91' lang='lat' dir='ltr'><strong>eo</strong></span> <span class='ocrx_word' id='word_1_185' title='bbox 2955 823 3098 891; x_wconf 91' lang='lat' dir='ltr'><strong>quod</strong></span> <span class='ocrx_word' id='word_1_186' title='bbox 3123 838 3226 876; x_wconf 92' lang='lat' dir='ltr'><strong>non</strong></span> <span class='ocrx_word' id='word_1_187' title='bbox 3248 821 3498 886; x_wconf 86' lang='lat' dir='ltr'><strong>credidit,</strong></span> <span class='ocrx_word' id='word_1_188' title='bbox 3523 821 3618 876; x_wconf 83' lang='lat' dir='ltr'><strong>sed</strong></span> <span class='ocrx_word' id='word_1_189' title='bbox 3644 822 3757 891; x_wconf 83' lang='lat' dir='ltr'><strong>ipsi,</strong></span> 
     </span>
    </p>
   </div>
   <div class='ocr_carea' id='block_1_22' title="bbox 2195 910 3764 985">
    <p class='ocr_par' dir='ltr' id='par_1_22' title="bbox 2195 910 3764 985">
     <span class='ocr_line' id='line_1_22' title="bbox 2195 910 3764 985; baseline 0.001 -22"><span class='ocrx_word' id='word_1_190' title='bbox 2195 912 2285 982; x_wconf 91' lang='lat' dir='ltr'><strong>qui</strong></span> <span class='ocrx_word' id='word_1_191' title='bbox 2312 926 2417 965; x_wconf 90' lang='lat' dir='ltr'><strong>non</strong></span> <span class='ocrx_word' id='word_1_192' title='bbox 2452 912 2680 966; x_wconf 91' lang='lat' dir='ltr'><strong>credunt</strong></span> <span class='ocrx_word' id='word_1_193' title='bbox 2707 911 2847 985; x_wconf 86' lang='lat' dir='ltr'><strong>inter</strong></span> <span class='ocrx_word' id='word_1_194' title='bbox 2888 926 2947 966; x_wconf 88' lang='lat' dir='ltr'><strong>se</strong></span> <span class='ocrx_word' id='word_1_195' title='bbox 2974 911 3203 966; x_wconf 83' lang='lat' dir='ltr'><strong>diversis</strong></span> <span class='ocrx_word' id='word_1_196' title='bbox 3221 910 3526 965; x_wconf 73' lang='lat' dir='ltr'><strong>alﬁciuntur</strong></span> <span class='ocrx_word' id='word_1_197' title='bbox 3565 911 3764 981; x_wconf 84' lang='lat' dir='ltr'><strong>suppli-</strong></span> 
     </span>
    </p>
   </div>
   <div class='ocr_carea' id='block_1_23' title="bbox 2195 1002 3765 1072">
    <p class='ocr_par' dir='ltr' id='par_1_23' title="bbox 2195 1002 3765 1072">
     <span class='ocr_line' id='line_1_23' title="bbox 2195 1002 3765 1072; baseline -0.003 -15"><span class='ocrx_word' id='word_1_198' title='bbox 2195 1004 2316 1058; x_wconf 90' lang='lat' dir='ltr'><strong>ciis.</strong></span> <span class='ocrx_word' id='word_1_199' title='bbox 2348 1002 2629 1059; x_wconf 84' lang='lat' dir='ltr'><strong>Judicatur</strong></span> <span class='ocrx_word' id='word_1_200' title='bbox 2657 1004 2772 1072; x_wconf 90' lang='lat' dir='ltr'><strong>ipse</strong></span> <span class='ocrx_word' id='word_1_201' title='bbox 2811 1018 2934 1057; x_wconf 86' lang='lat' dir='ltr'><strong>cum</strong></span> <span class='ocrx_word' id='word_1_202' title='bbox 2975 1002 3120 1056; x_wconf 90' lang='lat' dir='ltr'><strong>omni</strong></span> <span class='ocrx_word' id='word_1_203' title='bbox 3156 1017 3319 1058; x_wconf 88' lang='lat' dir='ltr'><strong>carne</strong></span> <span class='ocrx_word' id='word_1_204' title='bbox 3343 1012 3403 1056; x_wconf 87' lang='lat' dir='ltr'><strong>ut</strong></span> <span class='ocrx_word' id='word_1_205' title='bbox 3434 1002 3613 1056; x_wconf 88' lang='lat' dir='ltr'><strong>nullus</strong></span> <span class='ocrx_word' id='word_1_206' title='bbox 3639 1002 3765 1071; x_wconf 81' lang='lat' dir='ltr'><strong>inju-</strong></span> 
     </span>
    </p>
   </div>
   <div class='ocr_carea' id='block_1_24' title="bbox 2195 1090 3761 1162">
    <p class='ocr_par' dir='ltr' id='par_1_24' title="bbox 2195 1090 3761 1162">
     <span class='ocr_line' id='line_1_24' title="bbox 2195 1090 3761 1162; baseline 0.001 -16"><span class='ocrx_word' id='word_1_207' title='bbox 2195 1093 2402 1148; x_wconf 87' lang='lat' dir='ltr'><strong>dicatus</strong></span> <span class='ocrx_word' id='word_1_208' title='bbox 2448 1093 2729 1147; x_wconf 83' lang='lat' dir='ltr'><strong>habeatur.</strong></span> <span class='ocrx_word' id='word_1_209' title='bbox 2772 1090 2969 1162; x_wconf 89' lang='lat' dir='ltr'><strong>Impios</strong></span> <span class='ocrx_word' id='word_1_210' title='bbox 3012 1101 3216 1159; x_wconf 90' lang='lat' dir='ltr'><strong>autem,</strong></span> <span class='ocrx_word' id='word_1_211' title='bbox 3270 1092 3374 1147; x_wconf 87' lang='lat' dir='ltr'><strong>hoc</strong></span> <span class='ocrx_word' id='word_1_212' title='bbox 3432 1100 3516 1147; x_wconf 90' lang='lat' dir='ltr'><strong>est</strong></span> <span class='ocrx_word' id='word_1_213' title='bbox 3566 1092 3661 1162; x_wconf 94' lang='lat' dir='ltr'><strong>qui</strong></span> <span class='ocrx_word' id='word_1_214' title='bbox 3713 1093 3761 1147; x_wconf 91' lang='lat' dir='ltr'><strong>in</strong></span> 
     </span>
    </p>
   </div>
   <div class='ocr_carea' id='block_1_25' title="bbox 2197 1181 3764 1254">
    <p class='ocr_par' dir='ltr' id='par_1_25' title="bbox 2197 1181 3764 1254">
     <span class='ocr_line' id='line_1_25' title="bbox 2197 1181 3764 1254; baseline 0.001 -18"><span class='ocrx_word' id='word_1_215' title='bbox 2197 1181 2364 1237; x_wconf 84' lang='lat' dir='ltr'><strong>Deum</strong></span> <span class='ocrx_word' id='word_1_216' title='bbox 2387 1197 2494 1238; x_wconf 90' lang='lat' dir='ltr'><strong>non</strong></span> <span class='ocrx_word' id='word_1_217' title='bbox 2522 1184 2771 1248; x_wconf 88' lang='lat' dir='ltr'><strong>credunt,</strong></span> <span class='ocrx_word' id='word_1_218' title='bbox 2804 1184 2972 1238; x_wconf 83' lang='lat' dir='ltr'><strong>tradit</strong></span> <span class='ocrx_word' id='word_1_219' title='bbox 3011 1183 3187 1254; x_wconf 89' lang='lat' dir='ltr'><strong>gladio</strong></span> <span class='ocrx_word' id='word_1_220' title='bbox 3231 1184 3577 1253; x_wconf 89' lang='lat' dir='ltr'><strong>sempiterno.</strong></span> <span class='ocrx_word' id='word_1_221' title='bbox 3629 1183 3764 1238; x_wconf 77' lang='lat' dir='ltr'><strong>Alle-</strong></span> 
     </span>
    </p>
   </div>
   <div class='ocr_carea' id='block_1_26' title="bbox 2195 1271 3765 1343">
    <p class='ocr_par' dir='ltr' id='par_1_26' title="bbox 2195 1271 3765 1343">
     <span class='ocr_line' id='line_1_26' title="bbox 2195 1271 3765 1343; baseline 0.002 -19"><span class='ocrx_word' id='word_1_222' title='bbox 2195 1271 2361 1341; x_wconf 88' lang='lat' dir='ltr'><strong>gorici</strong></span> <span class='ocrx_word' id='word_1_223' title='bbox 2388 1273 2707 1341; x_wconf 87' lang='lat' dir='ltr'><strong>interpretes</strong></span> <span class='ocrx_word' id='word_1_224' title='bbox 2726 1271 2881 1342; x_wconf 89' lang='lat' dir='ltr'><strong>juxta</strong></span> <span class='ocrx_word' id='word_1_225' title='bbox 2917 1271 3272 1343; x_wconf 75' lang='lat' dir='ltr'><strong>Septuaginta</strong></span> <span class='ocrx_word' id='word_1_226' title='bbox 3302 1272 3447 1327; x_wconf 88' lang='lat' dir='ltr'><strong>hunc</strong></span> <span class='ocrx_word' id='word_1_227' title='bbox 3492 1271 3669 1326; x_wconf 91' lang='lat' dir='ltr'><strong>locum</strong></span> <span class='ocrx_word' id='word_1_228' title='bbox 3693 1273 3765 1327; x_wconf 84' lang='lat' dir='ltr'><strong>sic</strong></span> 
     </span>
    </p>
   </div>
   <div class='ocr_carea' id='block_1_27' title="bbox 2194 1363 3766 1435">
    <p class='ocr_par' dir='ltr' id='par_1_27' title="bbox 2194 1363 3766 1435">
     <span class='ocr_line' id='line_1_27' title="bbox 2194 1363 3766 1435; baseline 0 -17"><span class='ocrx_word' id='word_1_229' title='bbox 2194 1364 2590 1430; x_wconf 84' lang='lat' dir='ltr'><strong>edisserunt,ut</strong></span> <span class='ocrx_word' id='word_1_230' title='bbox 2609 1365 2677 1419; x_wconf 88' lang='lat' dir='ltr'><strong>ad</strong></span> <span class='ocrx_word' id='word_1_231' title='bbox 2707 1365 2900 1419; x_wconf 88' lang='lat' dir='ltr'><strong>bonam</strong></span> <span class='ocrx_word' id='word_1_232' title='bbox 2927 1376 3134 1433; x_wconf 88' lang='lat' dir='ltr'><strong>partem</strong></span> <span class='ocrx_word' id='word_1_233' title='bbox 3157 1363 3645 1435; x_wconf 85' lang='lat' dir='ltr'><strong>referantapertam</strong></span> <span class='ocrx_word' id='word_1_234' title='bbox 3669 1365 3766 1418; x_wconf 85' lang='lat' dir='ltr'><strong>Do-</strong></span> 
     </span>
    </p>
   </div>
   <div class='ocr_carea' id='block_1_28' title="bbox 2195 1452 3765 1524">
    <p class='ocr_par' dir='ltr' id='par_1_28' title="bbox 2195 1452 3765 1524">
     <span class='ocr_line' id='line_1_28' title="bbox 2195 1452 3765 1524; baseline 0.002 -19"><span class='ocrx_word' id='word_1_235' title='bbox 2195 1452 2326 1507; x_wconf 90' lang='lat' dir='ltr'><strong>mini</strong></span> <span class='ocrx_word' id='word_1_236' title='bbox 2346 1453 2845 1509; x_wconf 87' lang='lat' dir='ltr'><strong>comminationem.</strong></span> <span class='ocrx_word' id='word_1_237' title='bbox 2864 1454 3143 1519; x_wconf 79' lang='lat' dir='ltr'><strong>Dominus,</strong></span> <span class='ocrx_word' id='word_1_238' title='bbox 3175 1454 3443 1524; x_wconf 90' lang='lat' dir='ltr'><strong>inquiunt,</strong></span> <span class='ocrx_word' id='word_1_239' title='bbox 3467 1456 3534 1509; x_wconf 89' lang='lat' dir='ltr'><strong>de</strong></span> <span class='ocrx_word' id='word_1_240' title='bbox 3557 1454 3765 1509; x_wconf 85' lang='lat' dir='ltr'><strong>excelso</strong></span> 
     </span>
    </p>
   </div>
   <div class='ocr_carea' id='block_1_29' title="bbox 2197 1543 3764 1613">
    <p class='ocr_par' dir='ltr' id='par_1_29' title="bbox 2197 1543 3764 1613">
     <span class='ocr_line' id='line_1_29' title="bbox 2197 1543 3764 1613; baseline 0.003 -18"><span class='ocrx_word' id='word_1_241' title='bbox 2197 1554 2513 1612; x_wconf 87' lang='lat' dir='ltr'><strong>responsum</strong></span> <span class='ocrx_word' id='word_1_242' title='bbox 2563 1543 2748 1607; x_wconf 85' lang='lat' dir='ltr'><strong>dabit,</strong></span> <span class='ocrx_word' id='word_1_243' title='bbox 2796 1543 2881 1598; x_wconf 89' lang='lat' dir='ltr'><strong>his</strong></span> <span class='ocrx_word' id='word_1_244' title='bbox 2949 1543 3201 1599; x_wconf 85' lang='lat' dir='ltr'><strong>videlicet</strong></span> <span class='ocrx_word' id='word_1_245' title='bbox 3261 1558 3396 1613; x_wconf 90' lang='lat' dir='ltr'><strong>quos</strong></span> <span class='ocrx_word' id='word_1_246' title='bbox 3465 1544 3764 1599; x_wconf 86' lang='lat' dir='ltr'><strong>salvaturus</strong></span> 
     </span>
    </p>
   </div>
   <div class='ocr_carea' id='block_1_30' title="bbox 536 1623 3766 1708">
    <p class='ocr_par' dir='ltr' id='par_1_30' title="bbox 536 1623 3766 1708">
     <span class='ocr_line' id='line_1_30' title="bbox 536 1623 3766 1708; baseline 0.001 -21"><span class='ocrx_word' id='word_1_247' title='bbox 536 1656 554 1687; x_wconf 72' lang='grc' dir='ltr'><strong>ι</strong></span> <span class='ocrx_word' id='word_1_248' title='bbox 595 1653 742 1708; x_wconf 89' lang='lat' dir='ltr'><strong>gere,</strong></span> <span class='ocrx_word' id='word_1_249' title='bbox 770 1646 822 1693; x_wconf 93' lang='lat' dir='ltr'><strong>et</strong></span> <span class='ocrx_word' id='word_1_250' title='bbox 851 1652 948 1692; x_wconf 87' lang='lat' dir='ltr'><strong>vos</strong></span> <span class='ocrx_word' id='word_1_251' title='bbox 977 1636 1129 1706; x_wconf 83' lang='lat' dir='ltr'><strong>quasi</strong></span> <span class='ocrx_word' id='word_1_252' title='bbox 1153 1636 1466 1690; x_wconf 88' lang='lat' dir='ltr'><strong>innocentes</strong></span> <span class='ocrx_word' id='word_1_253' title='bbox 1503 1634 1769 1688; x_wconf 90' lang='lat' dir='ltr'><strong>immunes</strong></span> <span class='ocrx_word' id='word_1_254' title='bbox 1795 1631 1947 1687; x_wconf 87' lang='lat' dir='ltr'><strong>eritis</strong></span> <span class='ocrx_word' id='word_1_255' title='bbox 1973 1629 2097 1702; x_wconf 81' lang='lat' dir='ltr'><strong>(sive</strong></span> <span class='ocrx_word' id='word_1_256' title='bbox 2125 1623 2173 1682; x_wconf 83' lang='grc' dir='ltr'><strong>Β</strong></span> <span class='ocrx_word' id='word_1_257' title='bbox 2200 1638 2306 1695; x_wconf 90' lang='lat' dir='ltr'><strong>est,</strong></span> <span class='ocrx_word' id='word_1_258' title='bbox 2335 1640 2391 1686; x_wconf 88' lang='lat' dir='ltr'><strong>et</strong></span> <span class='ocrx_word' id='word_1_259' title='bbox 2427 1632 2493 1687; x_wconf 90' lang='lat' dir='ltr'><strong>de</strong></span> <span class='ocrx_word' id='word_1_260' title='bbox 2520 1631 2638 1687; x_wconf 90' lang='lat' dir='ltr'><strong>loco</strong></span> <span class='ocrx_word' id='word_1_261' title='bbox 2673 1642 2863 1687; x_wconf 78' lang='lat' dir='ltr'><strong>sancto</strong></span> <span class='ocrx_word' id='word_1_262' title='bbox 2907 1638 3004 1687; x_wconf 81' lang='lat' dir='ltr'><strong>suo</strong></span> <span class='ocrx_word' id='word_1_263' title='bbox 3045 1633 3195 1688; x_wconf 80' lang='lat' dir='ltr'><strong>dabit</strong></span> <span class='ocrx_word' id='word_1_264' title='bbox 3243 1649 3430 1690; x_wconf 84' lang='lat' dir='ltr'><strong>vocem</strong></span> <span class='ocrx_word' id='word_1_265' title='bbox 3469 1649 3657 1700; x_wconf 88' lang='lat' dir='ltr'><strong>suam,</strong></span> <span class='ocrx_word' id='word_1_266' title='bbox 3688 1649 3766 1690; x_wconf 81' lang='lat' dir='ltr'><strong>re—</strong></span> 
     </span>
    </p>
   </div>
   <div class='ocr_carea' id='block_1_31' title="bbox 536 1721 2099 1795">
    <p class='ocr_par' dir='ltr' id='par_1_31' title="bbox 536 1721 2099 1795">
     <span class='ocr_line' id='line_1_31' title="bbox 536 1721 2099 1795; baseline -0.003 -17"><span class='ocrx_word' id='word_1_267' title='bbox 536 1745 556 1778; x_wconf 77' lang='grc' dir='ltr'><strong>ι</strong></span> <span class='ocrx_word' id='word_1_268' title='bbox 594 1735 649 1781; x_wconf 88' lang='grc' dir='ltr'><strong>ει</strong></span> <span class='ocrx_word' id='word_1_269' title='bbox 670 1742 765 1781; x_wconf 92' lang='lat' dir='ltr'><strong>vos</strong></span> <span class='ocrx_word' id='word_1_270' title='bbox 789 1725 1048 1780; x_wconf 88' lang='lat' dir='ltr'><strong>munditia</strong></span> <span class='ocrx_word' id='word_1_271' title='bbox 1077 1724 1259 1779; x_wconf 91' lang='lat' dir='ltr'><strong>mundi</strong></span> <span class='ocrx_word' id='word_1_272' title='bbox 1287 1721 1494 1795; x_wconf 87' lang='lat' dir='ltr'><strong>eritis)?</strong></span> <span class='ocrx_word' id='word_1_273' title='bbox 1514 1721 1629 1776; x_wconf 88' lang='lat' dir='ltr'><strong>Non</strong></span> <span class='ocrx_word' id='word_1_274' title='bbox 1662 1721 1814 1777; x_wconf 85' lang='lat' dir='ltr'><strong>eritis</strong></span> <span class='ocrx_word' id='word_1_275' title='bbox 1834 1721 2099 1776; x_wconf 90' lang='lat' dir='ltr'><strong>immunes</strong></span> 
     </span>
    </p>
   </div>
   <div class='ocr_carea' id='block_1_32' title="bbox 538 1809 2101 1886">
    <p class='ocr_par' dir='ltr' id='par_1_32' title="bbox 538 1809 2101 1886">
     <span class='ocr_line' id='line_1_32' title="bbox 538 1809 2101 1886; baseline -0.003 -18"><span class='ocrx_word' id='word_1_276' title='bbox 538 1836 557 1868; x_wconf 71' lang='grc' dir='ltr'><strong>ι</strong></span> <span class='ocrx_word' id='word_1_277' title='bbox 602 1817 726 1885; x_wconf 76' lang='lat' dir='ltr'><strong>(sive</strong></span> <span class='ocrx_word' id='word_1_278' title='bbox 774 1832 880 1871; x_wconf 90' lang='lat' dir='ltr'><strong>non</strong></span> <span class='ocrx_word' id='word_1_279' title='bbox 922 1815 1075 1871; x_wconf 87' lang='lat' dir='ltr'><strong>eritis</strong></span> <span class='ocrx_word' id='word_1_280' title='bbox 1117 1813 1364 1886; x_wconf 91' lang='lat' dir='ltr'><strong>mundi).</strong></span> <span class='ocrx_word' id='word_1_281' title='bbox 1422 1832 1442 1865; x_wconf 71' lang='grc' dir='ltr'><strong>ι</strong></span> <span class='ocrx_word' id='word_1_282' title='bbox 1497 1809 1793 1884; x_wconf 74' lang='grc' dir='ltr'><strong>(Ηίενοκ.)</strong></span> <span class='ocrx_word' id='word_1_283' title='bbox 1844 1809 2101 1866; x_wconf 87' lang='lat' dir='ltr'><strong>Latentcr</strong></span> 
     </span>
    </p>
   </div>
   <div class='ocr_carea' id='block_1_33' title="bbox 529 1898 2100 1977">
    <p class='ocr_par' dir='ltr' id='par_1_33' title="bbox 529 1898 2100 1977">
     <span class='ocr_line' id='line_1_33' title="bbox 529 1898 2100 1977; baseline -0.008 -13"><span class='ocrx_word' id='word_1_284' title='bbox 529 1908 788 1974; x_wconf 84' lang='lat' dir='ltr'><strong>ostendit,</strong></span> <span class='ocrx_word' id='word_1_285' title='bbox 829 1915 1156 1977; x_wconf 70' lang='lat' dir='ltr'><strong>praeceptum</strong></span> <span class='ocrx_word' id='word_1_286' title='bbox 1183 1904 1302 1969; x_wconf 92' lang='lat' dir='ltr'><strong>Dei,</strong></span> <span class='ocrx_word' id='word_1_287' title='bbox 1332 1902 1424 1973; x_wconf 91' lang='lat' dir='ltr'><strong>qui</strong></span> <span class='ocrx_word' id='word_1_288' title='bbox 1461 1901 1738 1957; x_wconf 63' lang='lat' dir='ltr'><strong>voluntate</strong></span> <span class='ocrx_word' id='word_1_289' title='bbox 1784 1898 1961 1955; x_wconf 88' lang='lat' dir='ltr'><strong>facere</strong></span> <span class='ocrx_word' id='word_1_290' title='bbox 2004 1913 2100 1953; x_wconf 91' lang='lat' dir='ltr'><strong>no-</strong></span> 
     </span>
    </p>
   </div>
   <div class='ocr_carea' id='block_1_34' title="bbox 529 1986 2100 2064">
    <p class='ocr_par' dir='ltr' id='par_1_34' title="bbox 529 1986 2100 2064">
     <span class='ocr_line' id='line_1_34' title="bbox 529 1986 2100 2064; baseline -0.007 -12"><span class='ocrx_word' id='word_1_291' title='bbox 529 1996 750 2062; x_wconf 78' lang='lat' dir='ltr'><strong>luerint,</strong></span> <span class='ocrx_word' id='word_1_292' title='bbox 799 2002 1142 2064; x_wconf 82' lang='lat' dir='ltr'><strong>susceptums</strong></span> <span class='ocrx_word' id='word_1_293' title='bbox 1175 1992 1500 2049; x_wconf 83' lang='lat' dir='ltr'><strong>necessitate</strong></span> <span class='ocrx_word' id='word_1_294' title='bbox 1525 1999 1581 2046; x_wconf 92' lang='lat' dir='ltr'><strong>et</strong></span> <span class='ocrx_word' id='word_1_295' title='bbox 1604 1988 1881 2045; x_wconf 79' lang='lat' dir='ltr'><strong>audituros</strong></span> <span class='ocrx_word' id='word_1_296' title='bbox 1912 1986 2100 2043; x_wconf 87' lang='lat' dir='ltr'><strong>biben-</strong></span> 
     </span>
    </p>
   </div>
   <div class='ocr_carea' id='block_1_35' title="bbox 530 2076 2098 2153">
    <p class='ocr_par' dir='ltr' id='par_1_35' title="bbox 530 2076 2098 2153">
     <span class='ocr_line' id='line_1_35' title="bbox 530 2076 2098 2153; baseline -0.008 -9"><span class='ocrx_word' id='word_1_297' title='bbox 530 2097 614 2144; x_wconf 83' lang='lat' dir='ltr'><strong>tes</strong></span> <span class='ocrx_word' id='word_1_298' title='bbox 667 2086 878 2150; x_wconf 88' lang='lat' dir='ltr'><strong>bibetis,</strong></span> <span class='ocrx_word' id='word_1_299' title='bbox 918 2085 1117 2150; x_wconf 89' lang='lat' dir='ltr'><strong>velitis,</strong></span> <span class='ocrx_word' id='word_1_300' title='bbox 1154 2083 1361 2153; x_wconf 84' lang='lat' dir='ltr'><strong>inquit,</strong></span> <span class='ocrx_word' id='word_1_301' title='bbox 1411 2082 1593 2137; x_wconf 86' lang='lat' dir='ltr'><strong>nolitis</strong></span> <span class='ocrx_word' id='word_1_302' title='bbox 1640 2080 1733 2135; x_wconf 89' lang='lat' dir='ltr'><strong>Dei</strong></span> <span class='ocrx_word' id='word_1_303' title='bbox 1783 2076 2098 2149; x_wconf 87' lang='lat' dir='ltr'><strong>complenda</strong></span> 
     </span>
    </p>
   </div>
   <div class='ocr_carea' id='block_1_36' title="bbox 534 2165 2096 2235">
    <p class='ocr_par' dir='ltr' id='par_1_36' title="bbox 534 2165 2096 2235">
     <span class='ocr_line' id='line_1_36' title="bbox 534 2165 2096 2235; baseline -0.008 -5"><span class='ocrx_word' id='word_1_304' title='bbox 534 2174 801 2230; x_wconf 85' lang='lat' dir='ltr'><strong>sententia</strong></span> <span class='ocrx_word' id='word_1_305' title='bbox 846 2182 948 2227; x_wconf 89' lang='lat' dir='ltr'><strong>est.</strong></span> <span class='ocrx_word' id='word_1_306' title='bbox 998 2170 1054 2226; x_wconf 87' lang='lat' dir='ltr'><strong>Si</strong></span> <span class='ocrx_word' id='word_1_307' title='bbox 1088 2170 1232 2226; x_wconf 89' lang='lat' dir='ltr'><strong>enim</strong></span> <span class='ocrx_word' id='word_1_308' title='bbox 1281 2172 1473 2225; x_wconf 88' lang='lat' dir='ltr'><strong>civitas</strong></span> <span class='ocrx_word' id='word_1_309' title='bbox 1517 2167 1882 2231; x_wconf 79' lang='lat' dir='ltr'><strong>Hierusalem,</strong></span> <span class='ocrx_word' id='word_1_310' title='bbox 1913 2165 1965 2220; x_wconf 91' lang='lat' dir='ltr'><strong>in</strong></span> <span class='ocrx_word' id='word_1_311' title='bbox 1991 2179 2096 2235; x_wconf 89' lang='lat' dir='ltr'><strong>qua</strong></span> 
     </span>
    </p>
   </div>
   <div class='ocr_carea' id='block_1_37' title="bbox 534 2253 2098 2328">
    <p class='ocr_par' dir='ltr' id='par_1_37' title="bbox 534 2253 2098 2328">
     <span class='ocr_line' id='line_1_37' title="bbox 534 2253 2098 2328; baseline -0.006 -11"><span class='ocrx_word' id='word_1_312' title='bbox 534 2274 719 2319; x_wconf 91' lang='lat' dir='ltr'><strong>notum</strong></span> <span class='ocrx_word' id='word_1_313' title='bbox 745 2262 843 2316; x_wconf 87' lang='lat' dir='ltr'><strong>fuit</strong></span> <span class='ocrx_word' id='word_1_314' title='bbox 870 2277 1062 2316; x_wconf 89' lang='lat' dir='ltr'><strong>nomen</strong></span> <span class='ocrx_word' id='word_1_315' title='bbox 1091 2260 1206 2326; x_wconf 89' lang='lat' dir='ltr'><strong>Dei,</strong></span> <span class='ocrx_word' id='word_1_316' title='bbox 1235 2261 1444 2315; x_wconf 87' lang='lat' dir='ltr'><strong>dicente</strong></span> <span class='ocrx_word' id='word_1_317' title='bbox 1467 2258 1732 2328; x_wconf 83' lang='lat' dir='ltr'><strong>Propheta</strong></span> <span class='ocrx_word' id='word_1_318' title='bbox 1757 2275 1771 2312; x_wconf 74' lang='grc' dir='ltr'>ε</span> <span class='ocrx_word' id='word_1_319' title='bbox 1802 2277 1820 2308; x_wconf 77' lang='grc' dir='ltr'><strong>ι</strong></span> <span class='ocrx_word' id='word_1_320' title='bbox 1854 2256 2023 2310; x_wconf 89' lang='lat' dir='ltr'><strong>Notus</strong></span> <span class='ocrx_word' id='word_1_321' title='bbox 2044 2253 2098 2308; x_wconf 92' lang='lat' dir='ltr'><strong>in</strong></span> 
     </span>
    </p>
   </div>
   <div class='ocr_carea' id='block_1_38' title="bbox 527 2343 2097 2421">
    <p class='ocr_par' dir='ltr' id='par_1_38' title="bbox 527 2343 2097 2421">
     <span class='ocr_line' id='line_1_38' title="bbox 527 2343 2097 2421; baseline -0.006 -14"><span class='ocrx_word' id='word_1_322' title='bbox 527 2353 713 2409; x_wconf 69' lang='lat' dir='ltr'><strong>Judzea</strong></span> <span class='ocrx_word' id='word_1_323' title='bbox 757 2352 917 2417; x_wconf 91' lang='lat' dir='ltr'><strong>Dens,</strong></span> <span class='ocrx_word' id='word_1_324' title='bbox 962 2352 1016 2406; x_wconf 91' lang='lat' dir='ltr'><strong>in</strong></span> <span class='ocrx_word' id='word_1_325' title='bbox 1045 2351 1209 2406; x_wconf 90' lang='lat' dir='ltr'><strong>Israel</strong></span> <span class='ocrx_word' id='word_1_326' title='bbox 1234 2366 1488 2421; x_wconf 87' lang='lat' dir='ltr'><strong>magnum</strong></span> <span class='ocrx_word' id='word_1_327' title='bbox 1535 2364 1728 2403; x_wconf 90' lang='lat' dir='ltr'><strong>nomen</strong></span> <span class='ocrx_word' id='word_1_328' title='bbox 1770 2348 1887 2418; x_wconf 87' lang='lat' dir='ltr'><strong>ejus</strong></span> <span class='ocrx_word' id='word_1_329' title='bbox 1923 2343 2097 2418; x_wconf 84' lang='lat' dir='ltr'><strong>(Psal.</strong></span> 
     </span>
    </p>
   </div>
   <div class='ocr_carea' id='block_1_39' title="bbox 537 2436 2100 2513">
    <p class='ocr_par' dir='ltr' id='par_1_39' title="bbox 537 2436 2100 2513">
     <span class='ocr_line' id='line_1_39' title="bbox 537 2436 2100 2513; baseline -0.005 -16"><span class='ocrx_word' id='word_1_330' title='bbox 537 2443 720 2513; x_wconf 57' lang='grc' dir='ltr'><strong>μην),</strong></span> <span class='ocrx_word' id='word_1_331' title='bbox 749 2441 885 2496; x_wconf 90' lang='lat' dir='ltr'><strong>bibit</strong></span> <span class='ocrx_word' id='word_1_332' title='bbox 930 2455 1203 2495; x_wconf 89' lang='lat' dir='ltr'><strong>meracum</strong></span> <span class='ocrx_word' id='word_1_333' title='bbox 1256 2440 1479 2495; x_wconf 88' lang='lat' dir='ltr'><strong>calicem</strong></span> <span class='ocrx_word' id='word_1_334' title='bbox 1519 2436 1849 2507; x_wconf 88' lang='lat' dir='ltr'><strong>furorisqne,</strong></span> <span class='ocrx_word' id='word_1_335' title='bbox 1897 2443 2100 2507; x_wconf 90' lang='lat' dir='ltr'><strong>quanto</strong></span> 
     </span>
    </p>
   </div>
   <div class='ocr_carea' id='block_1_40' title="bbox 529 2523 2101 2603">
    <p class='ocr_par' dir='ltr' id='par_1_40' title="bbox 529 2523 2101 2603">
     <span class='ocr_line' id='line_1_40' title="bbox 529 2523 2101 2603; baseline -0.006 -16"><span class='ocrx_word' id='word_1_336' title='bbox 529 2532 703 2603; x_wconf 81' lang='lat' dir='ltr'><strong>magis</strong></span> <span class='ocrx_word' id='word_1_337' title='bbox 747 2546 845 2587; x_wconf 90' lang='lat' dir='ltr'><strong>vos</strong></span> <span class='ocrx_word' id='word_1_338' title='bbox 897 2545 1006 2585; x_wconf 91' lang='lat' dir='ltr'><strong>non</strong></span> <span class='ocrx_word' id='word_1_339' title='bbox 1049 2530 1204 2586; x_wconf 91' lang='lat' dir='ltr'><strong>eritis</strong></span> <span class='ocrx_word' id='word_1_340' title='bbox 1235 2528 1439 2593; x_wconf 90' lang='lat' dir='ltr'><strong>mundi,</strong></span> <span class='ocrx_word' id='word_1_341' title='bbox 1472 2530 1561 2599; x_wconf 93' lang='lat' dir='ltr'><strong>qui</strong></span> <span class='ocrx_word' id='word_1_342' title='bbox 1601 2542 1701 2598; x_wconf 90' lang='lat' dir='ltr'><strong>pro</strong></span> <span class='ocrx_word' id='word_1_343' title='bbox 1743 2527 1837 2582; x_wconf 89' lang='lat' dir='ltr'><strong>Dei</strong></span> <span class='ocrx_word' id='word_1_344' title='bbox 1884 2523 2101 2580; x_wconf 84' lang='lat' dir='ltr'><strong>nomine</strong></span> 
     </span>
    </p>
   </div>
   <div class='ocr_carea' id='block_1_41' title="bbox 530 2619 932 2677">
    <p class='ocr_par' dir='ltr' id='par_1_41' title="bbox 530 2619 932 2677">
     <span class='ocr_line' id='line_1_41' title="bbox 530 2619 932 2677; baseline -0.005 -1"><span class='ocrx_word' id='word_1_345' title='bbox 530 2620 673 2677; x_wconf 85' lang='lat' dir='ltr'><strong>idola</strong></span> <span class='ocrx_word' id='word_1_346' title='bbox 719 2619 932 2677; x_wconf 83' lang='lat' dir='ltr'><strong>colitis?</strong></span> 
     </span>
    </p>
   </div>
   <div class='ocr_carea' id='block_1_42' title="bbox 610 2705 2099 2781">
    <p class='ocr_par' dir='ltr' id='par_1_42' title="bbox 610 2705 2099 2781">
     <span class='ocr_line' id='line_1_42' title="bbox 610 2705 2099 2781; baseline -0.002 -18"><span class='ocrx_word' id='word_1_347' title='bbox 610 2733 625 2763; x_wconf 75' lang='grc' dir='ltr'><strong>ι</strong></span> <span class='ocrx_word' id='word_1_348' title='bbox 665 2711 915 2767; x_wconf 87' lang='lat' dir='ltr'><strong>Gladium</strong></span> <span class='ocrx_word' id='word_1_349' title='bbox 956 2709 1104 2765; x_wconf 91' lang='lat' dir='ltr'><strong>enim</strong></span> <span class='ocrx_word' id='word_1_350' title='bbox 1147 2724 1248 2781; x_wconf 91' lang='lat' dir='ltr'><strong>ego</strong></span> <span class='ocrx_word' id='word_1_351' title='bbox 1290 2723 1423 2765; x_wconf 81' lang='lat' dir='ltr'><strong>voco</strong></span> <span class='ocrx_word' id='word_1_352' title='bbox 1450 2724 1611 2780; x_wconf 88' lang='lat' dir='ltr'><strong>super</strong></span> <span class='ocrx_word' id='word_1_353' title='bbox 1652 2722 1843 2764; x_wconf 89' lang='lat' dir='ltr'><strong>omnes</strong></span> <span class='ocrx_word' id='word_1_354' title='bbox 1886 2705 2099 2762; x_wconf 83' lang='lat' dir='ltr'><strong>habita-</strong></span> 
     </span>
    </p>
   </div>
   <div class='ocr_carea' id='block_1_43' title="bbox 536 2797 2101 2867">
    <p class='ocr_par' dir='ltr' id='par_1_43' title="bbox 536 2797 2101 2867">
     <span class='ocr_line' id='line_1_43' title="bbox 536 2797 2101 2867; baseline -0.004 -10"><span class='ocrx_word' id='word_1_355' title='bbox 536 2824 554 2857; x_wconf 75' lang='grc' dir='ltr'><strong>ι</strong></span> <span class='ocrx_word' id='word_1_356' title='bbox 600 2814 744 2859; x_wconf 87' lang='lat' dir='ltr'><strong>tores</strong></span> <span class='ocrx_word' id='word_1_357' title='bbox 776 2811 966 2867; x_wconf 70' lang='lat' dir='ltr'><strong>terrm,</strong></span> <span class='ocrx_word' id='word_1_358' title='bbox 997 2800 1128 2856; x_wconf 86' lang='lat' dir='ltr'><strong>dicit</strong></span> <span class='ocrx_word' id='word_1_359' title='bbox 1171 2801 1425 2856; x_wconf 91' lang='lat' dir='ltr'><strong>Dominus</strong></span> <span class='ocrx_word' id='word_1_360' title='bbox 1463 2799 1819 2855; x_wconf 79' lang='lat' dir='ltr'><strong>exercituum.</strong></span> <span class='ocrx_word' id='word_1_361' title='bbox 1850 2816 1868 2849; x_wconf 78' lang='grc' dir='ltr'><strong>ι</strong></span> <span class='ocrx_word' id='word_1_362' title='bbox 1894 2797 1996 2852; x_wconf 87' lang='lat' dir='ltr'><strong>[sta</strong></span> <span class='ocrx_word' id='word_1_363' title='bbox 2017 2804 2101 2851; x_wconf 91' lang='lat' dir='ltr'><strong>est</strong></span> 
     </span>
    </p>
   </div>
   <div class='ocr_carea' id='block_1_44' title="bbox 531 2883 2099 2967">
    <p class='ocr_par' dir='ltr' id='par_1_44' title="bbox 531 2883 2099 2967">
     <span class='ocr_line' id='line_1_44' title="bbox 531 2883 2099 2967; baseline -0.008 -17"><span class='ocrx_word' id='word_1_364' title='bbox 531 2896 679 2967; x_wconf 91' lang='lat' dir='ltr'><strong>potio</strong></span> <span class='ocrx_word' id='word_1_365' title='bbox 727 2891 1118 2957; x_wconf 89' lang='lat' dir='ltr'><strong>meracissima,</strong></span> <span class='ocrx_word' id='word_1_366' title='bbox 1166 2891 1267 2946; x_wconf 90' lang='lat' dir='ltr'><strong>iste</strong></span> <span class='ocrx_word' id='word_1_367' title='bbox 1313 2890 1453 2946; x_wconf 81' lang='lat' dir='ltr'><strong>calix</strong></span> <span class='ocrx_word' id='word_1_368' title='bbox 1500 2888 1696 2943; x_wconf 86' lang='lat' dir='ltr'><strong>furoris</strong></span> <span class='ocrx_word' id='word_1_369' title='bbox 1740 2885 1971 2953; x_wconf 85' lang='lat' dir='ltr'><strong>Domini,</strong></span> <span class='ocrx_word' id='word_1_370' title='bbox 2007 2883 2099 2955; x_wconf 90' lang='lat' dir='ltr'><strong>qui</strong></span> 
     </span>
    </p>
   </div>
   <div class='ocr_carea' id='block_1_45' title="bbox 2200 1721 3765 1792">
    <p class='ocr_par' dir='ltr' id='par_1_45' title="bbox 2200 1721 3765 1792">
     <span class='ocr_line' id='line_1_45' title="bbox 2200 1721 3765 1792; baseline 0.003 -18"><span class='ocrx_word' id='word_1_371' title='bbox 2200 1721 2586 1792; x_wconf 87' lang='lat' dir='ltr'><strong>spondebitque</strong></span> <span class='ocrx_word' id='word_1_372' title='bbox 2631 1735 2932 1777; x_wconf 90' lang='lat' dir='ltr'><strong>sermonem</strong></span> <span class='ocrx_word' id='word_1_373' title='bbox 2980 1722 3031 1775; x_wconf 93' lang='lat' dir='ltr'><strong>in</strong></span> <span class='ocrx_word' id='word_1_374' title='bbox 3094 1721 3212 1777; x_wconf 91' lang='lat' dir='ltr'><strong>loco</strong></span> <span class='ocrx_word' id='word_1_375' title='bbox 3260 1738 3396 1786; x_wconf 90' lang='lat' dir='ltr'><strong>suo,</strong></span> <span class='ocrx_word' id='word_1_376' title='bbox 3459 1723 3533 1777; x_wconf 92' lang='lat' dir='ltr'><strong>illi</strong></span> <span class='ocrx_word' id='word_1_377' title='bbox 3586 1733 3765 1780; x_wconf 86' lang='lat' dir='ltr'><strong>autem</strong></span> 
     </span>
    </p>
   </div>
   <div class='ocr_carea' id='block_1_46' title="bbox 2200 1809 3767 1880">
    <p class='ocr_par' dir='ltr' id='par_1_46' title="bbox 2200 1809 3767 1880">
     <span class='ocr_line' id='line_1_46' title="bbox 2200 1809 3767 1880; baseline 0.004 -17"><span class='ocrx_word' id='word_1_378' title='bbox 2200 1810 2351 1879; x_wconf 88' lang='lat' dir='ltr'><strong>quasi</strong></span> <span class='ocrx_word' id='word_1_379' title='bbox 2392 1810 2783 1865; x_wconf 87' lang='lat' dir='ltr'><strong>vindemiantes</strong></span> <span class='ocrx_word' id='word_1_380' title='bbox 2828 1809 2971 1880; x_wconf 92' lang='lat' dir='ltr'><strong>pleni</strong></span> <span class='ocrx_word' id='word_1_381' title='bbox 3026 1809 3291 1866; x_wconf 88' lang='lat' dir='ltr'><strong>fructibus</strong></span> <span class='ocrx_word' id='word_1_382' title='bbox 3323 1811 3464 1867; x_wconf 88' lang='lat' dir='ltr'><strong>illius</strong></span> <span class='ocrx_word' id='word_1_383' title='bbox 3488 1814 3767 1869; x_wconf 81' lang='lat' dir='ltr'><strong>sententia:</strong></span> 
     </span>
    </p>
   </div>
   <div class='ocr_carea' id='block_1_47' title="bbox 2198 1898 3769 1970">
    <p class='ocr_par' dir='ltr' id='par_1_47' title="bbox 2198 1898 3769 1970">
     <span class='ocr_line' id='line_1_47' title="bbox 2198 1898 3769 1970; baseline 0.003 -15"><span class='ocrx_word' id='word_1_384' title='bbox 2198 1899 2601 1969; x_wconf 88' lang='lat' dir='ltr'><strong>respondebunt</strong></span> <span class='ocrx_word' id='word_1_385' title='bbox 2638 1916 2651 1953; x_wconf 87' lang='lat'><strong>:</strong></span> <span class='ocrx_word' id='word_1_386' title='bbox 2682 1898 2857 1970; x_wconf 86' lang='lat' dir='ltr'><strong>Super</strong></span> <span class='ocrx_word' id='word_1_387' title='bbox 2898 1915 3085 1956; x_wconf 86' lang='lat' dir='ltr'><strong>omnes</strong></span> <span class='ocrx_word' id='word_1_388' title='bbox 3120 1901 3457 1958; x_wconf 84' lang='lat' dir='ltr'><strong>habitatores</strong></span> <span class='ocrx_word' id='word_1_389' title='bbox 3481 1911 3640 1959; x_wconf 73' lang='lat' dir='ltr'><strong>terra:</strong></span> <span class='ocrx_word' id='word_1_390' title='bbox 3681 1920 3769 1959; x_wconf 83' lang='lat' dir='ltr'><strong>ve-</strong></span> 
     </span>
    </p>
   </div>
   <div class='ocr_carea' id='block_1_48' title="bbox 2198 1989 3768 2060">
    <p class='ocr_par' dir='ltr' id='par_1_48' title="bbox 2198 1989 3768 2060">
     <span class='ocr_line' id='line_1_48' title="bbox 2198 1989 3768 2060; baseline 0.004 -17"><span class='ocrx_word' id='word_1_391' title='bbox 2198 1989 2314 2044; x_wconf 88' lang='lat' dir='ltr'><strong>niet</strong></span> <span class='ocrx_word' id='word_1_392' title='bbox 2341 1989 2609 2044; x_wconf 90' lang='lat' dir='ltr'><strong>interitus.</strong></span> <span class='ocrx_word' id='word_1_393' title='bbox 2659 1991 2774 2045; x_wconf 73' lang='lat' dir='ltr'><strong>1&quot;on</strong></span> <span class='ocrx_word' id='word_1_394' title='bbox 2828 2005 2992 2060; x_wconf 88' lang='lat' dir='ltr'><strong>super</strong></span> <span class='ocrx_word' id='word_1_395' title='bbox 3036 1991 3345 2046; x_wconf 88' lang='lat' dir='ltr'><strong>universam</strong></span> <span class='ocrx_word' id='word_1_396' title='bbox 3395 2002 3633 2059; x_wconf 86' lang='lat' dir='ltr'><strong>terram;</strong></span> <span class='ocrx_word' id='word_1_397' title='bbox 3677 1995 3768 2050; x_wconf 85' lang='lat' dir='ltr'><strong>sed</strong></span> 
     </span>
    </p>
   </div>
   <div class='ocr_carea' id='block_1_49' title="bbox 2199 2080 3767 2153">
    <p class='ocr_par' dir='ltr' id='par_1_49' title="bbox 2199 2080 3767 2153">
     <span class='ocr_line' id='line_1_49' title="bbox 2199 2080 3767 2153; baseline 0.004 -19"><span class='ocrx_word' id='word_1_398' title='bbox 2199 2092 2362 2148; x_wconf 85' lang='lat' dir='ltr'><strong>super</strong></span> <span class='ocrx_word' id='word_1_399' title='bbox 2385 2085 2593 2148; x_wconf 84' lang='lat' dir='ltr'><strong>partem</strong></span> <span class='ocrx_word' id='word_1_400' title='bbox 2622 2086 2799 2145; x_wconf 66' lang='lat' dir='ltr'><strong>terrm,</strong></span> <span class='ocrx_word' id='word_1_401' title='bbox 2825 2093 3013 2134; x_wconf 92' lang='lat' dir='ltr'><strong>eorum</strong></span> <span class='ocrx_word' id='word_1_402' title='bbox 3057 2080 3334 2147; x_wconf 87' lang='lat' dir='ltr'><strong>videlicet,</strong></span> <span class='ocrx_word' id='word_1_403' title='bbox 3376 2084 3469 2153; x_wconf 91' lang='lat' dir='ltr'><strong>qui</strong></span> <span class='ocrx_word' id='word_1_404' title='bbox 3496 2100 3603 2138; x_wconf 90' lang='lat' dir='ltr'><strong>non</strong></span> <span class='ocrx_word' id='word_1_405' title='bbox 3650 2100 3767 2140; x_wconf 80' lang='lat' dir='ltr'><strong>cre-</strong></span> 
     </span>
    </p>
   </div>
   <div class='ocr_carea' id='block_1_50' title="bbox 2199 2168 3771 2244">
    <p class='ocr_par' dir='ltr' id='par_1_50' title="bbox 2199 2168 3771 2244">
     <span class='ocr_line' id='line_1_50' title="bbox 2199 2168 3771 2244; baseline 0.002 -19"><span class='ocrx_word' id='word_1_406' title='bbox 2199 2170 2361 2234; x_wconf 92' lang='lat' dir='ltr'><strong>dunt;</strong></span> <span class='ocrx_word' id='word_1_407' title='bbox 2389 2168 2649 2240; x_wconf 89' lang='lat' dir='ltr'><strong>judicium</strong></span> <span class='ocrx_word' id='word_1_408' title='bbox 2688 2170 2832 2225; x_wconf 91' lang='lat' dir='ltr'><strong>enim</strong></span> <span class='ocrx_word' id='word_1_409' title='bbox 2879 2170 2985 2225; x_wconf 89' lang='lat' dir='ltr'><strong>erit</strong></span> <span class='ocrx_word' id='word_1_410' title='bbox 3036 2170 3089 2224; x_wconf 92' lang='lat' dir='ltr'><strong>in</strong></span> <span class='ocrx_word' id='word_1_411' title='bbox 3134 2171 3403 2242; x_wconf 80' lang='lat' dir='ltr'><strong>gentibus,</strong></span> <span class='ocrx_word' id='word_1_412' title='bbox 3430 2182 3485 2228; x_wconf 90' lang='lat' dir='ltr'><strong>et</strong></span> <span class='ocrx_word' id='word_1_413' title='bbox 3530 2175 3645 2244; x_wconf 87' lang='lat' dir='ltr'><strong>ipse</strong></span> <span class='ocrx_word' id='word_1_414' title='bbox 3684 2172 3771 2242; x_wconf 81' lang='lat' dir='ltr'><strong>ju-</strong></span> 
     </span>
    </p>
   </div>
   <div class='ocr_carea' id='block_1_51' title="bbox 2199 2260 3771 2333">
    <p class='ocr_par' dir='ltr' id='par_1_51' title="bbox 2199 2260 3771 2333">
     <span class='ocr_line' id='line_1_51' title="bbox 2199 2260 3771 2333; baseline 0.003 -17"><span class='ocrx_word' id='word_1_415' title='bbox 2199 2260 2466 2316; x_wconf 89' lang='lat' dir='ltr'><strong>dicabitur</strong></span> <span class='ocrx_word' id='word_1_416' title='bbox 2506 2275 2629 2315; x_wconf 88' lang='lat' dir='ltr'><strong>cum</strong></span> <span class='ocrx_word' id='word_1_417' title='bbox 2659 2261 2802 2316; x_wconf 90' lang='lat' dir='ltr'><strong>omni</strong></span> <span class='ocrx_word' id='word_1_418' title='bbox 2832 2276 2997 2317; x_wconf 90' lang='lat' dir='ltr'><strong>carne</strong></span> <span class='ocrx_word' id='word_1_419' title='bbox 3020 2302 3036 2328; x_wconf 95' lang='lat'><strong>,</strong></span> <span class='ocrx_word' id='word_1_420' title='bbox 3084 2263 3231 2333; x_wconf 86' lang='lat' dir='ltr'><strong>impii</strong></span> <span class='ocrx_word' id='word_1_421' title='bbox 3266 2274 3445 2319; x_wconf 86' lang='lat' dir='ltr'><strong>autem</strong></span> <span class='ocrx_word' id='word_1_422' title='bbox 3493 2266 3771 2321; x_wconf 88' lang='lat' dir='ltr'><strong>tradentur</strong></span> 
     </span>
    </p>
   </div>
   <div class='ocr_carea' id='block_1_52' title="bbox 2201 2351 2400 2424">
    <p class='ocr_par' dir='ltr' id='par_1_52' title="bbox 2201 2351 2400 2424">
     <span class='ocr_line' id='line_1_52' title="bbox 2201 2351 2400 2424; baseline 0.005 -19"><span class='ocrx_word' id='word_1_423' title='bbox 2201 2351 2400 2424; x_wconf 87' lang='lat' dir='ltr'><strong>gladio.</strong></span> 
     </span>
    </p>
   </div>
   <div class='ocr_carea' id='block_1_53' title="bbox 2275 2439 3773 2504">
    <p class='ocr_par' dir='ltr' id='par_1_53' title="bbox 2275 2439 3773 2504">
     <span class='ocr_line' id='line_1_53' title="bbox 2275 2439 3773 2504; baseline 0.008 -13"><span class='ocrx_word' id='word_1_424' title='bbox 2275 2458 2296 2491; x_wconf 77' lang='grc' dir='ltr'><strong>ι</strong></span> <span class='ocrx_word' id='word_1_425' title='bbox 2332 2439 2458 2496; x_wconf 60' lang='lat' dir='ltr'><strong>llam</strong></span> <span class='ocrx_word' id='word_1_426' title='bbox 2495 2441 2625 2498; x_wconf 92' lang='lat' dir='ltr'><strong>dicit</strong></span> <span class='ocrx_word' id='word_1_427' title='bbox 2671 2441 2928 2498; x_wconf 89' lang='lat' dir='ltr'><strong>Dominus</strong></span> <span class='ocrx_word' id='word_1_428' title='bbox 2975 2444 3307 2500; x_wconf 85' lang='lat' dir='ltr'><strong>exercituum</strong></span> <span class='ocrx_word' id='word_1_429' title='bbox 3340 2464 3354 2499; x_wconf 92' lang='lat'><strong>:</strong></span> <span class='ocrx_word' id='word_1_430' title='bbox 3384 2445 3523 2501; x_wconf 86' lang='lat' dir='ltr'><strong>Ecce</strong></span> <span class='ocrx_word' id='word_1_431' title='bbox 3558 2445 3773 2504; x_wconf 80' lang='lat' dir='ltr'><strong>alllictio</strong></span> 
     </span>
    </p>
   </div>
   <div class='ocr_carea' id='block_1_54' title="bbox 2206 2530 3771 2606">
    <p class='ocr_par' dir='ltr' id='par_1_54' title="bbox 2206 2530 3771 2606">
     <span class='ocr_line' id='line_1_54' title="bbox 2206 2530 3771 2606; baseline 0.006 -24"><span class='ocrx_word' id='word_1_432' title='bbox 2206 2550 2225 2582; x_wconf 73' lang='grc' dir='ltr'><strong>ι</strong></span> <span class='ocrx_word' id='word_1_433' title='bbox 2265 2531 2391 2606; x_wconf 78' lang='lat' dir='ltr'><strong>(sive</strong></span> <span class='ocrx_word' id='word_1_434' title='bbox 2418 2530 2639 2604; x_wconf 89' lang='lat' dir='ltr'><strong>malum)</strong></span> <span class='ocrx_word' id='word_1_435' title='bbox 2680 2532 2989 2603; x_wconf 81' lang='lat' dir='ltr'><strong>egredietur</strong></span> <span class='ocrx_word' id='word_1_436' title='bbox 3018 2533 3084 2588; x_wconf 91' lang='lat' dir='ltr'><strong>de</strong></span> <span class='ocrx_word' id='word_1_437' title='bbox 3123 2542 3281 2604; x_wconf 88' lang='lat' dir='ltr'><strong>gente</strong></span> <span class='ocrx_word' id='word_1_438' title='bbox 3327 2534 3379 2589; x_wconf 92' lang='lat' dir='ltr'><strong>in</strong></span> <span class='ocrx_word' id='word_1_439' title='bbox 3410 2544 3625 2606; x_wconf 88' lang='lat' dir='ltr'><strong>gentem</strong></span> <span class='ocrx_word' id='word_1_440' title='bbox 3671 2554 3685 2590; x_wconf 90' lang='lat'><strong>:</strong></span> <span class='ocrx_word' id='word_1_441' title='bbox 3717 2544 3771 2591; x_wconf 87' lang='lat' dir='ltr'><strong>et</strong></span> 
     </span>
    </p>
   </div>
   <div class='ocr_carea' id='block_1_55' title="bbox 2205 2622 3770 2695">
    <p class='ocr_par' dir='ltr' id='par_1_55' title="bbox 2205 2622 3770 2695">
     <span class='ocr_line' id='line_1_55' title="bbox 2205 2622 3770 2695; baseline 0.004 -21"><span class='ocrx_word' id='word_1_442' title='bbox 2205 2640 2224 2674; x_wconf 74' lang='grc' dir='ltr'><strong>ι</strong></span> <span class='ocrx_word' id='word_1_443' title='bbox 2263 2623 2421 2678; x_wconf 91' lang='lat' dir='ltr'><strong>turbo</strong></span> <span class='ocrx_word' id='word_1_444' title='bbox 2457 2637 2685 2693; x_wconf 87' lang='lat' dir='ltr'><strong>magnus</strong></span> <span class='ocrx_word' id='word_1_445' title='bbox 2722 2622 2850 2695; x_wconf 83' lang='lat' dir='ltr'><strong>(sive</strong></span> <span class='ocrx_word' id='word_1_446' title='bbox 2879 2622 3204 2695; x_wconf 75' lang='lat' dir='ltr'><strong>tempestas)</strong></span> <span class='ocrx_word' id='word_1_447' title='bbox 3235 2625 3541 2695; x_wconf 86' lang='lat' dir='ltr'><strong>egredietur</strong></span> <span class='ocrx_word' id='word_1_448' title='bbox 3566 2640 3596 2678; x_wconf 90' lang='lat' dir='ltr'><strong>a</strong></span> <span class='ocrx_word' id='word_1_449' title='bbox 3623 2641 3770 2680; x_wconf 85' lang='lat' dir='ltr'><strong>sum-</strong></span> 
     </span>
    </p>
   </div>
   <div class='ocr_carea' id='block_1_56' title="bbox 2205 2710 3769 2784">
    <p class='ocr_par' dir='ltr' id='par_1_56' title="bbox 2205 2710 3769 2784">
     <span class='ocr_line' id='line_1_56' title="bbox 2205 2710 3769 2784; baseline 0.004 -20"><span class='ocrx_word' id='word_1_450' title='bbox 2205 2731 2224 2764; x_wconf 75' lang='grc' dir='ltr'><strong>ι</strong></span> <span class='ocrx_word' id='word_1_451' title='bbox 2262 2711 2542 2768; x_wconf 89' lang='lat' dir='ltr'><strong>mitatibus</strong></span> <span class='ocrx_word' id='word_1_452' title='bbox 2586 2710 2711 2784; x_wconf 80' lang='lat' dir='ltr'><strong>(sive</strong></span> <span class='ocrx_word' id='word_1_453' title='bbox 2747 2712 3005 2768; x_wconf 86' lang='lat' dir='ltr'><strong>extremis</strong></span> <span class='ocrx_word' id='word_1_454' title='bbox 3047 2712 3240 2784; x_wconf 74' lang='lat' dir='ltr'><strong>terrm)</strong></span> <span class='ocrx_word' id='word_1_455' title='bbox 3273 2727 3288 2766; x_wconf 89' lang='lat'><strong>:</strong></span> <span class='ocrx_word' id='word_1_456' title='bbox 3320 2721 3375 2768; x_wconf 93' lang='lat' dir='ltr'><strong>et</strong></span> <span class='ocrx_word' id='word_1_457' title='bbox 3398 2722 3562 2768; x_wconf 86' lang='lat' dir='ltr'><strong>erunt</strong></span> <span class='ocrx_word' id='word_1_458' title='bbox 3604 2715 3769 2770; x_wconf 80' lang='lat' dir='ltr'><strong>inter-</strong></span> 
     </span>
    </p>
   </div>
   <div class='ocr_carea' id='block_1_57' title="bbox 2204 2801 3771 2875">
    <p class='ocr_par' dir='ltr' id='par_1_57' title="bbox 2204 2801 3771 2875">
     <span class='ocr_line' id='line_1_57' title="bbox 2204 2801 3771 2875; baseline 0.003 -18"><span class='ocrx_word' id='word_1_459' title='bbox 2204 2823 2223 2857; x_wconf 83' lang='grc' dir='ltr'><strong>ι</strong></span> <span class='ocrx_word' id='word_1_460' title='bbox 2262 2802 2387 2859; x_wconf 91' lang='lat' dir='ltr'><strong>fecti</strong></span> <span class='ocrx_word' id='word_1_461' title='bbox 2413 2802 2623 2858; x_wconf 89' lang='lat' dir='ltr'><strong>Domini</strong></span> <span class='ocrx_word' id='word_1_462' title='bbox 2650 2801 2776 2875; x_wconf 82' lang='lat' dir='ltr'><strong>(sive</strong></span> <span class='ocrx_word' id='word_1_463' title='bbox 2795 2803 3107 2860; x_wconf 90' lang='lat' dir='ltr'><strong>vulneratia</strong></span> <span class='ocrx_word' id='word_1_464' title='bbox 3128 2804 3472 2872; x_wconf 87' lang='lat' dir='ltr'><strong>Domino),in</strong></span> <span class='ocrx_word' id='word_1_465' title='bbox 3501 2805 3588 2861; x_wconf 88' lang='lat' dir='ltr'><strong>die</strong></span> <span class='ocrx_word' id='word_1_466' title='bbox 3623 2806 3711 2860; x_wconf 83' lang='lat' dir='ltr'><strong>illa</strong></span> <span class='ocrx_word' id='word_1_467' title='bbox 3739 2822 3771 2861; x_wconf 87' lang='lat' dir='ltr'><strong>a</strong></span> 
     </span>
    </p>
   </div>
   <div class='ocr_carea' id='block_1_58' title="bbox 2205 2895 3769 2968">
    <p class='ocr_par' dir='ltr' id='par_1_58' title="bbox 2205 2895 3769 2968">
     <span class='ocr_line' id='line_1_58' title="bbox 2205 2895 3769 2968; baseline 0.001 -18"><span class='ocrx_word' id='word_1_468' title='bbox 2205 2916 2225 2950; x_wconf 80' lang='grc' dir='ltr'><strong>ι</strong></span> <span class='ocrx_word' id='word_1_469' title='bbox 2264 2911 2473 2952; x_wconf 88' lang='lat' dir='ltr'><strong>summo</strong></span> <span class='ocrx_word' id='word_1_470' title='bbox 2502 2905 2658 2951; x_wconf 62' lang='lat' dir='ltr'><strong>terra:</strong></span> <span class='ocrx_word' id='word_1_471' title='bbox 2686 2911 2856 2966; x_wconf 89' lang='lat' dir='ltr'><strong>usque</strong></span> <span class='ocrx_word' id='word_1_472' title='bbox 2886 2910 3155 2953; x_wconf 85' lang='lat' dir='ltr'><strong>summum</strong></span> <span class='ocrx_word' id='word_1_473' title='bbox 3190 2895 3324 2966; x_wconf 88' lang='lat' dir='ltr'><strong>ejus.</strong></span> <span class='ocrx_word' id='word_1_474' title='bbox 3366 2896 3482 2952; x_wconf 80' lang='lat' dir='ltr'><strong>Non</strong></span> <span class='ocrx_word' id='word_1_475' title='bbox 3510 2898 3769 2968; x_wconf 86' lang='lat' dir='ltr'><strong>plangen-</strong></span> 
     </span>
    </p>
   </div>
   <div class='ocr_carea' id='block_1_59' title="bbox 532 2966 3770 3066">
    <p class='ocr_par' dir='ltr' id='par_1_59' title="bbox 532 2966 3770 3066">
     <span class='ocr_line' id='line_1_59' title="bbox 532 2966 3770 3066; baseline -0.002 -26"><span class='ocrx_word' id='word_1_476' title='bbox 532 2966 639 3040; x_wconf 87' lang='lat' dir='ltr'><strong>non</strong></span> <span class='ocrx_word' id='word_1_477' title='bbox 670 2999 832 3056; x_wconf 90' lang='lat' dir='ltr'><strong>super</strong></span> <span class='ocrx_word' id='word_1_478' title='bbox 853 2984 1024 3039; x_wconf 85' lang='lat' dir='ltr'><strong>solam</strong></span> <span class='ocrx_word' id='word_1_479' title='bbox 1063 2981 1417 3047; x_wconf 83' lang='lat' dir='ltr'><strong>Hierusalem,</strong></span> <span class='ocrx_word' id='word_1_480' title='bbox 1446 2980 1540 3036; x_wconf 91' lang='lat' dir='ltr'><strong>sed</strong></span> <span class='ocrx_word' id='word_1_481' title='bbox 1566 2994 1728 3051; x_wconf 91' lang='lat' dir='ltr'><strong>super</strong></span> <span class='ocrx_word' id='word_1_482' title='bbox 1766 2993 1980 3034; x_wconf 91' lang='lat' dir='ltr'><strong>omnem</strong></span> <span class='ocrx_word' id='word_1_483' title='bbox 2008 2991 2100 3032; x_wconf 87' lang='lat' dir='ltr'><strong>vo-</strong></span> <span class='ocrx_word' id='word_1_484' title='bbox 2127 2966 2172 3030; x_wconf 90' lang='lat' dir='ltr'><strong>C</strong></span> <span class='ocrx_word' id='word_1_485' title='bbox 2208 3006 2228 3038; x_wconf 72' lang='grc' dir='ltr'><strong>ι</strong></span> <span class='ocrx_word' id='word_1_486' title='bbox 2271 2993 2380 3050; x_wconf 71' lang='lat' dir='ltr'><strong>tur,</strong></span> <span class='ocrx_word' id='word_1_487' title='bbox 2420 2995 2477 3040; x_wconf 71' lang='lat' dir='ltr'><strong>ei</strong></span> <span class='ocrx_word' id='word_1_488' title='bbox 2522 2999 2633 3039; x_wconf 75' lang='lat' dir='ltr'><strong>non</strong></span> <span class='ocrx_word' id='word_1_489' title='bbox 2677 2985 3023 3056; x_wconf 66' lang='lat' dir='ltr'><strong>colligantur,</strong></span> <span class='ocrx_word' id='word_1_490' title='bbox 3082 3000 3265 3066; x_wconf 67' lang='grc' dir='ltr'><strong>ηερυὲ</strong></span> <span class='ocrx_word' id='word_1_491' title='bbox 3301 2966 3678 3056; x_wconf 45' lang='lat' dir='ltr'><strong>sepeliatur}</strong></span> <span class='ocrx_word' id='word_1_492' title='bbox 3718 2988 3770 3041; x_wconf 75' lang='lat' dir='ltr'><strong>in</strong></span> 
     </span>
    </p>
   </div>
   <div class='ocr_carea' id='block_1_60' title="bbox 528 3066 2103 3139">
    <p class='ocr_par' dir='ltr' id='par_1_60' title="bbox 528 3066 2103 3139">
     <span class='ocr_line' id='line_1_60' title="bbox 528 3066 2103 3139; baseline -0.004 -10"><span class='ocrx_word' id='word_1_493' title='bbox 528 3084 685 3129; x_wconf 86' lang='lat' dir='ltr'><strong>catur</strong></span> <span class='ocrx_word' id='word_1_494' title='bbox 711 3083 937 3138; x_wconf 88' lang='lat' dir='ltr'><strong>terram,</strong></span> <span class='ocrx_word' id='word_1_495' title='bbox 985 3080 1041 3127; x_wconf 89' lang='lat' dir='ltr'><strong>et</strong></span> <span class='ocrx_word' id='word_1_496' title='bbox 1087 3081 1310 3127; x_wconf 90' lang='lat' dir='ltr'><strong>cunctas</strong></span> <span class='ocrx_word' id='word_1_497' title='bbox 1358 3072 1414 3127; x_wconf 89' lang='lat' dir='ltr'><strong>in</strong></span> <span class='ocrx_word' id='word_1_498' title='bbox 1463 3071 1690 3127; x_wconf 86' lang='lat' dir='ltr'><strong>circuitu</strong></span> <span class='ocrx_word' id='word_1_499' title='bbox 1725 3068 2005 3139; x_wconf 73' lang='lat' dir='ltr'><strong>nationes,</strong></span> <span class='ocrx_word' id='word_1_500' title='bbox 2035 3066 2103 3122; x_wconf 91' lang='lat' dir='ltr'><strong>de</strong></span> 
     </span>
    </p>
   </div>
   <div class='ocr_carea' id='block_1_61' title="bbox 531 3157 2101 3233">
    <p class='ocr_par' dir='ltr' id='par_1_61' title="bbox 531 3157 2101 3233">
     <span class='ocr_line' id='line_1_61' title="bbox 531 3157 2101 3233; baseline -0.006 -15"><span class='ocrx_word' id='word_1_501' title='bbox 531 3180 640 3233; x_wconf 90' lang='lat' dir='ltr'><strong>quo</strong></span> <span class='ocrx_word' id='word_1_502' title='bbox 677 3178 835 3232; x_wconf 85' lang='lat' dir='ltr'><strong>supra</strong></span> <span class='ocrx_word' id='word_1_503' title='bbox 890 3162 1101 3215; x_wconf 88' lang='lat' dir='ltr'><strong>dixerat</strong></span> <span class='ocrx_word' id='word_1_504' title='bbox 1148 3178 1161 3214; x_wconf 89' lang='lat'><strong>:</strong></span> <span class='ocrx_word' id='word_1_505' title='bbox 1195 3161 1262 3214; x_wconf 88' lang='lat' dir='ltr'><strong>Et</strong></span> <span class='ocrx_word' id='word_1_506' title='bbox 1301 3160 1512 3214; x_wconf 91' lang='lat' dir='ltr'><strong>mittam</strong></span> <span class='ocrx_word' id='word_1_507' title='bbox 1552 3159 1621 3213; x_wconf 89' lang='lat' dir='ltr'><strong>ad</strong></span> <span class='ocrx_word' id='word_1_508' title='bbox 1673 3157 2101 3211; x_wconf 77' lang='lat' dir='ltr'><strong>Nabuchodono-</strong></span> 
     </span>
    </p>
   </div>
   <div class='ocr_carea' id='block_1_62' title="bbox 532 3244 2101 3324">
    <p class='ocr_par' dir='ltr' id='par_1_62' title="bbox 532 3244 2101 3324">
     <span class='ocr_line' id='line_1_62' title="bbox 532 3244 2101 3324; baseline -0.008 -15"><span class='ocrx_word' id='word_1_509' title='bbox 532 3269 625 3309; x_wconf 90' lang='lat' dir='ltr'><strong>sor</strong></span> <span class='ocrx_word' id='word_1_510' title='bbox 667 3268 844 3324; x_wconf 79' lang='lat' dir='ltr'><strong>regem</strong></span> <span class='ocrx_word' id='word_1_511' title='bbox 890 3249 1180 3320; x_wconf 83' lang='lat' dir='ltr'><strong>Babylonis</strong></span> <span class='ocrx_word' id='word_1_512' title='bbox 1223 3263 1439 3303; x_wconf 88' lang='lat' dir='ltr'><strong>servum</strong></span> <span class='ocrx_word' id='word_1_513' title='bbox 1486 3262 1689 3311; x_wconf 89' lang='lat' dir='ltr'><strong>meum,</strong></span> <span class='ocrx_word' id='word_1_514' title='bbox 1733 3252 1789 3300; x_wconf 91' lang='lat' dir='ltr'><strong>et</strong></span> <span class='ocrx_word' id='word_1_515' title='bbox 1840 3244 2101 3299; x_wconf 88' lang='lat' dir='ltr'><strong>adducam</strong></span> 
     </span>
    </p>
   </div>
   <div class='ocr_carea' id='block_1_63' title="bbox 533 3329 2101 3409">
    <p class='ocr_par' dir='ltr' id='par_1_63' title="bbox 533 3329 2101 3409">
     <span class='ocr_line' id='line_1_63' title="bbox 533 3329 2101 3409; baseline -0.004 -18"><span class='ocrx_word' id='word_1_516' title='bbox 533 3358 655 3396; x_wconf 85' lang='lat' dir='ltr'><strong>.:unt</strong></span> <span class='ocrx_word' id='word_1_517' title='bbox 683 3355 844 3409; x_wconf 86' lang='lat' dir='ltr'><strong>super</strong></span> <span class='ocrx_word' id='word_1_518' title='bbox 868 3347 1068 3392; x_wconf 89' lang='lat' dir='ltr'><strong>terram</strong></span> <span class='ocrx_word' id='word_1_519' title='bbox 1110 3337 1266 3392; x_wconf 89' lang='lat' dir='ltr'><strong>istam</strong></span> <span class='ocrx_word' id='word_1_520' title='bbox 1285 3376 1300 3401; x_wconf 95' lang='lat'><strong>,</strong></span> <span class='ocrx_word' id='word_1_521' title='bbox 1335 3344 1392 3390; x_wconf 90' lang='lat' dir='ltr'><strong>et</strong></span> <span class='ocrx_word' id='word_1_522' title='bbox 1431 3348 1590 3404; x_wconf 88' lang='lat' dir='ltr'><strong>super</strong></span> <span class='ocrx_word' id='word_1_523' title='bbox 1616 3333 1945 3387; x_wconf 85' lang='lat' dir='ltr'><strong>habitatores</strong></span> <span class='ocrx_word' id='word_1_524' title='bbox 1966 3329 2101 3400; x_wconf 88' lang='lat' dir='ltr'><strong>ejus,</strong></span> 
     </span>
    </p>
   </div>
   <div class='ocr_carea' id='block_1_64' title="bbox 532 3421 2106 3500">
    <p class='ocr_par' dir='ltr' id='par_1_64' title="bbox 532 3421 2106 3500">
     <span class='ocr_line' id='line_1_64' title="bbox 532 3421 2106 3500; baseline -0.005 -15"><span class='ocrx_word' id='word_1_525' title='bbox 532 3441 588 3485; x_wconf 91' lang='lat' dir='ltr'><strong>et</strong></span> <span class='ocrx_word' id='word_1_526' title='bbox 633 3444 794 3500; x_wconf 89' lang='lat' dir='ltr'><strong>super</strong></span> <span class='ocrx_word' id='word_1_527' title='bbox 844 3441 1032 3481; x_wconf 90' lang='lat' dir='ltr'><strong>omnes</strong></span> <span class='ocrx_word' id='word_1_528' title='bbox 1081 3426 1367 3489; x_wconf 88' lang='lat' dir='ltr'><strong>nationes,</strong></span> <span class='ocrx_word' id='word_1_529' title='bbox 1414 3438 1534 3494; x_wconf 70' lang='lat' dir='ltr'><strong>quae</strong></span> <span class='ocrx_word' id='word_1_530' title='bbox 1583 3424 1639 3478; x_wconf 90' lang='lat' dir='ltr'><strong>in</strong></span> <span class='ocrx_word' id='word_1_531' title='bbox 1682 3422 1913 3479; x_wconf 89' lang='lat' dir='ltr'><strong>circuitu</strong></span> <span class='ocrx_word' id='word_1_532' title='bbox 1962 3421 2106 3477; x_wconf 89' lang='lat' dir='ltr'><strong>illius</strong></span> 
     </span>
    </p>
   </div>
   <div class='ocr_carea' id='block_1_65' title="bbox 534 3529 681 3576">
    <p class='ocr_par' dir='ltr' id='par_1_65' title="bbox 534 3529 681 3576">
     <span class='ocr_line' id='line_1_65' title="bbox 534 3529 681 3576; baseline -0.014 0"><span class='ocrx_word' id='word_1_533' title='bbox 534 3529 681 3576; x_wconf 86' lang='lat' dir='ltr'><strong>sunt.</strong></span> 
     </span>
    </p>
   </div>
   <div class='ocr_carea' id='block_1_66' title="bbox 610 3604 2106 3680">
    <p class='ocr_par' dir='ltr' id='par_1_66' title="bbox 610 3604 2106 3680">
     <span class='ocr_line' id='line_1_66' title="bbox 610 3604 2106 3680; baseline -0.001 -17"><span class='ocrx_word' id='word_1_534' title='bbox 610 3631 628 3663; x_wconf 77' lang='grc' dir='ltr'><strong>ι</strong></span> <span class='ocrx_word' id='word_1_535' title='bbox 663 3610 729 3665; x_wconf 87' lang='grc' dir='ltr'><strong>Ει</strong></span> <span class='ocrx_word' id='word_1_536' title='bbox 746 3618 800 3664; x_wconf 84' lang='grc' dir='ltr'><strong>ιιι</strong></span> <span class='ocrx_word' id='word_1_537' title='bbox 827 3608 1173 3680; x_wconf 87' lang='lat' dir='ltr'><strong>prophetabis</strong></span> <span class='ocrx_word' id='word_1_538' title='bbox 1197 3608 1264 3663; x_wconf 88' lang='lat' dir='ltr'><strong>ad</strong></span> <span class='ocrx_word' id='word_1_539' title='bbox 1287 3622 1382 3663; x_wconf 90' lang='lat' dir='ltr'><strong>eos</strong></span> <span class='ocrx_word' id='word_1_540' title='bbox 1405 3607 1585 3662; x_wconf 90' lang='lat' dir='ltr'><strong>omnia</strong></span> <span class='ocrx_word' id='word_1_541' title='bbox 1606 3604 1769 3660; x_wconf 91' lang='lat' dir='ltr'><strong>verba</strong></span> <span class='ocrx_word' id='word_1_542' title='bbox 1794 3606 1931 3673; x_wconf 63' lang='lat' dir='ltr'><strong>haec,</strong></span> <span class='ocrx_word' id='word_1_543' title='bbox 1944 3613 2000 3661; x_wconf 91' lang='lat' dir='ltr'><strong>et</strong></span> <span class='ocrx_word' id='word_1_544' title='bbox 2021 3605 2106 3661; x_wconf 88' lang='lat' dir='ltr'><strong>di-</strong></span> 
     </span>
    </p>
   </div>
   <div class='ocr_carea' id='block_1_67' title="bbox 540 3695 2107 3770">
    <p class='ocr_par' dir='ltr' id='par_1_67' title="bbox 540 3695 2107 3770">
     <span class='ocr_line' id='line_1_67' title="bbox 540 3695 2107 3770; baseline 0.001 -18"><span class='ocrx_word' id='word_1_545' title='bbox 540 3721 558 3752; x_wconf 81' lang='grc' dir='ltr'><strong>ι</strong></span> <span class='ocrx_word' id='word_1_546' title='bbox 596 3716 687 3755; x_wconf 90' lang='lat' dir='ltr'><strong>ces</strong></span> <span class='ocrx_word' id='word_1_547' title='bbox 709 3700 774 3754; x_wconf 89' lang='lat' dir='ltr'><strong>ad</strong></span> <span class='ocrx_word' id='word_1_548' title='bbox 804 3700 922 3754; x_wconf 87' lang='lat' dir='ltr'><strong>illos</strong></span> <span class='ocrx_word' id='word_1_549' title='bbox 956 3716 969 3752; x_wconf 89' lang='lat'>:</span> <span class='ocrx_word' id='word_1_550' title='bbox 1003 3699 1262 3753; x_wconf 88' lang='lat' dir='ltr'><strong>Dominus</strong></span> <span class='ocrx_word' id='word_1_551' title='bbox 1301 3698 1367 3753; x_wconf 92' lang='lat' dir='ltr'><strong>de</strong></span> <span class='ocrx_word' id='word_1_552' title='bbox 1413 3695 1627 3752; x_wconf 78' lang='lat' dir='ltr'><strong>excelso</strong></span> <span class='ocrx_word' id='word_1_553' title='bbox 1656 3697 1829 3769; x_wconf 85' lang='lat' dir='ltr'><strong>rugiet</strong></span> <span class='ocrx_word' id='word_1_554' title='bbox 1865 3696 1992 3770; x_wconf 82' lang='lat' dir='ltr'><strong>(sive</strong></span> <span class='ocrx_word' id='word_1_555' title='bbox 2018 3710 2107 3753; x_wconf 86' lang='lat' dir='ltr'><strong>re-</strong></span> 
     </span>
    </p>
   </div>
   <div class='ocr_carea' id='block_1_68' title="bbox 542 3785 2107 3859">
    <p class='ocr_par' dir='ltr' id='par_1_68' title="bbox 542 3785 2107 3859">
     <span class='ocr_line' id='line_1_68' title="bbox 542 3785 2107 3859; baseline 0.001 -20"><span class='ocrx_word' id='word_1_556' title='bbox 542 3809 558 3839; x_wconf 72' lang='lat' dir='ltr'><strong>c</strong></span> <span class='ocrx_word' id='word_1_557' title='bbox 598 3803 852 3859; x_wconf 84' lang='lat' dir='ltr'><strong>sponsum</strong></span> <span class='ocrx_word' id='word_1_558' title='bbox 884 3786 1073 3859; x_wconf 89' lang='lat' dir='ltr'><strong>dabit),</strong></span> <span class='ocrx_word' id='word_1_559' title='bbox 1107 3796 1164 3842; x_wconf 89' lang='lat' dir='ltr'><strong>et</strong></span> <span class='ocrx_word' id='word_1_560' title='bbox 1200 3787 1265 3842; x_wconf 94' lang='lat' dir='ltr'><strong>de</strong></span> <span class='ocrx_word' id='word_1_561' title='bbox 1292 3785 1595 3841; x_wconf 79' lang='lat' dir='ltr'><strong>habitacula</strong></span> <span class='ocrx_word' id='word_1_562' title='bbox 1623 3794 1810 3840; x_wconf 90' lang='lat' dir='ltr'><strong>sancto</strong></span> <span class='ocrx_word' id='word_1_563' title='bbox 1835 3800 1932 3841; x_wconf 91' lang='lat' dir='ltr'><strong>suo</strong></span> <span class='ocrx_word' id='word_1_564' title='bbox 1957 3785 2107 3841; x_wconf 89' lang='lat' dir='ltr'><strong>dabit</strong></span> 
     </span>
    </p>
   </div>
   <div class='ocr_carea' id='block_1_69' title="bbox 543 3877 2105 3949">
    <p class='ocr_par' dir='ltr' id='par_1_69' title="bbox 543 3877 2105 3949">
     <span class='ocr_line' id='line_1_69' title="bbox 543 3877 2105 3949; baseline -0.001 -16"><span class='ocrx_word' id='word_1_565' title='bbox 543 3902 560 3933; x_wconf 73' lang='grc' dir='ltr'>ς</span> <span class='ocrx_word' id='word_1_566' title='bbox 600 3895 783 3935; x_wconf 86' lang='lat' dir='ltr'><strong>vocem</strong></span> <span class='ocrx_word' id='word_1_567' title='bbox 809 3895 981 3935; x_wconf 71' lang='lat' dir='ltr'><strong>suam.</strong></span> <span class='ocrx_word' id='word_1_568' title='bbox 1013 3878 1251 3949; x_wconf 82' lang='lat' dir='ltr'><strong>Rugiens</strong></span> <span class='ocrx_word' id='word_1_569' title='bbox 1277 3879 1453 3949; x_wconf 89' lang='lat' dir='ltr'><strong>rugiet</strong></span> <span class='ocrx_word' id='word_1_570' title='bbox 1489 3892 1649 3947; x_wconf 86' lang='lat' dir='ltr'><strong>super</strong></span> <span class='ocrx_word' id='word_1_571' title='bbox 1669 3877 1920 3932; x_wconf 88' lang='lat' dir='ltr'><strong>decorem</strong></span> <span class='ocrx_word' id='word_1_572' title='bbox 1949 3892 2105 3932; x_wconf 89' lang='lat' dir='ltr'><strong>suum</strong></span> 
     </span>
    </p>
   </div>
   <div class='ocr_carea' id='block_1_70' title="bbox 520 3962 2104 4043">
    <p class='ocr_par' dir='ltr' id='par_1_70' title="bbox 520 3962 2104 4043">
     <span class='ocr_line' id='line_1_70' title="bbox 520 3962 2104 4043; baseline 0.001 -23"><span class='ocrx_word' id='word_1_573' title='bbox 520 3962 563 4020; x_wconf 76' lang='grc' dir='ltr'><strong>ἰ</strong></span> <span class='ocrx_word' id='word_1_574' title='bbox 603 3971 740 4043; x_wconf 84' lang='lat' dir='ltr'><strong>(sive</strong></span> <span class='ocrx_word' id='word_1_575' title='bbox 786 3970 1134 4040; x_wconf 88' lang='lat' dir='ltr'><strong>respondebit</strong></span> <span class='ocrx_word' id='word_1_576' title='bbox 1178 3984 1339 4039; x_wconf 85' lang='lat' dir='ltr'><strong>super</strong></span> <span class='ocrx_word' id='word_1_577' title='bbox 1386 3967 1562 4023; x_wconf 91' lang='lat' dir='ltr'><strong>locum</strong></span> <span class='ocrx_word' id='word_1_578' title='bbox 1600 3983 1756 4024; x_wconf 91' lang='lat' dir='ltr'><strong>suum</strong></span> <span class='ocrx_word' id='word_1_579' title='bbox 1802 3984 1817 4020; x_wconf 88' lang='lat'><strong>:</strong></span> <span class='ocrx_word' id='word_1_580' title='bbox 1862 3967 2104 4025; x_wconf 89' lang='lat' dir='ltr'><strong>celeuma</strong></span> 
     </span>
    </p>
   </div>
   <div class='ocr_carea' id='block_1_71' title="bbox 542 4059 2109 4131">
    <p class='ocr_par' dir='ltr' id='par_1_71' title="bbox 542 4059 2109 4131">
     <span class='ocr_line' id='line_1_71' title="bbox 542 4059 2109 4131; baseline -0.001 -16"><span class='ocrx_word' id='word_1_581' title='bbox 542 4083 560 4115; x_wconf 81' lang='grc' dir='ltr'><strong>ι</strong></span> <span class='ocrx_word' id='word_1_582' title='bbox 596 4063 749 4131; x_wconf 88' lang='lat' dir='ltr'><strong>quasi</strong></span> <span class='ocrx_word' id='word_1_583' title='bbox 777 4063 1100 4118; x_wconf 90' lang='lat' dir='ltr'><strong>calcantium</strong></span> <span class='ocrx_word' id='word_1_584' title='bbox 1131 4060 1465 4126; x_wconf 87' lang='lat' dir='ltr'><strong>concinetur,</strong></span> <span class='ocrx_word' id='word_1_585' title='bbox 1490 4061 1772 4115; x_wconf 91' lang='lat' dir='ltr'><strong>adversum</strong></span> <span class='ocrx_word' id='word_1_586' title='bbox 1805 4074 1991 4115; x_wconf 84' lang='lat' dir='ltr'><strong>omnes</strong></span> <span class='ocrx_word' id='word_1_587' title='bbox 2014 4059 2109 4114; x_wconf 85' lang='lat' dir='ltr'><strong>ha-</strong></span> 
     </span>
    </p>
   </div>
   <div class='ocr_carea' id='block_1_72' title="bbox 547 4149 2106 4222">
    <p class='ocr_par' dir='ltr' id='par_1_72' title="bbox 547 4149 2106 4222">
     <span class='ocr_line' id='line_1_72' title="bbox 547 4149 2106 4222; baseline 0.001 -19"><span class='ocrx_word' id='word_1_588' title='bbox 547 4172 566 4203; x_wconf 68' lang='grc'><strong>(</strong></span> <span class='ocrx_word' id='word_1_589' title='bbox 606 4154 868 4208; x_wconf 90' lang='lat' dir='ltr'><strong>bitatores</strong></span> <span class='ocrx_word' id='word_1_590' title='bbox 908 4160 1088 4206; x_wconf 63' lang='lat' dir='ltr'><strong>terrae.</strong></span> <span class='ocrx_word' id='word_1_591' title='bbox 1133 4149 1385 4205; x_wconf 84' lang='lat' dir='ltr'><strong>Pervenit</strong></span> <span class='ocrx_word' id='word_1_592' title='bbox 1425 4150 1633 4205; x_wconf 92' lang='lat' dir='ltr'><strong>sonitus</strong></span> <span class='ocrx_word' id='word_1_593' title='bbox 1669 4149 1794 4222; x_wconf 79' lang='lat' dir='ltr'><strong>(sive</strong></span> <span class='ocrx_word' id='word_1_594' title='bbox 1835 4149 2106 4222; x_wconf 92' lang='lat' dir='ltr'><strong>interitus)</strong></span> 
     </span>
    </p>
   </div>
   <div class='ocr_carea' id='block_1_73' title="bbox 551 4241 2109 4314">
    <p class='ocr_par' dir='ltr' id='par_1_73' title="bbox 551 4241 2109 4314">
     <span class='ocr_line' id='line_1_73' title="bbox 551 4241 2109 4314; baseline 0.002 -21"><span class='ocrx_word' id='word_1_595' title='bbox 551 4262 569 4293; x_wconf 72' lang='grc' dir='ltr'><strong>ε</strong></span> <span class='ocrx_word' id='word_1_596' title='bbox 608 4258 780 4312; x_wconf 89' lang='lat' dir='ltr'><strong>usque</strong></span> <span class='ocrx_word' id='word_1_597' title='bbox 801 4241 869 4295; x_wconf 90' lang='lat' dir='ltr'><strong>ad</strong></span> <span class='ocrx_word' id='word_1_598' title='bbox 894 4249 1141 4296; x_wconf 71' lang='lat' dir='ltr'><strong>extrema</strong></span> <span class='ocrx_word' id='word_1_599' title='bbox 1164 4241 1292 4314; x_wconf 83' lang='lat' dir='ltr'><strong>(sive</strong></span> <span class='ocrx_word' id='word_1_600' title='bbox 1316 4256 1479 4311; x_wconf 92' lang='lat' dir='ltr'><strong>super</strong></span> <span class='ocrx_word' id='word_1_601' title='bbox 1498 4242 1728 4312; x_wconf 86' lang='lat' dir='ltr'><strong>partem)</strong></span> <span class='ocrx_word' id='word_1_602' title='bbox 1759 4250 1914 4297; x_wconf 68' lang='lat' dir='ltr'><strong>terrae</strong></span> <span class='ocrx_word' id='word_1_603' title='bbox 1939 4259 1950 4294; x_wconf 94' lang='lat'>:</span> <span class='ocrx_word' id='word_1_604' title='bbox 1983 4241 2109 4312; x_wconf 88' lang='lat' dir='ltr'><strong>quia</strong></span> 
     </span>
    </p>
   </div>
   <div class='ocr_carea' id='block_1_74' title="bbox 545 4331 2112 4405">
    <p class='ocr_par' dir='ltr' id='par_1_74' title="bbox 545 4331 2112 4405">
     <span class='ocr_line' id='line_1_74' title="bbox 545 4331 2112 4405; baseline 0.004 -22"><span class='ocrx_word' id='word_1_605' title='bbox 545 4331 856 4402; x_wconf 69' lang='lat' dir='ltr'><strong>«judicium</strong></span> <span class='ocrx_word' id='word_1_606' title='bbox 903 4333 1130 4390; x_wconf 90' lang='lat' dir='ltr'><strong>Domino</strong></span> <span class='ocrx_word' id='word_1_607' title='bbox 1172 4350 1295 4389; x_wconf 90' lang='lat' dir='ltr'><strong>cum</strong></span> <span class='ocrx_word' id='word_1_608' title='bbox 1339 4335 1589 4405; x_wconf 85' lang='lat' dir='ltr'><strong>gentibus</strong></span> <span class='ocrx_word' id='word_1_609' title='bbox 1632 4351 1645 4389; x_wconf 88' lang='lat'><strong>:</strong></span> <span class='ocrx_word' id='word_1_610' title='bbox 1684 4334 1955 4405; x_wconf 89' lang='lat' dir='ltr'><strong>judicatur</strong></span> <span class='ocrx_word' id='word_1_611' title='bbox 1997 4334 2112 4405; x_wconf 88' lang='lat' dir='ltr'><strong>ipse</strong></span> 
     </span>
    </p>
   </div>
   <div class='ocr_carea' id='block_1_75' title="bbox 545 4425 2112 4498">
    <p class='ocr_par' dir='ltr' id='par_1_75' title="bbox 545 4425 2112 4498">
     <span class='ocr_line' id='line_1_75' title="bbox 545 4425 2112 4498; baseline 0.003 -23"><span class='ocrx_word' id='word_1_612' title='bbox 545 4446 561 4473; x_wconf 79' lang='grc' dir='ltr'><strong>ι</strong></span> <span class='ocrx_word' id='word_1_613' title='bbox 602 4440 723 4479; x_wconf 91' lang='lat' dir='ltr'><strong>cum</strong></span> <span class='ocrx_word' id='word_1_614' title='bbox 765 4426 910 4479; x_wconf 91' lang='lat' dir='ltr'><strong>omni</strong></span> <span class='ocrx_word' id='word_1_615' title='bbox 935 4440 1117 4492; x_wconf 90' lang='lat' dir='ltr'><strong>carne,</strong></span> <span class='ocrx_word' id='word_1_616' title='bbox 1149 4425 1340 4497; x_wconf 91' lang='lat' dir='ltr'><strong>impios</strong></span> <span class='ocrx_word' id='word_1_617' title='bbox 1374 4427 1568 4481; x_wconf 88' lang='lat' dir='ltr'><strong>tradidi</strong></span> <span class='ocrx_word' id='word_1_618' title='bbox 1612 4427 1806 4498; x_wconf 87' lang='lat' dir='ltr'><strong>gladio,</strong></span> <span class='ocrx_word' id='word_1_619' title='bbox 1836 4426 1964 4481; x_wconf 92' lang='lat' dir='ltr'><strong>dicit</strong></span> <span class='ocrx_word' id='word_1_620' title='bbox 2007 4426 2112 4480; x_wconf 89' lang='lat' dir='ltr'><strong>Do-</strong></span> 
     </span>
    </p>
   </div>
   <div class='ocr_carea' id='block_1_76' title="bbox 545 4513 2109 4587">
    <p class='ocr_par' dir='ltr' id='par_1_76' title="bbox 545 4513 2109 4587">
     <span class='ocr_line' id='line_1_76' title="bbox 545 4513 2109 4587; baseline 0.005 -24"><span class='ocrx_word' id='word_1_621' title='bbox 545 4532 563 4563; x_wconf 75' lang='grc' dir='ltr'><strong>ι</strong></span> <span class='ocrx_word' id='word_1_622' title='bbox 602 4514 801 4568; x_wconf 90' lang='lat' dir='ltr'><strong>minus.</strong></span> <span class='ocrx_word' id='word_1_623' title='bbox 848 4531 866 4564; x_wconf 81' lang='grc' dir='ltr'><strong>ι</strong></span> <span class='ocrx_word' id='word_1_624' title='bbox 901 4513 1139 4569; x_wconf 83' lang='lat' dir='ltr'><strong>Primum</strong></span> <span class='ocrx_word' id='word_1_625' title='bbox 1169 4515 1414 4570; x_wconf 89' lang='lat' dir='ltr'><strong>dicamus</strong></span> <span class='ocrx_word' id='word_1_626' title='bbox 1442 4524 1501 4571; x_wconf 94' lang='lat' dir='ltr'><strong>ut</strong></span> <span class='ocrx_word' id='word_1_627' title='bbox 1547 4531 1605 4571; x_wconf 91' lang='lat' dir='ltr'><strong>se</strong></span> <span class='ocrx_word' id='word_1_628' title='bbox 1651 4514 2109 4587; x_wconf 88' lang='lat' dir='ltr'><strong>interpretationis</strong></span> 
     </span>
    </p>
   </div>
   <div class='ocr_carea' id='block_1_77' title="bbox 520 4601 2109 4674">
    <p class='ocr_par' dir='ltr' id='par_1_77' title="bbox 520 4601 2109 4674">
     <span class='ocr_line' id='line_1_77' title="bbox 520 4601 2109 4674; baseline 0.005 -22"><span class='ocrx_word' id='word_1_629' title='bbox 520 4601 741 4655; x_wconf 89' lang='lat' dir='ltr'><strong>&#39;veritas</strong></span> <span class='ocrx_word' id='word_1_630' title='bbox 762 4601 941 4656; x_wconf 86' lang='lat' dir='ltr'><strong>habet.</strong></span> <span class='ocrx_word' id='word_1_631' title='bbox 969 4602 1210 4667; x_wconf 89' lang='lat' dir='ltr'><strong>Cunctis,</strong></span> <span class='ocrx_word' id='word_1_632' title='bbox 1252 4604 1444 4673; x_wconf 89' lang='lat' dir='ltr'><strong>inquit,</strong></span> <span class='ocrx_word' id='word_1_633' title='bbox 1472 4604 1721 4674; x_wconf 85' lang='lat' dir='ltr'><strong>gentibus</strong></span> <span class='ocrx_word' id='word_1_634' title='bbox 1761 4604 2109 4674; x_wconf 88' lang='lat' dir='ltr'><strong>prophetabis</strong></span> 
     </span>
    </p>
   </div>
   <div class='ocr_carea' id='block_1_78' title="bbox 542 4689 2107 4765">
    <p class='ocr_par' dir='ltr' id='par_1_78' title="bbox 542 4689 2107 4765">
     <span class='ocr_line' id='line_1_78' title="bbox 542 4689 2107 4765; baseline 0.003 -20"><span class='ocrx_word' id='word_1_635' title='bbox 542 4699 597 4745; x_wconf 94' lang='lat' dir='ltr'><strong>et</strong></span> <span class='ocrx_word' id='word_1_636' title='bbox 625 4689 792 4754; x_wconf 91' lang='lat' dir='ltr'><strong>dices,</strong></span> <span class='ocrx_word' id='word_1_637' title='bbox 825 4692 968 4760; x_wconf 89' lang='lat' dir='ltr'><strong>quod</strong></span> <span class='ocrx_word' id='word_1_638' title='bbox 995 4693 1253 4748; x_wconf 89' lang='lat' dir='ltr'><strong>Dominus</strong></span> <span class='ocrx_word' id='word_1_639' title='bbox 1291 4692 1358 4749; x_wconf 89' lang='lat' dir='ltr'><strong>de</strong></span> <span class='ocrx_word' id='word_1_640' title='bbox 1389 4694 1602 4749; x_wconf 80' lang='lat' dir='ltr'><strong>excelso</strong></span> <span class='ocrx_word' id='word_1_641' title='bbox 1647 4695 1844 4765; x_wconf 86' lang='lat' dir='ltr'><strong>rugiat,</strong></span> <span class='ocrx_word' id='word_1_642' title='bbox 1871 4694 1975 4749; x_wconf 87' lang='lat' dir='ltr'><strong>hoc</strong></span> <span class='ocrx_word' id='word_1_643' title='bbox 2001 4701 2107 4760; x_wconf 90' lang='lat' dir='ltr'><strong>est,</strong></span> 
     </span>
    </p>
   </div>
   <div class='ocr_carea' id='block_1_79' title="bbox 520 4768 2107 4854">
    <p class='ocr_par' dir='ltr' id='par_1_79' title="bbox 520 4768 2107 4854">
     <span class='ocr_line' id='line_1_79' title="bbox 520 4768 2107 4854; baseline 0.003 -19"><span class='ocrx_word' id='word_1_644' title='bbox 520 4780 635 4835; x_wconf 55' lang='lat' dir='ltr'><strong>’det</strong></span> <span class='ocrx_word' id='word_1_645' title='bbox 661 4780 743 4834; x_wconf 91' lang='lat' dir='ltr'><strong>sui</strong></span> <span class='ocrx_word' id='word_1_646' title='bbox 784 4778 982 4835; x_wconf 91' lang='lat' dir='ltr'><strong>furoris</strong></span> <span class='ocrx_word' id='word_1_647' title='bbox 1013 4768 1295 4848; x_wconf 66' lang='lat' dir='ltr'><strong>indicium,</strong></span> <span class='ocrx_word' id='word_1_648' title='bbox 1308 4781 1463 4851; x_wconf 83' lang='lat' dir='ltr'><strong>juxta</strong></span> <span class='ocrx_word' id='word_1_649' title='bbox 1493 4785 1643 4850; x_wconf 92' lang='lat' dir='ltr'><strong>illud,</strong></span> <span class='ocrx_word' id='word_1_650' title='bbox 1679 4786 1820 4854; x_wconf 91' lang='lat' dir='ltr'><strong>quod</strong></span> <span class='ocrx_word' id='word_1_651' title='bbox 1850 4785 2107 4854; x_wconf 90' lang='lat' dir='ltr'><strong>scriptum</strong></span> 
     </span>
    </p>
   </div>
   <div class='ocr_carea' id='block_1_80' title="bbox 520 4870 2112 4943">
    <p class='ocr_par' dir='ltr' id='par_1_80' title="bbox 520 4870 2112 4943">
     <span class='ocr_line' id='line_1_80' title="bbox 520 4870 2112 4943; baseline 0.004 -17"><span class='ocrx_word' id='word_1_652' title='bbox 520 4874 627 4926; x_wconf 76' lang='lat' dir='ltr'><strong>‘est</strong></span> <span class='ocrx_word' id='word_1_653' title='bbox 661 4887 676 4924; x_wconf 91' lang='lat'><strong>:</strong></span> <span class='ocrx_word' id='word_1_654' title='bbox 728 4889 746 4922; x_wconf 77' lang='grc' dir='ltr'><strong>ι</strong></span> <span class='ocrx_word' id='word_1_655' title='bbox 789 4870 900 4926; x_wconf 87' lang='lat' dir='ltr'><strong>Leo</strong></span> <span class='ocrx_word' id='word_1_656' title='bbox 940 4874 1131 4942; x_wconf 80' lang='lat' dir='ltr'><strong>rugiet,</strong></span> <span class='ocrx_word' id='word_1_657' title='bbox 1169 4881 1226 4927; x_wconf 90' lang='lat' dir='ltr'><strong>et</strong></span> <span class='ocrx_word' id='word_1_658' title='bbox 1253 4875 1375 4943; x_wconf 88' lang='lat' dir='ltr'><strong>quis</strong></span> <span class='ocrx_word' id='word_1_659' title='bbox 1417 4890 1520 4929; x_wconf 91' lang='lat' dir='ltr'><strong>non</strong></span> <span class='ocrx_word' id='word_1_660' title='bbox 1566 4875 1773 4930; x_wconf 90' lang='lat' dir='ltr'><strong>timebit</strong></span> <span class='ocrx_word' id='word_1_661' title='bbox 1806 4894 1821 4931; x_wconf 90' lang='lat'><strong>:</strong></span> <span class='ocrx_word' id='word_1_662' title='bbox 1852 4876 2112 4934; x_wconf 89' lang='lat' dir='ltr'><strong>Dominus</strong></span> 
     </span>
    </p>
   </div>
   <div class='ocr_carea' id='block_1_81' title="bbox 544 4962 2114 5037">
    <p class='ocr_par' dir='ltr' id='par_1_81' title="bbox 544 4962 2114 5037">
     <span class='ocr_line' id='line_1_81' title="bbox 544 4962 2114 5037; baseline 0.003 -19"><span class='ocrx_word' id='word_1_663' title='bbox 544 4962 756 5018; x_wconf 90' lang='lat' dir='ltr'><strong>locutus</strong></span> <span class='ocrx_word' id='word_1_664' title='bbox 776 4970 880 5028; x_wconf 91' lang='lat' dir='ltr'><strong>est,</strong></span> <span class='ocrx_word' id='word_1_665' title='bbox 920 4962 1040 5032; x_wconf 92' lang='lat' dir='ltr'><strong>quis</strong></span> <span class='ocrx_word' id='word_1_666' title='bbox 1067 4978 1174 5017; x_wconf 88' lang='lat' dir='ltr'><strong>non</strong></span> <span class='ocrx_word' id='word_1_667' title='bbox 1200 4964 1578 5034; x_wconf 87' lang='lat' dir='ltr'><strong>prophetabit?</strong></span> <span class='ocrx_word' id='word_1_668' title='bbox 1600 4963 1778 5037; x_wconf 82' lang='lat' dir='ltr'><strong>(Amos</strong></span> <span class='ocrx_word' id='word_1_669' title='bbox 1809 4964 1922 5037; x_wconf 76' lang='grc' dir='ltr'><strong>ιιι)›</strong></span> <span class='ocrx_word' id='word_1_670' title='bbox 1949 4975 2005 5022; x_wconf 90' lang='grc' dir='ltr'><strong>ει</strong></span> <span class='ocrx_word' id='word_1_671' title='bbox 2047 4967 2114 5023; x_wconf 87' lang='lat' dir='ltr'><strong>de</strong></span> 
     </span>
    </p>
   </div>
   <div class='ocr_carea' id='block_1_82' title="bbox 520 5050 2114 5121">
    <p class='ocr_par' dir='ltr' id='par_1_82' title="bbox 520 5050 2114 5121">
     <span class='ocr_line' id='line_1_82' title="bbox 520 5050 2114 5121; baseline 0.003 -13"><span class='ocrx_word' id='word_1_672' title='bbox 520 5050 854 5108; x_wconf 86' lang='lat' dir='ltr'><strong>&#39;habitaculo</strong></span> <span class='ocrx_word' id='word_1_673' title='bbox 871 5060 1061 5107; x_wconf 83' lang='lat' dir='ltr'><strong>sancto</strong></span> <span class='ocrx_word' id='word_1_674' title='bbox 1084 5068 1181 5108; x_wconf 90' lang='lat' dir='ltr'><strong>suo</strong></span> <span class='ocrx_word' id='word_1_675' title='bbox 1216 5053 1365 5108; x_wconf 88' lang='lat' dir='ltr'><strong>dabit</strong></span> <span class='ocrx_word' id='word_1_676' title='bbox 1388 5069 1575 5109; x_wconf 91' lang='lat' dir='ltr'><strong>vocem</strong></span> <span class='ocrx_word' id='word_1_677' title='bbox 1606 5069 1784 5121; x_wconf 88' lang='lat' dir='ltr'><strong>suam,</strong></span> <span class='ocrx_word' id='word_1_678' title='bbox 1809 5064 1867 5110; x_wconf 91' lang='lat' dir='ltr'><strong>ut</strong></span> <span class='ocrx_word' id='word_1_679' title='bbox 1892 5065 2114 5113; x_wconf 86' lang='lat' dir='ltr'><strong>cunctos</strong></span> 
     </span>
    </p>
   </div>
   <div class='ocr_carea' id='block_1_83' title="bbox 547 5142 2117 5216">
    <p class='ocr_par' dir='ltr' id='par_1_83' title="bbox 547 5142 2117 5216">
     <span class='ocr_line' id='line_1_83' title="bbox 547 5142 2117 5216; baseline 0.003 -18"><span class='ocrx_word' id='word_1_680' title='bbox 547 5150 747 5198; x_wconf 85' lang='lat' dir='ltr'><strong>terreat</strong></span> <span class='ocrx_word' id='word_1_681' title='bbox 766 5142 1043 5199; x_wconf 87' lang='lat' dir='ltr'><strong>audientes</strong></span> <span class='ocrx_word' id='word_1_682' title='bbox 1061 5161 1073 5197; x_wconf 90' lang='lat'><strong>:</strong></span> <span class='ocrx_word' id='word_1_683' title='bbox 1091 5144 1266 5216; x_wconf 83' lang='lat' dir='ltr'><strong>rugiet</strong></span> <span class='ocrx_word' id='word_1_684' title='bbox 1290 5154 1471 5200; x_wconf 91' lang='lat' dir='ltr'><strong>autem</strong></span> <span class='ocrx_word' id='word_1_685' title='bbox 1486 5160 1647 5216; x_wconf 89' lang='lat' dir='ltr'><strong>super</strong></span> <span class='ocrx_word' id='word_1_686' title='bbox 1660 5146 1909 5202; x_wconf 89' lang='lat' dir='ltr'><strong>decorem</strong></span> <span class='ocrx_word' id='word_1_687' title='bbox 1933 5162 2117 5214; x_wconf 90' lang='lat' dir='ltr'><strong>suum,</strong></span> 
     </span>
    </p>
   </div>
   <div class='ocr_carea' id='block_1_84' title="bbox 522 5232 2117 5315">
    <p class='ocr_par' dir='ltr' id='par_1_84' title="bbox 522 5232 2117 5315">
     <span class='ocr_line' id='line_1_84' title="bbox 522 5232 2117 5315; baseline 0.004 -27"><span class='ocrx_word' id='word_1_688' title='bbox 522 5232 652 5289; x_wconf 77' lang='lat' dir='ltr'><strong>&#39;hoc</strong></span> <span class='ocrx_word' id='word_1_689' title='bbox 676 5241 791 5300; x_wconf 89' lang='lat' dir='ltr'><strong>est,</strong></span> <span class='ocrx_word' id='word_1_690' title='bbox 818 5250 981 5305; x_wconf 89' lang='lat' dir='ltr'><strong>super</strong></span> <span class='ocrx_word' id='word_1_691' title='bbox 1005 5234 1283 5305; x_wconf 89' lang='lat' dir='ltr'><strong>templum.</strong></span> <span class='ocrx_word' id='word_1_692' title='bbox 1308 5236 1551 5315; x_wconf 81' lang='lat' dir='ltr'><strong>Cumque</strong></span> <span class='ocrx_word' id='word_1_693' title='bbox 1570 5236 1662 5293; x_wconf 87' lang='lat' dir='ltr'><strong>ille</strong></span> <span class='ocrx_word' id='word_1_694' title='bbox 1699 5238 1926 5309; x_wconf 88' lang='lat' dir='ltr'><strong>rugierit</strong></span> <span class='ocrx_word' id='word_1_695' title='bbox 1945 5239 2117 5294; x_wconf 89' lang='lat' dir='ltr'><strong>instar</strong></span> 
     </span>
    </p>
   </div>
   <div class='ocr_carea' id='block_1_85' title="bbox 522 5323 2119 5395">
    <p class='ocr_par' dir='ltr' id='par_1_85' title="bbox 522 5323 2119 5395">
     <span class='ocr_line' id='line_1_85' title="bbox 522 5323 2119 5395; baseline 0.002 -16"><span class='ocrx_word' id='word_1_696' title='bbox 522 5323 872 5379; x_wconf 83' lang='lat' dir='ltr'><strong>&#39;calcantium</strong></span> <span class='ocrx_word' id='word_1_697' title='bbox 921 5325 977 5379; x_wconf 90' lang='lat' dir='ltr'><strong>in</strong></span> <span class='ocrx_word' id='word_1_698' title='bbox 1015 5325 1374 5382; x_wconf 89' lang='lat' dir='ltr'><strong>torcularibus</strong></span> <span class='ocrx_word' id='word_1_699' title='bbox 1403 5326 1646 5383; x_wconf 88' lang='lat' dir='ltr'><strong>celeuma</strong></span> <span class='ocrx_word' id='word_1_700' title='bbox 1689 5327 2018 5395; x_wconf 87' lang='lat' dir='ltr'><strong>cantabitur,</strong></span> <span class='ocrx_word' id='word_1_701' title='bbox 2062 5337 2119 5383; x_wconf 93' lang='lat' dir='ltr'><strong>et</strong></span> 
     </span>
    </p>
   </div>
   <div class='ocr_carea' id='block_1_86' title="bbox 520 5413 2120 5491">
    <p class='ocr_par' dir='ltr' id='par_1_86' title="bbox 520 5413 2120 5491">
     <span class='ocr_line' id='line_1_86' title="bbox 520 5413 2120 5491; baseline 0.004 -23"><span class='ocrx_word' id='word_1_702' title='bbox 520 5414 605 5468; x_wconf 30' lang='lat' dir='ltr'><strong>sin</strong></span> <span class='ocrx_word' id='word_1_703' title='bbox 630 5413 886 5473; x_wconf 76' lang='lat' dir='ltr'><strong>eﬁ&#39;usione</strong></span> <span class='ocrx_word' id='word_1_704' title='bbox 927 5418 1204 5489; x_wconf 85' lang='lat' dir='ltr'><strong>sanguinis</strong></span> <span class='ocrx_word' id='word_1_705' title='bbox 1240 5419 1411 5474; x_wconf 91' lang='lat' dir='ltr'><strong>mutui</strong></span> <span class='ocrx_word' id='word_1_706' title='bbox 1435 5433 1656 5474; x_wconf 90' lang='lat' dir='ltr'><strong>carmen</strong></span> <span class='ocrx_word' id='word_1_707' title='bbox 1688 5418 1913 5491; x_wconf 85' lang='lat' dir='ltr'><strong>lugubre</strong></span> <span class='ocrx_word' id='word_1_708' title='bbox 1938 5418 2120 5476; x_wconf 87' lang='lat' dir='ltr'><strong>conci-</strong></span> 
     </span>
    </p>
   </div>
   <div class='ocr_carea' id='block_1_87' title="bbox 526 5506 2119 5585">
    <p class='ocr_par' dir='ltr' id='par_1_87' title="bbox 526 5506 2119 5585">
     <span class='ocr_line' id='line_1_87' title="bbox 526 5506 2119 5585; baseline 0.008 -29"><span class='ocrx_word' id='word_1_709' title='bbox 526 5506 734 5569; x_wconf 45' lang='lat' dir='ltr'><strong>;l&#39;etttt&#39;,</strong></span> <span class='ocrx_word' id='word_1_710' title='bbox 760 5507 921 5574; x_wconf 86' lang='lat' dir='ltr'><strong>quod</strong></span> <span class='ocrx_word' id='word_1_711' title='bbox 939 5506 1298 5578; x_wconf 86' lang='lat' dir='ltr'><strong>Symmachus</strong></span> <span class='ocrx_word' id='word_1_712' title='bbox 1325 5510 1620 5585; x_wconf 75' lang='grc' dir='ltr'><strong>κατάληγμα</strong></span> <span class='ocrx_word' id='word_1_713' title='bbox 1638 5548 1653 5575; x_wconf 88' lang='grc'><strong>,</strong></span> <span class='ocrx_word' id='word_1_714' title='bbox 1693 5509 1882 5580; x_wconf 85' lang='lat' dir='ltr'><strong>Aquila</strong></span> <span class='ocrx_word' id='word_1_715' title='bbox 1934 5515 2119 5585; x_wconf 80' lang='grc' dir='ltr'><strong>ἰασμόν</strong></span> 
     </span>
    </p>
   </div>
   <div class='ocr_carea' id='block_1_88' title="bbox 2135 4302 2189 4362">
    <p class='ocr_par' dir='ltr' id='par_1_88' title="bbox 2135 4302 2189 4362">
     <span class='ocr_line' id='line_1_88' title="bbox 2135 4302 2189 4362; baseline 0 0"><span class='ocrx_word' id='word_1_716' title='bbox 2135 4302 2189 4362; x_wconf 91' lang='lat' dir='ltr'><strong>D</strong></span> 
     </span>
    </p>
   </div>
   <div class='ocr_carea' id='block_1_89' title="bbox 2209 3073 3773 3147">
    <p class='ocr_par' dir='ltr' id='par_1_89' title="bbox 2209 3073 3773 3147">
     <span class='ocr_line' id='line_1_89' title="bbox 2209 3073 3773 3147; baseline 0.004 -20"><span class='ocrx_word' id='word_1_717' title='bbox 2209 3095 2228 3127; x_wconf 72' lang='grc' dir='ltr'><strong>ι</strong></span> <span class='ocrx_word' id='word_1_718' title='bbox 2265 3073 2657 3144; x_wconf 89' lang='lat' dir='ltr'><strong>sterquilinium</strong></span> <span class='ocrx_word' id='word_1_719' title='bbox 2678 3089 2842 3145; x_wconf 90' lang='lat' dir='ltr'><strong>super</strong></span> <span class='ocrx_word' id='word_1_720' title='bbox 2867 3074 3058 3132; x_wconf 78' lang='lat' dir='ltr'><strong>faciem</strong></span> <span class='ocrx_word' id='word_1_721' title='bbox 3086 3084 3243 3132; x_wconf 67' lang='lat' dir='ltr'><strong>terrae</strong></span> <span class='ocrx_word' id='word_1_722' title='bbox 3278 3075 3553 3147; x_wconf 84' lang='lat' dir='ltr'><strong>iacebunt.</strong></span> <span class='ocrx_word' id='word_1_723' title='bbox 3593 3098 3611 3131; x_wconf 77' lang='grc' dir='ltr'><strong>ι</strong></span> <span class='ocrx_word' id='word_1_724' title='bbox 3641 3079 3773 3133; x_wconf 81' lang='lat' dir='ltr'><strong>Em-</strong></span> 
     </span>
    </p>
   </div>
   <div class='ocr_carea' id='block_1_90' title="bbox 2199 3162 3772 3235">
    <p class='ocr_par' dir='ltr' id='par_1_90' title="bbox 2199 3162 3772 3235">
     <span class='ocr_line' id='line_1_90' title="bbox 2199 3162 3772 3235; baseline 0.003 -16"><span class='ocrx_word' id='word_1_725' title='bbox 2199 3163 2425 3220; x_wconf 88' lang='lat' dir='ltr'><strong>descant</strong></span> <span class='ocrx_word' id='word_1_726' title='bbox 2467 3163 2559 3234; x_wconf 92' lang='lat' dir='ltr'><strong>qui</strong></span> <span class='ocrx_word' id='word_1_727' title='bbox 2580 3163 2691 3218; x_wconf 86' lang='lat' dir='ltr'><strong>vim</strong></span> <span class='ocrx_word' id='word_1_728' title='bbox 2722 3162 3014 3235; x_wconf 69' lang='lat' dir='ltr'><strong>Scriptura:</strong></span> <span class='ocrx_word' id='word_1_729' title='bbox 3036 3176 3235 3222; x_wconf 78' lang='lat' dir='ltr'><strong>sanctae</strong></span> <span class='ocrx_word' id='word_1_730' title='bbox 3280 3165 3461 3222; x_wconf 70' lang='lat' dir='ltr'><strong>facere</strong></span> <span class='ocrx_word' id='word_1_731' title='bbox 3485 3180 3772 3233; x_wconf 83' lang='lat' dir='ltr'><strong>conantur,</strong></span> 
     </span>
    </p>
   </div>
   <div class='ocr_carea' id='block_1_91' title="bbox 2203 3254 3773 3332">
    <p class='ocr_par' dir='ltr' id='par_1_91' title="bbox 2203 3254 3773 3332">
     <span class='ocr_line' id='line_1_91' title="bbox 2203 3254 3773 3332; baseline 0.004 -23"><span class='ocrx_word' id='word_1_732' title='bbox 2203 3254 2258 3310; x_wconf 92' lang='lat' dir='ltr'><strong>in</strong></span> <span class='ocrx_word' id='word_1_733' title='bbox 2312 3255 2507 3309; x_wconf 88' lang='lat' dir='ltr'><strong>bonam</strong></span> <span class='ocrx_word' id='word_1_734' title='bbox 2559 3264 2771 3326; x_wconf 89' lang='lat' dir='ltr'><strong>partem</strong></span> <span class='ocrx_word' id='word_1_735' title='bbox 2841 3270 2904 3312; x_wconf 86' lang='lat' dir='ltr'><strong>ea</strong></span> <span class='ocrx_word' id='word_1_736' title='bbox 2958 3273 3078 3328; x_wconf 69' lang='lat' dir='ltr'><strong>quae</strong></span> <span class='ocrx_word' id='word_1_737' title='bbox 3130 3259 3567 3317; x_wconf 83' lang='lat' dir='ltr'><strong>comminationis</strong></span> <span class='ocrx_word' id='word_1_738' title='bbox 3620 3260 3773 3332; x_wconf 83' lang='lat' dir='ltr'><strong>plena</strong></span> 
     </span>
    </p>
   </div>
   <div class='ocr_carea' id='block_1_92' title="bbox 2202 3345 3776 3423">
    <p class='ocr_par' dir='ltr' id='par_1_92' title="bbox 2202 3345 3776 3423">
     <span class='ocr_line' id='line_1_92' title="bbox 2202 3345 3776 3423; baseline 0.003 -24"><span class='ocrx_word' id='word_1_739' title='bbox 2202 3352 2328 3423; x_wconf 85' lang='lat' dir='ltr'><strong>sunt</strong></span> <span class='ocrx_word' id='word_1_740' title='bbox 2378 3345 2724 3401; x_wconf 89' lang='lat' dir='ltr'><strong>disserentes.</strong></span> <span class='ocrx_word' id='word_1_741' title='bbox 2753 3346 2829 3402; x_wconf 92' lang='lat' dir='ltr'><strong>De</strong></span> <span class='ocrx_word' id='word_1_742' title='bbox 2849 3347 2952 3403; x_wconf 85' lang='lat' dir='ltr'><strong>hoc</strong></span> <span class='ocrx_word' id='word_1_743' title='bbox 2981 3357 3161 3404; x_wconf 90' lang='lat' dir='ltr'><strong>autem</strong></span> <span class='ocrx_word' id='word_1_744' title='bbox 3193 3357 3324 3420; x_wconf 91' lang='lat' dir='ltr'><strong>puto</strong></span> <span class='ocrx_word' id='word_1_745' title='bbox 3349 3349 3471 3405; x_wconf 86' lang='lat' dir='ltr'><strong>loco</strong></span> <span class='ocrx_word' id='word_1_746' title='bbox 3495 3349 3699 3407; x_wconf 81' lang='lat' dir='ltr'><strong>dixisse</strong></span> <span class='ocrx_word' id='word_1_747' title='bbox 3722 3359 3776 3404; x_wconf 86' lang='lat' dir='ltr'><strong>et</strong></span> 
     </span>
    </p>
   </div>
   <div class='ocr_carea' id='block_1_93' title="bbox 2203 3435 3775 3510">
    <p class='ocr_par' dir='ltr' id='par_1_93' title="bbox 2203 3435 3775 3510">
     <span class='ocr_line' id='line_1_93' title="bbox 2203 3435 3775 3510; baseline 0.002 -19"><span class='ocrx_word' id='word_1_748' title='bbox 2203 3435 2525 3491; x_wconf 90' lang='lat' dir='ltr'><strong>Dominum:</strong></span> <span class='ocrx_word' id='word_1_749' title='bbox 2562 3454 2581 3487; x_wconf 70' lang='grc' dir='ltr'><strong>ι</strong></span> <span class='ocrx_word' id='word_1_750' title='bbox 2614 3436 2915 3509; x_wconf 86' lang='lat' dir='ltr'><strong>Consurget</strong></span> <span class='ocrx_word' id='word_1_751' title='bbox 2948 3453 3080 3509; x_wconf 88' lang='lat' dir='ltr'><strong>gens</strong></span> <span class='ocrx_word' id='word_1_752' title='bbox 3099 3438 3385 3495; x_wconf 90' lang='lat' dir='ltr'><strong>adversum</strong></span> <span class='ocrx_word' id='word_1_753' title='bbox 3420 3449 3638 3510; x_wconf 84' lang='lat' dir='ltr'><strong>gentem</strong></span> <span class='ocrx_word' id='word_1_754' title='bbox 3662 3480 3680 3506; x_wconf 86' lang='lat'><strong>,</strong></span> <span class='ocrx_word' id='word_1_755' title='bbox 3721 3448 3775 3495; x_wconf 82' lang='lat' dir='ltr'><strong>et</strong></span> 
     </span>
    </p>
   </div>
   <div class='ocr_carea' id='block_1_94' title="bbox 2204 3529 3774 3603">
    <p class='ocr_par' dir='ltr' id='par_1_94' title="bbox 2204 3529 3774 3603">
     <span class='ocr_line' id='line_1_94' title="bbox 2204 3529 3774 3603; baseline 0.001 -19"><span class='ocrx_word' id='word_1_756' title='bbox 2204 3544 2429 3599; x_wconf 80' lang='lat' dir='ltr'><strong>regnum</strong></span> <span class='ocrx_word' id='word_1_757' title='bbox 2455 3537 2644 3585; x_wconf 89' lang='lat' dir='ltr'><strong>contra</strong></span> <span class='ocrx_word' id='word_1_758' title='bbox 2665 3543 2889 3601; x_wconf 88' lang='lat' dir='ltr'><strong>regnum</strong></span> <span class='ocrx_word' id='word_1_759' title='bbox 2911 3529 3063 3601; x_wconf 81' lang='lat' dir='ltr'><strong>(Luc.</strong></span> <span class='ocrx_word' id='word_1_760' title='bbox 3096 3529 3247 3603; x_wconf 78' lang='lat' dir='ltr'><strong>xxi),</strong></span> <span class='ocrx_word' id='word_1_761' title='bbox 3282 3549 3302 3584; x_wconf 77' lang='grc' dir='ltr'><strong>ι</strong></span> <span class='ocrx_word' id='word_1_762' title='bbox 3342 3540 3397 3586; x_wconf 91' lang='grc' dir='ltr'><strong>ει</strong></span> <span class='ocrx_word' id='word_1_763' title='bbox 3432 3541 3627 3587; x_wconf 77' lang='lat' dir='ltr'><strong>czetera</strong></span> <span class='ocrx_word' id='word_1_764' title='bbox 3661 3546 3774 3601; x_wconf 80' lang='lat' dir='ltr'><strong>qua:</strong></span> 
     </span>
    </p>
   </div>
   <div class='ocr_carea' id='block_1_95' title="bbox 2204 3619 3774 3693">
    <p class='ocr_par' dir='ltr' id='par_1_95' title="bbox 2204 3619 3774 3693">
     <span class='ocr_line' id='line_1_95' title="bbox 2204 3619 3774 3693; baseline -0.001 -17"><span class='ocrx_word' id='word_1_765' title='bbox 2204 3620 2257 3676; x_wconf 91' lang='lat' dir='ltr'><strong>in</strong></span> <span class='ocrx_word' id='word_1_766' title='bbox 2289 3620 2402 3691; x_wconf 90' lang='lat' dir='ltr'><strong>ipsa</strong></span> <span class='ocrx_word' id='word_1_767' title='bbox 2426 3619 2699 3688; x_wconf 81' lang='lat' dir='ltr'><strong>Evangelii</strong></span> <span class='ocrx_word' id='word_1_768' title='bbox 2726 3620 2992 3676; x_wconf 89' lang='lat' dir='ltr'><strong>sententia</strong></span> <span class='ocrx_word' id='word_1_769' title='bbox 3018 3621 3381 3676; x_wconf 78' lang='lat' dir='ltr'><strong>wntinentur.</strong></span> <span class='ocrx_word' id='word_1_770' title='bbox 3412 3620 3774 3693; x_wconf 84' lang='lat' dir='ltr'><strong>lntelligatuus</strong></span> 
     </span>
    </p>
   </div>
   <div class='ocr_carea' id='block_1_96' title="bbox 2203 3707 3773 3781">
    <p class='ocr_par' dir='ltr' id='par_1_96' title="bbox 2203 3707 3773 3781">
     <span class='ocr_line' id='line_1_96' title="bbox 2203 3707 3773 3781; baseline 0 -16"><span class='ocrx_word' id='word_1_771' title='bbox 2203 3717 2384 3766; x_wconf 89' lang='lat' dir='ltr'><strong>autem</strong></span> <span class='ocrx_word' id='word_1_772' title='bbox 2416 3709 2530 3765; x_wconf 63' lang='lat' dir='ltr'><strong>haec</strong></span> <span class='ocrx_word' id='word_1_773' title='bbox 2554 3707 2694 3764; x_wconf 86' lang='lat' dir='ltr'><strong>facta</strong></span> <span class='ocrx_word' id='word_1_774' title='bbox 2711 3710 2864 3781; x_wconf 89' lang='lat' dir='ltr'><strong>juxta</strong></span> <span class='ocrx_word' id='word_1_775' title='bbox 2890 3709 3187 3773; x_wconf 85' lang='lat' dir='ltr'><strong>historiam,</strong></span> <span class='ocrx_word' id='word_1_776' title='bbox 3216 3710 3432 3779; x_wconf 88' lang='lat' dir='ltr'><strong>quando</strong></span> <span class='ocrx_word' id='word_1_777' title='bbox 3455 3726 3488 3765; x_wconf 87' lang='lat' dir='ltr'><strong>a</strong></span> <span class='ocrx_word' id='word_1_778' title='bbox 3520 3727 3647 3781; x_wconf 83' lang='lat' dir='ltr'><strong>rege</strong></span> <span class='ocrx_word' id='word_1_779' title='bbox 3678 3711 3773 3765; x_wconf 85' lang='lat' dir='ltr'><strong>Ba-</strong></span> 
     </span>
    </p>
   </div>
   <div class='ocr_carea' id='block_1_97' title="bbox 2203 3797 3773 3870">
    <p class='ocr_par' dir='ltr' id='par_1_97' title="bbox 2203 3797 3773 3870">
     <span class='ocr_line' id='line_1_97' title="bbox 2203 3797 3773 3870; baseline 0 -15"><span class='ocrx_word' id='word_1_780' title='bbox 2203 3798 2420 3870; x_wconf 86' lang='lat' dir='ltr'><strong>bylonio</strong></span> <span class='ocrx_word' id='word_1_781' title='bbox 2440 3805 2647 3854; x_wconf 72' lang='lat' dir='ltr'><strong>cunctae</strong></span> <span class='ocrx_word' id='word_1_782' title='bbox 2680 3799 2929 3853; x_wconf 88' lang='lat' dir='ltr'><strong>nationes</strong></span> <span class='ocrx_word' id='word_1_783' title='bbox 2958 3797 3013 3853; x_wconf 90' lang='lat' dir='ltr'><strong>in</strong></span> <span class='ocrx_word' id='word_1_784' title='bbox 3040 3799 3268 3854; x_wconf 88' lang='lat' dir='ltr'><strong>circuitu</strong></span> <span class='ocrx_word' id='word_1_785' title='bbox 3306 3800 3608 3870; x_wconf 60' lang='lat' dir='ltr'><strong>subiugata;</strong></span> <span class='ocrx_word' id='word_1_786' title='bbox 3632 3809 3773 3866; x_wconf 88' lang='lat' dir='ltr'><strong>sunt,</strong></span> 
     </span>
    </p>
   </div>
   <div class='ocr_carea' id='block_1_98' title="bbox 2204 3888 3775 3963">
    <p class='ocr_par' dir='ltr' id='par_1_98' title="bbox 2204 3888 3775 3963">
     <span class='ocr_line' id='line_1_98' title="bbox 2204 3888 3775 3963; baseline 0.001 -19"><span class='ocrx_word' id='word_1_787' title='bbox 2204 3897 2262 3945; x_wconf 89' lang='lat' dir='ltr'><strong>et</strong></span> <span class='ocrx_word' id='word_1_788' title='bbox 2286 3890 2569 3961; x_wconf 87' lang='lat' dir='ltr'><strong>imperium</strong></span> <span class='ocrx_word' id='word_1_789' title='bbox 2594 3888 2710 3959; x_wconf 90' lang='lat' dir='ltr'><strong>ejus</strong></span> <span class='ocrx_word' id='word_1_790' title='bbox 2735 3905 2955 3945; x_wconf 86' lang='lat' dir='ltr'><strong>sensere</strong></span> <span class='ocrx_word' id='word_1_791' title='bbox 2976 3888 3212 3945; x_wconf 90' lang='lat' dir='ltr'><strong>crudele.</strong></span> <span class='ocrx_word' id='word_1_792' title='bbox 3244 3889 3338 3945; x_wconf 84' lang='lat' dir='ltr'><strong>Vel</strong></span> <span class='ocrx_word' id='word_1_793' title='bbox 3366 3890 3523 3962; x_wconf 87' lang='lat' dir='ltr'><strong>juxta</strong></span> <span class='ocrx_word' id='word_1_794' title='bbox 3551 3893 3775 3963; x_wconf 80' lang='lat' dir='ltr'><strong>prOpbe-</strong></span> 
     </span>
    </p>
   </div>
   <div class='ocr_carea' id='block_1_99' title="bbox 2208 3978 3775 4052">
    <p class='ocr_par' dir='ltr' id='par_1_99' title="bbox 2208 3978 3775 4052">
     <span class='ocr_line' id='line_1_99' title="bbox 2208 3978 3775 4052; baseline 0.003 -17"><span class='ocrx_word' id='word_1_795' title='bbox 2208 3978 2338 4035; x_wconf 88' lang='lat' dir='ltr'><strong>tiam</strong></span> <span class='ocrx_word' id='word_1_796' title='bbox 2380 3979 2539 4051; x_wconf 87' lang='lat' dir='ltr'><strong>longo</strong></span> <span class='ocrx_word' id='word_1_797' title='bbox 2566 3988 2690 4052; x_wconf 92' lang='lat' dir='ltr'><strong>post</strong></span> <span class='ocrx_word' id='word_1_798' title='bbox 2737 3989 2977 4050; x_wconf 89' lang='lat' dir='ltr'><strong>tempore</strong></span> <span class='ocrx_word' id='word_1_799' title='bbox 3014 3982 3068 4036; x_wconf 91' lang='lat' dir='ltr'><strong>in</strong></span> <span class='ocrx_word' id='word_1_800' title='bbox 3102 3983 3568 4040; x_wconf 86' lang='lat' dir='ltr'><strong>consummatione</strong></span> <span class='ocrx_word' id='word_1_801' title='bbox 3598 3986 3775 4040; x_wconf 89' lang='lat' dir='ltr'><strong>mundi</strong></span> 
     </span>
    </p>
   </div>
   <div class='ocr_carea' id='block_1_100' title="bbox 2206 4069 3777 4149">
    <p class='ocr_par' dir='ltr' id='par_1_100' title="bbox 2206 4069 3777 4149">
     <span class='ocr_line' id='line_1_100' title="bbox 2206 4069 3777 4149; baseline 0.005 -24"><span class='ocrx_word' id='word_1_802' title='bbox 2206 4069 2404 4127; x_wconf 88' lang='lat' dir='ltr'><strong>futura.</strong></span> <span class='ocrx_word' id='word_1_803' title='bbox 2446 4070 2814 4144; x_wconf 89' lang='lat' dir='ltr'><strong>Dicunturque</strong></span> <span class='ocrx_word' id='word_1_804' title='bbox 2853 4072 3119 4129; x_wconf 79' lang='lat' dir='ltr'><strong>interfecti</strong></span> <span class='ocrx_word' id='word_1_805' title='bbox 3161 4089 3190 4128; x_wconf 89' lang='lat' dir='ltr'><strong>a</strong></span> <span class='ocrx_word' id='word_1_806' title='bbox 3228 4075 3480 4141; x_wconf 90' lang='lat' dir='ltr'><strong>Domino,</strong></span> <span class='ocrx_word' id='word_1_807' title='bbox 3507 4093 3615 4132; x_wconf 88' lang='lat' dir='ltr'><strong>non</strong></span> <span class='ocrx_word' id='word_1_808' title='bbox 3641 4078 3777 4149; x_wconf 82' lang='lat' dir='ltr'><strong>quod</strong></span> 
     </span>
    </p>
   </div>
   <div class='ocr_carea' id='block_1_101' title="bbox 2209 4160 3778 4240">
    <p class='ocr_par' dir='ltr' id='par_1_101' title="bbox 2209 4160 3778 4240">
     <span class='ocr_line' id='line_1_101' title="bbox 2209 4160 3778 4240; baseline 0.006 -24"><span class='ocrx_word' id='word_1_809' title='bbox 2209 4160 2466 4216; x_wconf 91' lang='lat' dir='ltr'><strong>Dominus</strong></span> <span class='ocrx_word' id='word_1_810' title='bbox 2496 4161 2609 4232; x_wconf 90' lang='lat' dir='ltr'><strong>ipse</strong></span> <span class='ocrx_word' id='word_1_811' title='bbox 2657 4164 2942 4233; x_wconf 88' lang='lat' dir='ltr'><strong>percutiat,</strong></span> <span class='ocrx_word' id='word_1_812' title='bbox 2994 4166 3089 4220; x_wconf 87' lang='lat' dir='ltr'><strong>sed</strong></span> <span class='ocrx_word' id='word_1_813' title='bbox 3132 4167 3273 4237; x_wconf 89' lang='lat' dir='ltr'><strong>quod</strong></span> <span class='ocrx_word' id='word_1_814' title='bbox 3300 4168 3353 4221; x_wconf 93' lang='lat' dir='ltr'><strong>in</strong></span> <span class='ocrx_word' id='word_1_815' title='bbox 3402 4168 3629 4224; x_wconf 85' lang='lat' dir='ltr'><strong>interitu</strong></span> <span class='ocrx_word' id='word_1_816' title='bbox 3658 4186 3778 4240; x_wconf 84' lang='lat' dir='ltr'><strong>pes-</strong></span> 
     </span>
    </p>
   </div>
   <div class='ocr_carea' id='block_1_102' title="bbox 2212 4250 3778 4331">
    <p class='ocr_par' dir='ltr' id='par_1_102' title="bbox 2212 4250 3778 4331">
     <span class='ocr_line' id='line_1_102' title="bbox 2212 4250 3778 4331; baseline 0.004 -24"><span class='ocrx_word' id='word_1_817' title='bbox 2212 4250 2469 4307; x_wconf 89' lang='lat' dir='ltr'><strong>simorum</strong></span> <span class='ocrx_word' id='word_1_818' title='bbox 2496 4251 2744 4309; x_wconf 87' lang='lat' dir='ltr'><strong>voluntas</strong></span> <span class='ocrx_word' id='word_1_819' title='bbox 2787 4264 2843 4309; x_wconf 92' lang='lat' dir='ltr'><strong>et</strong></span> <span class='ocrx_word' id='word_1_820' title='bbox 2872 4255 3157 4326; x_wconf 88' lang='lat' dir='ltr'><strong>imperium</strong></span> <span class='ocrx_word' id='word_1_821' title='bbox 3185 4257 3396 4313; x_wconf 92' lang='lat' dir='ltr'><strong>Domini</strong></span> <span class='ocrx_word' id='word_1_822' title='bbox 3425 4260 3778 4331; x_wconf 86' lang='lat' dir='ltr'><strong>compleatur.</strong></span> 
     </span>
    </p>
   </div>
   <div class='ocr_carea' id='block_1_103' title="bbox 2288 4337 3778 4415">
    <p class='ocr_par' dir='ltr' id='par_1_103' title="bbox 2288 4337 3778 4415">
     <span class='ocr_line' id='line_1_103' title="bbox 2288 4337 3778 4415; baseline 0.011 -25"><span class='ocrx_word' id='word_1_823' title='bbox 2288 4356 2307 4390; x_wconf 77' lang='grc' dir='ltr'><strong>ι</strong></span> <span class='ocrx_word' id='word_1_824' title='bbox 2350 4337 2557 4394; x_wconf 84' lang='lat' dir='ltr'><strong>Ululate</strong></span> <span class='ocrx_word' id='word_1_825' title='bbox 2597 4338 2739 4411; x_wconf 81' lang='lat' dir='ltr'><strong>(sive</strong></span> <span class='ocrx_word' id='word_1_826' title='bbox 2773 4341 3063 4415; x_wconf 88' lang='lat' dir='ltr'><strong>jubilate),</strong></span> <span class='ocrx_word' id='word_1_827' title='bbox 3102 4355 3378 4415; x_wconf 88' lang='lat' dir='ltr'><strong>pastores,</strong></span> <span class='ocrx_word' id='word_1_828' title='bbox 3425 4357 3483 4403; x_wconf 90' lang='lat' dir='ltr'><strong>et</strong></span> <span class='ocrx_word' id='word_1_829' title='bbox 3521 4350 3778 4415; x_wconf 86' lang='lat' dir='ltr'><strong>clamate;</strong></span> 
     </span>
    </p>
   </div>
   <div class='ocr_carea' id='block_1_104' title="bbox 2217 4429 3779 4512">
    <p class='ocr_par' dir='ltr' id='par_1_104' title="bbox 2217 4429 3779 4512">
     <span class='ocr_line' id='line_1_104' title="bbox 2217 4429 3779 4512; baseline 0.01 -33"><span class='ocrx_word' id='word_1_830' title='bbox 2217 4447 2235 4479; x_wconf 77' lang='grc' dir='ltr'><strong>ι</strong></span> <span class='ocrx_word' id='word_1_831' title='bbox 2272 4429 2538 4500; x_wconf 84' lang='lat' dir='ltr'><strong>aspergite</strong></span> <span class='ocrx_word' id='word_1_832' title='bbox 2564 4445 2661 4486; x_wconf 88' lang='lat' dir='ltr'><strong>vos</strong></span> <span class='ocrx_word' id='word_1_833' title='bbox 2702 4431 2900 4496; x_wconf 88' lang='lat' dir='ltr'><strong>cinere,</strong></span> <span class='ocrx_word' id='word_1_834' title='bbox 2932 4434 3219 4505; x_wconf 78' lang='lat' dir='ltr'><strong>Optimates</strong></span> <span class='ocrx_word' id='word_1_835' title='bbox 3246 4438 3424 4508; x_wconf 86' lang='lat' dir='ltr'><strong>gregis</strong></span> <span class='ocrx_word' id='word_1_836' title='bbox 3468 4437 3600 4509; x_wconf 80' lang='lat' dir='ltr'><strong>(sive</strong></span> <span class='ocrx_word' id='word_1_837' title='bbox 3628 4441 3779 4512; x_wconf 89' lang='lat' dir='ltr'><strong>plan-</strong></span> 
     </span>
    </p>
   </div>
   <div class='ocr_carea' id='block_1_105' title="bbox 2217 4518 3777 4595">
    <p class='ocr_par' dir='ltr' id='par_1_105' title="bbox 2217 4518 3777 4595">
     <span class='ocr_line' id='line_1_105' title="bbox 2217 4518 3777 4595; baseline 0.01 -25"><span class='ocrx_word' id='word_1_838' title='bbox 2217 4538 2236 4570; x_wconf 76' lang='grc' dir='ltr'><strong>ι</strong></span> <span class='ocrx_word' id='word_1_839' title='bbox 2274 4518 2384 4591; x_wconf 88' lang='lat' dir='ltr'><strong>gite</strong></span> <span class='ocrx_word' id='word_1_840' title='bbox 2412 4519 2609 4576; x_wconf 86' lang='lat' dir='ltr'><strong>arietes</strong></span> <span class='ocrx_word' id='word_1_841' title='bbox 2638 4521 2877 4595; x_wconf 89' lang='lat' dir='ltr'><strong>ovium),</strong></span> <span class='ocrx_word' id='word_1_842' title='bbox 2907 4527 3033 4594; x_wconf 89' lang='lat' dir='ltr'><strong>quia</strong></span> <span class='ocrx_word' id='word_1_843' title='bbox 3060 4525 3260 4595; x_wconf 90' lang='lat' dir='ltr'><strong>impleti</strong></span> <span class='ocrx_word' id='word_1_844' title='bbox 3295 4535 3422 4582; x_wconf 87' lang='lat' dir='ltr'><strong>sunt</strong></span> <span class='ocrx_word' id='word_1_845' title='bbox 3450 4529 3569 4585; x_wconf 90' lang='lat' dir='ltr'><strong>dies</strong></span> <span class='ocrx_word' id='word_1_846' title='bbox 3598 4531 3777 4593; x_wconf 85' lang='lat' dir='ltr'><strong>vestri,</strong></span> 
     </span>
    </p>
   </div>
   <div class='ocr_carea' id='block_1_106' title="bbox 2218 4611 3784 4687">
    <p class='ocr_par' dir='ltr' id='par_1_106' title="bbox 2218 4611 3784 4687">
     <span class='ocr_line' id='line_1_106' title="bbox 2218 4611 3784 4687; baseline 0.012 -26"><span class='ocrx_word' id='word_1_847' title='bbox 2218 4628 2236 4661; x_wconf 82' lang='grc'><strong>‹</strong></span> <span class='ocrx_word' id='word_1_848' title='bbox 2274 4619 2334 4666; x_wconf 81' lang='grc' dir='ltr'><strong>ιιι</strong></span> <span class='ocrx_word' id='word_1_849' title='bbox 2358 4611 2752 4669; x_wconf 85' lang='lat' dir='ltr'><strong>interficiamini</strong></span> <span class='ocrx_word' id='word_1_850' title='bbox 2771 4654 2787 4681; x_wconf 94' lang='lat'><strong>,</strong></span> <span class='ocrx_word' id='word_1_851' title='bbox 2814 4623 2869 4671; x_wconf 93' lang='lat' dir='ltr'><strong>et</strong></span> <span class='ocrx_word' id='word_1_852' title='bbox 2894 4617 3276 4687; x_wconf 88' lang='lat' dir='ltr'><strong>dissipationes</strong></span> <span class='ocrx_word' id='word_1_853' title='bbox 3302 4630 3516 4687; x_wconf 67' lang='lat' dir='ltr'><strong>vestrae,</strong></span> <span class='ocrx_word' id='word_1_854' title='bbox 3543 4632 3600 4678; x_wconf 88' lang='lat' dir='ltr'><strong>et</strong></span> <span class='ocrx_word' id='word_1_855' title='bbox 3629 4625 3784 4679; x_wconf 88' lang='lat' dir='ltr'><strong>cade-</strong></span> 
     </span>
    </p>
   </div>
   <div class='ocr_carea' id='block_1_107' title="bbox 2217 4701 3778 4785">
    <p class='ocr_par' dir='ltr' id='par_1_107' title="bbox 2217 4701 3778 4785">
     <span class='ocr_line' id='line_1_107' title="bbox 2217 4701 3778 4785; baseline 0.008 -32"><span class='ocrx_word' id='word_1_856' title='bbox 2217 4721 2236 4753; x_wconf 82' lang='grc'><strong><em>‹</em></strong></span> <span class='ocrx_word' id='word_1_857' title='bbox 2272 4701 2343 4758; x_wconf 90' lang='lat' dir='ltr'><strong>tis</strong></span> <span class='ocrx_word' id='word_1_858' title='bbox 2370 4703 2526 4773; x_wconf 89' lang='lat' dir='ltr'><strong>quasi</strong></span> <span class='ocrx_word' id='word_1_859' title='bbox 2554 4718 2678 4759; x_wconf 89' lang='lat' dir='ltr'><strong>vasa</strong></span> <span class='ocrx_word' id='word_1_860' title='bbox 2724 4706 2961 4776; x_wconf 88' lang='lat' dir='ltr'><strong>pretiosa</strong></span> <span class='ocrx_word' id='word_1_861' title='bbox 2989 4709 3117 4778; x_wconf 83' lang='lat' dir='ltr'><strong>(sive</strong></span> <span class='ocrx_word' id='word_1_862' title='bbox 3140 4710 3293 4779; x_wconf 88' lang='lat' dir='ltr'><strong>quasi</strong></span> <span class='ocrx_word' id='word_1_863' title='bbox 3334 4711 3541 4767; x_wconf 85' lang='lat' dir='ltr'><strong>arietes</strong></span> <span class='ocrx_word' id='word_1_864' title='bbox 3579 4714 3778 4785; x_wconf 81' lang='lat' dir='ltr'><strong>electi).</strong></span> 
     </span>
    </p>
   </div>
   <div class='ocr_carea' id='block_1_108' title="bbox 2218 4792 3785 4874">
    <p class='ocr_par' dir='ltr' id='par_1_108' title="bbox 2218 4792 3785 4874">
     <span class='ocr_line' id='line_1_108' title="bbox 2218 4792 3785 4874; baseline 0.011 -29"><span class='ocrx_word' id='word_1_865' title='bbox 2218 4809 2237 4843; x_wconf 78' lang='grc' dir='ltr'><strong>ι</strong></span> <span class='ocrx_word' id='word_1_866' title='bbox 2274 4792 2342 4847; x_wconf 89' lang='grc' dir='ltr'><strong>Ει</strong></span> <span class='ocrx_word' id='word_1_867' title='bbox 2369 4793 2566 4862; x_wconf 90' lang='lat' dir='ltr'><strong>peribit</strong></span> <span class='ocrx_word' id='word_1_868' title='bbox 2595 4793 2722 4865; x_wconf 87' lang='lat' dir='ltr'><strong>fuga</strong></span> <span class='ocrx_word' id='word_1_869' title='bbox 2762 4811 2793 4850; x_wconf 89' lang='lat' dir='ltr'><strong>a</strong></span> <span class='ocrx_word' id='word_1_870' title='bbox 2837 4798 3165 4867; x_wconf 87' lang='lat' dir='ltr'><strong>pastoribus,</strong></span> <span class='ocrx_word' id='word_1_871' title='bbox 3193 4809 3251 4855; x_wconf 93' lang='lat' dir='ltr'><strong>et</strong></span> <span class='ocrx_word' id='word_1_872' title='bbox 3292 4800 3520 4858; x_wconf 85' lang='lat' dir='ltr'><strong>salvatio</strong></span> <span class='ocrx_word' id='word_1_873' title='bbox 3552 4804 3623 4860; x_wconf 89' lang='lat' dir='ltr'><strong>ab</strong></span> <span class='ocrx_word' id='word_1_874' title='bbox 3650 4804 3785 4874; x_wconf 85' lang='lat' dir='ltr'><strong>opti-</strong></span> 
     </span>
    </p>
   </div>
   <div class='ocr_carea' id='block_1_109' title="bbox 2219 4882 3785 4965">
    <p class='ocr_par' dir='ltr' id='par_1_109' title="bbox 2219 4882 3785 4965">
     <span class='ocr_line' id='line_1_109' title="bbox 2219 4882 3785 4965; baseline 0.01 -32"><span class='ocrx_word' id='word_1_875' title='bbox 2219 4900 2237 4933; x_wconf 80' lang='grc' dir='ltr'><strong>ι</strong></span> <span class='ocrx_word' id='word_1_876' title='bbox 2275 4883 2508 4937; x_wconf 90' lang='lat' dir='ltr'><strong>matibus</strong></span> <span class='ocrx_word' id='word_1_877' title='bbox 2548 4882 2675 4955; x_wconf 82' lang='lat' dir='ltr'><strong>(sive</strong></span> <span class='ocrx_word' id='word_1_878' title='bbox 2722 4885 2981 4943; x_wconf 89' lang='lat' dir='ltr'><strong>arietibus</strong></span> <span class='ocrx_word' id='word_1_879' title='bbox 3007 4889 3226 4961; x_wconf 86' lang='lat' dir='ltr'><strong>gregis).</strong></span> <span class='ocrx_word' id='word_1_880' title='bbox 3262 4909 3282 4944; x_wconf 74' lang='grc' dir='ltr'><strong>ι</strong></span> <span class='ocrx_word' id='word_1_881' title='bbox 3314 4889 3619 4947; x_wconf 84' lang='lat' dir='ltr'><strong>Notandum</strong></span> <span class='ocrx_word' id='word_1_882' title='bbox 3647 4891 3785 4965; x_wconf 83' lang='lat' dir='ltr'><strong>quod</strong></span> 
     </span>
    </p>
   </div>
   <div class='ocr_carea' id='block_1_110' title="bbox 2213 4971 3786 5049">
    <p class='ocr_par' dir='ltr' id='par_1_110' title="bbox 2213 4971 3786 5049">
     <span class='ocr_line' id='line_1_110' title="bbox 2213 4971 3786 5049; baseline 0.008 -25"><span class='ocrx_word' id='word_1_883' title='bbox 2213 4971 2267 5026; x_wconf 90' lang='lat' dir='ltr'><strong>in</strong></span> <span class='ocrx_word' id='word_1_884' title='bbox 2326 4971 2430 5026; x_wconf 87' lang='lat' dir='ltr'><strong>hoc</strong></span> <span class='ocrx_word' id='word_1_885' title='bbox 2475 4981 2679 5027; x_wconf 90' lang='lat' dir='ltr'><strong>tantum</strong></span> <span class='ocrx_word' id='word_1_886' title='bbox 2729 4972 2850 5030; x_wconf 91' lang='lat' dir='ltr'><strong>loco</strong></span> <span class='ocrx_word' id='word_1_887' title='bbox 2899 4974 3250 5049; x_wconf 89' lang='lat' dir='ltr'><strong>Septuaginta</strong></span> <span class='ocrx_word' id='word_1_888' title='bbox 3283 4978 3515 5048; x_wconf 81' lang='lat' dir='ltr'><strong>jubilum</strong></span> <span class='ocrx_word' id='word_1_889' title='bbox 3564 4982 3620 5036; x_wconf 89' lang='lat' dir='ltr'><strong>in</strong></span> <span class='ocrx_word' id='word_1_890' title='bbox 3677 4998 3786 5038; x_wconf 80' lang='lat' dir='ltr'><strong>ma-</strong></span> 
     </span>
    </p>
   </div>
   <div class='ocr_carea' id='block_1_111' title="bbox 2214 5059 3788 5140">
    <p class='ocr_par' dir='ltr' id='par_1_111' title="bbox 2214 5059 3788 5140">
     <span class='ocr_line' id='line_1_111' title="bbox 2214 5059 3788 5140; baseline 0.01 -27"><span class='ocrx_word' id='word_1_891' title='bbox 2214 5059 2320 5115; x_wconf 92' lang='lat' dir='ltr'><strong>lam</strong></span> <span class='ocrx_word' id='word_1_892' title='bbox 2368 5070 2576 5129; x_wconf 86' lang='lat' dir='ltr'><strong>partem</strong></span> <span class='ocrx_word' id='word_1_893' title='bbox 2620 5064 2903 5131; x_wconf 90' lang='lat' dir='ltr'><strong>posuerint</strong></span> <span class='ocrx_word' id='word_1_894' title='bbox 2944 5083 2957 5116; x_wconf 88' lang='lat'><strong>:</strong></span> <span class='ocrx_word' id='word_1_895' title='bbox 3017 5081 3116 5136; x_wconf 92' lang='lat' dir='ltr'><strong>pro</strong></span> <span class='ocrx_word' id='word_1_896' title='bbox 3164 5083 3272 5138; x_wconf 86' lang='lat' dir='ltr'><strong>quo</strong></span> <span class='ocrx_word' id='word_1_897' title='bbox 3324 5069 3416 5123; x_wconf 90' lang='lat' dir='ltr'><strong>alii</strong></span> <span class='ocrx_word' id='word_1_898' title='bbox 3465 5070 3788 5140; x_wconf 82' lang='lat' dir='ltr'><strong>interpretes</strong></span> 
     </span>
    </p>
   </div>
   <div class='ocr_carea' id='block_1_112' title="bbox 2218 5150 3789 5229">
    <p class='ocr_par' dir='ltr' id='par_1_112' title="bbox 2218 5150 3789 5229">
     <span class='ocr_line' id='line_1_112' title="bbox 2218 5150 3789 5229; baseline 0.008 -25"><span class='ocrx_word' id='word_1_899' title='bbox 2218 5150 2513 5217; x_wconf 84' lang='lat' dir='ltr'><strong>ululatum,</strong></span> <span class='ocrx_word' id='word_1_900' title='bbox 2571 5160 2630 5206; x_wconf 93' lang='lat' dir='ltr'><strong>ut</strong></span> <span class='ocrx_word' id='word_1_901' title='bbox 2686 5156 2741 5207; x_wconf 91' lang='lat' dir='ltr'><strong>in</strong></span> <span class='ocrx_word' id='word_1_902' title='bbox 2790 5152 3016 5211; x_wconf 67' lang='lat' dir='ltr'><strong>Hebmo</strong></span> <span class='ocrx_word' id='word_1_903' title='bbox 3061 5158 3318 5229; x_wconf 87' lang='lat' dir='ltr'><strong>scriptum</strong></span> <span class='ocrx_word' id='word_1_904' title='bbox 3369 5170 3496 5226; x_wconf 88' lang='lat' dir='ltr'><strong>est,</strong></span> <span class='ocrx_word' id='word_1_905' title='bbox 3553 5171 3789 5218; x_wconf 82' lang='lat' dir='ltr'><strong>transtu-</strong></span> 
     </span>
    </p>
   </div>
   <div class='ocr_carea' id='block_1_113' title="bbox 2206 5244 3790 5329">
    <p class='ocr_par' dir='ltr' id='par_1_113' title="bbox 2206 5244 3790 5329">
     <span class='ocr_line' id='line_1_113' title="bbox 2206 5244 3790 5329; baseline 0.011 -31"><span class='ocrx_word' id='word_1_906' title='bbox 2206 5244 2349 5315; x_wconf 87' lang='lat' dir='ltr'><strong>lere.</strong></span> <span class='ocrx_word' id='word_1_907' title='bbox 2379 5244 2525 5301; x_wconf 89' lang='lat' dir='ltr'><strong>lnter</strong></span> <span class='ocrx_word' id='word_1_908' title='bbox 2568 5255 2817 5318; x_wconf 86' lang='lat' dir='ltr'><strong>pastores</strong></span> <span class='ocrx_word' id='word_1_909' title='bbox 2852 5258 2908 5306; x_wconf 92' lang='lat' dir='ltr'><strong>et</strong></span> <span class='ocrx_word' id='word_1_910' title='bbox 2953 5251 3171 5321; x_wconf 87' lang='lat' dir='ltr'><strong>arietes,</strong></span> <span class='ocrx_word' id='word_1_911' title='bbox 3203 5254 3315 5311; x_wconf 85' lang='lat' dir='ltr'><strong>sive</strong></span> <span class='ocrx_word' id='word_1_912' title='bbox 3360 5257 3650 5326; x_wconf 86' lang='lat' dir='ltr'><strong>optimates</strong></span> <span class='ocrx_word' id='word_1_913' title='bbox 3671 5272 3790 5329; x_wconf 74' lang='lat' dir='ltr'><strong>gm-</strong></span> 
     </span>
    </p>
   </div>
   <div class='ocr_carea' id='block_1_114' title="bbox 2219 5335 3787 5415">
    <p class='ocr_par' dir='ltr' id='par_1_114' title="bbox 2219 5335 3787 5415">
     <span class='ocr_line' id='line_1_114' title="bbox 2219 5335 3787 5415; baseline 0.009 -27"><span class='ocrx_word' id='word_1_914' title='bbox 2219 5335 2301 5407; x_wconf 89' lang='lat' dir='ltr'><strong>gis</strong></span> <span class='ocrx_word' id='word_1_915' title='bbox 2347 5335 2450 5390; x_wconf 91' lang='lat' dir='ltr'><strong>ista</strong></span> <span class='ocrx_word' id='word_1_916' title='bbox 2501 5335 2752 5393; x_wconf 83' lang='lat' dir='ltr'><strong>distantia</strong></span> <span class='ocrx_word' id='word_1_917' title='bbox 2802 5348 2886 5396; x_wconf 87' lang='lat' dir='ltr'><strong>est</strong></span> <span class='ocrx_word' id='word_1_918' title='bbox 2924 5343 3111 5412; x_wconf 90' lang='lat' dir='ltr'><strong>:quod</strong></span> <span class='ocrx_word' id='word_1_919' title='bbox 3146 5353 3396 5415; x_wconf 87' lang='lat' dir='ltr'><strong>pastores</strong></span> <span class='ocrx_word' id='word_1_920' title='bbox 3446 5349 3787 5404; x_wconf 78' lang='lat' dir='ltr'><strong>rationaliunt</strong></span> 
     </span>
    </p>
   </div>
   <div class='ocr_carea' id='block_1_115' title="bbox 2221 5427 3785 5506">
    <p class='ocr_par' dir='ltr' id='par_1_115' title="bbox 2221 5427 3785 5506">
     <span class='ocr_line' id='line_1_115' title="bbox 2221 5427 3785 5506; baseline 0.008 -24"><span class='ocrx_word' id='word_1_921' title='bbox 2221 5434 2366 5492; x_wconf 88' lang='lat' dir='ltr'><strong>sunt,</strong></span> <span class='ocrx_word' id='word_1_922' title='bbox 2394 5427 2592 5485; x_wconf 89' lang='lat' dir='ltr'><strong>arietes</strong></span> <span class='ocrx_word' id='word_1_923' title='bbox 2619 5438 2798 5487; x_wconf 87' lang='lat' dir='ltr'><strong>autem</strong></span> <span class='ocrx_word' id='word_1_924' title='bbox 2818 5442 2876 5489; x_wconf 94' lang='lat' dir='ltr'><strong>et</strong></span> <span class='ocrx_word' id='word_1_925' title='bbox 2893 5436 3183 5506; x_wconf 84' lang='lat' dir='ltr'><strong>optimates</strong></span> <span class='ocrx_word' id='word_1_926' title='bbox 3219 5437 3529 5497; x_wconf 87' lang='lat' dir='ltr'><strong>referuntur</strong></span> <span class='ocrx_word' id='word_1_927' title='bbox 3561 5442 3629 5497; x_wconf 84' lang='lat' dir='ltr'><strong>ad</strong></span> <span class='ocrx_word' id='word_1_928' title='bbox 3653 5439 3785 5496; x_wconf 82' lang='lat' dir='ltr'><strong>divi-</strong></span> 
     </span>
    </p>
   </div>
   <div class='ocr_carea' id='block_1_116' title="bbox 2222 5516 3782 5604">
    <p class='ocr_par' dir='ltr' id='par_1_116' title="bbox 2222 5516 3782 5604">
     <span class='ocr_line' id='line_1_116' title="bbox 2222 5516 3782 5604; baseline 0.008 -35"><span class='ocrx_word' id='word_1_929' title='bbox 2222 5516 2419 5586; x_wconf 86' lang='lat' dir='ltr'><strong>tes,qui</strong></span> <span class='ocrx_word' id='word_1_930' title='bbox 2436 5527 2489 5572; x_wconf 88' lang='lat' dir='ltr'><strong>et</strong></span> <span class='ocrx_word' id='word_1_931' title='bbox 2505 5517 2604 5587; x_wconf 86' lang='lat' dir='ltr'><strong>ipsi</strong></span> <span class='ocrx_word' id='word_1_932' title='bbox 2624 5534 2749 5589; x_wconf 89' lang='lat' dir='ltr'><strong>pars</strong></span> <span class='ocrx_word' id='word_1_933' title='bbox 2762 5525 2939 5592; x_wconf 84' lang='lat' dir='ltr'><strong>gregis</strong></span> <span class='ocrx_word' id='word_1_934' title='bbox 2953 5526 3303 5599; x_wconf 85' lang='lat' dir='ltr'><strong>appellantur.</strong></span> <span class='ocrx_word' id='word_1_935' title='bbox 3321 5531 3579 5604; x_wconf 75' lang='lat' dir='ltr'><strong>Quodque</strong></span> <span class='ocrx_word' id='word_1_936' title='bbox 3597 5530 3782 5587; x_wconf 83' lang='lat' dir='ltr'><strong>infert:</strong></span> 
     </span>
    </p>
   </div>
  </div>
