4022 6186
374 188 507 243 ίοῦι

1298 184 1664 243 EXPOSITIO
1705 185 1932 243 SUPER
1979 184 2349 243 JEREMIAM.
2390 216 2421 226 -
2494 184 2623 242 LIB.
2669 184 2735 241 Χ.

3514 187 3652 246 1002

372 323 392 356 ι
426 301 691 379 Completi
718 307 845 356 sunt
871 293 984 356 dies
1007 300 1191 366 vestri,
1215 310 1275 356 ut
1299 300 1721 358 interﬁciamini.
1758 321 1777 355 ι
1810 300 1960 358 Tunc
1987 306 2035 366 Α
2063 301 2472 358 subversionem
2512 300 2802 373 Babylonis
2830 315 2862 355 a
2912 299 3143 357 Domino
3184 300 3341 359 electi
3391 310 3540 369 sunt,
3567 304 3651 362 sic

354 386 785 476 :complebnntnr
811 395 928 452 dies
976 412 1164 453 eorum
1185 438 1200 463 ,
1233 397 1450 468 quando
1495 396 1698 453 fuerint
1738 408 1961 468 peccata

366 487 672 575 completa;
691 497 748 542 et
768 487 1050 560 dispergen
1059 496 1146 544 tur
1166 497 1221 544 et
1243 490 1439 545 cadent
1459 488 1601 545 sicut
1615 504 1745 544 vasa
1764 487 1963 559 pretio-

356 593 425 656 sa
441 618 457 643 ,
475 586 534 632 ut
548 575 825 635 confracta
848 594 953 634 non
966 578 1185 634 valeant
1209 578 1525 645 instaurari,
1539 586 1596 633 et
1619 586 1824 649 quanto
1838 586 1965 634 ante

260 674 269 683 '
368 666 522 725 fuere
551 668 900 739 pretiosiora,
930 677 1082 724 tanto
1108 670 1284 741 majus
1305 685 1494 726 eorum
1526 670 1580 724 in
1608 667 1875 724 fractione
1894 668 1967 724 sit

369 766 654 827 damnum,
684 761 801 818 sive
824 761 981 839 quasi
1012 762 1214 817 arietes
1240 761 1421 826 electi,
1455 768 1517 816 ut
1541 760 1758 831 pinguis
1784 759 1964 815 hostia

357 846 442 929 :sit
470 855 735 909 devorare
779 850 1134 924 cupientium.
1172 868 1193 903 ι
1229 850 1474 915 Peribit,
1526 849 1738 920 inquit,
1767 847 1891 920 fuga
1933 862 1965 903 a

362 945 714 1022 pastoribus,
746 962 766 996 ι
800 943 1017 1014 quando
1049 956 1155 997 non
1187 941 1399 1014 egerint
1436 940 1835 1012 paenitentiam.
1863 937 1967 993 De-

366 1036 534 1106 nique
566 1033 767 1089 dicitur
785 1034 852 1088 ad
878 1032 1183 1088 Pbarisaeos
1213 1049 1227 1087 :
1274 1050 1292 1083 ι
1323 1029 1609 1087 Genimina
1634 1028 1962 1103 viperarum,

369 1126 496 1196 quis
508 1123 749 1180 ostendit
767 1123 922 1179 vobis
943 1120 1129 1193 fugere
1154 1123 1223 1178 ab
1241 1121 1321 1177 ira
1341 1119 1606 1177 ventura?
1637 1139 1656 1172 ι
1678 1119 1831 1192 (Luc.
1856 1119 1965 1191 ιιι.)

370 1214 440 1271 Et
469 1218 521 1269 in
547 1213 779 1271 Psalmis
821 1213 1051 1285 legimus
1085 1229 1099 1267 :
1144 1230 1165 1265 ι
1216 1211 1388 1268 Periit
1431 1211 1558 1282 fuga
1600 1225 1631 1265 a
1669 1223 1759 1264 me
1789 1206 1964 1282 (Paul.

369 1305 541 1379 (ιιι).
580 1326 600 1358 ι
637 1325 655 1358 ι
692 1305 757 1360 Et
781 1304 1030 1370 salvatio,
1058 1302 1253 1374 inquit,
1295 1304 1364 1357 ab
1392 1300 1744 1372 Optimatibus
1786 1299 1969 1372 gregis

364 1382 503 1468 (sive
528 1392 839 1466 arietibus).
874 1412 893 1446 ι
923 1386 1050 1451 mea
1071 1398 1237 1450 κοινοῦ
1272 1392 1612 1459 subauditur,
1647 1389 1859 1462 peribit.

451 1503 472 1537 α
504 1487 619 1542 Vox
649 1483 903 1540 clamoris
935 1492 1214 1555 pastorum
1266 1490 1325 1538 et
1363 1481 1599 1537 ululatus
1644 1481 1966 1551 optimatum

377 1598 397 1632 ι
435 1579 619 1652 gregis
643 1576 1014 1650 (sivejubilum
1040 1575 1320 1647 arietum),
1356 1575 1483 1646 quia
1509 1573 1743 1631 vastavit
1780 1574 1968 1631 Domi-

2062 401 2117 449 et
2145 408 2292 449 nunc
2340 392 2860 458 Nabuchodonosor,
2890 393 2982 462 qui
3014 392 3224 448 Domini
3269 391 3501 463 imperio
3528 405 3647 450 ser-

2062 484 2554 543 viebatdestrmms
2591 483 3089 555 praevaricationem
3123 483 3494 553 Hierusalem,
3533 499 3652 544 ser-

2062 592 2162 632 vus
2185 575 2398 632 Domini
2428 584 2485 632 et
2525 574 2776 632 columba
2813 583 3058 630 vocatur.
3109 573 3379 647 (Hieme)
3420 574 3529 633 Pro
3565 592 3660 633 eo-

2062 665 2241 722 lumba
2267 664 2621 738 Septuaginta
2674 665 3066 722 transtulerunt
3091 664 3327 736 gladium
3358 681 3607 736 magnum
3628 681 3654 720 .’

2064 757 2193 814 licet
2217 757 2525 814 columbam
2546 765 2604 815 et
2644 758 2699 813 in
2738 772 2970 829 persona
3011 756 3345 839 Hierusalem
3384 757 3655 826 possimus

2062 855 2327 925 accipere,
2359 856 2503 926 quod
2543 856 2815 913 irascatur
2840 865 2898 912 et
2931 855 3105 912 tristis
3145 857 3219 912 sit
3257 871 3318 912 se
3354 854 3527 911 leonis
3567 856 3652 910 sui

2062 945 2365 1014 perdidisse
2385 946 2707 1013 custodiam,
2719 954 2777 1002 et
2794 954 2998 1002 terram
3013 961 3166 1002 suam
3186 946 3403 1001 venisse
3427 945 3483 1000 in
3500 946 3657 1000 deso-

2065 1033 2343 1093 lationem.
2392 1055 2412 1088 ι
2448 1038 2677 1093 Deserta
2707 1036 2848 1094 facta
2879 1046 2966 1093 est
3002 1048 3151 1093 terra
3183 1053 3215 1092 a
3257 1036 3399 1092 facie
3442 1038 3535 1092 ira:
3559 1051 3655 1091 co—

2067 1124 2286 1193 lumbas,
2307 1143 2337 1182 a
2361 1127 2497 1186 facie
2518 1129 2717 1186 furoris
2746 1130 2977 1186 Domini.
3000 1148 3020 1181 ι
3047 1127 3310 1200 (Gregor.)
3332 1129 3486 1197 Quod
3508 1128 3653 1185 enim

2068 1215 2150 1271 ira
2186 1217 2449 1274 columbae
2470 1211 2817 1290 praedixd‘at,
2857 1221 2963 1276 hoc
2998 1218 3239 1275 furorem
3277 1219 3488 1274 Domini
3525 1219 3655 1275 sub.

2060 1305 2243 1375 junxit
2286 1307 2612 1364 columbam.
2646 1309 2906 1367 Columba
2937 1322 3174 1379 namque
3223 1309 3381 1365 valde
3427 1309 3657 1380 simplex

2067 1405 2152 1452 est
2173 1398 2398 1464 animal,
2430 1409 2486 1455 et
2506 1400 2634 1469 quia
2665 1400 2720 1455 in
2746 1399 2859 1456 Deo
2886 1400 3033 1455 nulla
3073 1400 3274 1456 furoris
3316 1399 3659 1471 inaequalitas

2069 1488 2270 1558 serpit,
2309 1487 2547 1545 furorem
2594 1490 2807 1546 Domini
2837 1490 2975 1546 iram
3016 1491 3283 1548 columbae
3334 1492 3657 1548 nominavit.

2073 1577 2144 1634 Ut
2190 1578 2337 1636 enim
2378 1580 2575 1637 divinae
2619 1580 2976 1647 districtionis
3017 1582 3128 1637 vim
3156 1582 3659 1654 imperturbabilem

376 1690 398 1725 σ
435 1687 539 1727 nus
561 1686 763 1742 pascua
789 1684 997 1726 eorum.
1022 1669 1090 1725 Et
1119 1668 1503 1725 conticuerunt
1539 1682 1673 1723 arva
1695 1665 1820 1739 (sive
1843 1680 1966 1737 spe-
1993 1663 2042 1724 B
2068 1668 2484 1735 demonstraret,
2526 1678 2583 1727 et
2620 1671 2758 1727 iram
2801 1673 2939 1728 dixit
2965 1672 3248 1732 columba.
3293 1674 3373 1729 Ac
3400 1674 3448 1729 si
3475 1684 3663 1744 aperte

381 1780 401 1812 ι
438 1760 609 1832 ciosa)
635 1760 786 1831 pacis
812 1776 844 1816 a
869 1758 1006 1817 facie
1031 1761 1127 1817 ira:
1147 1760 1347 1817 furoris
1371 1761 1609 1816 Domini.
1635 1778 1654 1813 ι
1680 1760 1750 1815 Ει
1770 1759 1858 1816 hic
1878 1773 1968 1814 no-

377 1851 623 1918 tandum,
650 1852 796 1922 quod
821 1851 963 1923 apud
997 1849 1347 1925 Septuaginta
1370 1851 1605 1923 jubilum
1630 1867 1730 1923 pro
1759 1849 1968 1905 ululatu

375 1942 615 2013 positum
640 1942 732 1997 sit.
757 1941 905 1998 lnter
933 1951 1180 2014 pastores
1218 1953 1399 1999 autem
1432 1952 1487 1998 et
1510 1943 1709 1999 arietes
1749 1943 1853 1998 ista
1883 1940 1967 1997 di-

373 2032 613 2088 versitas
663 2039 765 2098 est,
815 2033 961 2104 quod
1009 2042 1261 2104 pastores
1284 2041 1548 2105 putentur
1598 2033 1654 2089 in
1703 2032 1967 2098 Ecclesia,

375 2121 472 2192 qui
505 2131 747 2192 prmsnnt
774 2123 924 2195 gregi
957 2138 1081 2178 cum
1107 2124 1371 2194 sapientia
1396 2132 1452 2178 et
1472 2123 1781 2180 eruditione
1805 2130 1970 2193 atque

378 2214 646 2270 doctrina.
672 2213 883 2270 Arietes
919 2228 1071 2282 vero,
1102 2214 1194 2286 qui
1221 2214 1495 2285 principes
1533 2213 1753 2284 quidem
1782 2212 1970 2269 viden-

380 2316 473 2361 tur
508 2307 562 2361 in
588 2306 806 2379 populo,
831 2309 924 2363 sed
955 2306 1091 2363 nihil
1116 2306 1319 2362 habent
1349 2307 1402 2361 in
1427 2321 1485 2362 se
1506 2305 1768 2362 doctrina:
1805 2312 1970 2377 atque

379 2399 681 2470 sapientia,
717 2408 772 2456 et
811 2414 909 2470 per
955 2400 1178 2456 nimiam
1232 2399 1637 2471 simplicitatem
1686 2414 1972 2471 propemo—

380 2490 511 2546 dum
567 2491 809 2548 stultitiae
838 2491 1000 2547 vicini
1042 2499 1191 2547 sunt.
1234 2489 1460 2560 Quando
1491 2500 1673 2548 autem
1715 2491 1971 2548 habueri-

382 2596 506 2636 mus
530 2596 718 2652 pacem
745 2590 799 2639 et
821 2597 929 2638 non
964 2581 1412 2649 intellexerimus,
1449 2582 1539 2640 vel
1562 2585 1705 2639 bona
1731 2582 1817 2639 vel
1849 2598 1973 2655 spe-

381 2674 530 2752 ciosa
559 2676 729 2746 pacis,
767 2676 863 2733 sed
888 2676 1116 2732 luxuriae
1143 2691 1266 2744 nos,
1288 2686 1345 2733 et
1371 2676 1503 2744 otio,
1530 2684 1587 2733 et
1608 2675 1973 2747 voluptatibus

382 2768 727 2835 dederimus,
768 2777 897 2825 tunc
932 2770 1354 2840 conquiescent,
1404 2770 1521 2826 sive
1568 2768 1970 2835 conticescent,

380 2859 523 2917 bona
549 2861 719 2930 pacis,
750 2869 806 2916 et
847 2860 1163 2918 auferentur
1209 2877 1242 2919 a
1280 2861 1440 2920 nobis
1463 2871 1686 2935 propter
1724 2862 1864 2919 iram
1891 2862 1975 2918 [ιι-

383 2950 528 3005 roris
576 2949 817 3019 Domini,
872 2959 929 3007 et
979 2950 1294 3023 implebitur
1350 2950 1481 3008 illud
1521 2952 1664 3024 quod
1712 2952 1973 3024 scriptum

2069 1757 2277 1814 diceret
2302 1776 2315 1813 :
2343 1758 2659 1816 Districtum
2675 1762 2937 1832 judicium
2962 1764 3318 1820 inconcussus
3339 1765 3540 1830 exerit,
3565 1764 3662 1834 qui

2067 1861 2391 1916 permanens
2408 1860 2726 1907 mansuetus
2743 1853 2917 1923 punit.
2936 1854 3092 1910 Unde
3106 1864 3163 1909 et
3182 1855 3237 1910 in
3257 1863 3502 1911 extremo
3516 1857 3661 1927 judi-

2067 1938 2156 1993 cio
2195 1939 2255 1993 in
2285 1947 2458 1995 semet
2482 1940 2602 2010 ipso
2629 1941 3089 2000 incommutabilis
3119 1959 3376 2011 manens,
3407 1946 3554 2001 nulla
3575 1946 3658 2002 vi-

2068 2030 2387 2087 cissiludine
2412 2047 2480 2089 ac
2509 2033 2870 2090 mutabilitate
2912 2035 3175 2091 variatur.
3201 2033 3310 2091 Sed
3337 2042 3520 2091 tamen
3552 2036 3662 2092 ele-

2069 2124 2175 2179 ctis
2201 2133 2257 2180 et
2299 2126 2544 2196 reprobis
2587 2142 2929 2197 nequaquam
2954 2128 3056 2184 sub
3082 2128 3266 2199 specie
3291 2128 3530 2199 ejusdem
3571 2129 3659 2183 in-

2069 2214 2572 2273 cotumutabilitatis
2629 2218 2975 2284 ostenditur,
3039 2219 3165 2290 quia
3223 2227 3281 2274 et
3336 2218 3664 2289 tranquillus

2064 2305 2250 2376 jnstis,
2273 2315 2328 2362 et
2365 2308 2538 2366 iratus
2570 2310 2855 2381 apparebit
2881 2309 3117 2380 injustis.
3166 2310 3327 2367 Teste
3354 2310 3501 2367 enim
3525 2326 3661 2368 con-

2072 2397 2301 2457 scientia
2347 2398 2493 2454 intra
2563 2399 2885 2471 semetipsos
2940 2398 3223 2466 deferunt,
3280 2400 3424 2458 unde
3472 2416 3661 2458 eorum

2072 2496 2283 2545 mentes
2305 2502 2460 2560 aeque
2502 2504 2671 2545 unum
2714 2491 3010 2561 respiciant
3044 2492 3178 2548 :sed
3222 2508 3328 2548 non
3377 2493 3665 2564 aequaliter

2074 2579 2471 2645 modiﬂcentur,
2497 2580 2624 2652 quia
2660 2591 2717 2638 et
2745 2582 2864 2639 istis
2888 2597 3016 2639 eum
3055 2583 3346 2656 benignum
3373 2592 3501 2641 ante
3542 2593 3665 2642 acta

2067 2672 2302 2744 iustitia,
2330 2685 2387 2733 et
2433 2675 2538 2756 illis
2571 2675 2867 2733 terribilem
2896 2676 3052 2747 culpa
3089 2676 3239 2734 facit.
3284 2678 3522 2756 Quorum
3563 2692 3663 2749 pa-

2074 2782 2264 2825 vorem
2284 2767 2407 2837 quis
2426 2754 2683 2840 esplicct,
2719 2782 2843 2824 cum
2871 2768 3136 2838 contingit
3174 2769 3408 2835 miseris,
3436 2754 3493 2826 et
3518 2769 3665 2826 intra

2076 2873 2135 2915 se
2158 2857 2346 2929 culpas
2365 2870 2612 2923 cernere,
2639 2865 2695 2914 et
2716 2866 2845 2913 ante
2871 2872 2932 2913 se
2950 2858 3189 2930 judicem
3212 2856 3418 2928 justum
3443 2859 3665 2916 videre?

2088 2950 2202 3008 lloc
2229 2950 2486 3006 nimirum
2511 2950 2753 3020 quotidie
2783 2951 2838 3006 in
2864 2966 2967 3007 usu
2993 2951 3119 3007 vitae
3157 2951 3439 3022 praesentis
3463 2952 3664 3024 agitur,

381 3048 470 3097 est
508 3059 521 3096 :
561 3058 580 3091 ι
616 3038 748 3096 Cum
802 3016 1191 3114 dixerint:an
1221 3051 1277 3098 et
1303 3016 1589 3112 securitas,
1630 3053 1759 3101 tunc
1782 3016 1975 3116 repen-
2002 3016 2046 3080 C
2078 3048 2139 3095 ut
2173 3040 2240 3096 de
2268 3016 2767 3111 qualitate—venturi
2803 3039 3016 3111 judicii,
3044 3016 3353 3098 mortalium
3375 3016 3540 3098 corda
3570 3016 3666 3098 do;

382 3133 533 3189 tinus
561 3133 640 3189 eis
659 3134 998 3205 superveniet
1020 3133 1272 3193 interitus
1286 3134 1339 3208 (Ι
1367 3135 1547 3192 Thess.
1580 3137 1654 3208 v).
1691 3156 1710 3190 ι
1742 3136 1860 3206 Quo
1886 3153 1976 3194 vc-

381 3224 601 3292 niente,
634 3225 816 3282 omnia
854 3225 1247 3282 conticescent.

458 3334 480 3371 c
514 3317 810 3388 Dereliquit
856 3318 1011 3390 quasi
1041 3318 1125 3376 leo
1172 3320 1548 3378 umbraeulum
1599 3322 1731 3395 (sive
1773 3322 1975 3393 cubile)

386 3424 411 3462 ι
446 3408 692 3481 suum(et
724 3420 779 3464 ut
804 3410 975 3466 verius
1001 3421 1076 3466 est
1104 3413 1534 3480 tabernaculum,
1577 3414 1674 3472 hoc
1710 3416 1846 3470 enim
1880 3424 1975 3475 DD

387 3516 409 3551 σ
448 3497 765 3554 Hebraicum
784 3499 986 3570 sonat),
1001 3501 1127 3572 quia
1159 3502 1299 3557 facta
1319 3512 1405 3559 est
1426 3511 1571 3559 terra
1596 3518 1787 3561 eorum
1809 3506 1864 3561 in
1886 3507 1978 3563 de-

390 3607 409 3642 t
444 3587 766 3645 solationem
808 3588 910 3663 (vel
955 3590 1124 3662 invia)
1149 3607 1181 3646 a
1235 3592 1372 3649 facie
1404 3593 1500 3650 ira:
1545 3595 1809 3655 columba:
1834 3598 1978 3668 (sive

389 3697 408 3729 ι
446 3694 478 3734 a
508 3678 646 3735 facie
673 3679 838 3751 gladii
864 3680 1090 3754 magni),
1127 3688 1182 3738 et
1213 3696 1244 3737 a
1272 3681 1414 3740 facie
1449 3688 1543 3741 ira:
1570 3684 1771 3743 luroris
1797 3687 1979 3742 Domi-

390 3789 409 3822 ι
450 3769 528 3826 ni.
564 3788 584 3821 ›
622 3770 906 3838 Dominus,
932 3773 1001 3829 de
1023 3788 1131 3843 quo
1152 3789 1313 3845 supra
1344 3775 1579 3844 dixerat,
1615 3797 1634 3829 ι
1667 3778 1735 3833 de
1762 3778 1978 3836 excelso

387 3860 587 3932 rugiet,
626 3870 682 3918 et
724 3861 793 3919 de
851 3863 1161 3920 habitacula
1208 3874 1400 3922 sancto
1448 3882 1549 3923 suo
1592 3868 1744 3924 dabit
1787 3884 1976 3926 vocem

386 3968 541 4008 suam
558 3971 572 4007 :
600 3953 817 4025 rugiens
843 3954 1040 4026 rugiet,
1069 3969 1234 4026 super
1254 3955 1508 4012 decorem
1527 3971 1685 4012 suum
1710 3976 1724 4012 :
1748 3959 1865 4029 ipse
1883 3959 1977 4015 de-

386 4043 656 4116 relinquet
678 4045 1082 4103 tabernaculum
1109 4063 1292 4114 suum,
1319 4066 1338 4100 c
1358 4049 1427 4106 de
1446 4064 1554 4119 quo
1574 4050 1833 4121 scriptum
1858 4061 1975 4108 est:

391 4155 410 4188 ‹
448 4134 650 4197 Factus
680 4144 767 4192 est
803 4136 856 4191 in
887 4151 1040 4207 pace,
1070 4137 1185 4195 sive
1224 4139 1278 4194 in
1320 4138 1535 4207 Salem,
1573 4140 1722 4199 locus
1756 4141 1896 4212 ejus,
1922 4154 1978 4199 et

386 4226 650 4285 habitatio
688 4227 807 4300 ejus
836 4227 890 4283 in
938 4226 1069 4285 Sion
1108 4227 1282 4302 (Psal.
1321 4230 1517 4303 Lxxv);
1557 4253 1576 4287 ι
1608 4232 1722 4304 ipse
1761 4235 1979 4292 deseret

387 4318 574 4374 sedem
617 4333 795 4385 suam,
833 4326 891 4373 et
927 4319 1221 4390 complebit
1257 4324 1403 4392 quod
1427 4339 1526 4395 per
1560 4325 1704 4380 hunc
1729 4324 1977 4382 eumdem

2012 4371 2061 4431 D

2077 3141 2324 3189 ceantur.
2354 3131 2488 3188 Nam
2526 3145 2650 3188 cum
2690 3133 2797 3189 duo
2839 3134 2907 3189 ad
2943 3132 3208 3203 judicium
3243 3142 3495 3206 pergunt,
3522 3133 3664 3191 alius

2080 3223 2401 3281 innocentia;
2419 3222 2521 3279 sibi
2543 3222 2814 3291 conscius,
2843 3232 2901 3279 et
2920 3224 3062 3281 alius
3099 3223 3291 3295 eulpae,
3314 3231 3442 3279 ante
3466 3226 3665 3295 proba-

2081 3326 2191 3373 tam
2214 3314 2537 3372 sententiam
2569 3315 2749 3371 adhuc
2777 3324 2989 3371 tacente
3002 3316 3188 3387 judice
3207 3316 3421 3385 utrique
3452 3317 3668 3388 conspi-

2078 3409 2250 3476 ciunt,
2299 3417 2356 3465 et
2405 3416 2588 3464 tamen
2627 3408 2800 3479 culpa:
2846 3408 3059 3465 debitor
3100 3423 3317 3481 gravem
3370 3416 3559 3466 contra
3610 3424 3670 3465 se

2080 3500 2241 3566 iram,
2267 3500 2372 3554 hoc
2411 3498 2586 3570 ipsum
2610 3495 2808 3567 iudicis
2849 3499 3121 3555 silentium
3151 3499 3478 3570 suspicatur,
3505 3514 3669 3572 quam

2081 3590 2217 3645 iram
2240 3590 2343 3645 sibi
2371 3605 2477 3645 non
2514 3589 2798 3646 denuntiat
2823 3590 3161 3661 perturbatio
3190 3590 3413 3660 iudicis,
3462 3591 3557 3648 sed
3585 3606 3671 3647 re-

2081 3680 2323 3737 cordatio
2344 3680 2651 3751 pravitatis,
2674 3680 2800 3752 quia
2831 3681 2939 3738 etsi
2966 3681 3144 3755 adhuc
3171 3681 3317 3738 foras
3358 3695 3511 3737 reum
3548 3698 3670 3739 sen-

2083 3770 2253 3825 tentia
2286 3785 2392 3826 non
2420 3771 2640 3838 clamat,
2674 3773 2819 3828 intus
2836 3770 2951 3842 jam
2974 3773 3213 3844 graviter
3231 3766 3564 3829 enascientia
3586 3788 3679 3830 ac-

2082 3864 2256 3912 cusat.
2303 3858 2374 3912 At
2412 3868 2602 3915 contra
2659 3860 2866 3917 amicus
2903 3861 3129 3932 justitiae
3179 3861 3526 3917 decernentis
3555 3863 3671 3918 vul-

2082 3955 2198 4002 tum
2221 3948 2502 4019 conspicit,
2523 3950 2619 4005 sed
2648 3950 2793 4007 intus
2813 3952 2880 4007 de
2902 3950 3213 4007 testimonio
3239 3951 3395 4007 bona
3422 3954 3670 4009 recorda-

2084 4038 2249 4095 tionis
2277 4039 2572 4107 bilarescit,
2603 4048 2661 4096 et
2687 4041 2831 4110 quod
2859 4041 3000 4112 apud
3025 4055 3105 4106 se,
3141 4042 3289 4112 quod
3316 4050 3527 4098 metuat
3561 4058 3669 4099 non

2084 4130 2281 4196 habet,
2320 4144 2483 4187 omne
2528 4130 2677 4202 quod
2713 4145 2842 4203 erga
2882 4131 3233 4203 semetipsum
3283 4139 3369 4188 est
3414 4132 3670 4191 blandum

2083 4220 2250 4277 videt.

2652 4312 2883 4371 CAPUT
2920 4313 3111 4372 XXVI.

387 4409 710 4480 Propheta")
740 4409 952 4466 ιοθυίυδ
979 4419 1102 4468 es“
1133 4430 1152 4464 ‘
1188 4412 1377 4469 θίηιίεί
1406 4413 1624 4469 domum
1655 4430 1856 4480 meam.
1889 4418 1982 4475 de-
2012 4409 2059 4431 υ
2110 4429 2189 4487 De
2236 4445 2393 4494 regno
2434 4427 2681 4501 Inachia:
2720 4446 2740 4483 :
2763 4428 2991 4501 qualiter
3029 4429 3326 4486 sacerdotes
3372 4430 3649 4488 voluerunt

388 4502 583 4573 reliqui
600 4502 970 4559 hazreditatem
994 4520 1171 4561 meam
1193 4504 1411 4576 (larem.
1430 4506 1550 4578 χιι).
1583 4527 1601 4559 ι
1631 4506 1985 4578 Reliquitan-

390 4600 500 4648 tem
527 4593 683 4663 quasi
702 4593 787 4649 leo
808 4594 987 4650 cubile
1014 4605 1269 4662 sunm,ut
1298 4611 1490 4653 omnes
1519 4598 1706 4654 bestia:
1728 4601 1980 4657 vastandi

390 4695 595 4739 terram
640 4685 758 4755 ejus
798 4685 1034 4742 habeant
1087 4696 1433 4759 potestatem.
1473 4689 1655 4746 Leone
1690 4692 1836 4749 enim
1887 4708 1981 4748 cu-

387 4774 546 4830 stode
572 4783 628 4830 et
652 4776 884 4846 praeside
932 4777 1112 4834 nullus
1141 4779 1210 4835 ad
1247 4780 1498 4837 eamdem
1551 4782 1715 4838 audet
1760 4784 1983 4839 accede-

390 4879 473 4920 re.
511 4883 530 4917 t
560 4864 725 4921 Facta
747 4874 854 4934 est,
892 4887 911 4919 ι
940 4867 1135 4938 inquit,
1172 4888 1190 4921 ι
1221 4878 1367 4925 terra
1406 4884 1618 4937 eorum,
1657 4891 1675 4923 ι
1708 4870 1850 4926 haud
1876 4872 1978 4927 dn-

391 4964 563 5031 bium,
599 4965 729 5035 quin
765 4965 849 5021 vel
889 4965 1072 5036 populi
1106 4964 1440 5033 Judarorum,
1464 4967 1551 5024 vel
1585 4976 1734 5024 certe
1765 4968 1981 5025 univer-

393 5071 577 5115 larum
597 5058 837 5129 gentium
858 5080 876 5111 ι
897 5059 951 5115 in
973 5059 1384 5127 desolationem,
1407 5068 1464 5116 et
1490 5060 1547 5116 in
1568 5061 1771 5116 invium
1791 5075 1823 5116 a
1843 5058 1983 5117 facie

392 5149 491 5206 ira:
515 5149 797 5205 columbae.
834 5169 852 5201 ι
882 5148 996 5205 Non
1023 5150 1310 5207 mirabitur
1330 5150 1634 5207 columbam
1658 5151 1871 5207 Domini
1903 5151 1984 5205 in-

390 5239 564 5312 telligi
595 5238 1122 5306 Nabuchodonosor,
1153 5242 1247 5312 qui
1292 5258 1456 5314 supra
1490 5258 1613 5298 eum
1654 5243 1836 5299 vocari
1865 5258 1981 5298 ser-

391 5344 524 5385 vum
565 5329 778 5386 Domini
808 5330 1018 5403 legerit.
1072 5330 1364 5405 (Mannum)
1396 5333 1620 5405 Legitur
1652 5341 1707 5390 et
1745 5334 1799 5389 in
1842 5333 1981 5397 lsaia

393 5418 685 5476 Dominum
713 5420 916 5477 dixisse
943 5440 955 5476 :
991 5441 1009 5473 ι
1044 5421 1158 5493 Ego
1184 5423 1432 5479 mandavi
1453 5425 1805 5481 sanctiﬁcatis
1826 5426 1982 5490 meis,

394 5516 453 5565 et
477 5510 667 5565 vocavi
688 5507 860 5567 fortes
885 5526 1036 5567 meos
1068 5511 1120 5565 in
1145 5512 1224 5568 ira
1257 5528 1397 5577 mea,
1428 5514 1761 5570 exsultantes
1787 5515 1839 5570 in
1872 5514 1985 5585 glo-

400 5599 483 5655 ria
516 5616 657 5658 mea.
684 5621 704 5655 ι
744 5601 845 5659 Ubi
884 5602 1069 5659 Medos
1109 5602 1412 5677 Persasque
1454 5605 1735 5677 signiﬁcat,
1783 5606 1878 5676 qui
1915 5605 1986 5662 ad

755 5694 1028 5756 Pnuon.
1080 5689 1244 5757 CXI.

2178 4501 2413 4556 occidere
2449 4500 2739 4555 leremiam
2761 4500 2783 4568 ,’
2819 4501 2911 4572 qui
2955 4516 3047 4572 per
3085 4502 3349 4574 principes
3396 4501 3648 4563 liberatus

2180 4581 2277 4626 681.

2161 4703 2180 4733 ε
2218 4683 2274 4737 In
2305 4681 2570 4754 principio
2595 4682 2738 4755 regis
2758 4680 3004 4738 Joacbim
3035 4682 3129 4738 lilii
3154 4681 3317 4740 Josiae
3338 4685 3483 4756 regis
3510 4683 3669 4748 Juda,

2092 4794 2109 4827 ι
2147 4774 2349 4831 factum
2363 4784 2447 4833 est
2461 4777 2685 4832 verbum
2703 4776 2845 4832 istud
2860 4792 2891 4831 a
2906 4776 3134 4834 Domino
3157 4778 3373 4839 dicens:
3394 4778 3520 4834 Ηεεο
3542 4777 3674 4834 dicit

2089 4886 2108 4919 ι
2149 4868 2409 4924 Dominus
2427 4882 2441 4922 :
2459 4867 2553 4924 Sta
2567 4869 2620 4924 in
2643 4867 2789 4924 atrio
2816 4869 3008 4924 domus
3029 4869 3333 4934 Domini,et
3352 4868 3589 4939 loqueris
3604 4869 3674 4923 ad

2090 4979 2109 5013 ε
2145 4976 2335 5017 omnes
2358 4960 2605 5017 civitates
2622 4959 2785 5026 Juda,
2815 4961 2884 5016 de
2901 4960 3096 5030 quibus
3122 4961 3345 5016 veniunt
3364 4966 3423 5014 ut
3445 4958 3674 5014 adorent

2091 5070 2110 5101 ι
2148 5052 2203 5106 in
2244 5052 2405 5107 domo
2455 5050 2684 5115 Domini,
2724 5052 3008 5107 universos
3051 5064 3332 5107 sermones
3375 5063 3514 5119 quos
3571 5063 3674 5119 ego

2093 5162 2111 5195 ι
2150 5144 2400 5199 mandavi
2442 5144 2538 5201 tibi
2568 5151 2626 5198 ut
2659 5144 2899 5216 loquaris
2933 5145 3002 5200 ad
3047 5158 3161 5199 eos.
3199 5142 3317 5198 Noli
3350 5142 3674 5199 subtrahere

2095 5252 2112 5282 σ
2151 5236 2399 5300 verbum,
2424 5234 2470 5289 si
2519 5233 2660 5290 forte
2702 5236 2944 5300 audiant,
2979 5241 3036 5289 et
3081 5240 3464 5288 convertantur
3505 5245 3675 5291 unus-

2095 5345 2113 5377 α
2149 5325 2378 5395 quisque
2404 5339 2435 5378 a
2457 5323 2544 5378 via
2579 5338 2675 5379 sua
2704 5321 2865 5388 mala,
2894 5331 2951 5379 et
2971 5321 3233 5392 paeniteat
3258 5333 3345 5375 me
3385 5321 3509 5377 mali
3545 5321 3676 5392 (sire

2097 5436 2115 5467 ι
2154 5403 2428 5486 quiescam
2460 5431 2490 5470 a
2519 5414 2685 5486 malo)
2715 5413 2857 5486 quod
2883 5414 3062 5487 cogito
3107 5413 3289 5470 facere
3311 5413 3414 5480 eis,
3454 5419 3678 5486 propter

2097 5528 2116 5560 ο
2151 5507 2388 5562 malitias
2427 5506 2728 5565 studiorum“
2771 5518 2979 5562 eorum.
3029 5527 3048 5559 ι
3086 5504 3359 5579 (Πίου-οη.)
3388 5505 3516 5563 llaec
3549 5514 3678 5569 pro-

2093 5599 2278 5671 phetia
2304 5599 2582 5670 superiore
2609 5609 2693 5655 est
2727 5584 2897 5670 prior,
2929 5599 3054 5656 licet
3078 5600 3179 5655 sub
3218 5599 3411 5655 eodem
3441 5611 3569 5671 rege
3603 5596 3675 5653 sit

3164 5690 3244 5753 3‘2
