4022 6186
383 275 544 330 Ἵθθῧ

1079 270 1142 323 B.
1189 267 1438 322 BABANI
1477 267 1693 323 MAURI
1731 265 2046 321 ARCHIEP.
2087 263 2394 320 MOGUNT.
2437 261 2721 320 OPERUM
2759 263 2939 320 PARS
2975 265 3060 320 lll.

3527 267 3668 322 £003

401 388 565 444 facta.
600 385 694 440 llla
739 383 886 440 enim
927 383 1066 439 facta
1109 391 1196 437 est
1242 383 1295 437 in
1343 397 1487 437 anno
1528 389 1721 451 quarto
1773 378 1980 434 Joacim
2012 382 2061 441 Α
2088 393 2364 434 sermones
2411 392 2688 433 servorum
2735 393 2977 433 meorum
3036 379 3441 449 prophetarum.
3473 399 3493 432 ι
3566 379 3671 448 Qui

401 479 497 535 filii
534 476 697 533 Josite
737 475 882 545 regis
912 473 1071 539 'Juda,
1095 474 1210 528 hznc
1243 483 1423 528 autem
1453 472 1509 528 in
1545 472 1811 543 principio
1847 467 1991 536 eius-

403 572 526 626 dem
565 566 709 639 regis
759 565 1038 636 Scriptura
1091 564 1324 629 dicente,
1361 584 1379 616 ι
1418 564 1471 618 in
1527 563 1791 634 principio
1848 561 1992 632 regis

385 660 647 716 Joacbim
699 657 794 712 lilii
832 655 994 713 Josiaa
1033 657 1175 728 regis
1218 655 1375 721 Juda,
1415 654 1617 710 factum
1656 665 1740 708 est
1766 654 1991 707 verbum

406 751 550 807 istud
596 765 628 804 a
677 747 905 804 Domino
937 748 1142 802 dicens.
1193 765 1212 799 ι
1245 746 1362 801 Non
1409 746 1594 817 igitur,
1629 753 1690 799 ut
1715 758 1855 813 saipe
1877 743 1990 812 jam

399 842 660 906 edinimus,
691 839 746 894 in
794 837 1074 908 prophetis
1111 836 1353 892 historiae
1400 836 1534 892 ordo
1582 833 1845 890 texendus
1883 841 1989 898 est,

375 949 531 990 -cum
554 934 609 987 in
637 930 1048 1002 praesentiarum
1074 929 1175 984 sub
1200 928 1391 984 eodem
1421 942 1546 998 rege
1568 927 1747 996 priora
1778 933 1990 995 postea,

393 1035 457 1080 et
479 1023 782 1094 posteriora
804 1028 931 1074 ante
952 1020 1225 1074 dicantur.
1245 1016 1346 1084 Qui
1374 1024 1554 1071 autem
1578 1016 1800 1070 verbum
1827 1014 1996 1068 dictu—

393 1133 500 1172 a'us
526 1123 608 1171 est
640 1112 874 1176 Domini,
905 1111 1067 1166 debet
1091 1117 1238 1164 stare
1265 1125 1388 1165 cum
1413 1108 1594 1178 Moyse
1618 1107 1796 1178 (Deut.
1830 1106 1884 1177 v)
1905 1146 1918 1170 ,
1941 1113 1996 1158 et

393 1209 592 1263 .auoire
619 1221 741 1260 cum
762 1202 1055 1259 Psalmista
1082 1220 1095 1254 :
1131 1220 1149 1252 ι
1187 1201 1288 1267 Qui
1329 1200 1487 1255 statis
1523 1201 1575 1253 in
1600 1199 1762 1253 domo
1784 1196 1993 1251 Domini

397 1301 457 1354 in
487 1299 643 1353 atriis
677 1298 869 1352 domus
907 1294 1007 1348 Dei
1033 1292 1204 1348 nostri
1240 1289 1413 1364 (Plat.
1437 1290 1679 1360 cxxnv).
1718 1309 1734 1342 ι
1774 1289 1836 1342 Et
1857 1303 1993 1358 prm—

401 1390 606 1458 cipitur
633 1387 704 1441 illi
743 1394 804 1439 ut
827 1385 1085 1454 loquatur
1103 1384 1170 1438 ad
1197 1397 1385 1438 omnes
1415 1383 1661 1436 civitates
1687 1379 1844 1445 Juda,
1869 1380 1997 1434 licet

405 1479 639 1533 civitates
681 1476 1039 1547 Septuaginta
1077 1489 1186 1529 non
1233 1472 1637 1536 transtulerint,
1681 1487 1748 1526 ne
1778 1471 1999 1525 indeco-

392 1585 528 1623 arum
556 1567 695 1624 forte
723 1567 998 1623 videretur
1027 1567 1082 1620 in
1106 1565 1247 1619 atrio
1267 1565 1456 1619 domus
1485 1562 1697 1616 Domini
1738 1561 1886 1630 loqui
1929 1562 1997 1616 ad

398 1661 572 1716 -urbes
594 1675 713 1730 qua:
738 1673 923 1714 coram
952 1673 1060 1714 non
1081 1665 1260 1722 erant,
1283 1656 1377 1711 sed
1409 1655 1626 1725 quando
1653 1654 1718 1708 ad
1742 1653 1997 1724 populum

2092 467 2276 536 utique
2301 474 2424 538 post
2448 466 2618 536 legem
2643 467 2792 522 missi
2821 476 2970 532 sunt,
2997 477 3052 522 et
3079 483 3184 522 non
3215 467 3406 532 semel,
3437 468 3534 523 sed
3565 467 3676 523 fre-

2092 566 2342 628 quenter,
2383 571 2482 611 nec
2518 557 2692 611 otiose
2719 566 2774 610 et
2820 573 2852 611 a
2889 571 3105 623 securo,
3151 559 3248 612 sed
3295 573 3509 628 semper
3545 566 3600 612 et
3637 573 3674 612 a

2091 647 2339 703 sollicito.
2375 665 2394 700 ι
2428 648 2572 714 Misi,
2605 648 2800 718 inquit,
2849 649 2917 703 ad
2956 663 3055 703 vos
3104 663 3290 703 servos
3321 664 3470 704 meos
3497 649 3678 719 quoti—

2092 739 2202 804 die,
2237 747 2292 794 et
2331 740 2398 794 de
2443 747 2600 795 nocte
2631 755 2962 811 consurgens
2992 740 3208 812 (Jerem.
3240 740 3426 811 xxvi);
3464 762 3482 792 ι
3536 757 3678 811 quos

2092 833 2138 886 si
2181 831 2370 886 audire
2414 831 2718 897 nolueritis,
2765 831 2904 888 dabo
2937 832 3154 887 domum
3205 833 3382 897 istam,
3424 834 3527 888 hoc
3567 843 3676 899 est,

2093 922 2352 991 templum
2375 922 2472 977 Dei
2497 924 2635 977 sicut
2661 921 2796 989 Silo,
2821 923 2908 977 ubi
2933 921 3035 977 fuit
3057 923 3486 978 tabernaculum.
3513 922 3682 978 Cum-

2094 1029 2199 1084 que
2230 1012 2486 1084 templum
2517 1013 2852 1070 destructum
2883 1013 3067 1078 fuerit,
3099 1022 3498 1083 consequenter
3521 1025 3575 1068 et
3599 1015 3683 1069 ci-

2094 1108 2234 1160 vitas
2259 1106 2365 1161 erit
2395 1106 2449 1160 in
2491 1105 2922 1162 maledictionem
2972 1107 3182 1161 cunctis
3213 1108 3462 1178 gentibus
3493 1116 3676 1160 teme.

2096 1196 2248 1250 Sicut
2278 1206 2459 1252 autem
2498 1205 2777 1252 exstructo
2819 1199 3019 1268 templo
3050 1199 3103 1252 in
3149 1213 3277 1252 area
3319 1197 3499 1261 Ornze,
3538 1206 3593 1252 et
3623 1197 3682 1251 in

2095 1299 2279 1344 monte
2325 1289 2514 1355 Morio,
2569 1291 2672 1345 hoc
2711 1299 2812 1356 est,
2858 1289 3104 1355 visionis,
3155 1291 3206 1344 in
3249 1305 3358 1358 quo
3402 1290 3678 1344 Abraham

2096 1379 2248 1435 lsaac
2282 1379 2450 1434 ﬁlium
2480 1379 2740 1434 obtulisse
2769 1388 3044 1445 narratur,
3096 1380 3330 1435 cessavit
3357 1379 3546 1449 religio
3594 1379 3685 1434 Si-

2098 1471 2150 1526 lo
2170 1510 2184 1534 ,
2216 1485 2315 1525 nec
2347 1479 2532 1540 postea
2578 1469 2651 1524 ibi
2690 1476 2815 1524 sunt
2843 1469 3108 1524 celebrata
3141 1469 3406 1524 sacriﬁcia
3436 1488 3449 1522 :
3481 1470 3558 1524 sic
3586 1486 3682 1523 ex-

2099 1568 2302 1616 structa
2326 1560 2565 1615 Ecclesia
2593 1568 2648 1614 et
2677 1560 3012 1629 spiritalibus
3040 1560 3096 1614 in
3120 1574 3184 1614 ea
3223 1559 3459 1614 victimis
3486 1559 3682 1613 immo-

2100 1651 2242 1714 latis,
2274 1657 2626 1705 cessaverunt
2664 1649 2798 1720 legis
2823 1650 3161 1704 caeremoniae
3190 1648 3272 1721 (11
3317 1646 3448 1702 Par.
3477 1649 3595 1717 ιιι);
3624 1659 3682 1704 ct

390 1761 467 1806 ιει
485 1751 553 1806 ad
587 1728 734 1805 cives
762 1748 1024 1818 loquitur,
1069 1747 1202 1817 ipsis
1241 1746 1552 1801 civitatibus
1581 1745 1834 1814 loquitur.
1880 1741 2001 1797 Pul-
2029 1728 2073 1787 Β
2103 1743 2228 1797 data
2268 1750 2353 1797 est
2379 1743 2508 1796 urbs
2544 1739 2852 1795 Judazorum
2900 1742 2952 1795 in
2991 1741 3423 1796 maledictionem
3469 1742 3679 1796 cunctis

397 1841 544 1896 -chre
571 1846 888 1894 autem'stat
924 1837 979 1891 in
1009 1836 1150 1891 atrio
1187 1845 1351 1906 atque
1369 1834 1636 1890 vestibulo
1667 1833 1849 1902 templi
1895 1832 2000 1886 Do-

401 1931 567 1995 mini,
594 1937 654 1983 ut
667 1943 769 1999 per
786 1927 1124 1983 occasionem
1144 1925 1412 1981 orationis
1426 1925 1662 1990 Domini,
1689 1932 1744 1977 et
1763 1923 1996 1977 adoran-

396 2023 469 2080 di
490 2037 636 2087 eum,
664 2033 942 2076 sermones
968 2017 1246 2089 prophetae
1273 2016 1462 2070 audire
1483 2021 1763 2086 cogantur.
1799 2032 1817 2064 ι
1855 2011 1997 2077 Noli,

401 2113 614 2183 inquit,
670 2110 994 2167 subtrahere
1037 2108 1285 2173 verbum,
1341 2125 1360 2158 ι
1391 2105 1519 2162 licet
1556 2105 1711 2159 triste
1751 2103 1844 2169 sit,
1876 2103 2002 2157 licet

399 2203 706 2260 adversum
755 2209 810 2256 te
857 2198 1192 2255 audientium
1237 2196 1418 2252 rabies
1462 2195 1789 2258 concitetur,
1818 2200 1998 2247 tamen

415 2292 605 2354 dicito,
636 2289 778 2360 quod
812 2287 911 2343 tibi
938 2286 1260 2356 imperatum
1288 2292 1393 2350 est,
1419 2299 1526 2339 non
1557 2282 1857 2338 formidans
1880 2297 2004 2352 per-

402 2382 723 2439 secutiones
747 2394 960 2444 eorum,
982 2378 1077 2448 qui
1112 2378 1400 2433 adversum
1438 2384 1492 2431 te
1523 2375 1828 2432 concitandi
1853 2382 2002 2440 sunt,

412 2475 514 2531 sed
540 2473 754 2529 Domini
773 2471 1013 2543 iubentis
1035 2471 1319 2540 imperium
1346 2488 1360 2524 :
1399 2487 1418 2521 ι
1445 2468 1502 2524 Si
1532 2468 1781 2534 forsitan,
1809 2468 2002 2538 inquit,

417 2564 643 2620 audiant
669 2571 727 2619 et
753 2568 1161 2618 convertantur.
1191 2579 1210 2613 ι
1241 2559 1471 2615 Verbum
1501 2559 1809 2630 ambiguum
1859 2557 2008 2627 [orsi-

407 2665 534 2720 tan,
567 2652 836 2723 majestati
866 2653 1080 2708 Domini
1120 2667 1226 2707 non
1253 2660 1433 2722 potest
1453 2652 1766 2714 convenire,
1792 2650 1884 2706 sed
1910 2665 2009 2704 no—

406 2753 537 2800 stro
558 2743 798 2815 loquitur
822 2741 1042 2807 affectu,
1067 2750 1128 2797 ut
1164 2742 1396 2798 liberum
1417 2741 1624 2796 homini
1645 2750 1894 2795 servetur
1918 2755 2010 2793 ar-

418 2837 665 2902 bitrium,
716 2849 786 2891 ne
819 2850 888 2891 ex
915 2833 1260 2906 praiscientia
1292 2833 1441 2904 ejus,
1473 2833 1629 2902 quasi
1683 2831 2009 2887 necessitate

411 2926 512 2982 “vel
532 2925 712 2983 facere
738 2924 890 2997 quid,
915 2925 1000 2980 vel
1027 2939 1134 2980 non
1161 2923 1342 2980 facere
1361 2932 1604 2995 cogatur.
1630 2922 1745 2979 Non
1773 2923 1916 2979 enim
1941 2938 2009 2979 ex

401 3033 510 3084 .eo,
537 3019 680 3088 quod
709 3019 851 3074 Deus
878 3018 981 3073 scit
1009 3016 1249 3073 futurum
1275 3016 1498 3087 aliquid,
1529 3015 1737 3072 idcirco
1767 3014 2004 3070 futurum

401 3079 524 3174 πεδί,
672 3110 799 3180 quia
823 3108 1064 3164 futurum
1087 3117 1192 3173 est,
1216 3079 1723 3177 Deus-novit,quasi
1748 3107 2008 3175 praescius
2037 3079 2082 3140 (δ

425 3202 755 3258 futurorum.
780 3200 847 3254 Et
883 3208 1063 3254 tamen
1089 3199 1367 3255 sciendum
1390 3197 1547 3266 juxta
1577 3199 1721 3252 hunc
1760 3196 2012 3251 eumdem

415 3290 738 3354 Jeremiam,
755 3289 859 3345 etsi
875 3289 1010 3343 mala
1026 3289 1338 3358 prmdixerit
1357 3288 1637 3352 Dominus,
1651 3295 1706 3342 et
1727 3287 1901 3355 egerit
1923 3299 2013 3355 po-

406 3380 1006 3454 .puluspcenitentiam,
1027 3379 1168 3448 quod
1197 3388 1252 3433 et
1282 3379 1394 3448 ipse
1416 3386 1636 3433 acturus
1655 3378 1728 3431 sit
1746 3377 2012 3448 paeniten-

417 3475 560 3528 tiam
585 3486 746 3542 super
765 3470 872 3536 bis,
887 3485 1007 3540 quae
1027 3469 1206 3525 facere
1222 3469 1586 3525 comminatus
1605 3476 1705 3524 est.
1722 3467 1788 3522 Et
1813 3467 1860 3522 si
1883 3481 2014 3538 pro-

403 3579 588 3635 ~vspera
618 3561 891 3633 pollicitus
915 3559 1080 3616 fuerit
1111 3568 1166 3616 et
1191 3561 1360 3631 egerit
1381 3559 1612 3630 populus
1655 3557 2010 3631 negligenter,

412 3664 604 3712 .mutet
629 3655 772 3710 Deus
802 3653 1148 3718 sententiam,
1193 3661 1246 3708 et
1276 3667 1378 3722 pro
1424 3652 1580 3707 bonis
1625 3651 1763 3706 mala
1794 3651 2010 3706 inferat.

415 3747 587 3815 Quod
635 3746 824 3816 utique
859 3760 926 3802 ex
955 3759 1183 3816 persona
1235 3745 1329 3800 Dei
1359 3744 1742 3814 omnipotentis
1797 3743 2010 3798 dicitur.

433 3840 676 3909 Denique
709 3847 766 3894 et
807 3839 860 3893 in
890 3837 1170 3909 praesenti,
1193 3836 1311 3891 ait:
1361 3854 1380 3887 ι
1419 3835 1476 3891 Si
1501 3834 1641 3891 forte
1687 3834 1908 3889 audiant
1960 3842 2016 3888 et

413 3937 820 3986 nconvertantur
847 3928 1216 3997 unusquisque
1237 3942 1267 3981 a
1298 3927 1384 3981 via
1413 3941 1511 3982 sua
1538 3926 1710 3994 mala;
1745 3945 1766 3980 ι
1794 3934 1853 3980 ιιι
1891 3941 2016 3980 cum

423 4021 514 4078 illi
565 4021 812 4078 conversi
845 4020 1068 4086 fuerint,
1108 4027 1163 4075 et
1188 4033 1275 4074 me
1325 4020 1605 4074 sententia:
1650 4018 1933 4090 pmoiteat,
1963 4029 2018 4072 et

422 4128 546 4168 .nou
569 4111 784 4176 faciam,
813 4111 957 4181 quod
985 4109 1064 4164 eis
1089 4107 1268 4164 facere
1292 4109 1490 4178 cogito.
1517 4107 1708 4178 Cogito
1729 4114 1907 4162 autem
1931 4107 2017 4161 fa-

416 4216 565 4257 .z-cere
598 4211 818 4272 propter
869 4200 1103 4256 malitias
1137 4200 1438 4256 studiorum
1493 4199 1706 4254 illorum
1747 4213 1762 4253 :
1795 4214 1915 4269 qua:
1972 4199 2018 4254 si

443 4291 640 4347 fuerint
671 4293 972 4356 immutata,
1003 4301 1057 4346 et.
1098 4305 1218 4345 mea
1268 4291 1535 4346 sententia
1579 4293 2015 4348 commutabitur.

426 4385 707 4456 Legamus
736 4387 1020 4441 historiam
1050 4383 1202 4441 lonaa
1222 4393 1278 4440 et
1305 4385 1529 4441 Ninivte.

523 4499 542 4531 ι
582 4479 646 4534 Et
676 4479 824 4536 dices
867 4481 935 4535 ad
974 4495 1104 4535 eos;
1133 4479 1259 4536 Ilaec
1305 4481 1436 4536 dicit
1482 4480 1864 4538 Dominus:Si
1909 4496 2014 4536 non

435 4591 468 4624 ης
504 4571 784 4625 audieritis
801 4585 905 4636 me,
928 4580 986 4624 ut
1005 4571 1289 4626 ambuletis
1320 4572 1374 4626 in
1402 4571 1518 4642 lege
1542 4588 1684 4638 mea,
1711 4589 1872 4643 quam
1896 4574 2017 4630 dedi

452 4681 470 4714 ι
509 4661 682 4726 vobis,
725 4671 786 4714 ut
833 4662 1063 4716 audiatis
1119 4677 1395 4718 sermones
1443 4679 1722 4719 servorum
1773 4680 2017 4721 meorum

441 4777 470 4810 4
501 4755 910 4828 prophetarum,
938 4770 1072 4824 quos
1103 4770 1204 4827 ego
1231 4756 1354 4810 misi
1378 4757 1445 4811 ad
1483 4772 1580 4812 vos
1603 4757 1668 4813 de
1699 4767 1855 4814 nocte
1885 4773 2018 4814 con-

440 4865 473 4901 ρι
505 4860 754 4918 surgens,
779 4854 833 4901 et
858 4846 1113 4916 dirigens,
1134 4855 1189 4900 et
1215 4862 1321 4901 non
1347 4847 1574 4902 audistis
1601 4867 1612 4901 :
1639 4849 1776 4905 dabo
1801 4851 2018 4906 domum

451 4957 475 4993 ι
514 4939 672 4995 istam
699 4937 839 4993 sicut
869 4934 1002 5001 Silo,
1047 4943 1102 4992 et
1137 4935 1327 4990 urbem
1368 4937 1508 4991 hanc
1536 4939 1676 4993 dabo
1718 4939 1771 4992 in
1803 4940 2024 4996 maledi-

440 5051 473 5085 τι
505 5032 740 5089 ctionem
760 5028 970 5084 eunetis
989 5027 1237 5098 gentibus
1253 5034 1429 5084 terrae.
1454 5048 1474 5083 ι
1501 5029 1558 5085 in
1584 5039 1766 5085 nostra
1793 5047 1920 5103 ergo
1940 5043 2023 5088 est

434 5125 681 5196 .positum
717 5129 1002 5192 potestate,
1027 5119 1112 5174 vel
1160 5118 1338 5174 facere
1367 5119 1517 5190 quid,
1547 5121 1632 5176 vel
1663 5137 1767 5176 non
1799 5122 1979 5180 facere
2004 5141 2017 5179 :

436 5216 522 5272 ita
547 5217 808 5272 duntaxat
837 5225 892 5268 ut
915 5211 1176 5282 quidquid
1203 5210 1328 5266 boni
1356 5211 1536 5282 operis
1558 5212 1824 5278 volumus,
1861 5230 2023 5284 appe-

449 5308 634 5372 timus,
682 5304 979 5374 explemus,
1035 5302 1099 5357 ad
1148 5300 1243 5356 Dei
1281 5301 1509 5371 gratiam
1559 5301 2020 5375 referamus:qui

447 5398 597 5468 iuxta
641 5396 954 5467 Apostolum
984 5394 1131 5450 dedit
1175 5393 1349 5458 nobis,
1393 5401 1450 5447 et
1494 5393 1632 5448 velle
1665 5403 1721 5450 et
1759 5395 2019 5465 perlicere

451 5485 616 5557 (Phil.
661 5485 746 5558 ιι).
797 5486 893 5540 Sin
940 5494 1142 5551 autem,
1188 5483 1384 5540 sufficit
1431 5483 1597 5540 semel
1645 5486 1920 5541 ambulare
1967 5487 2019 5542 in

449 5579 585 5650 lege,
608 5594 729 5648 quae
756 5580 913 5636 nobis
940 5580 1063 5637 data
1089 5589 1174 5635 est
1199 5595 1299 5649 per
1339 5578 1556 5651 Moysen
1573 5621 1588 5644 ,
1621 5587 1681 5633 ut
1719 5578 1878 5634 stulta
1915 5581 2020 5634 hm-

448 5669 588 5725 resis
638 5671 963 5740 suspicatur.
1015 5669 1295 5738 Quomodo
1335 5673 1539 5738 addidit
1581 5690 1594 5726 :
1624 5689 1644 5722 ι
1681 5671 1751 5728 Ut
1789 5672 2023 5729 audiatis

2043 4445 2094 4506 D

2101 1834 2349 1906 gentibus
2384 1842 2562 1898 teme,
2604 1833 2670 1887 de
2705 1849 2811 1902 qua
2862 1848 2960 1888 nos
3009 1833 3270 1888 Dominus
3297 1831 3562 1897 liberavit,
3595 1832 3676 1886 di-

2100 1936 2256 1983 cente
2284 1924 2582 1996 Apostolo:
2614 1942 2632 1976 ‹
2661 1923 2912 1979 Christus
2945 1923 3176 1978 redemit
3219 1939 3319 1978 nos
3344 1923 3409 1978 de
3451 1922 3675 1978 maledi-

2101 2017 2277 2072 etione
2300 2016 2454 2087 legis,
2491 2014 2666 2070 factus
2691 2029 2788 2084 pro
2819 2015 2974 2070 nobis
3000 2014 3310 2070 maledictio
3344 2011 3487 2086 (Gal.
3518 2013 3619 2085 ιιι).
3651 2032 3669 2063 ι

2178 2128 2196 2161 ι
2228 2108 2295 2162 Et
2329 2108 2617 2164 audierunt
2639 2107 2947 2162 sacerdotes
2967 2116 3022 2161 et
3048 2107 3325 2177 prophetae
3367 2106 3492 2176 (sive
3522 2119 3680 2176 pseu-

2109 2216 2128 2250 ι
2165 2199 2555 2271 doprophetae),
2582 2207 2638 2253 et
2671 2198 2848 2253 omnis
2883 2197 3113 2267 pepulus
3145 2195 3437 2253 Jeremiam
3461 2196 3681 2265 loquen-

2109 2307 2128 2340 ι
2162 2297 2270 2343 tem
2290 2289 2456 2343 verba
2483 2289 2599 2343 haec
2629 2288 2682 2341 in
2709 2287 2869 2342 domo
2897 2287 3127 2342 Domini.
3154 2287 3397 2358 Cumque
3420 2286 3682 2356 comples-

2112 2397 2131 2430 ι
2168 2389 2251 2435 set
2299 2377 2563 2434 Jeremias
2607 2379 2830 2449 loquens
2869 2377 3050 2433 omnia
3096 2393 3215 2448 quae
3260 2389 3591 2448 praeceperat
3631 2377 3678 2431 ei

2112 2491 2130 2524 ι
2166 2473 2424 2527 Dominus
2468 2479 2528 2525 ut
2570 2470 2882 2542 loqueretur
2933 2469 3001 2524 ad
3052 2469 3362 2523 universum
3404 2466 3678 2537 populum,

2113 2581 2132 2614 ‹
2169 2563 2638 2634 apprehenderunt
2677 2576 2800 2617 eum
2827 2561 3136 2616 sacerdotes
3165 2570 3218 2616 et
3251 2559 3527 2632 propheta:
3556 2558 3680 2629 (sive

2114 2674 2133 2708 ι
2168 2653 2689 2726 ρδθυάορωμιιθιω),
2718 2663 2773 2708 et
2796 2653 2972 2709 omnis
3003 2653 3231 2726 populus
3257 2653 3479 2708 dicens:
3513 2651 3682 2707 Morte

2113 2767 2133 2800 α
2169 2747 2457 2812 moriatur,
2485 2747 2608 2817 quia
2636 2747 2978 2817 prophetavit
3007 2747 3062 2800 in
3102 2747 3322 2801 nomine
3362 2746 3572 2800 Domini
3604 2747 3683 2800 di-

2114 2857 2133 2890 ‹
2166 2853 2295 2894 cens
2322 2856 2335 2891 :
2361 2836 2512 2893 Sicut
2551 2837 2663 2893 Silo
2683 2839 2785 2892 erit
2817 2838 3006 2892 domus
3049 2837 3184 2902 haec,
3215 2845 3271 2893 et
3297 2838 3428 2892 urbs
3459 2838 3562 2892 ista
3593 2838 3684 2893 dc-

2116 2947 2135 2982 α
2169 2929 2445 2997 solabitur,
2474 2945 2540 2986 eo
2570 2931 2712 3002 quod
2744 2947 2849 2986 non
2878 2930 2949 2985 sit
2976 2931 3267 2985 habitator.
3310 2949 3329 2982 ι
3363 2929 3683 2984 Sacerdotes

2112 3027 2167 3074 et
2193 3019 2485 3090 prophetae,
2510 3033 2644 3089 quos
2676 3020 3171 3090 pseudoproplietas
3192 3020 3540 3089 Septuaginta
3571 3034 3685 3073 ma-

2113 3110 2362 3166 nifestius
2409 3110 2818 3176 transtulerunt,
2874 3113 3182 3166 irascuntur
3226 3109 3493 3175 Jeremiac,
3543 3110 3684 3180 quod

2113 3217 2242 3257 vera
2291 3201 2546 3271 pmdicat
2569 3219 2583 3254 :
2610 3208 2665 3255 et
2703 3200 2960 3256 subverso
2994 3200 3192 3272 templo
3232 3208 3287 3256 et
3325 3201 3564 3265 civitate,
3596 3202 3688 3255 de-

2114 3303 2259 3350 serta
2308 3297 2379 3348 sit
2408 3293 2648 3365 peritura
2680 3293 2888 3364 religio,
2930 3301 2984 3347 et
3020 3292 3170 3348 lucra
3217 3307 3281 3346 ex
3312 3292 3571 3363 religione
3597 3306 3688 3346 ve-

2112 3384 2338 3439 nientia.
2366 3380 2572 3438 Idcirco
2611 3383 3022 3452 apprehendunt
3047 3397 3191 3447 cum,
3237 3389 3292 3437 et
3320 3382 3688 3436 consentiente

2115 3476 2216 3531 sibi
2241 3475 2438 3546 populo
2466 3475 2625 3529 morti
2648 3476 2918 3529 destinant
2943 3493 2956 3528 :
2979 3489 3150 3545 quare
3174 3475 3370 3530 dixerit
3397 3474 3450 3529 in
3474 3474 3690 3530 nurnine

2115 3565 2327 3622 Domini
2361 3565 2502 3620 sicut
2531 3564 2642 3619 Silo
2667 3565 2774 3619 erit
2814 3564 3006 3619 domus
3029 3564 3162 3630 haec,
3188 3571 3243 3620 et
3267 3563 3397 3618 urbs
3428 3563 3694 3618 desolabi-

2116 3664 2226 3722 tur,
2273 3669 2338 3711 eo
2375 3657 2517 3726 quod
2569 3669 2676 3710 non
2712 3655 2782 3710 sit
2827 3654 3119 3709 habitator.
3166 3653 3222 3709 Si
3267 3655 3484 3725 quando
3533 3654 3694 3726 igitur

2114 3754 2337 3818 propter
2364 3747 2614 3801 mandata
2644 3747 2877 3812 Domini,
2915 3755 2970 3802 et
2997 3745 3121 3801 ﬁdei
3147 3747 3454 3813 veritatem,
3494 3747 3578 3803 vel
3608 3762 3696 3801 sa-

2116 3839 2367 3894 cerdotes
2420 3837 2596 3903 nobis,
2645 3837 2726 3892 vel
2774 3837 3271 3908 pseudoprophetaa,
3309 3837 3396 3893 vel
3438 3838 3694 3907 deceptus

2117 3931 2344 4001 populus
2373 3930 2660 3996 irascatur,
2686 3947 2789 3986 non
2818 3946 3142 4002 magnOpere
3159 3947 3431 3997 curemus,
3459 3931 3555 3986 sed
3595 3945 3692 3984 ex-

2118 4038 2414 4093 sequamur
2437 4023 2754 4078 sentcntiam
2773 4024 3009 4090 Domini,
3037 4040 3377 4094 nequaquam
3404 4025 3694 4096 prmsentia

2118 4114 2284 4180 mala,
2317 4115 2408 4168 sed
2443 4113 2624 4168 futura
2649 4115 2789 4168 bona
2820 4115 3000 4169 animo
3027 4117 3344 4185 cogitantes.

2195 4226 2214 4261 ι
2251 4208 2317 4262 Et
2340 4213 2698 4278 congregatus
2726 4216 2807 4262 est
2830 4208 3006 4262 omnis
3043 4207 3270 4279 populus
3297 4207 3585 4262 adversum
3610 4204 3696 4262 Je—

2123 4317 2145 4352 ι
2178 4299 2404 4356 remiam
2433 4299 2486 4352 in
2519 4299 2735 4353 domum
2763 4299 2996 4353 Domini.
3025 4298 3091 4352 Et
3113 4299 3396 4354 audierunt
3427 4299 3697 4369 principes

2124 4410 2146 4446 ι
2177 4391 2313 4449 Juda
2337 4393 2502 4447 verba
2533 4391 2667 4454 lucc,
2696 4400 2751 4446 et
2775 4391 3133 4446 ascenderunt
3167 4392 3233 4445 de
3270 4393 3428 4446 domo
3469 4392 3612 4462 regis
3643 4392 3694 4445 in

2127 4500 2146 4535 ι
2183 4481 2400 4537 domum
2455 4479 2664 4535 Domini
2701 4497 2714 4536 :
2752 4487 2806 4533 et
2862 4480 3122 4548 sederunt
3157 4479 3212 4534 in
3252 4480 3472 4534 introitu
3529 4489 3696 4550 parte

2128 4590 2151 4625 ι
2184 4571 2594 4630 Βοηιὶιιίιιονίε.
2631 4590 2650 4622 ο
2682 4568 2947 4625 Jeremias
2976 4571 3030 4624 in
3058 4570 3256 4642 templo
3289 4571 3453 4625 verba
3487 4572 3694 4627 Domini

2121 4666 2496 4736 prophetabat,
2521 4672 2576 4719 et
2605 4665 2816 4719 dixerat
2841 4681 2854 4712 τ
2889 4683 2910 4715 ε
2945 4664 3092 4719 Dabo
3111 4665 3325 4720 domum
3356 4665 3538 4730 istam,
3560 4666 3696 4720 sicut

2125 4757 2259 4822 Silo,
2289 4763 2344 4809 et
2371 4755 2557 4809 urbem
2583 4755 2721 4809 hanc
2759 4755 2810 4808 in
2839 4753 3263 4810 maledictionem
3294 4755 3505 4810 cunctis
3529 4758 3695 4827 genti-

2124 4851 2226 4904 bus
2252 4855 2427 4902 terrae.
2464 4865 2482 4897 ι
2516 4845 2818 4916 Statimque
2842 4861 2872 4899 a
2902 4845 3290 4910 sacerdotibus,
3319 4853 3374 4900 et
3395 4847 3696 4918 prophetis,

2122 4952 2178 4999 et
2217 4941 2433 5012 populo,
2481 4940 2742 4995 seditione
2765 4950 3056 5005 commota,
3086 4955 3246 4995 omne
3284 4940 3474 5012 vulgus
3509 4943 3699 4998 adver-
3796 4947 3804 4955 '

2123 5049 2240 5089 sum
2287 5033 2601 5104 prophetam
2643 5040 3002 5103 congregatur
3049 5030 3101 5086 in
3146 5032 3420 5102 templum,
3447 5033 3538 5092 ubi
3582 5042 3698 5088 erat

2122 5126 2408 5196 propheta,
2455 5131 2510 5178 et
2544 5124 2902 5187 sacerdotum,
2952 5137 3017 5177 ac
3061 5123 3472 5192 prophetarum,
3527 5124 3698 5195 vulgi—

2124 5234 2250 5289 que,
2294 5217 2541 5274 manibus
2571 5214 2870 5272 tenebatur.
2901 5213 3053 5280 Quod
3096 5229 3218 5269 cum
3250 5215 3528 5269 audissent
3553 5215 3698 5284 prin-

2123 5313 2270 5382 cipes
2294 5309 2544 5374 civitatis,
2571 5308 2662 5377 qui
2691 5310 2743 5362 in
2768 5307 2927 5362 domo
2948 5307 3092 5377 regia
3115 5306 3490 5371 versabantur,
3523 5314 3696 5360 trans-

2125 5407 2303 5460 ierunt
2326 5402 2439 5456 sive
2469 5420 2486 5451 ‹
2518 5399 2876 5455 ascenderunt
2912 5399 2978 5452 de
3010 5398 3170 5453 domo
3207 5396 3349 5467 regis
3388 5397 3440 5450 in
3479 5397 3693 5450 domum

2125 5492 2356 5549 Domini.
2389 5510 2408 5544 ι
2436 5490 2868 5559 Notandumque,
2897 5490 3039 5558 quod
3057 5487 3136 5541 ire
3159 5488 3226 5540 ad
3243 5487 3461 5541 domum
3484 5481 3691 5539 Domini

2124 5596 2380 5638 ascensus
2415 5581 2485 5636 sit
2517 5598 2530 5633 :
2565 5599 2582 5632 ι
2614 5579 2985 5649 Sederuntque
3029 5578 3081 5633 iu
3130 5577 3352 5632 introitu
3396 5582 3563 5646 porta:
3591 5572 3692 5627 Do-

2124 5672 2255 5726 mini
2276 5686 2444 5726 novm.
2474 5689 2489 5721 ι
2513 5669 2823 5741 Principum
2851 5669 2995 5725 enim
3013 5675 3133 5724 erat
3151 5664 3405 5724 oﬂiciium
3427 5663 3616 5720 sedere
3636 5661 3687 5716 in
