4022 6186
432 206 571 266 1003

1356 200 1721 279 EXPOSlTlO
1759 200 1985 260 SUPER
2023 197 2390 256 JEREMIAH.
2429 228 2498 240 —-
2534 198 2662 255 LIB.
2705 197 2773 253 Χ.

3560 198 3698 256 Ιυῦϐ

423 328 585 391 porta
606 317 798 372 domus
822 313 1059 378 Domini,
1083 321 1139 369 et
1167 313 1241 369 ibi
1266 314 1488 384 negotii,
1516 322 1565 369 et
1586 313 1867 370 seditionis
1893 326 2018 383 cog~
2044 314 2094 374 Α
2119 308 2363 364 stultitim
2389 317 2492 375 est,
2521 308 2669 364 aliud
2708 308 2787 364 sic
2822 306 3140 378 impendens
3169 307 3343 366 vitam
3380 309 3695 381 discrimen,

426 424 660 467 noscere
702 408 1013 465 veritatem.
1047 405 1196 467 Nova
1223 415 1403 463 autem
1446 415 1605 478 porta
1640 407 1856 472 dicitur,
1892 406 2020 477 quia
2121 401 2270 457 utde
2299 401 2524 457 veritate
2549 400 2625 456 nil
2649 401 2955 463 subimus.

424 500 521 571 qui
549 497 815 555 sedebant
848 498 904 552 in
926 512 1016 563 ea,
1040 496 1319 566 etjudicio
1349 509 1643 567 prterunt,
1675 499 2019 555 sacerdotum

428 602 484 649 et
508 589 1101 662 pseudoprophetarum
1128 587 1413 643 calumnia:
1436 589 1778 645 resistebant.

502 741 521 775 ι
560 721 629 777 Ει
652 718 821 776 locuti
870 724 997 774 sunt
1025 716 1335 774 sacerdotes
1364 726 1418 774 et
1459 719 1737 790 propheta:
1770 717 1835 773 ad
1863 718 2016 788 prin-

426 832 448 866 ι
486 813 659 884 cipes,
702 818 757 866 et
799 809 866 864 ad
908 822 1126 865 omnem
1155 808 1413 879 pupulum
1440 809 1683 864 dicentes
1708 826 1722 863 :
1747 806 2017 864 Iudicium

428 922 449 955 ι
488 903 683 958 mortis
709 906 795 956 est
837 896 958 954 viro
1000 898 1145 962 huic,
1188 898 1313 969 quia
1360 898 1702 970 prophetavit
1730 898 2018 954 adversum

427 1014 448 1048 ι
486 995 764 1051 civitatem
815 993 998 1059 istam,
1027 992 1169 1048 sicut
1212 992 1443 1048 audistis
1482 992 1705 1047 auribus
1732 992 1949 1048 ve5tris.
1991 1011 2010 1045 ι

422 1083 754 1140 Sedentibus
795 1083 948 1138 urbis
989 1083 1323 1153 principibus
1351 1082 1405 1137 in
1448 1091 1603 1155 porta
1637 1083 1844 1153 templi,
1874 1090 1930 1137 et
1961 1082 2016 1138 in

422 1184 582 1247 porta
632 1189 793 1241 nova,
819 1175 912 1245 qui
941 1173 1010 1230 de
1059 1174 1203 1247 regis
1232 1173 1434 1246 palatio
1483 1173 1552 1229 ad
1589 1174 1847 1245 templum
1887 1188 2019 1230 con-

424 1276 732 1332 currerant,
752 1274 810 1322 ut
825 1267 1019 1324 seditio
1039 1268 1221 1339 populi
1244 1269 1548 1335 sedaretur,
1571 1280 1625 1323 et
1642 1268 1904 1324 concione
1923 1282 2020 1338 po-

424 1358 537 1428 puli
554 1367 882 1430 congregata
903 1366 1161 1413 accusant
1182 1358 1492 1415 sacerdotes
1512 1365 1567 1412 et
1583 1357 2020 1430 pseudoprophe-

426 1461 497 1505 t:e
520 1448 832 1517 Jeremiam,
856 1451 1197 1521 perieratque
1225 1451 1510 1522 propheta,
1542 1459 1803 1522 quantum
1834 1450 1934 1506 fuit
1962 1450 2016 1505 in

425 1541 802 1597 sacerdotibus
828 1549 883 1596 et
900 1540 1180 1612 prophetis
1202 1540 1279 1597 :si
1301 1552 1647 1598 accusatores
1671 1542 1773 1613 ipsi
1797 1542 2020 1599 habuis-

426 1629 752 1701 sentjudicii
776 1638 1122 1703 potestatem.
1150 1632 1231 1688 Ex
1266 1647 1373 1702 quo
1407 1632 1777 1705 intelligimus,
1822 1634 2017 1690 crude-

425 1719 593 1778 liores
620 1720 787 1778 fuisse
817 1723 869 1778 in
907 1722 1227 1795 prophetam
1250 1737 1350 1794 per
1378 1723 1634 1781 invidiam
1681 1725 2010 1792 (sanctitatis,

429 1816 523 1887 qui
557 1816 804 1887 religioni
841 1815 1164 1873 videbantur
1190 1812 1379 1884 dediti,
1410 1832 1573 1887 quam
1600 1819 1693 1892 qui
1724 1818 2019 1876 necessita-

435 1907 575 1963 tibus
595 1907 823 1979 publicis
849 1917 1146 1980 praeerant.

505 2058 526 2092 ι
561 2039 631 2095 Ει
657 2040 736 2096 ait
753 2037 1018 2099 Jeremiat
1052 2041 1120 2097 ad
1154 2053 1347 2100 omnes
1386 2043 1681 2114 principes,
1710 2052 1769 2099 et
1799 2044 1868 2100 ad
1894 2043 2017 2099 uni-

436 2151 456 2186 ι
491 2148 708 2189 versum
749 2132 1027 2204 populum,
1072 2132 1260 2192 dicens
1292 2135 1592 2192 :Dominns
1629 2134 1778 2191 misit
1822 2149 1912 2191 me
1954 2143 2018 2190 ut

434 2244 454 2277 ι
489 2222 867 2295 prophetarum
889 2224 957 2280 ad
979 2224 1197 2281 domum
1225 2224 1353 2295 (sise
1377 2234 1540 2296 super
1558 2223 1800 2297 dotnum)
1831 2224 2014 2290 istam,

437 2333 457 2367 ι
491 2322 549 2371 et
569 2314 639 2369 ad
674 2314 954 2371 civitatem
979 2314 1110 2387 (sive
1133 2329 1300 2386 super
1331 2316 1629 2389 civitatem)
1662 2317 1801 2372 hanc
1835 2318 2019 2373 omnia

438 2424 459 2458 ι
494 2407 659 2485 verba
685 2421 806 2477 qum
844 2407 1091 2465 audistis.
1142 2407 1300 2465 Nunc
1333 2422 1465 2480 ergo
1502 2410 1675 2465 bonas
1709 2409 1873 2466 tacite
1901 2410 2019 2467 vias

440 2512 463 2549 ι
496 2504 709 2551 vestras
726 2504 783 2553 et
810 2497 986 2553 studia
1013 2506 1215 2564 vestra,
1242 2498 1425 2555 audite
1452 2512 1640 2556 vocem
1666 2500 1880 2556 Domini
1922 2500 2014 2556 Dei

438 2605 462 2642 ι
494 2588 686 2653 vestri,
715 2597 774 2646 et
795 2590 1077 2659 pmnitebit
1124 2590 1413 2647 Dominum
1453 2591 1582 2646 mali
1610 2592 1755 2663 quod
1803 2591 2017 2648 locutus

439 2697 460 2732 ι
496 2687 582 2737 est
610 2679 897 2737 adversum
924 2696 1024 2739 vos
1052 2681 1179 2755 (sise
1196 2691 1255 2739 et
1279 2683 1522 2754 quiescet
1545 2684 1806 2740 Dominus
1828 2699 1857 2740 a
1900 2699 2017 2739 mn-

442 2790 460 2824 ι
500 2771 569 2827 lis
589 2786 719 2842 quae
731 2770 943 2829 locutus
967 2784 1052 2830 est
1070 2782 1265 2830 contra
1289 2777 1428 2847 vos).
1458 2775 1568 2848 Ego
1596 2785 1777 2832 autem
1804 2788 1933 2833 ecce
1961 2777 2018 2832 in

441 2883 461 2916 ι
495 2864 745 2920 manibus
768 2864 967 2921 vestris
1003 2880 1158 2922 sum:
1183 2864 1346 2922 facite
1378 2867 1514 2922 mihi
1538 2875 1598 2922 ut
1625 2868 1825 2923 bonum
1853 2875 1909 2925 et
1933 2881 2019 2922 re-

441 2974 461 3009 ι
499 2963 645 3012 ctum
688 2965 775 3012 est
811 2956 867 3014 in
906 2956 1080 3013 oculis
1105 2959 1301 3015 vestris
1334 2958 1461 3031 (sive
1482 2968 1544 3015 ut
1571 2960 1790 3030 expedit
1816 2960 2014 3032 vobis).

2195 509 2215 542 ι
2254 490 2325 547 Et
2341 491 2596 546 dixerunt
2625 491 2921 562 principes,
2948 499 3006 546 et
3028 492 3210 547 omnis
3236 492 3469 563 populus
3501 496 3574 552 ad
3615 512 3701 553 sa-

2125 598 2145 631 s
2179 579 2429 637 cerdotes
2453 589 2508 635 et
2531 580 2858 651 prophetas:
2885 579 3005 636 Non
3032 589 3121 637 est
3143 582 3262 638 viro
3286 584 3414 640 huic
3431 584 3693 652 judicium

2122 690 2144 723 ι
2179 671 2391 737 mortis,
2421 672 2547 741 quia
2579 672 2634 727 in
2672 673 2889 727 nomine
2917 673 3128 728 Domini
3159 674 3254 729 Dei
3281 677 3455 731 nostri
3484 677 3697 735 locutus

2123 782 2143 816 ι
2176 773 2262 819 est
2283 764 2352 819 ad
2393 778 2510 819 nos.
2543 782 2563 816 ι
2595 762 2849 833 Populus,
2875 764 2967 834 qui
3011 766 3163 836 prius
3184 780 3214 820 a
3243 766 3614 825 sacerdotibus
3639 778 3699 825 et

2118 854 2605 927 pseudoprophetis
2639 855 2818 910 fuerat
2852 854 3249 927 supplantattts,
3270 857 3519 930 jungitur
3545 863 3697 931 prin-

2117 945 2331 1017 cipibus
2355 947 2615 1014 civitatis,
2645 958 2702 1003 et
2734 962 2834 1018 pro
2857 947 3093 1004 Ieremia
3131 950 3392 1020 loquitur,
3423 954 3565 1023 quod
3605 966 3699 1008 ne-

2119 1050 2393 1110 quaquam
2429 1052 2556 1095 reus
2586 1041 2781 1096 mortis
2809 1038 2903 1106 sit,
2938 1042 3033 1097 sed
3060 1041 3113 1097 in
3143 1044 3361 1099 nomine
3382 1044 3619 1113 Domini,
3647 1056 3703 1103 et

2116 1141 2187 1184 ex
2215 1141 2312 1184 ore
2356 1129 2502 1185 illius
2551 1131 2911 1201 prophetarit.
2956 1130 3078 1187 Cito
3123 1134 3266 1188 enim
3310 1135 3501 1206 vulgus
3550 1137 3702 1193 indo-

2116 1228 2265 1277 ctum
2300 1230 2519 1292 accepta
2555 1222 2785 1289 ratione,
2816 1232 2989 1278 mutat
3024 1226 3372 1292 sententiam,
3412 1228 3566 1283 dolor
3605 1245 3701 1283 an—

2117 1320 2227 1368 tem
2259 1315 2654 1380 accusantium,
2704 1328 2976 1386 praecipue
3020 1318 3362 1372 sacerdotum
3392 1328 3445 1374 et
3472 1321 3701 1390 pseudo-

2117 1406 2527 1475 prophetarum,
2577 1420 2686 1461 non
2742 1414 2923 1477 potest
2978 1407 3370 1463 immutarizet
3419 1410 3541 1466 ideo
3594 1411 3701 1467 illis

2118 1496 2522 1563 accusantibus,
2556 1507 2613 1553 et
2638 1497 2693 1552 in
2716 1496 3062 1553 accusatione
3085 1500 3577 1569 perseverantibus,
3601 1517 3701 1572 po-

2119 1585 2278 1657 pulus
2314 1592 2703 1653 commutatur,
2747 1586 2892 1657 quod
2944 1602 3097 1658 spem
3142 1588 3224 1644 eis
3253 1588 3477 1643 dederat
3518 1590 3699 1645 indul-

2043 1667 2092 1727 B
2118 1678 2314 1747 gentia:
2342 1677 2621 1743 Dominus,
2653 1678 2700 1733 si
2734 1677 2906 1733 bonas
2932 1676 3174 1733 facerent
3202 1677 3319 1733 vias
3342 1693 3491 1745 suas,
3521 1687 3577 1735 et
3602 1695 3700 1734 au-

2117 1768 2299 1825 dirent
2323 1784 2510 1825 vocem
2541 1769 2755 1825 Domini
2792 1767 2888 1825 Dei
2922 1770 3031 1837 sui,
3061 1780 3122 1825 ut
3147 1775 3204 1824 et
3244 1767 3505 1827 Dominus
3548 1784 3703 1828 suam

2117 1858 2442 1913 sententiam
2466 1857 2730 1915 ﬂecteret.

2191 1969 2210 2000 ι
2243 1947 2719 2020 Surrexeruntque
2736 1948 2841 2004 viri
2863 1949 2931 2005 de
2945 1949 3249 2006 senioribus
3274 1958 3453 2017 terrm,
3474 1960 3531 2007 et
3550 1951 3703 2007 dixe-

2125 2060 2144 2092 ι
2180 2049 2309 2096 runt
2336 2041 2403 2096 ad
2422 2054 2639 2098 omnem
2660 2049 2861 2097 coetum
2887 2042 3069 2112 populi
3098 2041 3421 2112 loquentes:
3446 2040 3697 2099 Michaeas

2124 2148 2143 2182 ι
2181 2132 2248 2187 de
2278 2130 2500 2187 Morasti
2526 2130 2629 2187 fuit
2666 2132 2931 2202 propheta
2964 2132 3019 2187 in
3048 2131 3241 2189 diebus
3267 2132 3513 2189 Ezechiae
3555 2136 3701 2207 regis

2124 2241 2145 2275 ‹
2182 2220 2339 2291 Iuda,
2376 2233 2432 2279 et
2475 2224 2554 2278 ait
2598 2225 2667 2280 ad
2717 2238 2935 2279 omnem
2977 2224 3234 2295 populum
3279 2224 3431 2282 Iuda:
3469 2227 3699 2283 dicens:

2125 2331 2145 2365 ι
2180 2312 2306 2371 llaec
2332 2314 2465 2371 dicit
2507 2314 2770 2371 Dominus
2804 2316 3141 2371 exercituum
3172 2333 3187 2369 :
3223 2315 3353 2373 Sion
3384 2317 3536 2389 quasi
3574 2334 3705 2392 ager

2125 2424 2145 2458 ¢
2179 2407 2445 2473 arabitur,
2483 2405 2821 2463 Hierusalem
2850 2408 2904 2462 in
2933 2422 3186 2463 acervum
3223 2407 3461 2480 lapidum
3490 2410 3615 2476 erit,
3646 2421 3706 2467 ct

2126 2516 2144 2547 I
2179 2511 2336 2552 mons
2369 2496 2564 2553 domus
2606 2497 2660 2552 in
2690 2496 2905 2553 excelsa
2935 2497 3215 2553 silvarum.
3245 2498 3497 2571 Nunquid
3528 2510 3704 2557 morte

2126 2607 2145 2638 ι
2180 2587 2559 2647 condemnavit
2590 2602 2714 2644 eum
2762 2588 3027 2646 Ezechias
3073 2604 3170 2645 rex
3221 2588 3384 2650 Iuda.
3419 2600 3477 2648 et
3523 2595 3704 2651 omnis

2126 2699 2145 2732 ‹
2177 2678 2349 2736 Inda?
2373 2676 2626 2753 Nunquid
2645 2697 2752 2737 non
2780 2681 3079 2738 timuerunt
3098 2682 3408 2751 Dominum,
3436 2693 3489 2742 et
3511 2685 3703 2757 depre-

2126 2788 2146 2822 ‹
2182 2769 2290 2826 cati
2336 2781 2464 2827 sunt
2508 2772 2703 2828 faciem
2742 2771 2980 2839 Domini,
3021 2782 3075 2828 et
3119 2772 3375 2844 pmnituit
3414 2775 3702 2832 Dominum

2126 2880 2145 2913 ι
2181 2860 2306 2916 mali
2336 2862 2480 2933 quod
2509 2862 2720 2919 locutus
2767 2868 2887 2919 erat
2918 2864 3208 2920 adversum
3237 2867 3368 2922 eos?
3391 2865 3577 2940 itaque
3602 2882 3703 2925 nos

2127 2970 2147 3003 ι
2184 2951 2410 3009 facimus
2447 2953 2650 3009 malum
2687 2955 2892 3026 grande
2936 2965 3125 3011 contra
3172 2957 3381 3015 animus
3408 2967 3644 3015 nostras.
3678 2979 3699 3014 ι

443 3066 462 3099 ι
498 3046 887 3104 Verumtamen
915 3048 1107 3105 scitote
1138 3057 1193 3105 et
1217 3029 1528 3121 cognoscite
1554 3029 1697 3121 quod
1729 3051 1774 3106 si
1794 3029 2014 3107 occide-
2044 3029 2088 3092 Ο
2121 3044 2402 3117 Principes
2430 3046 2664 3103 civitatis
2703 3056 2759 3103 et
2795 3046 3028 3119 populus
3060 3047 3365 3120 intelligunt
3391 3049 3580 3119 judicii
3612 3066 3707 3107 ve-

444 3155 464 3187 ι
498 3136 622 3193 ritis
670 3153 776 3200 me,
821 3140 1137 3210 sanguinem
1190 3140 1532 3196 innocentem
1573 3141 1785 3197 traditis
1827 3150 2017 3197 contra

443 3245 463 3279 ι
502 3228 876 3299 vosmetipsos,
904 3238 961 3286 et
992 3237 1181 3286 contra
1208 3230 1481 3286 civitatem
1528 3230 1686 3286 istam
1726 3238 1784 3285 et
1809 3230 2021 3287 habita-

443 3336 462 3368 ι
499 3325 645 3373 tores
665 3318 803 3389 ejus.
833 3317 890 3373 ιιι
916 3320 1144 3376 veritate
1183 3321 1327 3376 enim
1356 3321 1505 3377 misit
1535 3335 1624 3377 me
1654 3322 1915 3378 Dominus
1950 3322 2018 3376 ad

442 3428 460 3461 ι
494 3424 614 3474 vos,
657 3417 717 3463 ut
756 3408 1007 3481 loquerer
1050 3412 1103 3466 in
1132 3412 1355 3469 auribus
1390 3413 1587 3469 vestris
1626 3414 1807 3470 omnia
1851 3416 2018 3470 verba

440 3520 458 3553 ι
502 3502 637 3557 haec.
671 3521 690 3555 ι
718 3501 851 3558 Cum
901 3512 1164 3575 praesente
1208 3505 1404 3574 populo
1461 3507 1714 3562 sederent
1755 3506 1809 3561 in
1861 3508 2018 3576 porta

434 3593 708 3663 principes
740 3593 993 3658 civitatis,
1028 3602 1085 3650 et
1110 3602 1432 3651 accusarent
1464 3597 1777 3652 sacerdotes
1800 3608 1857 3652 et
1885 3611 2017 3667 pro-

435 3685 614 3755 pheta:
644 3682 936 3741 Jeremiam
981 3685 1323 3756 prophetam,
1370 3696 1426 3741 et
1462 3687 1656 3742 mortis
1683 3687 1890 3742 crimen
1936 3688 2019 3741 in-

437 3778 739 3836 tenderent.
763 3775 1028 3835 Jeremias
1059 3778 1128 3833 ad
1151 3778 1424 3849 principes
1446 3778 1705 3850 loquitur,
1733 3788 1789 3835 et
1812 3781 1880 3836 ad
1898 3781 2020 3835 nni-

434 3882 654 3923 versum
672 3867 947 3939 populum.
970 3883 1106 3937 quos
1133 3870 1474 3925 sacerdotum
1497 3879 1553 3924 et
1582 3870 2021 3940 pseudoprophe-

439 3968 620 4017 tarum
635 3958 800 4017 factio
820 3960 1209 4027 concitaverat,
1230 3962 1529 4031 prudenter
1546 3961 1752 4030 pariter
1774 3969 1830 4016 et
1850 3959 2022 4017 humi—

437 4049 566 4105 liter
579 4058 742 4120 atque
758 4058 1089 4106 constanter.
1109 4049 1417 4106 Prudenter
1431 4051 1575 4120 quod
1590 4065 1620 4107 ιι
1636 4050 1865 4106 Domino
1886 4050 2017 4105 mis-

436 4159 560 4200 sum
579 4158 705 4200 esse
730 4157 790 4199 se
814 4142 1044 4209 diceret,
1064 4151 1126 4197 ut
1151 4151 1343 4199 contra
1372 4142 1629 4214 templum
1656 4152 1715 4199 et
1743 4143 2017 4199 civitatem

435 4238 752 4309 loqueretur
780 4252 796 4291 :
820 4236 1081 4308 daretque
1098 4236 1403 4303 consilium,
1428 4239 1576 4308 quod
1609 4238 1654 4293 si
1680 4235 1884 4293 vellent
1902 4235 2018 4306 ejus

436 4328 629 4385 audire
669 4327 977 4394 consilium,
1022 4337 1081 4383 et
1114 4342 1275 4399 agere
1305 4328 1707 4399 paenitentiam,
1754 4327 2016 4383 Dominus

435 4436 654 4494 quoque
699 4436 854 4477 suam
901 4419 1226 4477 sententiam
1287 4428 1646 4475 commutaret
1690 4437 1706 4473 :
1743 4418 2019 4475 humiliter

433 4523 620 4571 autem
665 4513 720 4582 in
768 4527 856 4577 eo,
883 4513 1026 4583 quod
1067 4514 1178 4567 ait:
1206 4530 1226 4565 ι
1255 4510 1396 4567 Ecce
1436 4511 1492 4566 in
1536 4509 1788 4565 manibus
1823 4510 2020 4566 vestris

436 4618 579 4670 sum,
610 4603 773 4660 facite
801 4603 931 4658 mihi
964 4611 1026 4658 ut
1066 4604 1267 4658 bonum
1296 4610 1350 4658 et
1387 4612 1594 4657 rectum
1617 4610 1704 4656 est
1748 4602 1802 4656 in
1847 4602 2019 4657 oculis

435 4695 653 4750 vestris.
687 4713 707 4746 ι
734 4692 906 4749 Porro
932 4700 1280 4749 constanter:
1313 4711 1332 4744 ι
1364 4692 1418 4747 in
1466 4691 1696 4748 veritate
1738 4693 1888 4748 misit
1932 4710 2020 4748 me

436 4784 704 4841 Dominus
735 4783 804 4839 ad
823 4798 944 4849 vos,
978 4792 1038 4838 ut
1061 4783 1313 4853 loquerer
1346 4783 1400 4838 in
1430 4783 1655 4839 auribus
1681 4783 1880 4840 vestris
1897 4796 2020 4840 ont-

435 4876 527 4931 nia
570 4876 737 4930 verba
778 4876 911 4931 haec.
943 4893 964 4926 ι
994 4872 1237 4944 Aliisque
1280 4873 1623 4931 sermonibus
1655 4874 1932 4946 loquitur:
1960 4874 2018 4930 Si

437 4966 759 5031 irascimini,
798 4978 898 5021 cur
943 4974 1134 5022 cutttra
1182 4966 1437 5036 templum
1470 4977 1527 5022 et
1570 4966 1758 5022 urbem
1807 4967 2020 5022 Domini

435 5056 540 5113 sim
572 5056 803 5122 locutus,
838 5064 895 5111 et
918 5072 1066 5112 cura:
1089 5055 1244 5111 vobis
1272 5064 1357 5110 est
1378 5056 1526 5111 salus
1557 5058 1710 5113 urbis
1730 5067 1786 5112 et
1814 5058 2017 5129 templi,

434 5161 536 5203 cur
561 5148 773 5220 augetis
806 5156 1028 5218 peccata
1060 5146 1320 5218 peccatis,
1347 5155 1404 5200 et
1445 5148 1723 5218 sanguinis
1764 5148 1870 5204 mei
1909 5156 2020 5202 tam

438 5242 661 5309 urbem,
729 5257 891 5314 quam
944 5242 1282 5297 habitatores
1335 5241 1454 5313 ejus
1511 5256 1636 5297 reos
1689 5242 1904 5297 facitis?
1960 5242 2021 5297 Si

434 5333 656 5403 quando
694 5333 862 5405 igitur
906 5340 964 5389 et
1002 5332 1159 5389 nobis
1209 5345 1312 5402 pro
1352 5332 1694 5389 necessitatis
1735 5333 2018 5403 angustiis,

438 5424 744 5481 humilitate
762 5439 899 5495 opus
926 5431 1013 5481 est
1037 5441 1049 5455 ·
1075 5422 1154 5480 sic
1186 5438 1309 5481 eam
1334 5438 1690 5489 assumamus,
1723 5437 1793 5478 ne
1819 5425 2021 5479 verita-

438 5528 549 5572 tem
578 5526 635 5574 et
664 5517 1026 5573 constantiam
1055 5517 1386 5572 deseramus.
1424 5514 1582 5571 Aliud
1611 5524 1694 5570 est
1736 5515 1881 5570 enim
1924 5530 2019 5570 su-

440 5608 606 5681 perbe
643 5609 1026 5667 contumeliam
1071 5608 1249 5665 facere
1296 5608 1576 5677 iudicanti,
1622 5608 1764 5677 quod
1807 5610 2016 5680 signum

2049 4381 2096 4439 D

2124 3138 2357 3192 ritatcm.
2396 3135 2565 3195 Senes
2595 3146 2797 3204 autem,
2840 3153 3071 3212 quorum
3117 3142 3333 3212 proprie
3382 3150 3500 3197 erat
3544 3154 3706 3200 nosse

2112 3219 2325 3291 Vetera,
2368 3227 2632 3297 replicant
2672 3226 2978 3296 historiam,
3003 3238 3058 3284 et
3096 3230 3432 3301 prophetiam
3470 3226 3703 3289 Michaaa:

2121 3319 2187 3374 de
2218 3317 2461 3385 Morasti,
2501 3318 2592 3390 qui
2618 3320 2961 3392 prophetavit
2988 3322 3088 3377 sub
3120 3336 3247 3393 rege
3269 3321 3518 3388 Ezechia,
3559 3338 3707 3379 com-

2119 3420 2316 3482 parant
2337 3413 2633 3483 prophetia:
2657 3411 2930 3481 Jerer’nite,
2960 3429 3060 3486 pro
3089 3431 3193 3486 qua
3219 3416 3267 3471 ei
3294 3417 3484 3472 mortis
3512 3416 3707 3471 discri-

2120 3517 2243 3557 men
2290 3503 2640 3574 impenditur,
2689 3505 3090 3576 ostenduntque
3140 3505 3289 3561 illum
3332 3507 3536 3563 dixisse
3582 3522 3706 3579 gra-

2120 3592 2270 3649 vidra
2320 3602 2376 3650 ct
2403 3603 2580 3650 tamen
2605 3609 2636 3648 a
2666 3594 2817 3666 justo
2842 3611 2971 3668 rege
3007 3596 3240 3653 Ezechia
3284 3598 3414 3652 nihil
3442 3612 3560 3654 esse
3584 3612 3706 3668 per-

2120 3698 2356 3755 pessum,
2407 3685 2502 3740 sed
2546 3700 2840 3742 conversos
2872 3686 2940 3742 ad
2979 3687 3356 3757 pmnitentiam
3390 3687 3603 3744 Domini
3652 3687 3706 3744 in

2121 3777 2316 3831 bonam
2356 3785 2565 3847 partem
2617 3777 2846 3834 vertisse
2890 3779 3233 3835 sententiam.
3275 3778 3527 3835 Michreas
3560 3779 3706 3835 enim

2121 3865 2296 3921 dixit:
2328 3885 2347 3917 ι
2377 3866 2507 3921 Sion
2537 3868 2691 3937 quasi
2736 3883 2867 3941 ager
2892 3866 3155 3935 arabitur,
3199 3876 3255 3924 et
3284 3868 3619 3926 Hierusalem
3653 3869 3708 3926 in

2123 3970 2377 4011 acervum
2424 3956 2660 4026 lapidum
2700 3958 2824 4023 erit,
2875 3965 2930 4013 et
2969 3973 3125 4014 mons
3162 3960 3354 4015 domus
3400 3961 3453 4015 in
3492 3962 3707 4018 excelsa

2123 4044 2381 4105 sibvarum
2418 4043 2606 4117 (Mich.
2643 4044 2746 4118 ut).
2782 4065 2801 4098 ι
2831 4046 3001 4102 Porro
3030 4043 3330 4104 Jeremias:
3363 4067 3382 4101 ι
3411 4048 3582 4116 Dabo,
3618 4050 3704 4105 in-

2123 4134 2258 4203 quit,
2290 4134 2506 4189 domum
2539 4134 2699 4190 istam
2730 4135 2865 4191 sicut
2905 4134 3038 4202 Silo,
3079 4145 3134 4192 et
3159 4137 3349 4193 urbem
3397 4138 3537 4196 hanc
3568 4140 3707 4196 dabo

2122 4225 2176 4281 in
2200 4224 2629 4283 maledictionem
2645 4229 2856 4284 cunctis
2874 4231 3126 4301 gentibus
3139 4237 3297 4286 terra:
3311 4229 3463 4305 (Sup.
3478 4232 3649 4306 xxw).
3682 4254 3701 4288 ι

2122 4319 2368 4389 Dantque
2424 4318 2707 4376 consilium
2749 4330 3004 4393 putantes
3054 4336 3394 4394 nequaquam
3442 4324 3705 4390 futurum,

2122 4410 2266 4479 quod
2302 4409 2551 4467 Michteas
2582 4411 2925 4482 praedixerat,
2956 4413 3080 4484 quia
3118 4412 3289 4470 multo
3319 4424 3560 4486 tempore
3597 4432 3704 4473 non

2121 4501 2191 4557 sit
2218 4501 2418 4557 factum
2446 4512 2668 4573 propter
2694 4504 2873 4575 populi
2898 4505 3298 4574 pmnitentiatn.
3332 4506 3400 4561 Et
3435 4508 3539 4564 hoc
3568 4524 3706 4580 quo-

2122 4606 2246 4663 que,
2282 4593 2425 4663 quod
2450 4591 2713 4649 Jeremlas
2751 4595 2961 4651 locutus
2993 4604 3096 4662 est,
3137 4611 3479 4669 nequaquam
3515 4601 3629 4657 fore
3657 4604 3704 4658 si

2114 4684 2270 4754 juxta
2301 4685 2583 4741 consilium
2611 4684 2727 4755 ejus
2749 4687 2920 4743 bonas
2945 4688 3144 4744 faciant
3175 4690 3292 4746 vias
3318 4707 3464 4758 suas,
3501 4702 3557 4749 et
3586 4703 3704 4749 stu-

2125 4775 2211 4831 dia
2238 4792 2334 4832 sua
2357 4786 2411 4832 et
2431 4775 2651 4833 audiant
2677 4794 2863 4835 vocem
2885 4777 3096 4835 Domini
3118 4780 3213 4837 Dei
3237 4782 3345 4849 sui,
3366 4792 3426 4838 ut
3450 4785 3707 4839 Dominus

2122 4881 2227 4923 non
2256 4867 2456 4923 inferat
2488 4869 2710 4934 malum,
2738 4870 2880 4940 quod
2907 4872 2986 4926 eis
3012 4870 3189 4928 fuerat
3243 4873 3603 4929 comminatus
3635 4873 3707 4927 si-

2122 4961 2344 5033 mulque
2387 4962 2643 5033 frangunt
2686 4972 3061 5020 accusatorum
3113 4964 3341 5030 rabiem,
3391 4973 3447 5020 et
3490 4980 3549 5021 se
3603 4965 3706 5020 mi-

2123 5065 2276 5113 scent
2302 5072 2425 5112 cum
2450 5057 2531 5114 eis
2562 5058 2803 5114 dicentes
2835 5076 2848 5112 :
2880 5078 2898 5109 ι
2926 5057 3113 5127 Itaque
3133 5073 3232 5113 nos
3255 5057 3483 5112 facimus
3502 5055 3704 5113 malum

2123 5151 2327 5221 grande
2356 5158 2546 5205 contra
2576 5150 2785 5205 animas
2819 5162 3056 5214 nostras,
3088 5170 3107 5201 ι
3141 5166 3245 5204 non
3276 5163 3383 5219 quo
3405 5148 3585 5205 facere
3612 5150 3705 5205 de-

2124 5241 2307 5306 beant,
2334 5240 2429 5296 sed
2460 5240 2584 5311 quia
2619 5240 2665 5295 si
2697 5239 2943 5305 fecerint,
2973 5255 3310 5309 nequaquam
3354 5248 3587 5296 noceant
3611 5256 3705 5297 ac-

2124 5341 2336 5395 cusato,
2363 5328 2459 5385 sed
2490 5329 2773 5385 animabus
2801 5329 2935 5395 suis,
2973 5344 3108 5399 quas
3150 5329 3446 5385 mutatione
3486 5339 3703 5387 sentcn-

2123 5419 2211 5473 tiae
2229 5420 2504 5490 potuerint
2530 5420 2783 5475 liberare.

2199 5529 2219 5561 ι
2253 5510 2378 5566 Fuit
2410 5525 2623 5581 quoque
2648 5510 2732 5565 vir
2777 5510 3108 5581 prophetam
3149 5512 3203 5567 in
3235 5513 3455 5569 nomine
3487 5514 3703 5570 Domini

2130 5626 2147 5659 ι
2186 5607 2344 5664 Urias
2368 5608 2507 5663 illius
2530 5606 2710 5663 Setnei
2736 5608 2801 5664 de
2820 5606 3264 5677 Chariathiarim,
3290 5616 3345 5665 ct
3363 5610 3703 5680 propltetavit
