4022 6186
396 168 562 226 mw

406 297 446 332 4
479 279 764 334 adversum
816 272 1089 331 civitatem
1136 277 1319 342 istam,
1365 284 1421 331 et
1468 278 1753 333 adversum
1794 286 1992 335 terram
2023 289 2070 347 Α

423 390 447 426 ι
482 372 646 436 hanc,
683 367 840 438 juxta
873 368 1126 425 universa
1174 371 1338 425 verba
1376 368 1642 424 Jeremiae.
1691 370 1759 424 Et
1792 372 1993 426 audivit

401 480 444 516 εει
474 475 572 517 rex
596 458 841 515 Joacbim
877 465 933 512 et
957 473 1146 514 omnes
1182 466 1448 529 potentes,
1479 466 1535 514 et
1573 473 1763 515 omnes
1795 461 1996 532 pn’nci-

419 569 444 606 c
475 565 574 623 pes
594 548 711 618 ejus
739 550 904 603 verba
933 548 1070 612 haec,
1098 555 1152 602 et
1188 548 1434 618 quaesivit
1461 564 1554 604 rex
1584 558 1645 603 ut
1667 549 2032 608 interﬁcerent

405 660 444 694 τε
480 657 625 698 eum.
652 638 1126 698 EtaudivitUrias,
1154 640 1419 706 ettimuit,
1445 639 1687 710 fugitque
1707 649 1764 696 et
1787 642 1994 712 ingres-

399 747 442 782 4
478 745 573 786 sus
597 737 678 784 est
704 727 1016 798 .Egyptum.
1045 746 1064 779 ι
1099 725 1357 796 Quodque
1397 729 1675 798 sequitur:
1707 750 1725 780 ι
1754 731 1822 784 Εῑ
1848 731 1994 785 misit

408 838 442 872 ει
477 836 573 875 rex
599 817 844 874 Joachim
873 818 1019 871 viros
1059 817 1113 870 in
1160 817 1452 889 Egyptum
1487 818 1785 873 Helnatban
1822 819 1989 873 ﬁlium

416 927 441 961 -ι
469 909 758 973 Achobor,
808 915 863 961 et
918 906 1064 960 viros
1101 921 1224 961 cum
1293 922 1359 962 eo
1411 907 1465 961 in
1507 907 1794 978 Egyptum
1823 948 1838 974 ,
1869 928 1886 961 ι
1937 910 1990 963 in

395 995 766 1068 Septuaginta
789 1010 892 1049 non
911 994 1165 1050 habetur.
1188 995 1320 1050 Dein
1340 996 1584 1067 jungitur
1608 1012 1622 1050 :
1656 1015 1675 1048 ι
1703 998 1770 1052 Et
1792 999 1994 1052 eduxe~

411 1105 440 1138 4
477 1095 601 1140 runt
629 1084 814 1141 Uriam
849 1084 916 1138 de
942 1083 1174 1154 .Egypto
1203 1092 1258 1139 et
1286 1085 1626 1139 adduxerunt
1648 1100 1772 1140 eum
1803 1087 1868 1141 ad
1914 1102 1993 1140 re-

421 1194 440 1226 ι
477 1191 596 1246 gem
623 1174 888 1238 Joacbim,
922 1181 976 1229 et
999 1175 1264 1244 percussit
1287 1190 1409 1229 eum
1452 1175 1648 1245 gladio,
1679 1185 1736 1230 et
1766 1175 1994 1246 projecit

417 1287 440 1319 ι
477 1268 707 1322 cadaver
735 1267 852 1336 ejus
907 1266 959 1319 in
989 1266 1251 1335 sepulcris
1281 1266 1422 1337 vulgi
1470 1267 1738 1338 ignobilis.
1767 1269 1991 1323 Verum-

413 1378 436 1410 ‹
473 1367 650 1412 tamen
683 1372 872 1411 manus
896 1356 1120 1411 Aiebam
1167 1355 1261 1411 ﬁlii
1300 1355 1518 1427 Sapban
1545 1365 1662 1412 erat
1689 1372 1813 1412 cum
1840 1357 1993 1413 Jere-

417 1466 437 1500 ι
472 1447 603 1512 mia,
632 1456 692 1501 ut
721 1462 826 1501 non
858 1445 1161 1499 traderetur
1189 1445 1243 1498 in
1275 1461 1468 1500 manus
1491 1445 1670 1515 pepuli
1697 1455 1752 1500 et
1786 1445 1992 1499 interﬁ-

397 1557 436 1590 οι
474 1547 660 1593 cerent
681 1552 832 1592 eum.
868 1555 886 1587 ι
919 1535 1192 1602 Quaeritur
1235 1551 1333 1591 cur
1358 1552 1479 1591 cum
1514 1536 1671 1591 Urias
1713 1536 1856 1592 ﬁlius
1896 1537 1994 1591 Se-

391 1630 566 1685 ..meize
591 1629 658 1684 de
684 1628 878 1700 oppido
918 1627 1313 1683 Cbariatbarim
1355 1627 1543 1683 eadem
1587 1643 1707 1697 quae
1733 1627 1996 1683 Jeremias
2023 1646 2069 1704 Β
2097 1657 2317 1702 suci-am

387 1721 770 1792 ,prophetarit,
799 1721 989 1776 timore
1020 1721 1340 1790 perterritus
1363 1719 1559 1792 fugerit
1591 1720 1645 1775 in
1670 1719 1986 1791 Egyptum,

406 1824 471 1884 _et
497 1812 622 1868 inde
651 1822 919 1867 retractus
948 1813 1158 1867 occisus
1188 1813 1276 1877 sit,
1304 1811 1566 1868 Jeremias
1594 1813 1828 1882 potuerit
1855 1827 1986 1867 eva-

391 1907 562 1970 Idere,
587 1903 678 1974 qui
708 1912 855 1958 certe
879 1917 986 1958 non
1039 1902 1266 1973 fugerat,
1306 1904 1400 1958 sed
1437 1905 1692 1958 audacter
1718 1904 1773 1956 in
1807 1903 1988 1974 priore

411 1993 679 2050 sententia
732 2006 1085 2062 perseverans
1147 1992 1405 2048 liberatus
1449 1993 1562 2058 sit,
1627 2003 1734 2048 tam
1796 1993 1987 2063 vulgi,

411 2084 821 2155 principumque
859 2083 1084 2154 judicio,
1133 2099 1294 2152 quam
1339 2083 1563 2138 consilio
1591 2084 1865 2138 seniorum
1896 2082 1989 2137 ad-

409 2190 624 2230 versum
651 2181 998 2230 accusatores
1044 2172 1351 2228 sacerdotes
1383 2181 1440 2228 et
1469 2173 1984 2244 pseudoprOphetas.

407 2266 491 2320 Ad
533 2266 676 2336 quod
715 2266 952 2321 breviter
998 2265 1450 2334 respondendum,
1501 2279 1844 2334 nequaquam
1891 2264 1988 2318 Dei

409 2358 537 2413 sciri
579 2370 737 2428 posse
757 2355 1044 2425 judicium;
1079 2355 1208 2410 dum
1253 2356 1440 2410 eadem
1481 2370 1646 2411 causa
1692 2357 1988 2424 eademque

386 2449 694 2514 sententia,
723 2447 861 2502 alius
891 2447 1132 2518 punitur,
1160 2455 1214 2502 et
1241 2446 1378 2501 alius
1402 2446 1684 2513 liberatur,
1715 2448 1819 2503 nisi
1848 2447 1987 2504 forte

406 2540 511 2595 hoc
549 2539 875 2607 respondere
896 2552 1204 2608 possumus,
1227 2537 1370 2608 quod
1392 2536 1552 2593 Urias
1575 2538 1628 2591 in
1661 2538 1986 2594 condemna-

407 2630 630 2694 tionem,
656 2635 711 2682 et
738 2635 1134 2692 accusatorum,
1160 2636 1215 2681 et
1245 2626 1424 2698 populi
1457 2627 1758 2683 trucidatus
1782 2628 1873 2682 sit.
1899 2626 1986 2682 Je-

389 2720 607 2774 .remias
634 2727 815 2773 autem
849 2725 1157 2772 reservatus
1171 2716 1376 2788 judicio
1402 2717 1518 2783 Dei,
1556 2725 1616 2771 ut
1638 2717 1882 2788 reliquiis
1906 2718 1988 2773 iu-

405 2810 580 2866 fclicis
604 2809 784 2880 populi
813 2809 1153 2881 praedicaret,
1182 2817 1237 2864 et
1261 2823 1357 2864 eos
1393 2810 1698 2864 retraheret
1719 2809 1787 2863 ad
1810 2811 1986 2879 paeni-

388 2901 665 2957 ..tudinem.
708 2900 860 2968 Quod
905 2899 1122 2969 quidem
1173 2899 1312 2955 etin
1355 2899 1724 2969 apostolorum
1761 2899 1986 2955 Actibus

405 2992 656 3061 legimus,
686 2990 944 3047 Jacobum
997 2989 1299 3062 apostolum
1338 2991 1521 3046 statim
1550 2989 1777 3046 Herodis
1803 2999 1987 3064 pertu-

401 3083 531 3138 lisse
557 3082 899 3146 sententiam,
925 3089 980 3136 et
1005 3081 1264 3153 martyrio
1287 3088 1624 3146 coronatum,
1647 3079 1866 3135 Petrum
1890 3097 1984 3134 au-

407 3182 515 3228 tem
543 3181 599 3228 et
632 3181 860 3228 caeteros
897 3172 1166 3242 apostolos
1209 3172 1467 3226 doctrina:
1496 3172 1708 3225 Domini
1739 3185 1985 3225 reserva-

386 3272 513 3331 .tos,
539 3271 594 3318 et
621 3262 1095 3318 animadvertenda
1127 3261 1428 3316 constantia
1455 3259 1806 3330 prophetalis,
1837 3261 1983 3328 quod

389 3368 474 3410 [ne
509 3354 577 3408 de
620 3352 855 3424 Aigypto
896 3353 1111 3421 quidem
1166 3359 1434 3407 retractus
1485 3351 1644 3407 Urias
1694 3352 1984 3408 mutaverit

405 3443 750 3508 sententiam,
769 3441 863 3496 sed
885 3439 1071 3497 videns
1094 3441 1197 3496 sibi
1219 3441 1474 3497 intentari
1503 3450 1756 3507 mortem,
1782 3443 1980 3498 nihilo-

388 3536 588 3590 minus
615 3535 686 3588 sit
724 3534 957 3598 locutus,
982 3549 1100 3603 qua:
1141 3542 1472 3605 praeceperat
1499 3533 1772 3590 Dominus.
1809 3533 1983 3602 Quod-

389 3643 512 3696 que
544 3627 724 3681 timuit
748 3635 804 3681 et
831 3626 988 3698 fugit,
1021 3634 1076 3680 et
1111 3626 1386 3696 ingressus
1411 3634 1495 3682 est
1521 3623 1834 3697 Egyptum,
1874 3642 1978 3682 non

377 3715 757 3782 _..inﬁdelitatis,
785 3717 879 3772 sed
903 3716 1200 3786 prudentiae
1241 3717 1518 3784 indicium,
1560 3731 1628 3772 ne
1652 3716 1851 3772 frustra
1881 3724 1981 3774 nos

373 3807 695 3865 offeramus
725 3809 1016 3880 ,periculis,
1063 3809 1300 3879 alioquin
1329 3819 1385 3864 et
1413 3809 1698 3866 Dominum
1739 3809 1982 3865 Salvato-

403 3914 520 3955 rem
577 3899 643 3954 de
693 3886 946 3955 manibus
984 3899 1434 3971 persequentium
1487 3899 1694 3970 lapsum
1752 3899 1978 3971 legimus

375 3991 553 4060 .(Luc.
586 4007 672 4057 1v;
710 3989 872 4045 Joan.
902 3989 1022 4062 vui)
1049 4029 1064 4055 ,
1127 4000 1184 4044 et
1221 3989 1627 4060 praecipientem
1676 3990 1973 4060 apostolis:

377 4100 424 4132 .4
460 4081 594 4137 Cum
624 4097 748 4148 vos.
759 4080 1030 4151 persecuti
1077 4078 1278 4134 fuerint
1312 4080 1365 4133 in
1402 4080 1504 4135 hac
1529 4081 1770 4142 civitate,
1815 4077 1978 4149 fugite

367 4172 466 4227 .ad
511 4171 670 4225 aliam
697 4170 925 4243 (Manli.
965 4170 1044 4240 ι).
1077 4189 1095 4222 ι
1143 4168 1415 4236 Quaaritur
1464 4183 1676 4238 quoque
1709 4168 1976 4239 quomodo

369 4265 642 4320 ,Joachim
670 4279 764 4318 rex
788 4261 922 4316 Juda
947 4261 1098 4332 parvi
1125 4259 1355 4330 imperii,
1383 4267 1437 4314 et
1461 4259 1744 4326 debilitati,
1767 4257 1978 4328 etjam-

369 4355 614 4424 jamque
640 4353 891 4424 perituri,
921 4349 1166 4406 mittendi
1200 4351 1253 4404 in
1277 4348 1571 4422 Egyptum
1605 4350 1854 4405 habuerit
1882 4364 1975 4420 po-
2002 4349 2053 4408 D

397 4453 666 4508 testatem,
693 4453 748 4498 et
785 4443 906 4510 inde
937 4442 1124 4498 Uriam
1151 4442 1404 4496 educere.
1441 4440 1593 4509 Quod
1635 4443 1789 4497 facile
1816 4441 1978 4497 solvi-

369 4542 507 4596 .tur,
547 4534 591 4587 si
631 4533 1036 4588 consideremus
1079 4547 1203 4586 eum
1244 4547 1274 4584 a
1322 4546 1450 4601 rege
1499 4526 1714 4602 ΑΕΒ-γριὶ
1760 4530 1976 4586 Nechao

396 4624 693 4694 principem
718 4624 1092 4688 constitutum,
1131 4632 1186 4676 et
1229 4621 1370 4676 hanc
1409 4621 1749 4692 prephetiam
1776 4619 1974 4674 factam

371 4731 517 4770 i-esse
543 4715 593 4768 in
619 4714 884 4784 principio
919 4714 1067 4784 regni
1093 4712 1227 4780 ejus.
1262 4711 1580 4781 Quanquam
1606 4719 1784 4765 autem
1824 4709 1974 4765 Jere-

389 4810 535 4863 mias
571 4807 780 4864 Domini
805 4808 1069 4877 adjutorio
1095 4807 1352 4860 liberatus
1375 4807 1671 4871 sit,=tamen
1693 4814 1750 4860 et
1784 4805 1856 4860 illi
1890 4820 1972 4859 rc-

391 4909 616 4971 putatur
656 4898 711 4952 in
762 4896 1085 4960 mercedem,
1122 4910 1217 4966 per
1257 4911 1416 4964 quem
1461 4896 1779 4965 prophetam
1817 4911 1970 4949 suum

395 4991 654 5045 Dmninus
697 4987 965 5050 liberavit,
1011 4986 1237 5040 Aiebam
1291 4986 1538 5041 videlicet
1575 4983 1684 5038 ﬁlio
1729 4984 1966 5053 Saphan,

399 5081 542 5150 quod
573 5081 625 5134 in
665 5077 1058 5150 posterioribus
1084 5076 1276 5130 lecturi
1314 5091 1517 5140 sumus,
1551 5075 1766 5144 quando
1793 5075 1858 5129 de
1896 5076 1971 5130 ci—

399 5181 583 5226 sterna
633 5170 730 5224 luti
789 5168 1168 5224 Abdamelechi
1232 5165 1486 5236 spadonis
1532 5165 1756 5220 consilio
1812 5175 1970 5236 atque

374 5261 643 5331 praesidio
668 5259 929 5315 Jeremias
953 5258 1018 5312 de
1039 5256 1278 5328 periculo
1308 5256 1495 5310 mortis
1523 5255 1798 5312 liberatur.

1088 5495 1242 5514 ι-ο

1027 166 1088 220 Β.
1126 164 1378 222 RABANl
1419 165 1637 224 MAURI
1674 167 1990 228 ARCHIEP.
2030 171 2335 230 MOGL'NT.
2374 172 2659 233 OPERUM
2698 175 2874 233 PARS
2911 179 2997 234 lll.

3529 182 3657 242 1008

2642 286 2868 345 CAPUT
2909 287 3118 345 XXVII.

2096 391 2182 473 De.
2194 393 2390 473 catenis
2429 392 2634 464 ligneis,
2669 405 2716 449 et
2743 395 3259 473 vinculisumitlendis
3281 397 3512 473 quinque
3539 405 3664 473 regi.

2165 463 2260 543 bus
2279 477 2299 516 :
2318 472 2367 517 et
2401 463 2677 518 monentur
2706 466 2893 534 subjici
2939 463 3435 525 Nabuchodonosor:
3461 488 3525 528 ne
3559 463 3663 532 me-

2164 543 2389 587 nuntur.

2169 663 2188 696 ι
2223 645 2279 699 In
2309 646 2577 717 principio
2605 649 2751 720 regni
2784 649 2991 705 Joacirn
3029 651 3123 708 ﬁlii
3145 653 3306 710 Josiaa
3342 658 3484 727 regis
3503 656 3659 728 Iuda,

2099 757 2118 790 ι
2152 737 2352 793 factum
2375 749 2457 794 est
2485 740 2705 794 verbum
2731 741 2937 796 Domini
2961 743 3027 797 ad
3051 743 3337 801 Jeremiam
3364 764 3393 802 a
3418 751 3659 819 Domino,

2099 845 2118 879 ι
2153 827 2357 883 dicens.
2391 850 2409 882 ι
2447 827 2714 903 (Ιιὶενοη.)
2743 831 2856 886 Hoc
2899 832 2950 886 in
2991 833 3224 891 editione
3251 837 3394 892 LXX
3440 855 3542 895 non
3571 843 3665 897 ha-

2091 918 2269 986 betur,
2300 929 2353 975 et
2380 921 2533 975 multi
2563 933 2754 991 putant
2779 927 3051 994 sequentis
3079 929 3296 997 capituli
3328 946 3446 986 esse
3471 933 3664 1002 princi-

2090 1010 2259 1081 pium,
2284 1014 2428 1081 quod
2458 1027 2794 1084 nequaquam
2827 1016 2900 1069 ita
2944 1026 3050 1084 est,
3090 1021 3183 1074 sed
3220 1019 3550 1092 jungendum
3582 1041 3665 1079 su-

2090 1103 2314 1172 periori,
2341 1112 2398 1156 ut
2425 1104 2683 1174 quidquid
2721 1106 2923 1161 dictum
2971 1107 3224 1176 refertur,
3253 1120 3308 1166 et
3357 1113 3573 1179 factum,
3609 1117 3664 1170 in

2090 1191 2356 1263 principio
2404 1195 2553 1264 regni
2607 1195 2810 1251 Joacim
2841 1237 2856 1262 ,
2915 1197 3115 1256 factum
3163 1217 3282 1257 esse
3337 1207 3656 1264 credamus:

2094 1279 2244 1336 Unde
2273 1291 2328 1337 et
2357 1283 2599 1339 mittendi
2632 1286 2683 1339 in
2711 1285 3022 1357 Egyptum,
3047 1293 3199 1359 quasi
3230 1293 3297 1347 ad
3326 1297 3555 1350 amicum
3582 1315 3665 1355 re-

2091 1386 2211 1441 gem
2254 1372 2439 1427 habuit
2484 1383 2826 1444 potestatem.
2875 1377 3134 1436 Videntur
3178 1394 3358 1439 autem
3401 1388 3527 1440 mihi
3577 1387 3665 1444 Se-

2091 1464 2370 1534 ptuaginta
2403 1466 2614 1521 titulum
2645 1468 2806 1522 istum
2839 1471 2941 1525 hac
2971 1473 3178 1528 ratione
3205 1475 3435 1538 siluisse,
3475 1494 3542 1532 ne
3575 1495 3662 1534 se-

2093 1557 2271 1611 cundo
2306 1557 2486 1613 dicere
2514 1559 2844 1616 viderentur.
2875 1561 2994 1616 Jam
3024 1580 3165 1620 nunc
3195 1567 3247 1619 in
3285 1569 3548 1638 principio
3572 1586 3663 1640 po-

2368 1667 2381 1702 :
2430 1667 2448 1700 ι
2483 1648 2540 1703 In
2588 1651 2853 1722 principio
2902 1655 3044 1735 regis
3094 1654 3299 1712 Joacim
3356 1659 3449 1713 filii
3507 1658 3662 1716 Josite

2091 1737 2234 1806 regis
2261 1736 2422 1804 Juda,
2468 1737 2673 1794 factum
2713 1751 2798 1795 est
2839 1743 3060 1798 verbum
3109 1745 3251 1802 istud
3277 1763 3308 1802 a
3336 1747 3564 1805 Domino
3587 1751 3657 1806 di-

2091 1841 2218 1882 cens
2248 1845 2260 1880 2
2302 1847 2318 1879 ι

2167 1935 2186 1968 ι
2224 1917 2348 1974 Hazc
2381 1921 2512 1975 dicit
2551 1921 2811 1978 Dominus
2836 1924 2903 1979 ad
2943 1939 3029 1979 me
3054 1941 3068 1979 :
3093 1926 3203 1982 Fac
3244 1929 3341 1984 tibi
3375 1931 3581 1986 vincula
3611 1941 3662 1986 et

2095 2028 2113 2061 ι
2151 2019 2369 2066 catenas
2397 2032 2416 2065 ι
2450 2011 2576 2084 (sive
2611 2016 2827 2079 κλοιοΰς,
2870 2031 2988 2086 qua:
3025 2017 3287 2075 Hebraice
3335 2023 3663 2092 appellantur

2086 2111 2274 2162 nam:
2293 2112 2346 2157 et
2369 2119 2616 2161 sermone
2652 2107 2858 2177 vulgari
2885 2107 3093 2181 Boias),
3131 2129 3149 2162 ι
3177 2128 3452 2184 ponesque
3480 2130 3570 2171 eas
3608 2118 3658 2171 in

2093 2209 2112 2242 ι
2151 2191 2287 2247 collo
2302 2201 2410 2258 tuo,
2432 2202 2485 2248 et
2508 2195 2686 2250 mittes
2705 2211 2796 2251 eas
2814 2199 2881 2251 ad
2902 2213 3080 2267 regem
3103 2200 3294 2267 Edon),
3312 2212 3368 2258 et
3396 2206 3464 2260 ad
3485 2222 3659 2276 regem

2095 2299 2112 2330 ι
2147 2280 2320 2347 Moab,
2345 2293 2401 2337 et
2429 2283 2496 2338 ad
2543 2299 2723 2355 regem
2755 2285 2984 2343 ﬁliorum
3012 2290 3261 2357 Ammon,
3288 2302 3342 2347 et
3371 2295 3438 2348 ad
3484 2312 3657 2366 regem

2093 2390 2112 2424 ι
2151 2372 2300 2445 Tyri,
2331 2382 2384 2428 et
2407 2376 2472 2430 ad
2505 2391 2686 2445 regem
2715 2377 2930 2434 Sidonis
2960 2397 3058 2451 per
3097 2399 3316 2439 manum
3355 2388 3657 2443 nuntiomm

2093 2483 2113 2517 ι
2147 2468 2239 2536 qui
2285 2478 2551 2523 venerunt
2597 2469 2932 2526 Hierusalem
2981 2474 3049 2528 ad
3103 2473 3422 2532 Sedecbiam
3477 2495 3654 2550 regem

2094 2573 2114 2606 ι
2149 2554 2306 2623 Juda,
2334 2568 2390 2612 et
2413 2560 2696 2628 prazcipies
2727 2562 2807 2616 eis
2833 2571 2893 2616 ut
2914 2564 2980 2616 ad
3017 2565 3264 2621 dominos
3286 2583 3413 2622 suos
3444 2568 3654 2638 loquan-

2095 2664 2112 2696 ι
2146 2653 2233 2701 tur
2260 2665 2273 2700 :
2304 2647 2425 2703 Haec
2449 2650 2579 2704 dicit
2619 2649 2879 2706 Dominus
2919 2654 3249 2710 exercituum
3278 2657 3422 2713 Deus
3454 2659 3612 2714 Israel
3639 2677 3652 2725 ;

2092 2755 2110 2789 ι
2145 2738 2261 2794 haec
2293 2739 2483 2795 dicetis
2511 2742 2578 2796 ad
2619 2743 2866 2798 dominos
2897 2754 3125 2801 vestros.
3157 2766 3177 2801 ι
3222 2747 3500 2805 Praeterita
3527 2753 3655 2807 visio

2087 2830 2140 2883 in
2183 2830 2445 2900 principio
2485 2830 2626 2888 facta
2659 2843 2744 2889 est
2795 2835 2862 2890 ad
2905 2839 3222 2908 prophetam
3267 2844 3416 2914 regni
3455 2841 3657 2900 Joaeim

2089 2917 2184 2975 ﬁlii
2208 2919 2369 2978 Josia:
2395 2923 2537 2994 regis
2563 2922 2720 2981 Iuda.
2744 2924 2872 2982 Haec
2903 2937 3083 2984 autem
3109 2930 3210 2984 sub
3241 2931 3528 3001 Sedecbia,
3565 2937 3656 3005 qui

2015 2994 2058 3056 (ἶ
2090 3022 2364 3070 extremus
2394 3020 2639 3087 regnavit
2680 3021 2733 3074 in
2778 3020 3136 3090 Hierusalem,
3167 3034 3223 3080 et
3263 3027 3365 3081 sub
3390 3044 3498 3097 quo
3515 2994 3654 3084 Iur-bs

2081 3115 2241 3175 capta
2281 3115 2362 3161 est
2399 3116 2561 3178 atque
2610 3112 2890 3167 subversa.
2933 3113 3352 3189 Prmcipiturque
3393 3119 3656 3188 Jeremim,

2084 3208 2142 3252 ut
2169 3207 2408 3263 catenas,
2439 3201 2552 3256 sive
2587 3201 2766 3258 furcas
2791 3204 3016 3276 ligneas,
3049 3224 3170 3277 qum
3196 3218 3254 3262 ut
3281 3212 3517 3268 diximus
3550 3215 3654 3270 He-

2085 3289 2268 3345 braice
2294 3293 2630 3362 appellantur
2657 3306 2861 3359 mam,
2893 3300 3132 3368 imponat
3152 3301 3288 3356 collo
3310 3319 3430 3370 suo,
3461 3315 3515 3360 et
3542 3307 3656 3360 mit-

2085 3387 2162 3432 tat
2205 3395 2298 3434 eas
2345 3381 2410 3434 ad
2459 3397 2613 3452 reges
2659 3385 2847 3450 Edom,
2898 3385 3072 3454 Moab,
3120 3385 3354 3446 ﬁliorum
3398 3393 3650 3459 Ammon,

2085 3469 2234 3539 Tyri,
2277 3469 2514 3538 Sidonis,
2562 3488 2660 3543 per
2693 3475 2920 3545 legatos,
2947 3481 3038 3546 qui
3075 3492 3336 3536 venerant
3379 3485 3448 3539 ad
3494 3485 3654 3542 Sede-

2084 3559 2299 3614 chiam:
2339 3572 2393 3616 et
2433 3564 2711 3633 prarcipiat
2758 3568 2869 3621 suis
2915 3569 3148 3626 dominis
3199 3574 3472 3642 nuntiare,
3513 3580 3654 3647 quod

2082 3649 2194 3720 regi
2218 3649 2709 3709 Nabuchodonosor
2730 3658 2933 3712 servire
2960 3660 3206 3728 debeant,
3231 3674 3285 3718 et
3303 3667 3510 3734 audire,
3538 3684 3654 3740 qua:

2081 3754 2316 3810 sequens
2352 3745 2627 3814 prophetm
2668 3760 2850 3802 sermo
2877 3753 3243 3821 prosequitur.
3288 3755 3367 3811 Ac
3407 3773 3477 3813 ne
3501 3757 3628 3815 forsi

2082 3839 2172 3885 tan
2214 3831 2398 3901 legati,
2427 3842 2482 3888 et
2525 3849 2682 3905 reges
2711 3836 2933 3892 istarum
2968 3842 3207 3910 gentium
3249 3848 3651 3916 responderent,

2081 3938 2178 3977 cur
2200 3923 2302 3978 hoc
2331 3933 2423 3980 tuo
2451 3925 2647 3995 populo
2675 3942 2780 3982 non
2820 3931 3104 4002 praecipis?
3130 3932 3407 3991 Sedecbia:
3443 3953 3653 4011 quoque

2080 4013 2192 4080 regi
2231 4013 2426 4068 similia
2468 4015 2724 4084 loquitur,
2770 4026 2827 4073 et
2854 4022 3223 4079 sacerdotibus
3268 4040 3332 4080 ac
3357 4030 3650 4100 prophetis.

2079 4100 2234 4158 Hunc
2284 4104 2459 4159 locum
2507 4106 2827 4178 allegorieus
2880 4125 3094 4182 semper
3143 4115 3410 4188 interpres
3462 4122 3536 4192 (id
3577 4133 3652 4177 est

2081 4192 2370 4267 Origenes),
2401 4205 2456 4252 et
2481 4197 2724 4254 historia:
2757 4199 2966 4271 fugiens
2993 4205 3292 4272 veritatem,
3335 4209 3652 4282 interpreta-

2082 4293 2170 4338 tur
2195 4287 2263 4340 de
2303 4287 2516 4344 caelesti
2553 4289 2911 4360 Hierusalem,
2942 4297 3085 4365 quod
3127 4299 3356 4356 debeant
3393 4302 3655 4361 habitato-

2081 4387 2168 4428 res
2196 4375 2314 4445 ejus
2348 4386 2537 4447 sponte
2575 4394 2851 4437 assumere
2889 4400 3136 4455 corpora,
3165 4396 3220 4442 et
3244 4390 3571 4449 descendere
3598 4396 3648 4449 in

2044 4508 2045 4511 η
2079 4466 2422 4540 Babylonem,
2453 4471 2628 4538 idest,
2659 4474 3025 4532 confusionem
3052 4482 3233 4535 mundi
3267 4483 3444 4549 istius,
3471 4488 3560 4556 qui
3600 4488 3650 4541 in

2079 4557 2314 4628 maligno
2340 4560 2544 4629 positus
2569 4570 2671 4627 est,
2700 4573 2757 4618 et
2783 4567 2987 4621 servire
3021 4570 3131 4640 regi
3162 4569 3479 4642 Babylonio,
3513 4575 3650 4630 haud

2079 4648 2299 4704 dubium
2349 4652 2478 4721 quin
2533 4653 2787 4710 diabolo:
2822 4659 2963 4726 quod
3016 4661 3061 4714 si
3102 4662 3204 4717 hoc
3254 4663 3433 4720 facere
3470 4666 3653 4722 nolue-

2080 4741 2208 4806 rint,
2242 4758 2580 4813 nequaquam
2601 4749 2783 4816 gravia
2809 4765 3038 4820 corpora
3062 4762 3392 4823 portaturos,
3421 4759 3517 4812 sed
3554 4774 3620 4828 pe
3639 4794 3651 4800 κ

2082 4833 2282 4889 rituros
2306 4835 2484 4905 gladio
2523 4847 2579 4892 et
2615 4837 2755 4894 fame
2798 4851 2852 4895 et
2872 4854 3047 4911 peste,
3081 4854 3134 4899 et
3175 4861 3517 4918 nequaquam
3557 4852 3650 4906 ho-

2078 4924 2252 4978 mines
2289 4924 2520 4992 futuros,
2570 4930 2662 5012 sed
2711 4931 2998 4988 daemones.
3044 4934 3159 4990 Hoc
3199 4936 3285 4991 ille
3319 4938 3538 5006 dixerit,
3585 4957 3650 4996 ne

2079 5013 2390 5071 defensores
2416 5018 2532 5088 ejus
2573 5021 2727 5076 nobis
2769 5021 3093 5078 calumniam
3136 5025 3356 5085 faciant.
3383 5029 3648 5085 Caeterum

2079 5119 2178 5158 nos
2221 5105 2542 5177 simplicem,
2582 5118 2637 5164 et
2675 5125 2858 5165 veram
2895 5129 3186 5184 sequamur
3232 5118 3538 5185 historiam,
3585 5137 3651 5176 ne

2078 5192 2394 5260 quibusdam
2419 5197 2654 5252 nubibus
2680 5209 2844 5270 atque
2872 5206 3157 5275 prmstigiis
3186 5208 3543 5264 involvamur.

2152 5305 2169 5334 ι
2208 5285 2318 5356 Ego
2357 5285 2460 5341 feci
2489 5296 2710 5355 terram,
2740 5301 2795 5346 et
2837 5295 3128 5362 hominem,
3166 5307 3222 5353 et
3257 5299 3502 5368 jumenta
3531 5316 3648 5372 quae

2083 5395 2100 5426 ι
2139 5385 2266 5430 sunt
2291 5391 2452 5446 super
2497 5377 2690 5434 faciem
2719 5391 2895 5448 terrm,
2943 5386 2996 5439 in
3035 5383 3350 5445 fortitudine
3378 5407 3499 5447 mea
3536 5409 3646 5446 ma-

2080 5486 2097 5518 ι
2133 5484 2260 5536 gna,
2291 5478 2346 5520 et
2393 5470 2445 5522 in
2491 5463 2713 5526 brachio
2758 5489 2880 5529 meo
2915 5487 3132 5534 extento
3160 5498 3171 5532 :
3197 5490 3252 5535 et
3277 5482 3398 5536 dedi
3430 5499 3550 5537 eam
3597 5483 3643 5537 ei

2075 5577 2096 5609 ι
2135 5560 2222 5628 qui
2269 5559 2468 5627 placuit
2494 5561 2546 5616 in
2595 5563 2763 5616 oculis
2808 5569 2963 5622 meis.
2997 5590 3011 5620 ι
3050 5570 3196 5624 ιιι-ει
3245 5574 3644 5644 ἀιθρωποπαθῶς
