4022 6186
374 372 514 471 tuos

1298 410 1662 468 EXPOSlTiO
1698 409 1918 467 SUPER
1954 411 2320 470 JEllEMlAll.
2361 445 2428 455 —
2470 414 2599 471 LIB.
2640 413 2709 469 Σ.

3492 414 3661 471 illm"

361 530 478 587 hate
503 529 783 599 Scriptura
805 526 1058 595 loquatur
1086 527 1354 595 quomodo
1384 541 1484 581 nos
1518 526 1768 582 homines
1801 526 1944 596 loqui
1977 529 2028 587 Α
2059 544 2078 578 ‹
2114 527 2530 584 bnchodonosor
2568 527 2682 598 regi
2727 525 3049 599 Babylonis,
3088 536 3143 584 et
3176 526 3485 599 quicunque
3529 543 3657 585 tton-

359 636 672 695 possumus,
700 629 754 675 et
781 619 1102 689 intelligere,
1130 627 1311 674 tamen
1338 618 1599 675 fortitudo
1631 620 1727 674 Dei
1752 628 1808 674 et
1833 619 1954 673 bra-

360 713 546 769 chium
576 710 693 779 ejus
740 709 828 764 ille
855 718 959 773 est,
1009 708 1078 763 de
1105 723 1212 777 quo
1240 718 1296 764 et
1343 707 1631 778 Apostolus
1665 709 1946 779 loquitur:

364 821 386 856 ι
417 788 671 858 Christus
716 800 812 856 Dei
846 799 1041 865 virtus,
1082 809 1137 855 et
1164 800 1259 854 Dei
1298 801 1562 870 sapientia
1594 799 1644 872 (ι
1670 800 1792 854 Cor.
1821 800 1897 872 ι);
1927 819 1946 851 ι

357 903 409 948 el
439 893 645 949 lsaias:
679 911 697 943 «
728 893 976 957 Domine,
1007 892 1131 962 quis
1161 890 1392 946 credidit
1418 891 1626 946 auditui
1665 899 1873 957 nostro,
1897 899 1954 947 et

358 986 645 1042 brachium
690 984 903 1039 Domini
947 983 1035 1040 cui
1076 982 1379 1038 revelatum
1419 983 1540 1038 est?
1570 1001 1589 1034 ι
1636 981 1772 1054 (Isa.
1805 982 1950 1055 ιιη.)

363 1078 568 1135 Scribit
599 1086 654 1132 et
680 1076 917 1133 Joannes
957 1075 1323 1147 evangelista:
1357 1094 1376 1127 ι
1411 1075 1603 1132 Omnia
1643 1090 1743 1145 per
1773 1076 1949 1146 ipsum

364 1172 507 1230 facta
530 1179 677 1237 sunt,
702 1179 758 1225 et
784 1169 902 1226 sine
934 1170 1055 1239 ipso
1084 1170 1285 1224 factum
1315 1176 1401 1223 est
1443 1167 1578 1222 nihil
1601 1167 1784 1239 (Joan.
1816 1166 1892 1239 ι);
1924 1187 1944 1219 ι

365 1263 535 1319 David
564 1277 782 1334 quoque
809 1261 863 1316 in
887 1275 988 1316 suo
1014 1260 1262 1316 carmine
1283 1259 1522 1329 loquitur
1543 1276 1558 1289 -
1596 1277 1616 1310 ί
1650 1256 1827 1313 Verbo
1841 1257 1950 1312 Do-

362 1354 497 1410 mini
528 1353 650 1409 cmli
682 1352 904 1418 ﬁrmati,
953 1361 1006 1407 et
1036 1351 1228 1422 spiritu
1255 1350 1370 1406 oris
1398 1347 1536 1418 ejus,
1564 1348 1743 1404 omnis
1777 1348 1952 1403 virtus

360 1460 553 1502 eorum
578 1443 753 1517 (Paul.
786 1442 983 1515 χχχιι).
1016 1462 1036 1495 ι
1068 1442 1222 1510 Quod
1260 1449 1440 1497 autem
1465 1441 1579 1496 ait:
1613 1460 1632 1493 ι
1664 1440 1798 1497 Dedi
1827 1455 1951 1496 eam

361 1536 414 1592 ei
434 1535 531 1607 qui
558 1535 759 1606 placuit
797 1534 857 1590 in
894 1534 1068 1591 oculis
1112 1533 1272 1600 meis,
1310 1554 1329 1587 ι
1360 1534 1465 1591 hoc
1511 1533 1781 1603 signiﬁcat
1807 1532 1952 1603 quod

361 1624 548 1682 omnia
581 1624 819 1681 humano
840 1622 1027 1693 generi
1059 1619 1159 1692 per
1193 1622 1290 1677 Dei
1319 1622 1549 1692 gratiam
1585 1621 1696 1678 sint
1723 1620 1948 1676 tributa.

368 1742 387 1774 ι
410 1722 548 1792 Ego,
577 1720 771 1792 inquit,
802 1718 907 1776 feci
931 1727 1152 1783 terram,
1177 1726 1235 1773 et
1261 1716 1536 1774 hominem
1558 1725 1615 1772 et
1636 1715 1901 1786 iumenta.
1926 1734 1944 1768 ι

361 1814 511 1871 Ordo
557 1810 905 1869 contrarius:
932 1810 988 1866 in
1027 1808 1227 1866 Genesi
1276 1808 1423 1865 enim
1451 1806 1605 1880 (Gen.
1634 1808 1677 1879 ι)
1700 1806 1952 1877 primitus

2061 638 2082 671 ι
2119 623 2424 675 curvaverit
2452 620 2649 675 collum
2680 634 2836 675 suum
2867 621 2967 676 sub
2990 620 3122 693 jugo
3152 621 3297 691 regis
3319 619 3638 692 Babylonis,

2060 735 2095 767 «π
2117 714 2173 770 ἰη
2201 715 2399 786 gladio,
2431 723 2486 771 et
2510 716 2652 770 fame
2671 757 2685 783 ,
2716 730 2770 771 et
2794 723 2945 787 peste
2985 715 3214 772 visitabo
3234 730 3400 787 super
3423 725 3637 787 gentem

2059 825 2077 858 ι
2116 805 2262 861 illam
2287 847 2302 873 ,
2325 806 2401 861 ait
2425 806 2710 871 Dominus,
2734 807 2907 862 donec
2928 822 3243 862 consumam
3273 822 3369 862 eos
3390 808 3444 861 in
3473 823 3639 863 manu

2058 897 2250 976 «ejus.
2308 917 2326 949 ι
2379 896 2496 952 Non
2545 896 2718 952 solum
2766 897 3024 954 D‘ominus
3066 885 3398 970 peccatrices
3451 906 3661 969 gentes-

2052 980 2305 1056 snbjiciet
2332 986 2850 1054 Nabuchodonosor,
2885 989 2980 1043 sed
3017 988 3307 1059 Apostolus
3352 989 3418 1045 de
3444 1003 3639 1059 pecca-

2054 1077 2262 1132 toribus
2287 1076 2526 1148 loquitur
2560 1096 2572 1132 :
2609 1095 2628 1128 ι
2671 1076 2819 1145 Quos
2848 1078 3043 1133 tradidi
3073 1077 3310 1146 Satanae,
3339 1087 3400 1135 ut
3424 1080 3641 1136 discant

2053 1185 2160 1224 non
2186 1169 2562 1241 blasphemare
2586 1169 2640 1238 (Ι
2666 1169 2801 1225 Tim.
2831 1170 2906 1242 ι);
2941 1190 2959 1224 ι
2992 1171 3121 1226 etin
3145 1171 3251 1227 alio
3278 1172 3398 1228 loco
3419 1190 3431 1226 :
3455 1191 3474 1225 ί
3503 1170 3642 1227 Tra-

2053 1258 2163 1316 didi
2179 1259 2494 1329 hujusmodi
2522 1259 2738 1315 Satanae
2766 1261 2820 1316 in
2852 1261 3127 1318 interitum
3156 1264 3357 1329 carnis,
3389 1270 3449 1318 ut
3479 1265 3648 1335 spiril-

2054 1338 2140 1407 tus
2191 1352 2373 1408 salvus
2420 1352 2515 1408 ﬁat
2562 1352 2613 1426 (1
2666 1353 2788 1408 Cor.
2818 1353 2896 1427 v).
2955 1374 2973 1407 ι
3022 1355 3385 1412 Potestatibus
3424 1372 3661 1427 quoque-

2050 1441 2408 1498 obediendum
2437 1451 2622 1499 monet
2658 1459 2764 1499 non
2808 1444 2981 1499 solum
3012 1446 3390 1517 propteriram
3412 1487 3426 1511 ,
3467 1446 3561 1503 sed
3583 1455 3663 1502 et"

2049 1541 2273 1605 propter
2297 1534 2707 1600 conscientiam,
2739 1550 2808 1591 ne
2831 1536 3257 1593 condemnemur
3283 1539 3352 1594 ab
3371 1539 3451 1595 eis

2129 1640 2148 1674 σ
2187 1623 2297 1680 Vos
2348 1638 2480 1696 ergo
2528 1624 2697 1681 nolite
2725 1625 2913 1682 audire
2956 1627 3262 1698 prophetas
3282 1638 3528 1693 vestros,
3584 1638 3661 1683 et:

2057 1735 2076 1768 ι
2115 1715 2350 1783 divinos,
2374 1725 2429 1772 et
2457 1717 2837 1784 somniatores,
2865 1727 2922 1774 et
2947 1735 3201 1791 augures,
3246 1727 3303 1776 et
3328 1719 3602 1775 maleﬁcos
3623 1760 3659 1786 ,.

2059 1826 2079 1861 ι
2116 1809 2209 1879 qui
2256 1807 2443 1865 dicunt
2466 1808 2621 1865 vobis
2652 1826 2667 1864 :
2699 1808 2815 1864 Non
2860 1809 3108 1866 servietis
3152 1811 3263 1882 regi
3303 1810 3596 1883 Babylonis
3620 1850 3640 1875 ,

362 1905 502 1961 ﬁunt
547 1903 864 1969 animantia,
898 1910 957 1959 et
993 1909 1271 1957 extremus
1314 1901 1498 1965 homo,
1541 1900 1637 1957 sed
1684 1899 1773 1955 hic
1801 1898 1953 1971 prius
1984 1889 2028 1951 Β
2060 1916 2079 1949 ι
2117 1897 2244 1968 quia
2267 1898 2609 1954 mendacium
2630 1899 2956 1968 prophetam
2980 1900 3158 1967 vobis,
3186 1900 3415 1972 utlongc
3437 1900 3657 1956 faciant

359 1996 639 2053 hominem
680 1995 942 2063 nominat,
964 2001 1019 2049 et
1046 2000 1235 2065 postea
1259 2007 1380 2064 quae
1404 1992 1648 2064 subjecta
1689 1999 1817 2047 sunt
1849 1990 1949 2046 ho-

359 2087 518 2143 mini.

438 2217 458 2251 ι
480 2198 635 2256 Nunc
659 2200 842 2271 itaque
865 2211 967 2269 ego
989 2197 1109 2253 dedi
1138 2210 1328 2253 omnes
1351 2203 1527 2251 terms
1552 2195 1685 2251 istas
1710 2194 1763 2250 in
1787 2208 1949 2249 manu

364 2313 384 2345 ι
427 2290 927 2348 Nabuchodonosor
956 2291 1097 2361 regis
1123 2287 1415 2360 Babylonis
1448 2286 1591 2343 servi
1623 2286 1729 2342 mei
1756 2303 1769 2339 :
1802 2285 1951 2341 insu-

364 2404 383 2437 ι
423 2400 521 2456 per
555 2391 609 2439 et
631 2383 833 2439 bestias
859 2380 976 2452 agri
1008 2380 1126 2436 dedi
1150 2380 1221 2445 ei,
1246 2389 1305 2434 ut
1331 2378 1575 2435 serviant
1610 2376 1709 2431 illi.
1747 2376 1814 2431 Et
1836 2391 1952 2431 ser-

364 2497 384 2530 ι
424 2477 575 2531 vient
614 2475 663 2531 ei
710 2489 900 2531 omnes
941 2482 1132 2546 gentes
1165 2480 1222 2528 et
1261 2471 1373 2527 ﬁlio
1402 2471 1539 2542 ejus,
1590 2481 1646 2526 et
1694 2469 1805 2525 ﬁlio
1854 2469 1949 2525 ﬁlii

364 2590 383 2622 ι
419 2569 561 2640 ejus.
594 2587 615 2620 ι
647 2564 811 2635 Cujus
837 2565 1169 2621 infelicitatis
1213 2574 1300 2621 est
1335 2563 1521 2630 lsrael,
1564 2562 1782 2633 quando
1802 2577 1950 2617 eom-

355 2660 642 2734 paratione
666 2658 785 2728 ejus
830 2657 1327 2714 Nabuchodonosor
1356 2670 1544 2712 servus
1583 2654 1679 2709 Dei
1710 2653 1948 2726 appella-

357 2750 486 2806 tur?
513 2750 787 2820 Scriptum
806 2757 891 2806 est
917 2751 971 2805 in
1000 2748 1290 2820 Evangelia
1318 2766 1330 2803 :
1362 2767 1380 2801 ‹
1404 2747 1635 2802 Mundus
1658 2762 1755 2818 per
1773 2746 1949 2817 ipsum

358 2841 540 2898 factus
563 2851 666 2909 est,
695 2850 751 2898 et
776 2840 1009 2898 mundus
1032 2857 1154 2897 eum
1183 2855 1288 2896 non
1329 2839 1619 2913 cognovit;
1649 2839 1700 2894 in
1730 2838 1950 2910 propria

358 2938 535 3003 venit,
571 2944 627 2994 et
650 2937 733 2993 sui
754 2952 878 2993 eum
910 2952 1018 2993 non
1057 2941 1381 3006 receperunt
1415 2933 1597 3006 (Joan.
1629 2934 1692 3007 ι).
1730 2954 1749 2988 ι
1781 2935 1950 2991 Recte

360 3030 550 3101 itaque
573 3027 823 3084 conditor
855 3035 1160 3083 creaturam
1191 3041 1345 3082 suam
1379 3025 1549 3082 tradit
1575 3025 1664 3082 cui
1696 3024 1946 3082 voluerit.

359 3122 608 3193 Denique
649 3130 706 3178 et
731 3119 1003 3187 diabolus,
1031 3119 1086 3176 in
1117 3119 1271 3192 cujus
1301 3129 1484 3192 typum
1514 3119 1796 3191 praecessit
1836 3118 1948 3174 Na-

358 3212 781 3269 buchodonosor
799 3211 1089 3268 conﬁtetur
1114 3228 1126 3265 :
1162 3230 1180 3263 ‹
1215 3208 1343 3267 Haec
1367 3209 1549 3266 omnia
1580 3210 1711 3265 mihi
1745 3209 1946 3266 tradita
1975 3241 2021 3307 Ο

360 3311 508 3361 sunt.
548 3324 565 3358 ι
595 3302 748 3370 Quod
776 3312 956 3358 autem
987 3301 1205 3359 intulit:
1238 3321 1256 3354 ι
1284 3302 1511 3374 Insuper
1531 3310 1585 3359 et
1610 3302 1815 3359 bestias
1832 3303 1950 3376 agri

361 3392 485 3447 dedi
516 3392 589 3459 ei,
622 3401 683 3448 ut
708 3391 951 3449 serviant
992 3390 1092 3457 illi,
1128 3411 1147 3445 ι
1190 3390 1274 3447 vel
1314 3391 1634 3463 simpliciter
1666 3407 1828 3448 omne
1858 3408 1951 3463 ge-

359 3499 467 3540 nus
505 3485 861 3540 animantium
905 3483 1209 3555 intelligere
1237 3480 1496 3538 debemus
1524 3496 1539 3536 :
1563 3497 1687 3538 cum
1728 3483 1951 3540 homine

361 3577 509 3631 etaim
556 3585 612 3631 et
657 3592 719 3632 ea
762 3577 1071 3643 traduntur,
1123 3590 1244 3648 qum
1285 3576 1335 3631 ei
1384 3575 1598 3632 subdita
1645 3584 1809 3644 sunt;
1859 3586 1953 3634 aut

362 3674 533 3733 certe,
567 3667 792 3734 bestias,
820 3665 986 3732 feras,
1013 3673 1201 3738 gentes
1222 3664 1552 3736 accipiamus
1578 3682 1590 3721 :
1618 3666 1760 3736 quod
1782 3666 1950 3723 etiam

362 3757 471 3814 illa:
501 3758 764 3825 serviant,
794 3773 915 3828 qua:
941 3758 1095 3831 prius
1132 3757 1340 3813 servire
1384 3773 1491 3813 non
1536 3768 1819 3815 noverant.
1857 3759 1953 3816 Fi-

364 3846 497 3903 lium
544 3858 723 3904 autem
770 3847 910 3917 ejus,
960 3854 1015 3903 et
1052 3847 1220 3903 ﬁlium
1263 3846 1379 3914 ﬁlii,
1420 3847 1577 3918 juxta
1626 3847 1950 3906 Hebraicum

365 3939 649 3996 Balthasar
681 3948 860 4007 vocat,
891 3947 948 3996 et
972 3938 1405 4006 Evilmerodach,
1436 3940 1501 3996 de
1529 3940 1725 4010 quibus
1762 3941 1954 3997 scribit

367 4028 579 4085 Daniel.

444 4162 464 4195 ι
503 4143 684 4199 Donec
729 4141 915 4198 veniat
968 4149 1179 4214 tempus
1228 4151 1389 4199 terra:
1431 4139 1550 4212 ejus
1587 4151 1644 4198 et
1685 4142 1874 4214 ipsius.
1926 4163 1946 4197 ι

365 4231 600 4288 Pulchre
650 4246 717 4287 ne
761 4242 1081 4303 perpetuum
1129 4227 1628 4287 Nabuchodonosor
1667 4238 1954 4301 putaretur

366 4323 678 4395 imperium,
704 4330 761 4378 et
785 4322 959 4394 ipsum
983 4322 1115 4378 dicit
1157 4338 1188 4378 a
1215 4320 1385 4381 Medis
1414 4320 1701 4392 Persisque
1730 4322 1954 4392 capien-

365 4416 517 4473 dum.
553 4415 664 4472 Hoc
688 4424 775 4471 est
807 4416 954 4472 enim
979 4415 1123 4486 quod
1149 4414 1417 4487 signiﬁcat
1454 4427 1473 4468 :
1509 4433 1527 4464 ι
1565 4414 1738 4471 donec
1769 4414 1956 4471 veniat

367 4519 580 4581 tempus
605 4519 766 4566 teme
796 4508 935 4579 ejus,
965 4518 1022 4565 et
1054 4508 1241 4577 ipsius.
1279 4524 1300 4559 ι
1335 4504 1443 4562 Sed
1471 4520 1571 4563 nec
1593 4506 1698 4563 hoc
1722 4506 1953 4564 habetur

363 4603 421 4660 in
446 4601 609 4657 LXX.

1978 4596 2034 4659 D

2057 2009 2077 2041 ε
2114 2004 2211 2045 vos
2240 1988 2309 2046 de
2353 1996 2497 2044 terra
2541 1997 2745 2056 vestra,
2772 1998 2828 2044 et
2873 1988 3094 2059 ejiciant
3120 2006 3249 2058 vos,
3296 2000 3352 2047 et
3378 1991 3639 2063 pereatis.

2057 2101 2075 2134 ι
2114 2079 2259 2137 Gens
2305 2088 2485 2137 autem
2526 2096 2648 2153 quae
2695 2079 2988 2151 subiecerit
3035 2083 3305 2139 cervicem
3346 2099 3498 2139 suam
3538 2082 3657 2139 sub'~

2056 2191 2075 2223 ι
2107 2171 2237 2243 jugo
2263 2172 2407 2245 regis
2430 2170 2740 2245 Babylonis,
2768 2180 2822 2228 et
2851 2172 3105 2229 servierit
3132 2174 3205 2238 ei,
3227 2173 3497 2229 dimittam
3516 2186 3663 2229 eam-

2057 2281 2077 2315 ι
2116 2263 2169 2318 in
2195 2272 2342 2319 terra
2371 2279 2488 2330 sua,
2514 2264 2645 2319 dicit
2680 2264 2961 2331 Dominus,
2987 2272 3039 2321 et
3063 2264 3204 2321 colet
3233 2280 3377 2332 eam,
3405 2273 3460 2321 et
3485 2264 3663 2320 habi--

2056 2374 2075 2406 ε
2119 2355 2254 2410 tabit
2297 2354 2353 2410 in
2401 2369 2486 2411 ea.
2529 2374 2549 2409 ι
2581 2354 2784 2411 Delirat
2827 2364 2883 2410 et
2929 2357 2982 2411 in
3024 2357 3129 2412 hoc
3152 2356 3272 2414 loco
3315 2356 3661 2430 allegoricus

2050 2445 2346 2516 interpres,
2371 2454 2427 2502 et
2463 2447 2715 2503 hortatur
2738 2447 2791 2503 in
2816 2442 3025 2504 cmlesti
3046 2449 3251 2520 positos
3266 2448 3599 2505 Hierusalem
3619 2490 3636 2516 ,

2049 2550 2119 2591 ne
2150 2536 2374 2592 audiant
2397 2537 2689 2609 prophetas
2714 2553 2870 2602 suos,
2920 2547 3084 2610 atque
3110 2540 3350 2607 divinos,
3394 2539 3641 2597 somnia-

2052 2635 2218 2694 tores,
2259 2637 2315 2684 et
2341 2645 2594 2701 augures,
2623 2637 2680 2687 et
2724 2630 3000 2688 maleﬁcos
3028 2651 3042 2686 :
3071 2633 3167 2688 sed
3211 2640 3269 2688 ut
3308 2633 3487 2704 potius
3516 2646 3639 2688 ser-

2049 2721 2202 2775 viant
2242 2719 2758 2789 Nabuhodonosor,
2795 2731 2853 2779 et
2887 2738 3085 2795 corpus
3114 2723 3437 2779 humilitatis
3481 2732 3642 2778 assu-

2048 2819 2221 2877 mant,
2250 2810 2535 2867 infantium
2575 2813 2802 2884 vagitus,
2833 2821 2890 2870 et
2916 2812 3241 2868 incunabula
3263 2812 3635 2885 parvulorum.

2052 2898 2110 2957 Si
2140 2902 2286 2956 enim
2308 2900 2413 2958 hoc
2442 2900 2673 2958 fecerint
2698 2902 2916 2975 expleto
2944 2901 3205 2959 famulatu
3231 2912 3286 2959 et
3328 2903 3647 2960 conditione

2050 2994 2398 3052 mortalitatis
2448 2995 2698 3052 humanae
2725 3037 2740 3063 ,
2795 3010 3112 3052 reversuros
3166 3009 3262 3051 eos
3311 2995 3378 3055 ad
3433 3002 3657 3051 terram-

2050 3101 2227 3153 snam,
2251 3095 2307 3143 et
2327 3087 2669 3144 habitatores
2699 3087 2754 3143 in
2779 3103 2865 3155 ea,
2895 3094 2950 3143 et
2978 3095 3326 3159 operaturos,
3345 3100 3465 3156 qua:
3484 3084 3655 3156 prius:

2051 3179 2261 3250 operati
2290 3186 2434 3235 sunt.
2457 3179 2710 3250 Dicitque
2738 3194 2797 3235 se
2823 3179 3089 3251 suspicari
3114 3193 3231 3243 eos,
3258 3178 3350 3248 qui
3376 3178 3473 3234 Dei
3498 3191 3651 3249 prae-7

2053 3276 2209 3341 Cepla
2240 3270 2705 3340 contempserint,
2750 3269 3004 3324 humanis
3050 3268 3371 3338 corporibus
3397 3280 3657 3339 praegra-u

2050 3360 2193 3427 vari,
2220 3359 2432 3415 futuros
2443 3361 2781 3416 daemoneset
2804 3359 3109 3414 immundos
3120 3358 3366 3428 spiritus,
3383 3365 3437 3411 et
3453 3357 3639 3412 sedem

2051 3451 2336 3520 pristinam
2362 3465 2704 3521 nequaquam
2728 3458 3062 3521 recepturos.
3090 3448 3199 3505 Nos
3225 3456 3404 3504 autem
3431 3446 3638 3518 simpli-

2053 3543 2557 3615 citerexponamus,
2573 3549 2627 3599 et
2656 3542 2951 3614 prophetas
2975 3556 3095 3597 esse
3110 3541 3162 3595 in
3178 3539 3446 3611 gentibus,
3462 3537 3552 3608 qni
3567 3537 3643 3592 si-

2052 3631 2329 3687 mulentse
2350 3631 2533 3687 divino
2554 3630 2746 3702 spiritu
2759 3637 2985 3685 ventura
3001 3628 3314 3700 praedicere;
3338 3634 3392 3682 et
3405 3626 3649 3690 divinos,

2054 3723 2336 3793 dequihus
2360 3733 2417 3778 et
2442 3723 2664 3794 vulgare
2690 3723 3035 3793 proverbium
3064 3729 3148 3776 est
3172 3718 3372 3774 :Aiunt
3398 3718 3655 3774 divinare

2054 3815 2347 3885 sapientes,
2384 3822 2451 3870 et:
2483 3814 2874 3879 somniatores,
2905 3812 2999 3884 qui
3047 3812 3328 3867 imitantur
3353 3810 3555 3881 Ioseph
3586 3817 3642 3865 et

2054 3906 2279 3971 Daniel,
2330 3916 2386 3961 et
2433 3917 2701 3976 augures,
2748 3905 2840 3975 qui
2875 3904 3055 3960 volatu
3092 3903 3271 3958 avium
3296 3910 3351 3957 et
3390 3902 3640 3957 oscinum

2052 3997 2279 4052 v’ocibus
2304 3995 2608 4052 faciendum
2636 3994 2770 4065 quid
2804 3994 2890 4051 vel
2936 4008 3042 4049 non
3080 3991 3387 4048 faciendum
3427 3990 3633 4047 denun-

2058 4092 2232 4156 tiant,
2283 4098 2340 4145 et
2384 4086 2688 4155 maleﬁcos,
2734 4100 2872 4158 quos
2903 4084 2986 4142 vel
3032 4083 3303 4141 veneﬁcos
3346 4096 3661 4154 possumus:

2054 4182 2353 4254 appellare,
2377 4179 2462 4234 vel
2486 4178 2791 4235 daemonum
2818 4176 3288 4248 phantasmatibus
3313 4173 3639 4236 servientes,

2054 4274 2149 4345 qui
2194 4270 2460 4327 Hebraice
2505 4269 2760 4325 dicuntur
2786 4273 2951 4332 mm.
2971 4267 3173 4324 Omnes
3217 4266 3310 4321 isti
3339 4265 3641 4335 decipiunt;

2055 4363 2248 4436 inquit,
2273 4378 2369 4419 vos
2389 4370 2552 4434 atque
2571 4361 2938 4433 supplantant,
2962 4375 3042 4416 ne
3054 4358 3306 4416 servietis
3329 4358 3442 4431 regi
3469 4357 3642 4430 Baby-

2054 4454 2215 4511 lonis.
2244 4452 2410 4509 Multo
2436 4451 2591 4509 enim
2611 4451 2804 4509 melius
2832 4460 2919 4508 est
2950 4451 3265 4508 servitutem
3301 4458 3495 4521 sponte
3518 4465 3642 4505 sus-

2058 4546 2260 4616 cipere,
2289 4552 2346 4601 et
2365 4544 2599 4599 amicum
2630 4542 2851 4608 habere,
2881 4542 2969 4598 cui
2998 4543 3225 4609 servias,
3255 4550 3310 4598 et
3351 4540 3652 4615 genitalem-

2059 4647 2261 4695 terram
2286 4635 2486 4703 colere,
2531 4650 2694 4707 quam
2728 4635 2781 4691 vi
2809 4642 2867 4691 et
2913 4634 3238 4692 necessitate
3268 4634 3475 4692 servire
3490 4647 3643 4729 ’.σερε

444 4736 467 4769 ι
503 4718 571 4772 Et
605 4716 845 4774 servient
870 4716 922 4772 ei
952 4721 1139 4787 gentes
1168 4713 1385 4780 multae,
1398 4720 1455 4771 et
1482 4726 1640 4784 reges
1667 4713 1872 4787 magni.
1922 4734 1944 4769 ι
2052 4729 2213 4785 mos.

367 4808 484 4864 Non
512 4808 671 4876 dixit,
702 4823 922 4874 omnes,
953 4808 1057 4865 hoc
1077 4808 1221 4864 enim
1250 4807 1469 4879 proprie
1497 4807 1698 4865 Christi
1725 4806 1954 4865 debetur

367 4888 621 4968 imperio,
648 4914 956 4969 quanquam
978 4900 1132 4971 juxta
1155 4898 1948 4972 Symmachum-non-legatur:

373 5006 393 5040 ς
438 4989 505 5043 Et
530 4990 767 5046 servient
790 4990 839 5045 ei
862 4999 1050 5062 gentes
1070 4989 1274 5056 multae,
1297 4997 1353 5045 et
1376 5004 1532 5061 reges
1553 4989 1753 5061 magni,
1783 5008 1802 5044 ι
1833 4989 1948 5057 sed,

376 5099 395 5132 ο
434 5078 725 5149 subjicient
758 5097 883 5137 eum
935 5081 1179 5137 servituti
1225 5088 1413 5154 gentes
1453 5079 1668 5145 multae,
1699 5087 1755 5136 et
1796 5095 1954 5153 reges

370 5170 575 5241 magni,
618 5190 647 5225 ι
671 5178 730 5226 ut
754 5170 870 5242 ipse
900 5185 1115 5243 quoque
1135 5171 1337 5227 serviat
1363 5168 1535 5225 Medis
1560 5176 1616 5224 et
1631 5167 1953 5244 Persis,‘cui

370 5275 565 5317 omnes
592 5271 720 5318 ante
743 5264 1044 5318 servierant
1064 5268 1272 5332 gentes.
1301 5258 1417 5316 Hoc
1438 5259 1583 5331 quod
1603 5256 1956 5318 ex'ﬂebraico

370 5349 657 5423 posuimus
686 5365 704 5405 :
733 5370 753 5402 ι
788 5351 921 5407 Dedi
946 5352 1021 5417 ei,
1045 5359 1108 5405 ut
1143 5350 1386 5407 serviant
1411 5349 1511 5415 illi,
1536 5358 1594 5405 et
1634 5350 1871 5405 servient
1901 5350 1972 5406 e‘r

371 5454 566 5498 omnes
604 5450 821 5515 gentes,
847 5449 903 5498 et
938 5443 1049 5497 ﬁlio
1087 5439 1204 5511 ejus
1231 5448 1291 5496 et
1316 5439 1427 5496 ﬁlio
1457 5438 1552 5496 ﬁlii
1590 5437 1741 5511 ejus,
1783 5441 1957 5497 donec

372 5532 560 5588 veniat
586 5541 802 5604 tempus
849 5541 1008 5588 terra:
1032 5531 1150 5604 ejus
1176 5538 1233 5589 et
1256 5531 1448 5602 ipsius,
1478 5538 1536 5587 et
1558 5530 1805 5587 servituti
1831 5545 1956 5586 eum

372 5622 675 5693 mhjiciant'
695 5633 887 5697 gentes
912 5622 1115 5689 multae,
1145 5634 1200 5679 et
1223 5636 1379 5695 reges
1404 5622 1605 5696 magni.
1642 5640 1663 5676 ι
1692 5621 1751 5678 1η
1779 5621 1953 5690 LXX,

370 5720 441 5772 at
456 5713 573 5787 jam
597 5714 851 5783 diximus,
881 5713 1118 5771 editione
1146 5728 1254 5770 non
1283 5715 1495 5788 legitur.

455 5843 483 5882 ο
509 5823 659 5886 Gens
683 5836 865 5885 autem
903 5836 959 5887 et
989 5841 1214 5900 regnum
1242 5827 1385 5898 quod
1421 5841 1527 5884 non
1569 5825 1818 5884 servierit
1848 5824 1962 5881 Na-

2131 4838 2151 4872 c
2186 4819 2252 4875 Et
2281 4820 2351 4877 ad
2377 4820 2698 4878 Sedeehiam
2726 4836 2905 4894 regem
2932 4820 3068 4879 Iuda
3107 4821 3325 4878 locutus
3346 4835 3463 4877 sunt
3490 4859 3506 4885 ,
3550 4832 3641 4875 se-

2061 4930 2090 4965 r
2118 4913 2352 4969 cundum
2378 4913 2560 4969 omnia
2586 4915 2749 4969 verba
2785 4913 2927 4979 haec,
2954 4914 3141 4970 dicens
3172 4927 3187 4968 :
3218 4910 3479 4980 Subjicite
3503 4908 3641 4964 colla

2061 5021 2080 5055 ι
2116 5010 2297 5060 vestra
2326 5003 2429 5060 sub
2447 5004 2579 5076 jugo
2616 5005 2757 5077 regis
2785 5004 3104 5075 Babylonis,
3141 5011 3197 5057 et
3234 5000 3436 5056 servite
3483 4999 3555 5064 ei,
3585 5003 3647 5055 et

2063 5111 2082 5145 α
2117 5093 2315 5164 populo
2362 5092 2512 5165 ejus,
2563 5103 2621 5149 et
2651 5094 2862 5150 vivatis.
2905 5094 3092 5162 Quare.
3113 5089 3418 5147 moriemini
3471 5097 3549 5143 tu,
3585 5095 3645 5143 et

2062 5204 2080 5236 ι
2119 5183 2346 5256 populus
2375 5183 2749 5256 tuus,,gladio,
2787 5183 2948 5247 fatale,
2980 5193 3035 5237 et
3062 5190 3234 5253 peste,
3260 5181 3400 5237 sicut
3429 5178 3653 5236 locutus

2062 5294 2082 5328 ι
2120 5283 2207 5330 est
2247 5274 2507 5330 Dominus
2534 5274 2845 5347 ad‘gentem
2871 5288 2989 5343 quzc
3017 5272 3224 5328 servire
3263 5270 3498 5327 noluerit
3526 5271 3659 5343 regi'

2064 5382 2084 5416 ι
2119 5363 2444 5436 Babylonis?
2478 5363 2657 5421 Nolite
2698 5363 2885 5419 audire
2928 5361 3095 5419 verba
3134 5363 3521 5433 prophetarum
3560 5360 3644 5417 di-

2065 5475 2085 5508 c
2122 5456 2359 5511 centium
2377 5456 2543 5510 vobis
2568 5474 2582 5510 :
2614 5454 2786 5510 Nolite
2814 5455 3020 5511 servire
3041 5456 3153 5527 regi
3176 5454 3489 5527 Babylonis,
3512 5454 3646 5526 quia

2066 5567 2085 5600 ι
2124 5546 2463 5605 mendacium
2509 5545 2613 5617 ipsi
2661 5545 2955 5617 loquuntur
2985 5547 3160 5603 vobis.
3192 5546 3331 5614 Quia
3370 5562 3479 5603 non
3517 5545 3649 5603 misi

2066 5656 2087 5691 ι
2123 5652 2239 5705 eos,
2286 5637 2365 5693 ait
2405 5636 2663 5693 Dominus
2697 5652 2711 5690 :
2741 5644 2796 5692 et
2835 5636 2935 5707 ipsi
2965 5639 3288 5709 prophetam
3326 5639 3380 5694 in
3423 5636 3646 5693 nomine

2067 5752 2086 5787 ι
2124 5747 2247 5788 meo
2288 5731 2642 5797 mendaciter,
2693 5739 2754 5785 ut
2781 5728 3002 5801 ejiciant
3027 5748 3154 5799 vos,
3182 5739 3237 5787 et
3264 5734 3495 5803 pereatis
3530 5737 3654 5784 tam.

2065 5843 2087 5878 ι
2121 5838 2217 5879 vos
2240 5838 2400 5894 quam
2430 5822 2826 5896 prophetze‘qui
2855 5822 3219 5879 vaticinante:
3249 5821 3427 5876 vobis.
3457 5839 3485 5872 ι
3512 5817 3651 5871 East
