4022 6186
400 391 531 449 1011

1038 387 1101 444 Β.
1142 388 1394 446 MBAN]
1432 387 1650 447 MAURl
1687 380 2002 445 ARClllEP.
2044 383 2349 443 MOGUNT.
2392 384 2678 444 OPERUM
2714 386 2897 445 PARS
2934 384 3020 441 Ill.

3517 380 3652 441 1012

399 509 682 566 universas
712 513 898 578 gentes
927 506 1119 563 transit
1149 506 1219 562 ad
1248 504 1566 565 Sedechiam
1592 521 1775 575 regem
1799 504 1936 562 Juda
1957 544 1973 571 ,
2001 506 2054 566 Α
2155 523 2174 556 σ
2208 502 2436 559 Domino
2460 502 2828 568 exercituum,
2853 510 2914 558 ιιι
2957 516 3065 556 non
3114 499 3336 555 veniant
3378 511 3509 554 vasa
3535 512 3654 570 qua

396 612 454 660 et
494 599 688 657 iisdem
723 598 919 668 quibus
947 598 1197 669 gentibus
1217 598 1577 654 comminatus
1600 604 1686 654 est
1709 596 1973 653 sermoni-

395 693 502 751 bus
573 689 833 760 loquitur.
887 686 1074 757 Neque
1137 688 1283 743 enim
1340 697 1581 744 meretur
1634 687 1973 758 privilegium

400 782 577 855 gentis
611 779 939 843 Israeliticae,
972 778 1063 849 qui
1089 777 1300 835 caeteris
1324 779 1575 849 gentibus
1620 785 1717 833 aut
1745 776 1971 841 similia,

400 882 495 929 aut
518 872 724 944 majora
744 869 1007 940 peccavit.
1033 868 1274 937 Denique
1295 868 1420 938 quia
1441 867 1631 923 audire
1650 865 1979 935 contempsit

397 963 627 1036 populus
668 958 960 1032 perduellis
984 997 999 1023 ,
1052 957 1229 1029 gladio
1274 965 1330 1013 et
1370 957 1531 1023 fame,
1585 966 1641 1012 et
1664 966 1816 1027 peste
1839 946 1974 1011 con-'-

399 1061 644 1125 sumptus
658 1060 764 1109 est.
786 1049 1195 1108 Observandum
1216 1059 1396 1104 autem
1417 1050 1470 1105 in
1487 1049 1767 1118 Scriptura
1789 1054 1977 1105 sancta

401 1146 543 1217 quod
593 1160 694 1217 pro
723 1141 1206 1214 pseudoprophetis
1240 1139 1472 1210 appellet
1507 1139 1804 1210 prophetas
1825 1178 1841 1205 ,
1884 1137 1977 1208 qui

400 1237 767 1293 vaticinentur
811 1234 865 1289 in
919 1233 1138 1287 nomine
1187 1230 1398 1286 Domini
1461 1228 1814 1285 mendaciter.
1863 1226 1981 1283 Hoc

402 1336 585 1383 autem
624 1325 832 1382 faciunt
853 1364 870 1391 ,
914 1323 1109 1393 inquit,
1139 1330 1199 1377 ut
1223 1320 1441 1390 ejiciant
1471 1335 1588 1386 vos,
1616 1328 1669 1375 et
1712 1318 1977 1389 pereatis,

403 1427 512 1474 tam
538 1430 634 1472 vos
670 1430 831 1486 quam
863 1413 1165 1484 prophetae,
1185 1413 1276 1481 qui
1306 1410 1674 1466 vaticinantur
1699 1409 1872 1465 vobis.
1913 1408 1983 1464 Et

399 1522 586 1564 eorum
614 1506 797 1579 igitur,
824 1504 918 1575 qui
960 1503 1326 1573 decipiuntur,
1370 1509 1675 1563 eteorum,
1701 1498 1794 1567 qui
1837 1496 1982 1553 deci-

399 1599 554 1671 piunt
578 1637 597 1665 ,
650 1595 843 1653 similis
888 1594 1139 1650 interitus
1171 1602 1274 1650 est.
1320 1592 1436 1647 Hoc
1457 1591 1602 1661 quod
1627 1592 1695 1647 de
1716 1589 1982 1646 Hebraico

400 1689 681 1763 posuimus
711 1701 726 1741 :
763 1704 783 1738 ί
817 1685 929 1741 Sub
949 1684 1079 1755 jugo
1102 1684 1247 1755 regis
1267 1682 1576 1754 Babylonis,
1606 1689 1665 1737 et
1691 1680 1889 1737 servitc
1905 1680 1979 1745 ei,

401 1791 458 1838 et
483 1778 681 1852 populo
721 1777 857 1849 ejus,
886 1783 941 1832 et
986 1775 1179 1831 vivetis
1209 1790 1224 1828 :
1257 1788 1425 1845 quare
1452 1772 1760 1829 moriemini
1788 1780 1842 1827 tu
1862 1811 1879 1839 ,
1927 1779 1985 1827 et

2081 612 2098 645 ο
2138 593 2326 650 relicta
2354 592 2570 649 fuerant
2594 593 2649 648 in
2675 594 2834 649 domo
2872 591 3120 657 Domini,
3147 600 3206 647 et
3228 591 3284 645 in
3329 591 3489 647 domo
3518 591 3655 663 regis

2081 704 2101 737 ι
2138 682 2297 751 Juda,
2318 691 2374 740 et
2392 683 2449 739 in
2471 683 2831 749 Hierusalem,
2853 693 2908 738 et
2933 683 2988 738 in
3008 682 3360 754 Babylonem.
3380 682 3516 750 Quia
3543 683 3658 739 hac

2081 794 2100 827 ι
2140 774 2273 831 dicit
2322 774 2584 830 Dominus
2627 774 2965 831 exercituum
3014 774 3083 829 ad
3125 768 3447 838 columnas,
3488 782 3545 828 et
3588 772 3659 828 ad

2083 886 2100 920 ι
2139 880 2310 933 mare,
2335 875 2393 923 et
2424 867 2492 923 ad
2521 868 2680 923 bases
2725 886 2745 919 ι
2782 865 2898 939 (pro
2925 866 3112 937 quibus
3141 866 3197 920 in
3230 864 3491 921 Hebr-nico
3522 865 3657 920 scri-

2075 969 2222 1031 ptum
2251 970 2327 1015 est
2363 959 2582 1031 manu),
2625 978 2644 1011 ι
2683 968 2738 1015 et
2766 961 2835 1014 ad
2877 958 3087 1029 reliqua
3116 973 3249 1013 vasa
3275 973 3497 1023 eorum,
3540 972 3662 1028 qua:

2082 1069 2103 1103 ι
2138 1062 2518 1108 remanserunt
2541 1051 2596 1106 in
2622 1050 2840 1107 civitate
2870 1051 2992 1115 hac,
3023 1065 3145 1120 quae
3173 1065 3282 1105 non
3314 1049 3435 1104 tulit
3477 1048 3659 1105 Nabu-

2083 1163 2103 1197 σ
2142 1143 2482 1200 chodonosor
2509 1157 2602 1199 rex
2629 1141 2935 1215 Babylonis,
2965 1157 3091 1198 cum
3116 1140 3441 1198 transferret
3464 1139 3659 1197 Jecho-

2084 1249 2105 1284 ι
2141 1232 2287 1288 niam
2312 1231 2480 1288 lilium
2500 1231 2746 1289 Joachim
2773 1247 2956 1304 regem
2980 1230 3118 1287 Juda
3146 1231 3215 1287 de
3240 1230 3574 1287 Hierusalem
3598 1232 3650 1288 in

2085 1340 2106 1374 ι
2146 1321 2493 1393 Babylonem,
2522 1330 2579 1378 et
2599 1336 2789 1377 omnes
2811 1321 3102 1393 optimates
3127 1318 3278 1377 Judre
3309 1330 3368 1376 et
3401 1320 3664 1376 Hierusa-

2086 1432 2106 1466 ε
2142 1414 2271 1471 lem.
2325 1412 2461 1482 Quia
2512 1413 2630 1470 haec
2667 1413 2799 1470 dicit
2841 1413 3101 1470 Dominus
3142 1413 3482 1471 exercituum
3520 1413 3663 1469 Deus

2087 1523 2107 1558 ι
2143 1505 2308 1563 Israel
2324 1505 2392 1562 ad
2416 1520 2545 1561 vasa
2573 1520 2696 1575 qua
2733 1503 2993 1562 derelicta
3010 1513 3142 1562 sunt
3160 1504 3215 1558 in
3240 1504 3401 1561 domo
3426 1503 3659 1571 Domini,

2088 1615 2107 1647 ι
2143 1605 2199 1651 et
2224 1595 2280 1650 in
2306 1595 2467 1650 domo
2497 1595 2640 1666 regis
2665 1593 2826 1660 Juda,
2854 1602 2912 1649 et
2936 1594 2990 1649 in
3033 1592 3372 1655 Hierusalem
3411 1607 3427 1648 :
3457 1592 3515 1648 ln
3555 1591 3659 1649 Ba-

2088 1707 2108 1741 c
2144 1688 2396 1761 bylonem
2420 1686 2831 1754 transferentur,
2851 1694 2910 1742 et
2928 1685 3002 1742 ibi
3028 1691 3193 1741 erunt
3227 1700 3400 1755 usque
3424 1684 3492 1741 ad
3521 1685 3659 1740 diem

2089 1804 2107 1838 ι
2142 1783 2468 1839 visitationis
2491 1796 2637 1848 suae,
2658 1779 2792 1836 dicit
2816 1779 3076 1837 Dominus
3107 1786 3203 1837 :et
3241 1777 3424 1835 all‘erri
3466 1776 3659 1835 faciam

400 1874 630 1948 populus
649 1880 803 1937 tuus,
834 1869 1012 1942 gladio
1038 1877 1093 1924 et
1120 1868 1282 1935 fame,
1311 1875 1366 1924 et
1390 1875 1564 1937 peste,
1591 1867 1732 1922 sicut
1766 1864 1981 1921 locutus
2008 1893 2054 1952 Β
2088 1893 2107 1927 ι
2148 1881 2307 1939 ea,et
2333 1872 2617 1931 restituam
2642 1871 2697 1927 in
2721 1870 2843 1926 ioco
2870 1872 2994 1929 isto.
3023 1889 3044 1923 ι
3080 1869 3224 1935 Haec,
3250 1878 3310 1925 ut
3327 1868 3585 1935 diximus,
3607 1870 3659 1924 in

404 1975 490 2022 est
516 1963 777 2019 Dominus
812 1961 877 2017 ad
901 1968 1115 2032 gentem
1138 2000 1153 2025 ,
1188 1974 1308 2029 qua:
1337 1957 1545 2013 servire
1585 1956 1823 2012 noluerit
1865 1954 1981 2026 regi

404 2056 729 2129 Babylonis?
766 2053 941 2110 Nolite
977 2053 1165 2108 audire
1191 2053 1356 2107 verba
1383 2050 1767 2121 prophetarum
1796 2048 1983 2104 dicen-

404 2148 539 2211 tium
562 2146 740 2211 vobis,
777 2165 797 2199 ι
829 2145 885 2200 in
915 2141 1061 2199 LXX
1101 2157 1209 2197 non
1262 2141 1511 2195 habetur.
1543 2139 1613 2194 Et
1650 2139 1852 2194 idcirco
1888 2136 1984 2192 ad-

403 2255 598 2297 moneo
622 2280 638 2306 ,
681 2246 743 2293 ut
784 2238 1021 2309 prudens
1047 2236 1219 2290 lector
1253 2233 1517 2303 intelligat
1555 2240 1816 2304 quantum
1843 2230 1982 2287 desit

403 2345 500 2400 per
534 2328 746 2403 singula
770 2326 976 2384 Graecis
1001 2324 1279 2382 codicibus
1309 2331 1365 2379 et
1388 2323 1616 2377 Latinis.

482 2441 501 2474 ι
537 2421 606 2476 Et
628 2420 697 2475 ad
724 2418 1033 2475 sacerdotes
1052 2457 1068 2481 ,
1099 2423 1156 2471 et
1177 2415 1246 2470 ad
1273 2413 1529 2486 populum
1576 2412 1738 2469 istum
1772 2414 1983 2469 locutus

412 2533 429 2565 ι
469 2527 609 2577 sum,
634 2510 861 2568 dicens:
892 2507 1017 2564 llaac
1042 2506 1174 2562 dicit
1215 2505 1478 2563 Dominus
1514 2523 1529 2560 :
1573 2502 1752 2560 Nolite
1798 2503 1984 2560 audire

414 2625 433 2658 ι
473 2604 635 2660 verba
684 2604 1069 2675 prophetarum
1117 2611 1420 2657 vestrorum
1448 2641 1465 2668 ,
1521 2600 1617 2671 qui
1662 2599 1987 2670 prophetant

414 2717 433 2749 ι
473 2696 646 2761 vobis,
674 2695 915 2752 dicentes
960 2709 975 2747 :
1012 2693 1155 2750 Ecce
1207 2708 1334 2749 vasa
1389 2691 1601 2748 Domini
1643 2697 1986 2753 ueverteutur

415 2805 434 2838 ι
472 2786 541 2843 de
582 2783 852 2856 Babylone
898 2799 1042 2839 nunc
1074 2783 1185 2838 cito
1237 2800 1252 2837 :
1301 2781 1643 2838 mendacium
1685 2780 1828 2837 enim
1861 2794 1987 2849 pro-

415 2895 439 2928 ι
475 2876 700 2947 phetant
717 2874 888 2930 vobis.
924 2892 944 2927 ι
972 2872 1112 2947 (Hoc
1134 2873 1273 2945 quod
1300 2872 1570 2945 posuimus
1592 2887 1739 2929 nunc
1765 2872 1901 2936 cito,
1928 2868 1987 2924 in

410 2968 755 3039 Septuaginta
803 2982 908 3022 non
954 2965 1197 3032 habetur,
1243 2974 1293 3020 et
1337 2964 1472 3020 illud
1520 2964 1659 3035 quod
1688 2964 1922 3034 sequitur
1941 2961 1987 3033 :)

416 3075 438 3109 ι
473 3056 646 3112 Nolite
687 3057 874 3112 audire
897 3071 1012 3121 eos,
1054 3055 1149 3111 sed
1177 3056 1376 3112 servite
1416 3055 1530 3126 regi
1561 3054 1878 3126 Babylonis,
1926 3061 1989 3109 ut

416 3167 435 3200 ι
473 3146 688 3203 vivatis.
717 3145 899 3214 Quare
921 3147 1080 3201 datur
1107 3146 1225 3201 haec
1248 3144 1445 3200 civitas
1466 3146 1522 3200 in
1550 3143 1926 3200 solitudinem?
1961 3163 1981 3197 ι

2082 1965 2221 2020 LXX
2251 1979 2357 2019 non
2374 1963 2663 2028 habentur,
2676 1961 2853 2019 sedde
2871 1960 3137 2023 Hebraica
3157 1960 3389 2018 veritate
3403 1959 3660 2016 translata

2084 2065 2239 2123 sunt;
2270 2070 2367 2128 pro
2386 2070 2495 2127 quo
2519 2054 2684 2121 aliud,
2712 2052 2856 2126 quod
2875 2053 3137 2124 scriptum
3153 2067 3262 2108 non
3275 2060 3411 2116 erat,
3438 2064 3663 2121 posuere

2085 2150 2353 2205 dicentes:
2376 2166 2395 2199 ‹
2414 2145 2512 2202 Est
2532 2146 2687 2212 mihi,
2700 2144 2825 2215 quia
2845 2144 2925 2200 sic
2936 2144 3073 2200 dixit
3087 2143 3367 2210 Dominus,
3382 2142 3662 2212 Etreliqua

2084 2257 2210 2299 vasa
2248 2256 2369 2313 quae
2392 2256 2500 2296 non
2544 2239 2669 2295 tulit
2706 2254 2802 2294 rex
2831 2237 3149 2310 Babylonis,
3179 2236 3396 2308 quando
3433 2243 3664 2291 transtu-

2084 2334 2149 2390 lit
2185 2332 2505 2390 Jechoniam
2530 2331 2597 2388 de
2644 2329 2981 2389 Hierusalem
3008 2329 3062 2384 in
3100 2326 3463 2398 Babylonem,
3496 2326 3664 2381 intra-

2083 2426 2240 2491 bunt,
2277 2424 2410 2481 dicit
2446 2422 2727 2488 Dominus,
2778 2439 2799 2473 ι
2832 2435 3051 2477 sensum
3079 2419 3255 2491 magis
3293 2432 3459 2488 quam
3501 2415 3664 2471 verba

2083 2526 2347 2588 ponentes
2389 2534 2403 2571 :
2453 2514 2677 2572 forsitan
2716 2511 3030 2569 irrationale
3061 2508 3357 2576 arbitrati,
3416 2516 3479 2563 ut
3523 2506 3663 2560 Deus

2085 2606 2399 2678 loqueretur
2426 2605 2494 2659 ad
2520 2603 2824 2670 columnas,
2848 2610 2906 2658 et
2932 2602 3001 2657 ad
3025 2615 3196 2667 mare,
3222 2608 3279 2654 et
3306 2599 3374 2653 ad
3402 2598 3580 2661 bases,
3607 2604 3662 2651 et

2087 2698 2154 2752 ad
2183 2695 2386 2765 reliqua
2414 2710 2540 2751 vasa
2591 2709 2712 2764 qum
2751 2699 3127 2748 remanserant
3170 2691 3226 2746 in
3264 2688 3599 2745 Hierusalem
3642 2705 3656 2742 :

2086 2787 2239 2858 quasi
2285 2801 2391 2842 non
2421 2785 2685 2857 legamus,
2726 2793 2783 2840 et
2809 2783 2980 2838 vermi
3023 2780 3290 2837 matutino
3330 2779 3661 2852 increpuisse

2088 2877 2396 2944 Dominum,
2424 2885 2477 2934 et
2520 2876 2587 2935 ad
2631 2891 2783 2934 mare
2833 2874 3074 2933 locutum
3117 2891 3131 2929 :
3162 2892 3181 2927 ι
3214 2872 3357 2931 Tace
3382 2883 3441 2931 et
3476 2874 3662 2929 obmu-

2088 2979 2237 3029 tesce
2285 2967 2433 3035 (Jan.
2478 2967 2578 3041 IV).
2610 2988 2629 3021 ι
2661 2967 2924 3039 Quodque
2948 2966 3056 3032 ait,
3086 2984 3105 3018 ι
3136 2975 3428 3023 occurrant
3452 2965 3605 3031 mihi,
3635 2983 3655 3016 ι

2089 3064 2205 3118 sive
2242 3081 2261 3114 ι
2299 3060 2524 3117 Domino
2549 3060 2912 3124 exercituum,
2951 3078 2971 3112 ι
3008 3057 3136 3113 illud
3189 3056 3429 3113 ostendit
3478 3070 3660 3112 verum

2089 3153 2406 3225 prophetam
2428 3167 2587 3223 posse
2606 3151 2835 3209 Domino
2862 3150 3114 3222 precibus
3151 3148 3407 3205 resistere
3424 3188 3443 3214 ,
3467 3161 3654 3203 secun-

414 3238 543 3295 l‘ost
569 3245 758 3310 gentes
800 3245 984 3293 autem
1027 3244 1085 3293 et
1124 3250 1307 3307 regem
1342 3236 1715 3293 sacerdotibus
1749 3236 1988 3307 loquitur
2013 3239 2060 3302 C
2090 3245 2216 3299 dum
2250 3243 2392 3314 quod
2436 3250 2495 3299 et
2537 3240 2747 3314 Moyses
2792 3242 2943 3297 stetit
2980 3240 3037 3296 in
3075 3240 3425 3311 percussione
3475 3249 3659 3297 contra

408 3338 468 3386 et
491 3329 689 3401 populo
718 3346 731 3384 :
760 3328 888 3399 quia
906 3326 1017 3398 jam
1044 3327 1323 3398 prophetis
1350 3341 1514 3398 supra
1542 3328 1821 3383 interitum
1853 3343 1990 3383 nun-

412 3421 645 3476 tiaverat
672 3419 855 3476 dicens
880 3437 895 3474 :
933 3436 951 3471 ι
994 3417 1064 3475 Ut
1093 3417 1310 3489 ejiciam
1332 3432 1429 3473 vos
1464 3426 1524 3473 et
1544 3419 1802 3488 pereatis,
1832 3437 1852 3471 ι
1879 3425 1990 3473 tam

416 3525 511 3567 vos
551 3525 712 3581 quam
742 3508 1037 3581 propheta,
1068 3508 1161 3577 qui
1194 3508 1557 3563 vaticinantur
1580 3506 1751 3564 vobis.
1792 3506 1992 3578 Loqui-

416 3612 505 3660 tur
525 3611 703 3659 autem
726 3604 937 3669 eadem,
952 3618 1072 3674 quae
1091 3603 1302 3660 locutus
1314 3602 1492 3660 fuerat
1508 3604 1621 3676 regi
1644 3612 1699 3659 et
1721 3603 1988 3674 gentibus,

414 3711 485 3753 ne
503 3694 721 3750 audiant
735 3696 898 3755 verba
922 3697 1309 3767 prophetarum
1330 3711 1572 3763 suorum,
1590 3705 1646 3753 et
1664 3696 1847 3752 dicant
1864 3710 1991 3750 vasa

416 3786 601 3857 templi
642 3786 855 3843 Domini
892 3788 1005 3859 jam
1035 3788 1360 3858 reportanda
1388 3828 1403 3854 ,
1443 3803 1564 3860 qua:
1588 3802 1710 3843 cum
1735 3784 1991 3843 Jechonia

412 3878 884 3950 principibusque,
934 3887 991 3935 et
1033 3890 1206 3936 matre
1238 3880 1356 3950 ejus
1393 3878 1611 3936 fuerant
1652 3887 1927 3951 asportata
1974 3897 1989 3935 :

419 3978 711 4040 monetque
729 3977 791 4026 ut
815 3969 1124 4025 deserviant
1148 3969 1261 4041 regi
1284 3969 1592 4041 Babylonis,
1622 3976 1679 4024 et
1697 3969 1914 4035 vivant,
1936 3977 1995 4025 et

414 4058 610 4115 civitas
647 4066 838 4131 sponte
864 4059 1105 4130 subjecta
1140 4073 1480 4129 nequaquam
1516 4058 1764 4115 tradatur
1805 4058 1993 4114 incen-

414 4151 505 4207 dio
558 4158 659 4207 :et
702 4150 757 4206 in
795 4151 900 4207 hoc
954 4149 1241 4206 clementia
1289 4149 1535 4215 Domini,
1582 4147 1774 4207 leviori
1817 4161 1992 4220 ρωυω

413 4240 529 4295 vult
548 4239 786 4307 tradere,
814 4252 884 4294 ne
921 4237 1227 4294 sustineant
1249 4236 1575 4309 graviorem.

491 4346 511 4379 ι
548 4328 616 4383 Ει
654 4328 700 4384 si
729 4329 1005 4400 prophetae
1033 4335 1190 4394 sunt,
1219 4335 1277 4384 et
1317 4337 1401 4384 est
1425 4329 1649 4384 verbum
1677 4327 1888 4383 Domini
1937 4327 1991 4383 in

417 4420 516 4485 eis,
548 4431 859 4476 occurrant.
896 4439 917 4473 ι
951 4420 1213 4490 Quodque
1235 4419 1498 4490 sequitur,
1537 4427 1593 4475 et
1615 4419 1880 4475 subdituri
1902 4434 1991 4474 su-

415 4524 537 4563 mus
564 4523 734 4578 usque
762 4510 831 4564 ad
871 4510 1033 4566 finem
1060 4509 1222 4579 hujus
1252 4507 1510 4580 capituli,
1551 4509 1608 4566 in
1637 4509 1989 4581 Septuaginta

416 4613 526 4654 non
558 4596 811 4652 habetur.

2090 3331 2405 3399 Dominum,
2457 3338 2520 3387 ut
2559 3340 2830 3389 averteret
2867 3330 3005 3386 iram
3034 3329 3233 3388 furoris
3275 3332 3413 3402 ejus.
3447 3327 3665 3386 Samuel

2089 3436 2304 3493 quoque
2349 3421 2490 3478 idem
2540 3420 2670 3478 fecit
2717 3420 2771 3496 (Ι
2822 3420 2947 3495 Reg.
2990 3422 3141 3496 vui);
3182 3431 3240 3479 et
3284 3422 3547 3480 Dominus
3598 3421 3663 3478 ad

2092 3514 2311 3588 Moysen
2359 3530 2429 3569 ε(
2465 3513 2687 3570 Dimitte
2737 3528 2864 3580 me,
2908 3514 3021 3582 ait,
3066 3516 3367 3587 percutiam
3411 3514 3667 3586 populum

2092 3608 2255 3664 istum
2283 3606 2480 3680 (Exod.
2509 3606 2707 3678 xxxix).
2730 3626 2750 3658 ι
2769 3607 2993 3674 Quando
3018 3616 3196 3665 autem
3220 3607 3373 3674 dicit,
3404 3627 3424 3659 ι
3459 3607 3667 3663 dimitte

2092 3712 2202 3765 me,
2229 3716 2248 3750 ι
2281 3696 2518 3753 ostendit
2541 3711 2601 3753 se
2624 3695 2877 3768 precibus
2896 3705 3208 3754 sanctorum
3230 3711 3392 3769 posse
3417 3696 3663 3753 retineri.

2091 3789 2411 3856 Occurrant,
2438 3788 2636 3860 inquit,
2689 3790 2997 3860 propheue,
3027 3799 3434 3859 etquaecunque
3476 3787 3664 3859 praedi-

2092 3891 2222 3940 cunt
2271 3897 2434 3953 opere
2458 3881 2723 3953 completa
2770 3881 3142 3938 demonstrent
3182 3889 3237 3937 et
3273 3888 3401 3937 tunc
3442 3880 3666 3936 veritate

2091 3972 2406 4028 vaticinium
2469 3971 2933 4042 comprobabitur.
3000 3970 3292 4028 Columnas
3363 3979 3549 4025 autem
3613 3975 3669 4023 et

2093 4080 2263 4130 mare,
2293 4072 2347 4119 et
2388 4064 2566 4129 bases,
2591 4072 2648 4121 et
2670 4064 2874 4135 reliqua
2897 4078 3151 4121 vasorum
3178 4063 3234 4118 in
3260 4061 3570 4127 Malachim,
3615 4067 3669 4113 et

2092 4156 2149 4212 in
2180 4164 2425 4211 extremo
2469 4153 2628 4225 hujus
2655 4155 2935 4225 propheta:
2976 4152 3246 4209 volumine
3285 4151 3517 4222 legimus
3562 4149 3612 4222 (I
3632 4146 3665 4199 ν

2094 4245 2225 4317 Reg.
2266 4243 2392 4316 ult.)
2438 4243 2506 4298 Et
2534 4252 2921 4300 enumerantur
2954 4256 3086 4299 vasa
3122 4257 3242 4314 qua:
3271 4240 3533 4297 translata
3562 4239 3667 4295 sint

2092 4338 2150 4396 in
2206 4336 2534 4408 Babylonem
2560 4375 2576 4402 ,
2630 4336 2846 4404 quando
2902 4341 3092 4405 captus
3114 4341 3198 4390 est
3226 4331 3567 4390 Sedechias:
3615 4336 3669 4385 et

2093 4428 2311 4487 incensa
2341 4427 2552 4494 civitas,
2592 4424 2958 4499 templumque
2983 4427 3320 4483 subversum.

1540 4845 1839 4926 LIBER
1896 4844 2039 4928 UN
2048 4848 2528 4929 DECIMUS.

483 5131 620 5187 Mira
655 5131 873 5188 creeitas
891 5126 1198 5184 Judmorum
1219 5167 1234 5194 ,
1263 5137 1319 5184 et
1352 5127 1579 5184 dolenda
1612 5124 1827 5185 miseria
1846 5170 1861 5196 ,
1893 5128 1986 5198 qui
2016 5130 2065 5191 D
2091 5125 2298 5183 creduli
2324 5124 2641 5190 existentes,
2672 5123 2847 5197 magis
2879 5123 3379 5193 pseudoprophetis,
3411 5123 3507 5192 qui
3547 5137 3667 5193 pro-

417 5236 513 5276 ncc
559 5221 835 5277 beneficiis
876 5236 1112 5292 unquam
1158 5217 1321 5287 flecti,
1370 5230 1471 5275 nec
1516 5219 1740 5292 flagellis
1789 5221 1988 5292 corripi

415 5320 683 5381 poterant,
709 5320 770 5368 ut
792 5313 1054 5369 creatoris
1077 5310 1161 5367 sui
1183 5311 1410 5382 imperio
1430 5310 1819 5379 subjicerentur
1846 5327 1862 5365 :
1892 5311 1985 5368 sed

417 5402 549 5456 dura
570 5403 803 5469 cervice,
832 5412 887 5458 et
912 5403 1172 5459 indomita
1196 5412 1378 5458 mente
1406 5402 1744 5469 rebellantes,
1776 5418 1987 5473 semper

418 5491 751 5547 contentiose
805 5494 1039 5563 agebant
1084 5502 1270 5548 contra
1320 5492 1625 5548 Dominum.
1664 5491 1798 5547 Nam
1842 5492 1986 5549 veris

418 5579 695 5649 prophetis
714 5580 850 5649 ejus,
876 5583 967 5652 qui
989 5582 1261 5652 prioribus
1283 5583 1500 5654 regibus
1532 5582 1704 5655 legem
1734 5584 1825 5638 Dei
1851 5600 1987 5654 pra:-

423 5668 787 5723 varicantihus
811 5686 999 5739 poenas
1025 5672 1642 5742 futurasprccdicebant,
1679 5682 1734 5729 et
1756 5673 1807 5728 id
1826 5675 1987 5729 etiam

425 5757 580 5812 iactis
602 5755 886 5826 probatum
913 5764 1031 5825 est;
1061 5761 1201 5830 quod
1244 5761 1321 5816 eis
1347 5763 1836 5831 praenuntiaverant
1859 5803 1874 5829 ,
1903 5762 1985 5821 in-

2096 5232 2253 5291 spera
2278 5216 2692 5289 pollicebantur,
2720 5214 2881 5271 fidem
2908 5215 3166 5270 adhibere
3189 5213 3471 5285 elegerunt
3502 5231 3517 5267 :
3549 5228 3665 5269 cum

2095 5308 2152 5363 in
2178 5307 2354 5364 medio
2376 5307 2613 5365 hostium
2647 5306 2927 5363 constituti
2950 5305 3191 5376 quotidie
3210 5303 3662 5374 periclitarentur,

2094 5407 2151 5454 et
2169 5400 2237 5456 ad
2257 5405 2484 5455 mortem
2506 5396 3017 5468 appmpinquarent.
3048 5395 3201 5452 Unde
3226 5412 3370 5451 nunc
3399 5396 3457 5452 in
3490 5406 3665 5466 poste-

2096 5488 2331 5545 rioribus
2349 5488 2543 5560 legitur
2558 5488 2700 5558 quod
2713 5486 2936 5545 Ananiae
2957 5487 3052 5543 lilii
3074 5486 3220 5542 Azur
3236 5485 3386 5544 falsis
3398 5485 3667 5542 vaticiniis

2095 5580 2408 5644 innitentes,
2436 5576 2704 5643 Ieremia,
2735 5577 2843 5633 imo
2872 5576 2965 5633 Dei
2996 5592 3094 5648 per
3119 5576 3315 5649 ipsum,
3329 5577 3495 5633 verba
3524 5573 3670 5645 peni-

2094 5682 2184 5729 tus
2206 5679 2522 5743 respuerent
2549 5687 2563 5725 :
2592 5671 2737 5742 quod
2761 5670 2841 5728 eis
2867 5670 2937 5726 ad
2962 5679 3167 5727 certum
3197 5670 3480 5728 interitum
3502 5667 3663 5727 etiam

2093 5763 2462 5837 portendebat.
