4022 6186
392 389 536 450 Μ)ίό

933 494 1159 552 CAPUT
1199 495 1431 553 XXVIII.

387 607 650 682 Ieremia:
678 606 946 682 respondet
977 606 1199 661 Ananire
1218 648 1233 672 ,
1280 609 1372 678 qui
1396 609 1471 663 ait
1499 609 1790 682 rediturum
1808 626 1975 682 popu-

460 679 572 733 lum
596 718 612 743 ,
648 686 697 731 et
726 678 903 731 omnia
946 693 1071 747 uasa
1111 687 1225 747 post
1269 689 1403 734 auos
1439 696 1605 735 annos
1643 678 1971 747 Jerusalem,

464 765 619 805 auten
646 761 666 800 .'
691 758 738 802 et
759 748 908 817 punit
931 745 1070 801 Deus
1105 745 1370 804 Arsaniam
1390 759 1600 820 propter
1619 745 1971 806 mendacium.

463 882 484 914 ι
520 862 599 918 Et
637 860 838 919 factum
883 869 968 916 est
994 860 1050 916 in
1090 876 1233 917 anno
1262 863 1355 918 illo
1378 904 1394 929 ,
1439 863 1491 918 in
1521 864 1787 935 principio
1820 865 1974 937 regni

389 972 411 1005 ι
452 952 731 1010 Sedecbia:
777 953 924 1025 regis
953 952 1090 1008 Julia
1115 994 1132 1021 ,
1179 954 1232 1009 in
1271 969 1414 1010 anno
1435 964 1662 1024 quarto,
1701 956 1755 1012 in
1788 972 1975 1014 mense

390 1064 413 1096 σ
448 1044 663 1115 quinto,
697 1045 834 1100 dixit
856 1045 925 1099 ad
973 1059 1061 1100 me
1083 1046 1324 1102 Ananiae
1351 1046 1498 1102 {ilius
1541 1048 1688 1103 Azur
1711 1049 1972 1120 propheta

389 1157 410 1189 ι
451 1138 521 1195 de
543 1136 764 1193 Gabeon
794 1137 848 1192 in
899 1138 1061 1195 domo
1098 1137 1343 1204 Domini,
1386 1154 1572 1196 coram
1601 1140 1975 1197 sacerdotibus

391 1248 410 1281 ι
451 1238 501 1285 et
530 1229 676 1285 omni
706 1229 905 1300 populo
937 1230 1126 1287 dicens
1153 1249 1167 1285 :
1196 1231 1323 1287 Ilaec
1361 1231 1493 1287 dicit
1518 1233 1779 1289 Dominus
1813 1248 1972 1289 exer-

389 1340 412 1374 ι
449 1323 654 1378 cituutn
687 1322 833 1377 Deus
882 1321 1049 1377 Israel
1081 1340 1094 1375 :
1136 1321 1378 1378 Contrivi
1399 1324 1589 1396 iugum
1625 1327 1766 1396 regis
1802 1326 1967 1398 Babyo

386 1433 409 1468 α
449 1415 593 1469 Ionis
615 1431 629 1467 :
652 1413 827 1470 adhuc
844 1414 951 1470 duo
964 1415 1092 1470 anni
1122 1416 1351 1480 dierum,
1371 1425 1428 1471 et
1452 1432 1554 1487 ego
1573 1416 1764 1472 referri
1777 1415 1972 1475 faciam

388 1523 410 1556 ι
451 1506 521 1561 ad
564 1504 739 1560 locum
788 1505 951 1560 istum
996 1507 1180 1561 omnia
1228 1521 1357 1561 vasa
1407 1507 1601 1563 domus
1654 1508 1889 1564 Domini.
1947 1526 1967 1563 ι

383 1591 659 1665 (Ηίθτοη.)
677 1592 825 1660 Quos
844 1594 1169 1652 Hebraicum
1190 1596 1489 1667 prophetas,
1504 1597 1608 1653 hoc
1631 1606 1738 1663 est,
1752 1607 1970 1664 ω’κω,

385 1683 741 1755 Septuaginta
787 1684 1263 1757 pseudoprophetas
1308 1687 1648 1758 interpretati
1696 1698 1864 1756 sunt,
1914 1698 1976 1746 ut

382 1778 817 1835 manifestiorcm
841 1777 1083 1835 facerent
1108 1778 1540 1852 intelligentiam.
1569 1781 1809 1853 Denique
1822 1792 1887 1839 et
1917 1784 1972 1841 in

1319 384 1684 443 EXPOSITIO
1724 385 1953 442 SUPER
1976 384 2356 443 ‘JEREMIMI;
2400 416 2467 426 —
2507 386 2635 441 LIB.
2674 383 2766 441 XI.

3521 384 3696 441 MN?

2000 509 2049 567 Α
2078 502 2222 573 quod
2269 500 2413 558 illius
2459 500 2757 573 prophetiae
2806 498 2940 556 nolit
2980 500 3483 559 mendacium-non
3514 514 3659 570 esse,

2077 609 2240 665 quam
2273 601 2438 649 tantas
2482 593 2694 648 ruinam
2733 589 3095 646 multitudinis
3144 589 3292 662 (Jan.
3321 590 3427 664 ιιι).
3461 589 3543 647 Ac
3591 604 3663 648 ne

2072 686 2354 742 videretur
2398 682 2882 756 pseudoprophetis
2921 683 3281 754 comprobare
3319 683 3658 748 vaticinium,

2074 778 2177 833 sub
2221 776 2453 832 aliorum
2499 773 2748 846 exemplo
2800 774 3008 845 absque
3052 771 3249 843 iniuria
3302 772 3673 839 mentientis,

2076 868 2272 925 asserit
2299 867 2606 923 veritatem.

2152 977 2174 1012 ι
2211 960 2598 1017 Verumtamen
2638 955 2763 1011 audi
2791 954 3013 1011 verbum
3051 955 3159 1012 hoc
3176 955 3319 1025 quod
3341 969 3442 1027 ego
3469 954 3675 1028 loquor.

2081 1069 2101 1102 ε
2136 1050 2190 1106 in
2216 1030 2439 1105 auribus
2460 1047 2565 1103 tuis
2591 1046 2725 1103 etin
2751 1044 2975 1102 auribus
3006 1046 3247 1103 universi
3269 1046 3452 1116 populi
3481 1063 3496 1101 :
3523 1045 3661 1104 Pro-

2080 1160 2101 1193 ι
2137 1142 2333 1213 phetaz,
2351 1140 2445 1210 qui
2474 1137 2699 1194 fuerunt
2727 1145 2854 1193 ante
2876 1152 2963 1193 me
2990 1145 3045 1193 et
3074 1145 3127 1192 te
3154 1136 3226 1192 ab
3252 1137 3429 1205 initio,
3454 1147 3513 1194 et
3535 1152 3664 1208 pro-

2081 1255 2100 1287 ι
2138 1236 2499 1306 phetaverunt
2535 1246 2700 1302 super
2737 1238 2913 1285 terras
2956 1228 3178 1295 multas,
3221 1238 3277 1284 et
3307 1243 3470 1300 super
3497 1242 3662 1300 regna

2082 1345 2101 1378 ι
2137 1340 2353 1398 magna,
2377 1333 2433 1381 et
2454 1322 2522 1378 de
2541 1322 2747 1393 prmlio,
2777 1330 2832 1376 et
2873 1321 2939 1376 de
2961 1318 3271 1386 atiiictione,
3310 1328 3366 1374 et
3398 1319 3465 1375 de
3493 1318 3660 1374 t‘ame.

2082 1435 2103 1470 ι
2138 1419 2407 1487 Propheta
2437 1416 2529 1487 qui
2558 1415 2888 1471 vaticinatus
2913 1421 2999 1469 est
3034 1428 3224 1484 pacem
3243 1452 3260 1479 ,
3300 1427 3424 1468 cum
3452 1412 3664 1468 venerit

2082 1524 2102 1559 ι
2139 1509 2363 1563 verbum
2384 1505 2522 1577 ejus,
2548 1507 2752 1562 scietur
2764 1506 3029 1576 propheta
3050 1516 3209 1579 quem
3225 1503 3377 1558 misit
3400 1503 3662 1559 Dominus

2078 1619 2100 1651 ε
2140 1600 2194 1655 in
2246 1600 2497 1655 veritate.
2534 1618 2552 1650 ι
2589 1598 2807 1654 Poterat
2852 1596 3122 1653 Jeremias
3158 1594 3384 1651 Ananiae
3429 1594 3609 1651 dicere
3642 1611 3658 1647 :

2076 1685 2295 1741 Falsum
2321 1684 2580 1756 loqueris,
2604 1683 2809 1754 decipis
2836 1682 3114 1753 populum,
3141 1697 3250 1737 non
3275 1695 3335 1736 es
3372 1680 3660 1750 prouisum,

2075 1777 2170 1833 sed
2228 1778 2715 1847 pseudopropheta.
2749 1774 2902 1842 Quod
2945 1775 2989 1829 si
3029 1768 3296 1838 dixisset,
3343 1779 3555 1843 poterat
3603 1779 3662 1827 et

380 1869 640 1940 praesenti
664 1869 783 1926 loco
807 1870 1055 1941 propheta
1080 1871 1301 1940 dicitur,
1326 1872 1430 1928 hoc
1455 1881 1541 1928 est
1570 1882 1728 1942 κω,
1769 1884 1826 1931 et
1862 1890 1968 1931 non
1997 1866 2044 1925 B
2071 1869 2542 1940 pseudopropheta
2567 1868 2621 1923 in
2637 1865 2930 1922 Jeremiam
2952 1864 3140 1921 eadem
3166 1871 3502 1949 retorquere.
3518 1861 3662 1932 Ergo

380 1960 858 2039 pseudoprophetis.
907 1961 998 2019 Fit
1029 1971 1209 2019 autem
1253 1979 1433 2021 sermo
1460 1967 1673 2023 Domini
1717 1970 1817 2025 sub
1845 1982 1974 2041 rege

378 2049 657 2107 Sedcchia
678 2053 732 2107 in
754 2063 953 2122 quarto
968 2069 1111 2110 anno
1134 2056 1285 2127 regni
1316 2056 1450 2128 ejus,
1471 2058 1527 2113 in
1544 2070 1731 2115 mense
1760 2061 1971 2131 quinto.

378 2138 626 2197 Necdum
665 2143 929 2213 propheta
969 2145 1219 2202 Ezechiel
1253 2148 1589 2206 vaticinante
1615 2150 1669 2205 in
1703 2150 1975 2225 Babylone

382 2233 458 2288 ad
489 2246 607 2300 eos,
634 2234 728 2306 qui
756 2250 881 2291 cum
903 2234 1165 2293 Jechonia
1190 2237 1405 2297 fuerant
1426 2242 1787 2315 transmigrati
1820 2257 1836 2297 :
1873 2244 1974 2299 ha-

381 2324 589 2394 baque
619 2324 872 2382 ﬁduciam
899 2329 955 2385 in
983 2331 1188 2401 templo
1210 2332 1426 2389 Domini
1455 2333 1603 2405 loqui
1638 2345 1825 2392 contra
1851 2353 1975 2409 pro-

380 2415 629 2486 phetam,
654 2418 782 2489 quia
805 2434 1066 2491 prospera
1090 2423 1289 2493 populo
1315 2424 1604 2496 pollicetur
1620 2468 1635 2494 ,
1664 2437 1721 2483 et
1746 2428 1977 2486 libenter

384 2505 681 2563 audiuntur
692 2510 974 2566 mendacia
995 2529 1009 2565 :
1032 2514 1341 2583 prmsertim
1356 2515 1608 2586 quaalmta
1628 2519 1974 2589 promittunt.

383 2594 654 2654 Jeremias
702 2601 914 2657 dixerat
937 2603 1103 2659 etiam
1146 2613 1343 2662 cmtera
1370 2621 1521 2674 vasa,
1548 2608 1633 2665 vel
1656 2609 1862 2680 templi,
1893 2611 1979 2666 vel

382 2688 585 2745 domus
614 2692 796 2764 regiae,
824 2701 881 2749 et
916 2695 1157 2752 universi
1184 2698 1368 2768 populi
1404 2715 1527 2770 quae
1551 2699 1978 2759 Nabuchodono-

2075 1978 2183 2018 non
2212 1961 2343 2016 facit
2383 1958 2655 2029 iniuriam,
2682 1967 2739 2014 et
2763 1957 2921 2029 quasi
2952 1959 3019 2013 ad
3050 1958 3371 2029 prophetam
3395 1956 3657 2026 loquiutn.

2073 2054 2193 2110 Non
2242 2053 2440 2118 solum,
2492 2051 2689 2122 inquit,
2736 2065 2839 2121 ego
2885 2065 3004 2105 sum
3049 2049 3346 2119 propheta,
3375 2055 3433 2103 et
3463 2055 3540 2112 tu,
3567 2046 3677 2103 sed»

2076 2146 2227 2203 fuere
2254 2152 2380 2201 ante
2408 2159 2497 2200 me
2524 2151 2578 2200 et
2606 2153 2660 2200 te
2699 2142 2853 2198 multi
2886 2141 3000 2207 alii,
3045 2154 3277 2210 quorum
3318 2137 3422 2195 fuit
3455 2138 3623 2194 isaias
3644 2177 3661 2206 ,

2075 2240 2237 2305 Osse,
2249 2236 2364 2294 Joel
2381 2247 2437 2294 et
2449 2237 2634 2304 Amos,
2659 2247 2715 2293 et
2726 2239 2907 2295 caeteri
2926 2254 2941 2292 :
2967 2236 3440 2306 prophetaverunt,
3457 2232 3683 2303 inquit,

2075 2342 2265 2392 contra
2292 2342 2465 2388 terras
2485 2332 2706 2397 multas,
2722 2339 2779 2387 et
2796 2346 2961 2404 regna
2982 2345 3091 2386 non
3114 2344 3302 2400 parva,
3329 2326 3424 2384 sed
3446 2340 3667 2397 magna,

2075 2427 2273 2484 bellum
2310 2424 2439 2492 illis,
2467 2432 2523 2482 et
2545 2424 2797 2491 adversa,
2823 2430 2878 2479 et
2901 2436 3085 2478 rerum
3111 2420 3355 2477 omnium
3377 2417 3678 2491 penuriam-

2077 2522 2390 2577 nuntiantes
2413 2561 2427 2585 ,
2476 2528 2532 2577 et
2570 2532 2604 2575 e
2648 2517 2924 2574 contrario
2952 2515 3170 2572 fuerunt
3208 2513 3336 2580 alii,
3361 2512 3685 2585 quipacemy

2078 2611 2461 2683 pollicerentur
2491 2616 2547 2665 et
2567 2622 2823 2680 prospera
2840 2647 2856 2673 ,
2880 2615 3235 2676 utrorumque
3259 2601 3530 2660 sententia
3554 2615 3675 2656 non

2078 2703 2391 2759 adulatione
2432 2700 2737 2765 mendacii,
2786 2699 2880 2755 sed
2920 2712 3099 2754 rerum
3131 2696 3281 2753 exitu
3312 2692 3685 2766 mprobant

382 2793 480 2835 sor
509 2779 799 2838 dimiserat
843 2784 1219 2843 transferenda
1264 2788 1617 2860 Babylonem.
1654 2790 1756 2848 llic
1795 2802 1977 2850 autem
2077 2803 2180 2850 est.
2228 2793 2343 2850 Sub
2368 2793 2596 2849 aliorum
2647 2792 2813 2864 igitur
2832 2788 3079 2860 exemplo
3121 2789 3277 2844 dese
3319 2785 3579 2857 loquitur,
3610 2791 3682 2840 et-

383 2883 420 2925 e
446 2873 724 2930 contrario
743 2875 907 2932 etiam
927 2890 1015 2946 ea,
1036 2892 1156 2949 quae
1180 2880 1441 2937 translata
1458 2880 1974 2941 fuerantrel‘erenda
2076 2885 2310 2951 Anania,
2342 2884 2487 2955 quod
2510 2897 2633 2940 cum
2661 2896 2844 2938 rerum
2874 2880 2997 2936 linis
3024 2878 3337 2946 advenerit,
3368 2885 3497 2933 tunc
3533 2889 3667 2947 pro.

384 2964 677 3034 Ιποωίιιὶι·
2079 2974 2364 3044 phetarnm
2396 2972 2598 3030 veritas
2623 2972 2959 3027 ostendatur.
2988 2968 3105 3026 Hoc
3147 2969 3292 3025 idem
3319 2976 3377 3024 et
3404 2966 3685 3024 Dominus-

464 3075 485 3107 ι
522 3052 653 3122 Quae
674 3056 798 3113 tulit
816 3057 1319 3120 Nabuchodonosor
1338 3078 1436 3121 rex
1456 3062 1750 3138 Babylonis
1771 3069 1836 3125 de
1857 3068 1977 3126 loco
2079 3065 2291 3121 locutus
2316 3072 2402 3120 est
2422 3077 2523 3134 per
2547 3062 2767 3135 Moysen
2795 3061 2974 3133 (Deut.
3010 3059 3193 3134 nui),
3226 3059 3371 3131 quod
3403 3057 3689 3130 PWPI'C‘"

390 3164 412 3198 ι
450 3145 575 3214 isto,
606 3157 660 3203 et
686 3150 965 3207 transtulit
993 3162 1057 3208 ea
1091 3153 1146 3209 in
1177 3154 1524 3228 Babylonem.
1557 3156 1624 3214 Et
1654 3159 1973 3218 Jechoniam
2025 3227 2033 3228 γ
2078 3158 2324 3215 vaticinii
2379 3157 2485 3213 line
2512 3163 2866 3213 monstretur.
2892 3155 2961 3210 Et
2986 3154 3091 3209 hoc
3128 3148 3669 3209 animadvertendum

390 3256 414 3289 σ
451 3238 622 3294 lilium
646 3238 891 3298 Joacbim
920 3256 1098 3317 regem
1120 3227 1358 3314 Juda,et
1380 3264 1597 3306 omnem
1621 3253 1977 3326 transmigra—
2003 3227 2049 3290 (ἶ
2080 3251 2225 3324 quod
2243 3264 2352 3305 non
2380 3248 2689 3313 minaciter,
2715 3260 2820 3303 non
2846 3244 3202 3309 truculenter,
3232 3241 3328 3298 sed
3355 3240 3550 3297 ﬁducia
3573 3253 3668 3294 ves

387 3345 415 3379 ι
455 3330 656 3387 tionem
680 3331 847 3399 Judaa,
880 3336 970 3406 qui
995 3334 1221 3408 ingressi
1250 3349 1374 3394 sunt
1403 3339 1454 3394 in
1484 3341 1808 3414 Babylonem
1833 3385 1847 3411 ,
1876 3359 1977 3417 ego

388 3436 415 3472 ι
451 3433 766 3479 convertam
795 3425 863 3481 ad
911 3426 1091 3483 locum
1117 3428 1278 3484 istum
1299 3472 1314 3497 ,
1347 3434 1424 3486 ait
1448 3433 1705 3491 Dominus
1740 3452 1756 3492 :
1787 3446 1976 3493 conte—

393 3525 418 3561 ε
454 3524 572 3565 ram
627 3513 768 3568 enim
816 3514 1004 3586 iugum
1035 3517 1179 3587 regis
1225 3518 1529 3591 Babylonis.
1578 3541 1598 3575 ι
1634 3520 1742 3578 Pro
1781 3525 1978 3595 quibus

362 3598 745 3674 Septuaginta
768 3607 1161 3664 transtulerunt
1189 3627 1203 3663 :
1239 3627 1258 3661 ι
1293 3608 1609 3668 Jechoniam
1635 3620 1691 3669 et
1719 3616 1975 3672 transmi-

389 3691 698 3763 grationem
732 3692 904 3751 ludas.
934 3695 1070 3763 Quia
1113 3706 1393 3755 conteram
1421 3698 1608 3773 iugum
1635 3703 1781 3774 regis
1805 3702 1981 3776 Baby-

388 3782 535 3839 lonis
560 3824 576 3851 ,
625 3786 865 3843 breviter
914 3786 1193 3846 Hebraicaa
1241 3792 1486 3851 veritatis
1535 3809 1756 3851 sensum
1807 3795 1980 3867 magis

390 3892 559 3949 quam
606 3879 770 3935 verba
822 3889 1107 3952 ponentes.
1171 3883 1464 3940 Pollicetur
1512 3896 1692 3942 autem
1740 3885 1981 3943 Ananias

391 3969 679 4041 propheta,
710 3980 771 4027 ut
798 3979 927 4030 tunc
955 3975 1151 4046 popqu
1174 3978 1482 4044 videbatur,
1504 3994 1611 4035 non
1634 3978 1805 4035 solum
1828 3995 1981 4048 vasa,

394 4066 491 4118 sed
515 4072 573 4120 et
598 4079 783 4136 regem
818 4066 1132 4125 Jechoniam
1174 4068 1538 4127 reducendum
1567 4086 1688 4129 esse
1727 4071 1984 4129 Hierusa-

395 4153 529 4220 lem,
558 4163 614 4210 et
629 4155 818 4227 iugum
845 4157 989 4229 regis
1007 4159 1296 4233 Babylonis
1315 4164 1728 4230 conterendum,
1756 4166 1856 4221 hoc
1876 4174 1981 4233 est,

398 4250 784 4308 destruendum
816 4253 931 4323 eius
977 4253 1266 4326 imperium
1300 4275 1315 4313 :
1344 4266 1399 4314 et
1426 4259 1529 4316 hoc
1558 4262 1788 4316 necdum
1829 4276 1981 4318 com-

396 4342 568 4414 picto,
598 4345 833 4401 futurum
873 4346 1121 4409 biennio.
1152 4360 1212 4405 ut
1240 4351 1419 4422 gaudii
1446 4352 1873 4425 magnitudinem
1899 4354 1981 4408 vi-

399 4437 583 4492 cinum
613 4445 821 4510 tempus
848 4442 1286 4511 repromissionis
1312 4454 1554 4516 augeret.

476 4549 497 4583 ι
534 4530 603 4587 Ει
641 4531 781 4588 dixit
825 4530 1090 4590 Jeremias
1138 4536 1399 4606 propheta
1443 4538 1510 4593 ad
1551 4536 1815 4593 Ananiam
1855 4555 1982 4610 pro-

2081 3340 2260 3397 ritatis
2314 3340 2560 3410 increpet
2583 3337 2935 3392 mentientem
2951 3375 2967 3400 ,
2990 3342 3047 3391 et
3069 3331 3281 3388 diti’crat
3307 3331 3362 3386 in
3386 3330 3689 3393 futurum...

2080 3442 2142 3489 ut
2165 3433 2256 3502 qui
2283 3431 2508 3486 audiunt
2545 3443 2729 3485 serum
2756 3427 2963 3484 exitum
2983 3423 3399 3496 priestolentur-

2158 3541 2178 3575 ι
2215 3523 2282 3578 Et
2316 3522 2437 3577 tulit
2457 3521 2698 3576 Ananiae
2725 3520 2987 3590 propheta
3017 3525 3265 3572 catenam
3289 3513 3391 3584 (vel
3421 3511 3666 3578 furcam,

2088 3634 2106 3667 ι
2140 3628 2260 3686 quo:
2306 3612 2563 3668 Hebraice
2609 3612 2806 3666 dicitur
2864 3610 3076 3681 mum)
3121 3607 3189 3663 de
3232 3606 3373 3664 collo
3419 3604 3668 3662 Ieremia:

2088 3724 2107 3758 ι
2144 3704 2440 3776 prophetae,
2491 3710 2548 3759 et
2601 3701 2867 3773 confregit
2912 3716 3054 3756 eam.
3102 3700 3169 3756 Et
3197 3699 3276 3755 ait
3296 3699 3566 3765 Ananiae,
3608 3697 3665 3752 in

2088 3813 2107 3848 ι
2144 3803 2435 3867 conspectu
2476 3794 2655 3850 omnis
2677 3793 2861 3865 populi
2888 3793 3072 3849 dicens
3101 3809 3117 3846 :
3148 3790 3276 3847 Haec
3310 3791 3443 3847 dicit
3485 3789 3669 3846 Domi-

2090 3905 2110 3939 :
2146 3902 2249 3942 nus
2281 3904 2293 3940 :
2327 3885 2420 3941 Sic
2439 3883 2776 3956 confringam
2789 3883 2981 3955 iugum
3004 3881 3503 3937 Nabuchodonosor
3523 3880 3668 3951 regis

2089 3992 2109 4026 ι
2144 3972 2436 4046 Babylonis
2484 3974 2695 4030 duobus
2720 3973 2877 4029 annis
2901 3972 3110 4028 dierum
3136 3970 3205 4026 de
3231 3969 3371 4025 collo
3421 3968 3669 4024 omnium

2088 4082 2109 4115 ο
2149 4064 2390 4135 gentium
2421 4082 2435 4118 :
2477 4071 2541 4119 et
2556 4063 2690 4119 abiit
2732 4061 2996 4119 Jeremias
3021 4060 3077 4116 in
3098 4060 3240 4115 viam
3261 4074 3435 4115 suam.
3466 4077 3489 4111 ι
3517 4058 3669 4115 Duos

2084 4171 2251 4209 annos
2268 4170 2374 4210 non
2388 4152 2715 4210 transtulere
2728 4151 3102 4223 Septuaginta,
3126 4149 3433 4221 prophetam
3452 4163 3670 4220 quoque

2080 4256 2193 4300 non
2214 4244 2401 4300 dixere
2418 4243 2707 4308 Ananiam,
2724 4257 2794 4298 ne
2805 4240 3016 4297 scilicet
3026 4239 3346 4312 prophetam
3356 4236 3671 4294 riderentur

2085 4340 2291 4407 dicere,
2320 4341 2413 4412 qui
2465 4341 2728 4412 propheta
2756 4352 2864 4394 non
2894 4346 3042 4403 erat;
3084 4334 3242 4408 quasi
3271 4348 3380 4390 non
3419 4333 3585 4389 multa
3614 4333 3669 4387 in

2089 4433 2384 4505 Scripturis
2429 4433 2631 4489 sanctis
2676 4432 2947 4495 dicantur,
2980 4429 3136 4501 iuxta
3181 4427 3493 4499 opinionem
3521 4424 3664 4480 illius

2090 4525 2351 4595 temporis
2392 4538 2500 4595 quo
2537 4530 2689 4595 gesta
2719 4518 3048 4585 referuntur,
3076 4525 3131 4573 et
3174 4531 3283 4573 non
3320 4514 3477 4585 iuxta
3522 4513 3669 4585 quod

653 4587 658 4588 ,
767 4587 773 4588 ,
1138 4587 1399 4606 VT"---
1445 4587 1510 4593 η
1856 4587 1950 4610 τ--

405 4641 425 4674 ι
464 4623 701 4694 pbetam,
754 4625 809 4681 in
833 4625 1004 4682 oculis
1030 4629 1368 4683 sacerdotum
1395 4669 1409 4691 ,
1448 4637 1504 4684 et
1531 4629 1584 4684 in
1610 4629 1780 4685 oculis
1808 4629 1978 4685 omnis

2092 4615 2168 4669 rei
2198 4587 2759 4670 veritas-continebat.
2783 4611 3030 4681 Denique
3054 4617 3108 4665 et
3128 4607 3329 4678 Josepb
3353 4607 3408 4662 in
3431 4605 3671 4676 Evange-

406 4733 426 4766 ι
463 4716 668 4787 populi,
698 4716 791 4786 qui
834 4719 1016 4775 stabat
1040 4719 1097 4773 in
1141 4719 1299 4775 domo
1330 4719 1576 4786 Domini,
1629 4732 1685 4776 et
1723 4722 1799 4775 ait
1836 4719 1988 4776 lere-

407 4824 427 4857 t
470 4807 609 4863 mias
645 4809 909 4879 propheta
943 4828 957 4864 :
986 4809 1183 4875 Amen,
1213 4810 1293 4867 sic
1336 4809 1502 4866 faciat
1546 4811 1821 4868 Dominus.
1856 4809 1987 4868 Sus-

406 4916 427 4949 ι
466 4899 596 4956 citet
642 4900 899 4957 Dominus
930 4900 1096 4958 verba
1128 4909 1236 4968 tua,
1280 4919 1401 4974 quae
1429 4912 1484 4958 tu
1513 4904 1879 4975 prephetasti,
1924 4914 1985 4960 ut

406 5009 428 5045 ι
469 4991 775 5049 referantur
799 5008 928 5049 vasa
955 4993 1007 5049 in
1036 4994 1254 5051 domum
1276 4995 1580 5061 Domini,et
1606 4996 1781 5051 omnis
1812 5003 1987 5052 trans-

407 5099 428 5134 ι
466 5081 714 5153 migratio
745 5083 809 5137 de
834 5082 1103 5156 Babylone
1124 5085 1190 5139 ad
1213 5084 1387 5140 locum
1410 5085 1599 5140 istum.
1628 5104 1647 5136 ι
1680 5084 1843 5156 Optat
1865 5084 1983 5140 ﬁeri

401 5175 547 5245 quod
577 5175 1044 5246 pseudoprophcta
1083 5177 1360 5244 mentitur,
1394 5179 1498 5233 hoc
1533 5178 1675 5232 enim
1718 5176 1986 5248 significat

402 5282 557 5321 amen
586 5280 605 5320 :
639 5280 750 5338 quo
795 5265 960 5322 verbo
1010 5281 1153 5338 saepe
1200 5265 1460 5323 Dominus
1510 5252 1763 5322 Salvator
1815 5269 1986 5324 utitur

402 5359 461 5416 in
489 5359 783 5434 Evangelia
810 5377 826 5416 :
871 5380 891 5414 ι
925 5362 1096 5418 Amen
1119 5402 1134 5429 ,
1178 5363 1299 5419 dico
1331 5362 1487 5417 vobis
1536 5360 1719 5433 (Joan.
1752 5361 1828 5435 v).
1868 5381 1887 5414 ι
1919 5361 1987 5417 Et

402 5450 554 5521 cupit
592 5467 692 5522 pro
721 5466 902 5508 rerum
937 5453 1296 5525 prosperitate
1331 5454 1503 5527 magis
1528 5454 1703 5520 illum,
1735 5468 1896 5523 quam
1926 5467 1985 5508 se

403 5558 534 5599 vera
554 5544 755 5601 dicere.
786 5544 933 5602 Unde
956 5557 1007 5603 et
1035 5546 1172 5602 alius
1191 5548 1453 5619 pr0pheta
1475 5553 1726 5612 testatur,
1754 5545 1939 5601 dicens
1968 5562 1983 5598 :

411 5654 434 5689 ι
472 5636 690 5693 Utinam
715 5653 825 5694 non
852 5654 1027 5695 essem
1052 5640 1135 5695 vir
1161 5639 1367 5696 habens
1389 5639 1658 5710 spiritum,
1686 5647 1742 5695 et
1766 5639 1989 5694 menda-

405 5728 554 5786 cium
576 5731 759 5801 potius
798 5729 1049 5804 loquerer
1081 5730 1266 5804 (Mich.
1297 5732 1382 5802 ιι).
1422 5753 1442 5786 ι
1468 5731 1513 5786 Ε
1533 5732 1807 5788 contrario
1823 5730 1988 5787 Jonas

412 5821 788 5891 mtristatur,
809 5837 977 5896 quare
995 5825 1250 5881 mentitus
1259 5825 1352 5894 sit,
1368 5835 1421 5881 et
1436 5824 1680 5896 arguitur
1694 5838 1724 5879 a
1740 5821 1991 5889 Domino,

2090 4710 2162 4765 lio
2183 4716 2336 4779 pater
2357 4706 2571 4763 Domini
2594 4713 2833 4770 vocatur,
2864 4712 2922 4760 et
2944 4704 3060 4775 ipsa
3092 4701 3293 4767 Maria,
3315 4714 3437 4771 qua
3459 4698 3669 4756 sciebat

2090 4815 2148 4855 se
2170 4800 2236 4855 de
2271 4798 2476 4870 Spiritu
2503 4804 2696 4853 sancto
2719 4795 3053 4866 concepisse,
3094 4803 3151 4849 et
3178 4790 3532 4862 responderat
3572 4803 3671 4842 an-

2089 4894 2238 4966 gelo:
2269 4910 2287 4946 ι
2315 4890 2597 4961 Quomodo
2616 4891 2720 4945 erit
2744 4888 2910 4955 istud,
2926 4889 3053 4959 quia
3076 4888 3250 4942 virum
3262 4899 3374 4939 non
3399 4878 3665 4953 cognovi?

2087 4983 2238 5054 (Luc.
2268 4981 2308 5055 ι)
2338 5001 2359 5036 ι
2399 4981 2715 5053 quuiturad
2738 4978 2907 5034 lilium
2932 4995 2945 5032 :
2968 4996 2995 5030 ι.
3014 4977 3132 5037 Fili,
3156 4975 3284 5047 quid
3308 4971 3482 5027 fecisti
3505 4970 3665 5025 nobis

2087 5074 2212 5130 sic?
2243 5088 2371 5130 ecce
2395 5087 2496 5144 ego
2516 5080 2572 5126 et
2594 5078 2748 5142 pater
2778 5068 3168 5126 tuusdolentes
3200 5062 3578 5136 quaerebamus
3611 5070 3665 5115 te

2088 5164 2239 5239 (an.
2257 5164 2339 5235 ιι).
2353 5163 2663 5235 »Βιιηιιιιιιιις
2682 5158 3071 5218 consideranda
3087 5154 3372 5227 prudentia
3389 5152 3663 5218 Jeremiae,

2086 5269 2141 5313 et
2166 5256 2442 5311 humilitas
2481 5263 2642 5324 atque
2672 5253 2950 5324 patientia.
2988 5246 3462 5318 Pseudopmpbeta
3501 5245 3669 5300 rebus

2086 5348 2215 5405 facit
2253 5347 2537 5417 iniuriam,
2579 5355 2635 5401 et
2676 5351 2946 5415 arreptam
2975 5341 3187 5395 furcam
3206 5338 3275 5395 de
3306 5337 3517 5392 cervice
3543 5336 3669 5408 eius

2088 5440 2339 5506 conterit,
2369 5438 2511 5509 quod
2537 5437 2723 5507 utique
2745 5438 2798 5490 in
2832 5433 3007 5489 ferrea
3039 5431 3223 5487 facere
3259 5442 3368 5486 non
3392 5437 3605 5498 poterat
3637 5444 3651 5481 :

2080 5534 2190 5589 iste
2216 5541 2389 5600 tacet,
2433 5531 2780 5600 doloremque
2821 5525 3142 5583 dissimulat.
3186 5523 3425 5580 Necdum
3455 5524 3602 5587 enim
3635 5538 3680 5578 ει..

2092 5628 2318 5684 Domino
2346 5624 2475 5698 quid
2512 5624 2828 5695 loqueretur
2849 5619 3026 5678 fuerat
3067 5618 3386 5683 revelatum,
3413 5626 3474 5673 ut
3502 5617 3677 5672 tacite

2093 5730 2277 5779 sancta
2299 5718 2577 5792 Scriptura
2604 5717 2936 5774 demonstret
2965 5732 2980 5770 :
3008 5724 3350 5784 nequaquam
3376 5708 3679 5780 prophetas

2095 5832 2193 5874 suo
2240 5823 2444 5873 tantum
2480 5810 2705 5868 arbitrio
2748 5808 2889 5882 loqui
2910 5850 2928 5879 ,
2973 5808 3067 5866 sed
3107 5819 3177 5863 ex
3209 5802 3317 5860 Dei
3333 5802 3665 5857 voluntate:
