4022 6186
419 314 557 372 1015

1050 315 1111 371 Β.
1152 314 1407 371 ΒΛΒᾹΝῘ
1447 316 1667 374 MAURI
1703 319 2023 383 ARCIIIEP.
2069 321 2379 381 MOGUNT.
2419 325 2705 386 OPERUM
2744 330 2926 387 PARS
2963 329 3054 389 Ill.

3561 339 3690 392 Itlifi

415 431 652 493 maxime
705 431 774 488 de
803 431 1018 498 futuris,
1052 448 1284 504 quorum
1311 433 1480 490 solius
1516 435 1612 490 Dei
1659 437 1850 492 notitia
1895 446 2000 492 est.
2031 441 2077 500 Α
2107 439 2346 507 Anania,
2379 459 2488 499 non
2521 447 2664 502 misit
2689 455 2744 502 te
2769 447 3068 514 Dominus,
3103 468 3121 501 ο
3158 454 3478 521 prophetam
3515 463 3692 513 tacue-

413 521 582 586 Abiit,
612 521 805 592 inquit.
829 531 885 577 et
907 523 1133 578 recessit
1159 523 1213 579 in
1242 524 1387 578 Viam
1413 539 1588 590 suam,
1614 527 1770 596 quasi
1799 526 2005 592 victus,

413 623 468 668 et
495 613 626 669 illud
648 613 877 684 implens
905 615 1282 686 propheticum
1317 633 1332 670 :
1379 635 1397 667 ι
1442 617 1641 672 Factus
1686 633 1806 672 sum
1849 619 2008 688 quasi

413 707 576 762 homo
609 723 716 762 non
745 707 970 764 audiens
988 748 1002 771 ,
1053 723 1155 764 nec
1193 707 1400 764 habens
1424 709 1477 764 in
1503 724 1600 765 ore
1628 725 1726 765 suo
1755 711 2004 782 increpa-

413 797 590 852 tioncs
621 795 795 867 (Psal.
826 795 1016 865 xxvu).
1058 817 1076 848 ι

490 905 508 938 ο
538 887 606 941 Et
635 886 838 941 factum
858 894 943 941 est
962 888 1186 942 verbum
1203 887 1415 942 Domini
1437 889 1502 942 ad
1524 886 1834 955 Jeremiam,
1857 897 2006 960 post-

420 996 440 1029 σ
485 994 649 1049 quam
708 977 976 1047 confregit
1021 978 1257 1033 Ananias
1306 980 1568 1048 propheta
1621 989 1866 1034 catenam
1903 981 2004 1052 (vel

417 1087 435 1119 ι
482 1067 714 1138 furcam)
738 1068 804 1123 de
831 1067 970 1123 collo
988 1067 1240 1123 Jeremim
1267 1070 1563 1139 prophetat,
1595 1070 1780 1125 dicens
1809 1089 1822 1124 :
1854 1071 2003 1127 Vade

414 1179 432 1209 ο
477 1167 533 1213 et
576 1159 727 1214 dices
775 1157 1036 1213 Ananiae:
1081 1158 1206 1213 Haec
1239 1158 1371 1214 dicit
1413 1159 1668 1214 Dominus
1693 1177 1713 1214 :
1743 1159 2000 1215 Catenam

415 1269 432 1301 ι
481 1248 580 1321 (vel
603 1247 833 1320 furcam)
868 1249 1100 1321 ligneam
1131 1250 1458 1316 contrivisti,
1484 1258 1540 1305 et
1570 1250 1734 1306 facies
1765 1250 1892 1322 (sive
1922 1252 2002 1306 fa-

412 1362 430 1394 ι
477 1341 638 1415 ciam)
668 1357 765 1413 pro
793 1343 872 1399 eis
899 1341 1082 1398 furcas
1112 1343 1336 1407 ferreas,
1363 1343 1490 1411 quia
1520 1342 1636 1398 haec
1661 1343 1794 1398 dicit
1818 1342 2000 1398 Domi-

2111 528 2200 582 rit.
2244 528 2526 597 Quomodo
2575 535 2720 589 enim
2771 538 3087 607 prophetam
3129 547 3343 608 poterat
3386 543 3688 612 appellare,

2109 635 2268 690 quem
2313 625 2536 680 missum
2587 641 2618 679 a
2671 626 2899 681 Domino
2943 627 3276 700 denegabat?
3303 630 3411 686 Sed
3453 633 3692 691 historiae

2105 713 2309 769 veritas
2345 724 2401 771 et
2436 718 2571 772 ordo
2615 725 2882 784 servatur,
2915 720 3056 774 sicut
3084 737 3247 790 supra
3277 723 3544 790 diximus,
3584 742 3690 781 non

2097 801 2252 872 juxta
2293 807 2345 861 id
2386 809 2529 878 quod
2555 817 2703 871 erat,
2736 810 2829 864 sed
2865 810 3022 880 juxta
3065 811 3119 866 id
3143 814 3287 881 quod
3329 813 3422 868 illo
3451 824 3694 885 tempore

2102 898 2414 968 putabatur.
2441 901 2730 971 Decepisti,
2763 902 2960 972 inquit,
2986 904 3242 973 populum
3271 907 3554 963 mendacio
3573 949 3589 974 ,
3621 925 3688 964 ne

2104 989 2199 1046 Dei
2236 993 2517 1048 sementim
2547 995 2940 1064 acquiesceret,
2963 996 3106 1050 unde
3140 996 3282 1051 scias
3319 1005 3372 1052 te
3409 998 3510 1054 hoc
3547 1014 3690 1054 anno

2100 1093 2224 1135 esse
2254 1083 2601 1137 moriturum.
2633 1082 2690 1139 Si
2718 1085 2939 1154 quando
2976 1086 3241 1140 morimur
3269 1087 3337 1142 de
3374 1089 3691 1148 carceribus

2099 1186 2388 1243 corporum
2415 1173 2732 1240 liberamur,
2765 1175 3062 1231 secundum
3103 1175 3235 1231 illud
3279 1179 3686 1249 testimonium,

2099 1263 2241 1332 quod
2267 1263 2406 1319 male
2427 1263 2853 1334 interpretantur
2870 1266 3142 1322 haeretici:
3165 1288 3183 1320 ι
3207 1268 3356 1324 Educ
3384 1269 3450 1324 de
3469 1286 3687 1329 carcere

2098 1354 2332 1408 animam
2357 1371 2532 1423 meam
2557 1355 2731 1428 (Psal.
2758 1358 2926 1424 cxu),
2955 1379 2972 1410 ι
2995 1361 3265 1428 quomodo
3286 1377 3432 1416 nunc
3452 1363 3683 1432 pseudo-

411 1454 428 1486 ι
476 1450 579 1490 nus
603 1435 943 1490 exercituum
981 1434 1125 1490 Deus
1159 1434 1323 1489 Israel
1349 1449 1362 1487 :
1394 1433 1587 1504 Jugum
1627 1434 1866 1489 ferreum
1902 1449 1999 1504 po-
2096 1443 2370 1514 prophetaa
2392 1460 2492 1515 pro
2508 1446 2773 1516 supplicio
2787 1463 2932 1502 mors
2957 1448 3384 1517 irrogatur?Sed
3405 1461 3463 1507 et
3483 1454 3587 1510 hoc
3610 1454 3684 1510 lo-

411 1544 428 1576 ι
476 1526 558 1581 sui
591 1541 754 1596 super
781 1526 978 1581 collum
1009 1536 1326 1582 cunctarum
1358 1527 1599 1598 gentium
1638 1527 1902 1592 istarum,
1936 1536 1998 1582 ut
2093 1547 2159 1588 co
2181 1534 2477 1588 notandum
2509 1535 2650 1604 quod
2671 1534 2935 1592 Jeremias
2954 1553 2982 1591 a
3004 1539 3473 1610 pseudopropheta
3497 1559 3684 1613 passus

412 1637 431 1668 ι
478 1619 718 1673 serviant
743 1617 1239 1673 Nabuchodonosor
1269 1620 1378 1690 regi
1408 1619 1716 1690 Babylonis.
1757 1639 1774 1673 ι
1813 1619 1993 1688 Quod-
2094 1621 2369 1692 injuriam,
2392 1625 2623 1680 necdum
2648 1627 2715 1682 ad
2759 1642 2818 1682 se
2842 1627 2987 1682 facto
3011 1644 3265 1686 sermone
3288 1631 3507 1688 Domini
3533 1635 3672 1703 silet,

403 1724 508 1779 que
536 1709 824 1778 sequitur:
857 1725 877 1759 ι
909 1717 965 1764 et
989 1709 1229 1764 servient
1256 1709 1325 1774 ei,
1355 1710 1574 1780 insuper
1602 1710 1806 1766 bestias
1832 1719 1991 1766 terrae
2090 1724 2279 1784 postea
2312 1731 2440 1772 vero
2461 1718 2660 1774 missus
2689 1734 2721 1773 a
2762 1719 2992 1776 Domino
3021 1722 3281 1778 audacter
3308 1726 3488 1796 arguit
3529 1742 3680 1783 men-

403 1796 526 1852 dedi
550 1797 648 1863 illi,
676 1816 694 1848 ι
720 1798 772 1852 in
797 1797 1150 1869 Septuaginta
1174 1815 1280 1854 non
1307 1799 1556 1866 habetur,
1580 1809 1636 1856 et
1660 1802 1712 1855 in
1736 1802 1988 1872 praesenti
2018 1799 2065 1860 B
2093 1805 2312 1862 tientem
2343 1847 2356 1872 ,
2396 1817 2451 1862 et
2490 1818 2718 1865 mortem
2763 1811 3119 1882 propinquam
3148 1813 3383 1875 nuntiat.
3421 1815 3681 1887 Quodque

401 1889 519 1945 loco
537 1889 690 1961 juxta
713 1889 856 1944 LXX
881 1890 1119 1946 Ananias
1140 1892 1398 1962 propheta
1422 1907 1527 1947 non
1552 1893 1825 1957 scribitur,
1857 1894 1987 1949 etin

400 1982 880 2052 consequentibus,
907 1997 975 2037 ne
1005 1981 1231 2046 scilicet,
1260 1981 1629 2053 utpriusdixi,
1655 1983 1990 2053 pseudopro-

401 2074 618 2143 phetam
647 2072 919 2144 appellare
941 2073 1256 2128 viderentur
1275 2075 1613 2144 prophetam.
1633 2074 1739 2130 Sed
1771 2074 1898 2145 quid
1921 2075 1988 2130 ad

399 2165 720 2220 Ilebraicam
748 2166 1074 2222 veritatem?
1099 2165 1391 2237 Postquam
1416 2167 1552 2222 abiit
1572 2165 1838 2223 Jeremias
1858 2185 1986 2240 pro-

401 2258 561 2328 pheta
591 2259 644 2312 in
670 2259 815 2314 viam
847 2276 1000 2315 suam
1022 2301 1036 2326 ,
1059 2269 1114 2316 et
1142 2259 1396 2331 injuriam
1429 2263 1646 2318 silentio
1676 2263 1986 2330 devoravit,

401 2348 578 2405 factus
602 2359 686 2406 est
707 2367 886 2406 sermo
907 2351 1122 2407 Domini
1161 2353 1228 2407 ad
1265 2369 1408 2417 eum,
1441 2361 1500 2407 ut
1527 2369 1636 2408 non
1669 2353 1782 2409 suis
1807 2355 1989 2412 verbis

402 2441 663 2509 propheta
699 2440 1012 2510 loqueretur
1047 2441 1111 2495 ad
1139 2442 1662 2512 pscudoprophetam
1709 2443 1988 2498 mendacio

403 2533 746 2603 gloriantem,
764 2536 856 2590 sed
873 2535 1106 2591 diceret:
1131 2554 1149 2586 ι
1174 2535 1300 2591 Haec
1319 2536 1450 2590 dicit
1465 2536 1744 2592 Dominus.
1769 2555 1786 2586 ι
1805 2536 1986 2604 Quan-

397 2632 632 2694 quamet
651 2624 889 2681 Ananias
910 2627 1257 2697 confringens
1276 2627 1486 2681 furcam
1501 2626 1736 2698 ligneam
1755 2669 1770 2694 ,
1796 2630 1985 2684 eadem

357 2764 364 2771 .
396 2715 720 2771 auctoritate
761 2716 816 2770 in
861 2726 1150 2787 conspectu
1189 2717 1400 2773 Domini
1433 2717 1504 2773 sit
1539 2717 1770 2783 locutus,
1801 2736 1820 2769 ‹
1870 2719 1986 2774 hinc

395 2808 529 2864 dicit
561 2809 841 2864 Dominus.
887 2827 907 2861 ι
947 2808 1194 2864 Imitatur
1223 2810 1367 2865 enim
1400 2825 1614 2880 semper
1644 2810 1980 2866 mendacium

397 2899 704 2955 veritatem.
733 2899 994 2970 Quodque
1023 2900 1203 2957 intulit
1233 2921 1246 2956 :
1278 2921 1296 2954 ι
1325 2901 1526 2958 Furcas
1558 2901 1763 2975 ligneas
1782 2904 1983 2959 contri-

396 2990 544 3057 visti,
572 3001 627 3048 et
652 2992 819 3048 facies
843 2993 973 3065 (sive
996 2993 1195 3066 fecisti)
1223 3010 1323 3065 pro
1350 2996 1430 3051 eis
1455 3005 1676 3051 catenas
1705 2995 1933 3062 ferreas,
1959 3016 1976 3049 ι

397 3083 501 3138 hoc
527 3085 764 3139 ostendit
789 3085 932 3154 quod
961 3085 1226 3142 minorem
1258 3101 1492 3142 renuens
1529 3101 1777 3156 pmnam,
1809 3086 1980 3156 majoo

2090 1894 2145 1950 in
2169 1912 2354 1953 mense
2382 1900 2614 1970 septimo
2645 1910 2891 1957 mortuus
2919 1911 3022 1968 est,
3051 1903 3143 1974 qui
3170 1918 3388 1975 semper
3415 1906 3680 1979 interpre-

2091 1986 2194 2041 tari
2213 1987 2405 2052 solent,
2425 1989 2666 2060 requiem
2683 1990 2784 2046 sub
2800 1991 2904 2047 hoc
2924 2007 3148 2048 numero
3166 1992 3553 2061 demonstrari,
3570 1996 3678 2052 for-

2089 2079 2228 2134 sitan
2258 2095 2380 2136 eum
2414 2082 2618 2138 idcirco
2650 2099 2836 2140 mense
2860 2086 3089 2156 septimo
3112 2097 3388 2142 mortuum
3416 2091 3678 2145 mentien-

2089 2178 2198 2236 tur,
2229 2179 2289 2226 ut
2310 2173 2377 2229 de
2402 2173 2558 2229 malis
2582 2174 2828 2245 corporis
2849 2175 3189 2242 liberaretur,
3213 2175 3369 2245 juxta
3387 2178 3516 2234 illud
3539 2179 3679 2249 quod

2089 2261 2348 2332 scriptum
2366 2262 2671 2332 profertur:
2696 2281 2714 2314 ι
2744 2263 2890 2319 Mors
2905 2265 3024 2320 viro
3047 2266 3263 2335 requies
3285 2265 3626 2339 (Eccli.xxt).
3651 2287 3670 2320 ι

2088 2354 2197 2411 Nos
2231 2365 2410 2411 autem
2440 2356 2690 2412 novimus
2710 2371 2938 2426 corpora
2968 2357 3307 2412 credentium
3332 2358 3532 2430 templa
3559 2374 3677 2415 esse

2089 2445 2205 2513 Dei,
2236 2447 2280 2503 si
2312 2455 2491 2503 tamen
2518 2446 2754 2519 Spiritus
2781 2456 3002 2504 sanctus
3025 2449 3232 2504 habitet
3257 2450 3310 2504 in
3339 2451 3463 2506 illis.

2659 2561 2890 2618 CAPUT
2924 2561 3118 2616 XXIX.

2088 2655 2345 2710 Jeremias
2384 2657 2540 2710 mittit
2585 2656 2778 2710 librum
2823 2656 2893 2709 ad
2955 2659 3501 2727 transmigrationem;
3562 2666 3670 2726 post

2157 2743 2323 2780 annos
2348 2728 2678 2797 septuaginta
2707 2727 3088 2791 uisitabantur;
3112 2731 3168 2780 et
3184 2739 3355 2782 monet
3382 2739 3440 2780 ut
3461 2737 3669 2782 caveant

2156 2797 2662 2867 pseudopmphetas.

2161 2917 2178 2949 ς
2225 2898 2292 2952 Ει
2329 2899 2443 2955 haec
2487 2907 2614 2953 sunt
2654 2900 2819 2956 verba
2869 2899 2990 2955 libri
3038 2915 3198 2970 quem
3232 2900 3383 2956 misit
3407 2898 3667 2954 Ieremia:

2090 3008 2108 3039 ι
2152 2989 2412 3060 propheta
2463 2991 2530 3045 de
2580 2989 2915 3046 Hierusalem
2967 2991 3035 3047 ad
3082 2991 3342 3060 reliquias
3392 2991 3665 3046 seniorum

2089 3095 2108 3127 ε
2157 3078 2674 3148 transmigrationis,
2713 3089 2770 3136 et
2794 3081 2860 3136 ad
2893 3082 3228 3146 sacerdotes,
3257 3089 3312 3136 et
3337 3080 3405 3135 ad
3437 3081 3663 3150 prophe-

397 3167 474 3222 ris
503 3170 749 3239 supplicii
783 3185 950 3226 causa
980 3170 1143 3226 fuerit
1178 3171 1234 3226 in
1287 3173 1503 3242 populo.
1533 3171 1738 3227 Delirat
1780 3173 1834 3227 in
1879 3173 1983 3228 hoc
2009 3165 2054 3226 C
2093 3188 2110 3218 ι
2155 3177 2269 3234 tas,
2319 3178 2374 3225 et
2419 3171 2488 3224 ad
2516 3185 2732 3226 omnem
2776 3172 3032 3241 populum
3078 3188 3237 3242 quem
3289 3173 3666 3228 transduxerat

397 3258 518 3314 loco
547 3259 868 3330 allegoricus
896 3260 1200 3331 interpres,
1229 3259 1414 3316 furcas
1440 3269 1495 3317 et
1527 3269 1748 3317 catenas
1779 3261 1984 3334 ligneas

397 3349 628 3403 :ctherea
654 3349 951 3419 appellans,
975 3359 1032 3404 et
1054 3365 1212 3407 aerea
1235 3366 1490 3422 corpora,
1508 3352 1811 3408 daemonum
1835 3353 1985 3410 vide-

398 3438 526 3493 licet
563 3445 619 3493 et
656 3437 1094 3493 adversariarum
1135 3447 1489 3509 potestatum.
1521 3440 1728 3498 Furcas
1764 3451 1978 3510 autem,

401 3529 515 3584 sive
559 3536 780 3584 catenas
811 3528 1045 3594 ferreas,
1075 3538 1258 3585 nostra
1282 3545 1508 3601 corpora
1535 3531 1833 3597 crassiora,
1863 3548 1983 3603 quae

401 3620 584 3675 nervis
612 3627 668 3675 et
697 3619 932 3684 ossibus,
961 3619 1234 3684 carnibus,
1267 3620 1530 3690 venisque
1555 3630 1811 3677 contexta
1835 3623 1974 3678 sint:

401 3717 460 3762 ut
483 3709 574 3778 qui
606 3707 877 3763 noluerint
907 3710 972 3764 de
998 3709 1206 3764 ccelesti
1235 3710 1571 3768 Hierusalem
1597 3728 1696 3782 pro
1720 3712 1982 3782 qualitate

399 3799 610 3869 peccati
638 3801 876 3855 minores
905 3801 1090 3856 subire
1112 3803 1408 3868 cruciatus,
1433 3803 1485 3858 in
1516 3816 1737 3860 catenas
1769 3813 1983 3861 nostro-

395 3908 520 3948 rum
550 3907 839 3962 corporum
891 3893 1340 3958 condemnentur,
1377 3903 1432 3948 et
1481 3894 1720 3950 infantiae
1764 3896 1978 3967 vagitus

396 3998 700 4054 pannorum
729 3983 942 4039 vincula
965 3985 1258 4054 sordesque
1287 3986 1620 4048 sustineant,
1655 3996 1712 4042 et
1739 3987 1980 4044 serviant

397 4074 613 4130 diabolo
635 4073 751 4145 regi
776 4074 1089 4146 Babylonis,
1113 4074 1164 4129 id
1188 4083 1301 4141 est,
1332 4077 1516 4130 mundi
1545 4077 1735 4147 hujus,
1765 4077 1980 4134 dicente

403 4164 680 4238 Scriptura
711 4184 725 4220 :
763 4186 781 4219 ε
815 4165 1042 4222 Mundus
1080 4167 1134 4220 in
1159 4167 1393 4238 maligno
1409 4167 1617 4238 positus
1635 4176 1719 4222 est
1740 4166 1790 4239 (I
1816 4168 1976 4224 Joan.

392 4263 448 4334 v)
483 4284 502 4317 ι
533 4278 656 4318 cum
689 4262 879 4318 bestiis
901 4271 1078 4327 terrae,
1102 4277 1222 4333 qua:
1245 4261 1298 4316 in
1319 4262 1598 4316 brutorum
1625 4261 1980 4316 animantium

397 4356 507 4411 sint
535 4370 759 4426 corpora
801 4355 1048 4424 religata.
1089 4353 1360 4422 Compulit
1395 4367 1482 4408 me
1529 4360 1794 4408 tractator
1821 4353 1977 4408 indo-

395 4455 536 4512 ctus,
564 4455 619 4502 et
644 4455 881 4503 sectator
911 4447 1197 4502 calumniae
1220 4446 1549 4502 Grunnianaa
1565 4454 1750 4516 aperte
1773 4461 1976 4515 ponere

395 4538 568 4594 aliena
589 4540 742 4604 vitia,
769 4554 888 4609 quae
910 4541 1060 4609 prius
1089 4554 1214 4602 cum
1242 4537 1670 4594 dissimulatione
1707 4537 1975 4604 dicebam,

395 4631 612 4686 lectoris
635 4631 934 4700 prudentiae
956 4631 1352 4698 derelinquens.

471 4739 490 4772 ι
533 4721 602 4776 Ει
626 4721 764 4775 dixit
787 4719 1050 4776 Jeremias
1074 4722 1336 4791 propheta
1366 4721 1431 4775 ad
1457 4720 1722 4776 Ananiam
1743 4721 1974 4790 prophe-

402 4831 420 4863 ι
471 4821 577 4866 tam
605 4829 616 4864 :
648 4810 812 4875 Audi,
837 4809 1045 4864 Auania
1071 4828 1083 4864 :
1116 4810 1231 4865 Non
1267 4811 1417 4866 misit
1446 4819 1497 4867 te
1528 4811 1806 4874 Dominus,
1830 4819 1885 4866 et
1915 4819 1970 4865 tu

399 4924 418 4956 ι
463 4903 736 4959 conlidere
765 4900 940 4956 fecisti
976 4901 1229 4972 populum
1262 4902 1424 4957 istum
1456 4902 1510 4956 in
1548 4901 1860 4966 mendacio,
1893 4901 1972 4956 id-

401 5014 424 5050 ι
468 4995 615 5051 circo
650 4995 766 5050 hazc
791 4992 922 5047 dicit
948 4992 1209 5048 Dominus
1239 5011 1250 5046 :
1284 4993 1424 5048 Ecce
1456 4993 1663 5046 mittam
1705 4990 1830 5063 (sive
1877 4991 1971 5063 eji-

400 5104 418 5134 (
465 5084 626 5156 ciam)
650 5092 703 5138 te
729 5100 760 5138 a
791 5082 928 5138 facie
956 5090 1133 5147 terrae,
1163 5082 1264 5136 hoc
1293 5096 1434 5135 anno
1457 5080 1722 5135 morieris.
1748 5099 1766 5131 ι
1795 5078 1974 5148 Quod-

394 5191 498 5242 que
531 5174 794 5245 sequitur,
830 5191 850 5224 ι
888 5171 1012 5243 quia
1035 5171 1320 5226 adversum
1347 5171 1633 5226 Dominum
1664 5170 1873 5224 locutus
1891 5185 1972 5225 es.

397 5267 463 5320 Iit
497 5278 741 5321 mortuus
771 5274 857 5320 est
885 5265 1124 5320 Ananias
1144 5265 1407 5336 propheta
1432 5265 1484 5318 in
1510 5279 1654 5317 anno
1680 5264 1788 5327 illo,
1821 5281 1972 5319 men-

397 5371 453 5409 se
482 5356 728 5426 septimo,
773 5374 792 5408 ι
833 5356 887 5410 in
918 5355 1059 5409 LXX
1089 5372 1194 5411 non
1225 5356 1472 5410 habetur.
1498 5355 1602 5410 Pro
1634 5371 1742 5424 quo
1766 5364 1971 5410 tantum

396 5456 710 5515 lmsueruut,
745 5465 764 5497 ε
801 5455 857 5502 et
880 5455 1126 5500 mortuus
1147 5457 1231 5502 est
1255 5459 1441 5500 mense
1469 5445 1721 5514 septimo,
1760 5465 1778 5497 ι
1810 5455 1865 5500 et
1885 5445 1973 5499 hic

397 5533 454 5588 in
487 5533 629 5589 LXX
657 5536 895 5590 Ananias
923 5537 1183 5607 propheta
1218 5554 1324 5592 non
1355 5537 1584 5603 dicitur,
1620 5553 1744 5592 cum
1789 5552 1976 5591 secun-

399 5625 524 5679 dum
555 5625 872 5681 llcbraicum
896 5627 1177 5696 Scriptura
1213 5637 1400 5683 sancta
1429 5630 1748 5698 prophetam
1786 5636 1970 5692 vocet,

401 5713 524 5770 licet
549 5715 602 5767 in
633 5729 698 5768 eo
724 5716 866 5784 quod
894 5718 1070 5788 arguit
1095 5734 1218 5773 eum
1243 5718 1502 5775 Jeremias
1523 5721 1741 5775 dicens:
1775 5739 1792 5772 ι
1813 5720 1973 5784 Audi,

2091 3276 2108 3308 ι
2153 3257 2650 3315 Nabuchodonosor
2700 3261 2767 3316 de
2814 3261 3148 3318 Hierusalem
3201 3264 3256 3317 in
3301 3263 3660 3334 Babylonem,

2091 3365 2108 3398 ι
2154 3355 2439 3418 postquam
2467 3363 2718 3420 egressus
2746 3361 2827 3406 est
2857 3349 3147 3407 Jechonias
3191 3369 3307 3418 rex,
3354 3365 3409 3410 et
3453 3356 3662 3410 domina

2089 3456 2108 3488 ι
2153 3439 2279 3508 (sive
2305 3438 2533 3510 regina),
2567 3448 2623 3494 et
2653 3441 2978 3507 cunuchi,et
3004 3442 3273 3512 principes
3293 3443 3446 3500 Iudae
3469 3455 3523 3501 et
3544 3445 3666 3500 Ilie-

2090 3545 2107 3577 ι
2155 3527 2387 3583 rusalem
2420 3529 2546 3599 (sive
2569 3530 2912 3604 optimates),
2959 3543 3014 3587 et
3047 3534 3284 3589 artiﬁces
3317 3535 3385 3590 de
3416 3536 3668 3592 Hierusa-

2090 3633 2106 3663 ι
2151 3615 2254 3671 lem
2279 3657 2292 3682 ,
2326 3617 2381 3671 in
2410 3633 2569 3672 manu
2604 3619 2758 3674 Elusa
2789 3619 2882 3674 lilii
2911 3620 3126 3690 Sapban
3149 3663 3164 3687 ,
3195 3632 3250 3678 et
3277 3623 3546 3680 Gamarize
3576 3625 3664 3680 filii

2087 3730 2105 3762 ι
2153 3709 2411 3776 Ilelchim,
2444 3727 2579 3782 quos
2605 3714 2751 3768 misit
2780 3712 3074 3770 Sedechias
3104 3731 3197 3770 rex
3223 3715 3360 3770 Juda
3392 3717 3461 3772 ad
3490 3717 3666 3771 Nabu-

2090 3821 2106 3852 ι
2154 3803 2491 3858 chodouosor
2509 3819 2688 3874 regem
2704 3803 2992 3876 Babylonis
3019 3805 3070 3860 in
3084 3805 3434 3876 Babylonem,
3454 3808 3663 3862 dicens:

2089 3911 2106 3942 ι
2151 3891 2277 3948 llzec
2305 3893 2434 3948 dicit
2466 3892 2726 3948 Dominus
2753 3895 3108 3958 exercituum,
3135 3896 3278 3950 Deus
3306 3896 3494 3961 Israel,
3518 3897 3661 3951 omni

2087 4002 2105 4034 ι
2153 3984 2631 4055 transmigrationi,
2663 4001 2822 4055 quam
2852 3987 3124 4042 transtulit
3151 3989 3217 4043 de
3253 3988 3590 4045 Hierusalem
3615 3992 3666 4045 in

2086 4095 2104 4126 ι
2151 4075 2474 4147 Babylonem
2497 4075 2814 4130 :Edilicate
2834 4077 3042 4142 domos,
3065 4088 3120 4132 et
3147 4079 3329 4133 habita
3341 4086 3414 4142 te,
3436 4087 3492 4132 ct
3513 4079 3666 4149 plan--

2086 4183 2104 4217 ι
2155 4174 2263 4220 tate
2313 4165 2499 4220 hortos
2551 4166 2680 4236 (sive
2725 4166 3022 4238 pomaria),
3054 4176 3111 4221 et
3138 4167 3402 4222 comedite
3431 4167 3665 4223 fructum

2088 4277 2105 4309 ε
2151 4272 2358 4323 earum,
2390 4257 2620 4328 accipite
2646 4273 2876 4324 uxores,
2904 4269 2960 4313 et
2982 4269 3238 4330 generate
3268 4259 3406 4314 filios
3429 4269 3486 4315 et
3506 4261 3662 4325 ﬁlias,

2086 4371 2104 4402 ‹
2150 4351 2272 4405 date
2303 4349 2425 4405 filiis
2453 4350 2652 4405 vestris
2677 4365 2899 4416 uxores,
2928 4359 2983 4404 et
3013 4350 3149 4406 tilias
3178 4359 3388 4407 vestras
3427 4351 3552 4406 date
3581 4352 3663 4405 vi-

2085 4462 2103 4491 ‹
2149 4442 2244 4506 ris,
2273 4448 2331 4496 et
2365 4439 2580 4510 pariant
2606 4439 2744 4496 filios
2765 4449 2822 4495 et
2847 4440 2984 4496 filias
3015 4459 3026 4494 :
3053 4451 3109 4498 et
3147 4439 3575 4510 multiplicamini
3609 4448 3665 4495 et

2003 4517 2056 4577 D
2089 4550 2106 4582 ι
2155 4531 2322 4587 nolite
2352 4546 2472 4587 esse
2501 4531 2658 4602 pauci
2685 4547 2933 4596 numero,
2961 4540 3016 4586 et
3043 4533 3268 4601 quaerite
3311 4547 3499 4601 pacem
3524 4531 3658 4586 civiv

2091 4643 2107 4675 ι
2151 4624 2276 4678 tatis
2302 4623 2427 4694 (sive
2459 4621 2639 4694 terrm)
2667 4623 2734 4677 ad
2761 4639 2924 4693 quam
2947 4622 3195 4677 transtuli
3225 4637 3339 4684 vos,
3367 4630 3423 4676 et
3441 4623 3661 4677 adorate

2088 4731 2106 4764 ι
2151 4730 2252 4784 pro
2282 4729 2346 4769 ea
2375 4712 2440 4767 ad
2469 4712 2755 4768 Dominum
2779 4754 2795 4778 ,
2824 4713 2948 4783 quia
2981 4713 3034 4767 in
3075 4727 3208 4783 pace
3246 4711 3386 4766 illius
3423 4713 3529 4766 erit
3557 4727 3659 4782 pax

2086 4822 2104 4853 ‹
2149 4803 2321 4859 vobis.
2367 4821 2385 4855 ι
2420 4802 2546 4857 Haec
2584 4803 2833 4872 epistola,
2871 4803 2981 4858 imo
3011 4802 3224 4858 libellus
3249 4801 3500 4857 Ieremia:
3531 4817 3656 4871 pro-

2077 4897 2254 4968 pheta:
2279 4936 2294 4961 ,
2325 4911 2422 4966 per
2449 4895 2657 4966 legatos
2701 4894 2978 4952 Sedechias
3017 4894 3228 4949 Elasam
3264 4901 3319 4948 et
3353 4892 3658 4948 Gamariam

2079 4990 2312 5044 mittitur
2335 4989 2388 5044 in
2417 4989 2741 5060 Babylonem
2791 4989 2860 5044 ad
2904 5005 2999 5046 eos
3043 4989 3132 5058 qui
3165 5004 3288 5044 cum
3319 4987 3576 5043 Jechonia
3605 4996 3658 5042 et

2077 5089 2254 5135 matre
2286 5078 2403 5148 ejus
2447 5079 2689 5134 translati
2727 5078 2940 5134 fuerant
2977 5096 3008 5133 a
3039 5079 3562 5144 Nabuchodonosor,
3596 5087 3653 5134 ut

2076 5185 2176 5242 per
2200 5170 2542 5225 occasionem
2571 5170 2854 5241 legationis
2884 5171 3044 5241 regite
3072 5187 3228 5225 suum
3261 5185 3478 5240 quoque
3526 5185 3657 5240 Opus

2077 5262 2339 5332 propheta
2370 5260 2695 5330 compleret,
2719 5267 2776 5314 et
2808 5270 3053 5316 moneret
3101 5260 3354 5330 populum
3401 5261 3654 5316 transmi-

2078 5362 2292 5424 gratum
2335 5367 2455 5422 quae
2497 5351 2598 5406 sibi
2650 5368 2680 5406 a
2719 5353 2944 5407 Domino
2973 5353 3185 5407 fuerant
3227 5353 3512 5424 imperata.
3540 5352 3655 5406 Pul-

2078 5444 2316 5513 chreque
2340 5443 2475 5497 dixit
2500 5462 2512 5497 :
2548 5462 2565 5494 ι
2603 5443 2864 5513 Egressus
2894 5451 2978 5498 est
3002 5443 3291 5499 Jechonias
3319 5461 3438 5510 rex,
3473 5454 3528 5499 et
3557 5444 3652 5498 do-

2079 5533 2246 5598 mina,
2270 5541 2324 5587 et
2348 5533 2601 5598 eunuchi,
2631 5543 2687 5586 et
2711 5533 2981 5604 principes
3003 5532 3174 5598 Judze,
3208 5554 3226 5586 ι
3252 5542 3307 5588 et
3331 5535 3533 5590 ceteri.
3559 5535 3650 5588 Et:

2084 5645 2102 5677 ι
2151 5626 2273 5681 Ilzec
2300 5627 2428 5681 dicit
2452 5627 2708 5681 Dominus
2732 5625 3093 5692 exercituum,
3117 5625 3257 5681 Deus
3289 5625 3478 5689 Israel,
3508 5624 3648 5679 omni

2079 5718 2538 5791 transmigratioui
2587 5732 2748 5787 quam
2793 5716 3069 5772 transtulit
3111 5719 3177 5773 de
3227 5717 3562 5773 Hierusalem
3599 5716 3650 5769 in
