  <div class='ocr_page' id='page_1' title='image "/cluster/home/n/w/nwhite01/storage/ocr_20150623/111/hvd.32044054759766/512.png"; bbox 0 0 4022 6186; ppageno 0'>
   <div class='ocr_carea' id='block_1_1' title="bbox 271 383 412 437">
    <p class='ocr_par' dir='ltr' id='par_1_1' title="bbox 271 383 412 437">
     <span class='ocr_line' id='line_1_1' title="bbox 271 383 412 437; baseline -0.014 0"><span class='ocrx_word' id='word_1_1' title='bbox 271 383 412 437; x_wconf 62' lang='lat' dir='ltr'><strong>{illi</strong></span> 
     </span>
    </p>
   </div>
   <div class='ocr_carea' id='block_1_2' title="bbox 1205 380 2651 446">
    <p class='ocr_par' dir='ltr' id='par_1_2' title="bbox 1205 380 2651 446">
     <span class='ocr_line' id='line_1_2' title="bbox 1205 380 2651 446; baseline 0.004 -8"><span class='ocrx_word' id='word_1_2' title='bbox 1205 380 1571 440; x_wconf 79' lang='lat' dir='ltr'><strong>EXPOSITIO</strong></span> <span class='ocrx_word' id='word_1_3' title='bbox 1611 382 1837 439; x_wconf 77' lang='lat' dir='ltr'><strong>SUPER</strong></span> <span class='ocrx_word' id='word_1_4' title='bbox 1875 383 2242 439; x_wconf 63' lang='lat' dir='ltr'><strong>JEIlEMlM&#39;I.</strong></span> <span class='ocrx_word' id='word_1_5' title='bbox 2281 417 2349 427; x_wconf 92' lang='lat'>—</span> <span class='ocrx_word' id='word_1_6' title='bbox 2386 386 2514 446; x_wconf 87' lang='lat' dir='ltr'><strong>LIB.</strong></span> <span class='ocrx_word' id='word_1_7' title='bbox 2558 389 2651 446; x_wconf 61' lang='lat' dir='ltr'><strong>XI&quot;.</strong></span> 
     </span>
    </p>
   </div>
   <div class='ocr_carea' id='block_1_3' title="bbox 3419 397 3552 457">
    <p class='ocr_par' dir='ltr' id='par_1_3' title="bbox 3419 397 3552 457">
     <span class='ocr_line' id='line_1_3' title="bbox 3419 397 3552 457; baseline 0.008 -1"><span class='ocrx_word' id='word_1_8' title='bbox 3419 397 3552 457; x_wconf 77' lang='grc'><strong><em>1018</em></strong></span> 
     </span>
    </p>
   </div>
   <div class='ocr_carea' id='block_1_4' title="bbox 265 492 3554 583">
    <p class='ocr_par' dir='ltr' id='par_1_4' title="bbox 265 492 3554 583">
     <span class='ocr_line' id='line_1_4' title="bbox 265 492 3554 583; baseline 0.008 -32"><span class='ocrx_word' id='word_1_9' title='bbox 265 494 623 568; x_wconf 79' lang='lat' dir='ltr'><strong>Babylonem.</strong></span> <span class='ocrx_word' id='word_1_10' title='bbox 661 513 682 547; x_wconf 76' lang='grc' dir='ltr'><strong>ι</strong></span> <span class='ocrx_word' id='word_1_11' title='bbox 717 492 792 552; x_wconf 82' lang='lat' dir='ltr'><strong>Ut</strong></span> <span class='ocrx_word' id='word_1_12' title='bbox 817 510 922 550; x_wconf 91' lang='lat' dir='ltr'><strong>nou</strong></span> <span class='ocrx_word' id='word_1_13' title='bbox 953 497 1192 566; x_wconf 80' lang='lat' dir='ltr'><strong>potentia</strong></span> <span class='ocrx_word' id='word_1_14' title='bbox 1227 497 1368 569; x_wconf 80' lang='lat' dir='ltr'><strong>regis</strong></span> <span class='ocrx_word' id='word_1_15' title='bbox 1401 497 1691 570; x_wconf 84' lang='lat' dir='ltr'><strong>Babylonis</strong></span> <span class='ocrx_word' id='word_1_16' title='bbox 1713 539 1726 563; x_wconf 93' lang='lat'><strong>,</strong></span> <span class='ocrx_word' id='word_1_17' title='bbox 1765 496 1860 552; x_wconf 91' lang='lat' dir='ltr'><strong>sed</strong></span> <span class='ocrx_word' id='word_1_18' title='bbox 1889 501 1934 557; x_wconf 82' lang='lat' dir='ltr'><strong>A</strong></span> <span class='ocrx_word' id='word_1_19' title='bbox 1963 498 2144 566; x_wconf 87' lang='lat' dir='ltr'><strong>plures</strong></span> <span class='ocrx_word' id='word_1_20' title='bbox 2169 515 2236 556; x_wconf 92' lang='lat' dir='ltr'><strong>ex</strong></span> <span class='ocrx_word' id='word_1_21' title='bbox 2267 502 2349 558; x_wconf 91' lang='lat' dir='ltr'><strong>eis</strong></span> <span class='ocrx_word' id='word_1_22' title='bbox 2371 519 2695 574; x_wconf 87' lang='lat' dir='ltr'><strong>generemus</strong></span> <span class='ocrx_word' id='word_1_23' title='bbox 2720 506 2858 564; x_wconf 93' lang='lat' dir='ltr'><strong>ﬁlios</strong></span> <span class='ocrx_word' id='word_1_24' title='bbox 2887 525 2901 563; x_wconf 88' lang='lat'><strong>:</strong></span> <span class='ocrx_word' id='word_1_25' title='bbox 2936 508 3072 567; x_wconf 90' lang='lat' dir='ltr'><strong>ﬁlias</strong></span> <span class='ocrx_word' id='word_1_26' title='bbox 3101 526 3316 583; x_wconf 88' lang='lat' dir='ltr'><strong>quoque</strong></span> <span class='ocrx_word' id='word_1_27' title='bbox 3339 528 3554 576; x_wconf 87' lang='lat' dir='ltr'><strong>nostras</strong></span> 
     </span>
    </p>
   </div>
   <div class='ocr_carea' id='block_1_5' title="bbox 266 589 1864 662">
    <p class='ocr_par' dir='ltr' id='par_1_5' title="bbox 266 589 1864 662">
     <span class='ocr_line' id='line_1_5' title="bbox 266 589 1864 662; baseline 0 -15"><span class='ocrx_word' id='word_1_28' title='bbox 266 589 483 647; x_wconf 87' lang='lat' dir='ltr'><strong>Domini</strong></span> <span class='ocrx_word' id='word_1_29' title='bbox 513 589 791 645; x_wconf 74' lang='lat' dir='ltr'><strong>voluntate</strong></span> <span class='ocrx_word' id='word_1_30' title='bbox 824 591 1070 646; x_wconf 75' lang='lat' dir='ltr'><strong>translati</strong></span> <span class='ocrx_word' id='word_1_31' title='bbox 1099 607 1219 648; x_wconf 89' lang='lat' dir='ltr'><strong>esse</strong></span> <span class='ocrx_word' id='word_1_32' title='bbox 1257 593 1560 648; x_wconf 84' lang='lat' dir='ltr'><strong>videantur.</strong></span> <span class='ocrx_word' id='word_1_33' title='bbox 1589 593 1654 646; x_wconf 88' lang='lat' dir='ltr'><strong>Et</strong></span> <span class='ocrx_word' id='word_1_34' title='bbox 1687 592 1864 662; x_wconf 91' lang='lat' dir='ltr'><strong>primo</strong></span> 
     </span>
    </p>
   </div>
   <div class='ocr_carea' id='block_1_6' title="bbox 263 681 1860 752">
    <p class='ocr_par' dir='ltr' id='par_1_6' title="bbox 263 681 1860 752">
     <span class='ocr_line' id='line_1_6' title="bbox 263 681 1860 752; baseline 0 -16"><span class='ocrx_word' id='word_1_35' title='bbox 263 682 338 736; x_wconf 87' lang='lat' dir='ltr'><strong>ad</strong></span> <span class='ocrx_word' id='word_1_36' title='bbox 365 697 543 747; x_wconf 84' lang='lat' dir='ltr'><strong>senes,</strong></span> <span class='ocrx_word' id='word_1_37' title='bbox 578 681 772 737; x_wconf 89' lang='lat' dir='ltr'><strong>deinde</strong></span> <span class='ocrx_word' id='word_1_38' title='bbox 799 682 866 736; x_wconf 91' lang='lat' dir='ltr'><strong>ad</strong></span> <span class='ocrx_word' id='word_1_39' title='bbox 896 683 1226 748; x_wconf 86' lang='lat' dir='ltr'><strong>sacerdotes,</strong></span> <span class='ocrx_word' id='word_1_40' title='bbox 1252 684 1413 738; x_wconf 87' lang='lat' dir='ltr'><strong>tertio</strong></span> <span class='ocrx_word' id='word_1_41' title='bbox 1449 683 1515 738; x_wconf 88' lang='lat' dir='ltr'><strong>ad</strong></span> <span class='ocrx_word' id='word_1_42' title='bbox 1548 682 1860 752; x_wconf 86' lang='lat' dir='ltr'><strong>prophetas,</strong></span> 
     </span>
    </p>
   </div>
   <div class='ocr_carea' id='block_1_7' title="bbox 266 773 1864 845">
    <p class='ocr_par' dir='ltr' id='par_1_7' title="bbox 266 773 1864 845">
     <span class='ocr_line' id='line_1_7' title="bbox 266 773 1864 845; baseline 0.002 -20"><span class='ocrx_word' id='word_1_43' title='bbox 266 781 470 841; x_wconf 90' lang='lat' dir='ltr'><strong>quarto</strong></span> <span class='ocrx_word' id='word_1_44' title='bbox 499 773 566 826; x_wconf 90' lang='lat' dir='ltr'><strong>ad</strong></span> <span class='ocrx_word' id='word_1_45' title='bbox 602 787 820 828; x_wconf 91' lang='lat' dir='ltr'><strong>omnem</strong></span> <span class='ocrx_word' id='word_1_46' title='bbox 859 774 1113 844; x_wconf 85' lang='lat' dir='ltr'><strong>populum</strong></span> <span class='ocrx_word' id='word_1_47' title='bbox 1153 774 1246 829; x_wconf 87' lang='lat' dir='ltr'><strong>Dei</strong></span> <span class='ocrx_word' id='word_1_48' title='bbox 1287 789 1467 829; x_wconf 87' lang='lat' dir='ltr'><strong>sermo</strong></span> <span class='ocrx_word' id='word_1_49' title='bbox 1499 774 1771 845; x_wconf 84' lang='lat' dir='ltr'><strong>dirigitur,</strong></span> <span class='ocrx_word' id='word_1_50' title='bbox 1803 782 1864 828; x_wconf 93' lang='lat' dir='ltr'><strong>ut</strong></span> 
     </span>
    </p>
   </div>
   <div class='ocr_carea' id='block_1_8' title="bbox 263 863 1862 937">
    <p class='ocr_par' dir='ltr' id='par_1_8' title="bbox 263 863 1862 937">
     <span class='ocr_line' id='line_1_8' title="bbox 263 863 1862 937; baseline 0.003 -19"><span class='ocrx_word' id='word_1_51' title='bbox 263 863 566 934; x_wconf 82' lang='lat' dir='ltr'><strong>secundum</strong></span> <span class='ocrx_word' id='word_1_52' title='bbox 597 864 843 919; x_wconf 88' lang='lat' dir='ltr'><strong>ordinem</strong></span> <span class='ocrx_word' id='word_1_53' title='bbox 874 867 1071 931; x_wconf 73' lang='lat' dir='ltr'><strong>aetatis,</strong></span> <span class='ocrx_word' id='word_1_54' title='bbox 1102 868 1382 937; x_wconf 72' lang='lat' dir='ltr'><strong>propheta:</strong></span> <span class='ocrx_word' id='word_1_55' title='bbox 1427 882 1642 937; x_wconf 92' lang='lat' dir='ltr'><strong>quoque</strong></span> <span class='ocrx_word' id='word_1_56' title='bbox 1670 866 1735 920; x_wconf 90' lang='lat' dir='ltr'><strong>ad</strong></span> <span class='ocrx_word' id='word_1_57' title='bbox 1767 881 1862 922; x_wconf 90' lang='lat' dir='ltr'><strong>eos</strong></span> 
     </span>
    </p>
   </div>
   <div class='ocr_carea' id='block_1_9' title="bbox 261 955 1858 1026">
    <p class='ocr_par' dir='ltr' id='par_1_9' title="bbox 261 955 1858 1026">
     <span class='ocr_line' id='line_1_9' title="bbox 261 955 1858 1026; baseline 0.001 -19"><span class='ocrx_word' id='word_1_58' title='bbox 261 957 358 1026; x_wconf 85' lang='lat' dir='ltr'><strong>qui</strong></span> <span class='ocrx_word' id='word_1_59' title='bbox 402 955 762 1010; x_wconf 90' lang='lat' dir='ltr'><strong>mouebantur</strong></span> <span class='ocrx_word' id='word_1_60' title='bbox 808 955 1002 1011; x_wconf 76' lang='lat' dir='ltr'><strong>littera:</strong></span> <span class='ocrx_word' id='word_1_61' title='bbox 1031 959 1402 1026; x_wconf 86' lang='lat' dir='ltr'><strong>pervenirent.</strong></span> <span class='ocrx_word' id='word_1_62' title='bbox 1451 957 1633 1012; x_wconf 85' lang='lat' dir='ltr'><strong>Monet</strong></span> <span class='ocrx_word' id='word_1_63' title='bbox 1677 964 1858 1011; x_wconf 90' lang='lat' dir='ltr'><strong>autem</strong></span> 
     </span>
    </p>
   </div>
   <div class='ocr_carea' id='block_1_10' title="bbox 261 1047 1860 1114">
    <p class='ocr_par' dir='ltr' id='par_1_10' title="bbox 261 1047 1860 1114">
     <span class='ocr_line' id='line_1_10' title="bbox 261 1047 1860 1114; baseline 0.002 -12"><span class='ocrx_word' id='word_1_64' title='bbox 261 1063 362 1102; x_wconf 88' lang='lat' dir='ltr'><strong>eos</strong></span> <span class='ocrx_word' id='word_1_65' title='bbox 391 1064 500 1102; x_wconf 93' lang='lat' dir='ltr'><strong>nou</strong></span> <span class='ocrx_word' id='word_1_66' title='bbox 535 1047 648 1102; x_wconf 90' lang='lat' dir='ltr'><strong>suis</strong></span> <span class='ocrx_word' id='word_1_67' title='bbox 676 1048 877 1114; x_wconf 82' lang='lat' dir='ltr'><strong>verbis,</strong></span> <span class='ocrx_word' id='word_1_68' title='bbox 908 1049 1000 1103; x_wconf 89' lang='lat' dir='ltr'><strong>sed</strong></span> <span class='ocrx_word' id='word_1_69' title='bbox 1034 1049 1270 1114; x_wconf 88' lang='lat' dir='ltr'><strong>Domini,</strong></span> <span class='ocrx_word' id='word_1_70' title='bbox 1293 1059 1351 1103; x_wconf 90' lang='lat' dir='ltr'><strong>ut</strong></span> <span class='ocrx_word' id='word_1_71' title='bbox 1376 1049 1644 1105; x_wconf 70' lang='lat' dir='ltr'><strong>rediﬁcent</strong></span> <span class='ocrx_word' id='word_1_72' title='bbox 1670 1050 1860 1105; x_wconf 89' lang='lat' dir='ltr'><strong>domos</strong></span> 
     </span>
    </p>
   </div>
   <div class='ocr_carea' id='block_1_11' title="bbox 261 1139 1855 1212">
    <p class='ocr_par' dir='ltr' id='par_1_11' title="bbox 261 1139 1855 1212">
     <span class='ocr_line' id='line_1_11' title="bbox 261 1139 1855 1212; baseline 0.003 -20"><span class='ocrx_word' id='word_1_73' title='bbox 261 1150 317 1192; x_wconf 81' lang='lat' dir='ltr'><strong>et</strong></span> <span class='ocrx_word' id='word_1_74' title='bbox 346 1140 596 1194; x_wconf 87' lang='lat' dir='ltr'><strong>habitent</strong></span> <span class='ocrx_word' id='word_1_75' title='bbox 623 1139 675 1194; x_wconf 92' lang='lat' dir='ltr'><strong>in</strong></span> <span class='ocrx_word' id='word_1_76' title='bbox 706 1139 806 1203; x_wconf 91' lang='lat' dir='ltr'><strong>eis,</strong></span> <span class='ocrx_word' id='word_1_77' title='bbox 833 1149 886 1193; x_wconf 93' lang='lat' dir='ltr'><strong>et</strong></span> <span class='ocrx_word' id='word_1_78' title='bbox 925 1141 1170 1210; x_wconf 87' lang='lat' dir='ltr'><strong>plantent</strong></span> <span class='ocrx_word' id='word_1_79' title='bbox 1196 1141 1405 1207; x_wconf 86' lang='lat' dir='ltr'><strong>hortos,</strong></span> <span class='ocrx_word' id='word_1_80' title='bbox 1437 1143 1552 1197; x_wconf 84' lang='lat' dir='ltr'><strong>sive</strong></span> <span class='ocrx_word' id='word_1_81' title='bbox 1578 1142 1855 1212; x_wconf 88' lang='lat' dir='ltr'><strong>pomaria,</strong></span> 
     </span>
    </p>
   </div>
   <div class='ocr_carea' id='block_1_12' title="bbox 260 1230 1857 1300">
    <p class='ocr_par' dir='ltr' id='par_1_12' title="bbox 260 1230 1857 1300">
     <span class='ocr_line' id='line_1_12' title="bbox 260 1230 1857 1300; baseline -0.001 -13"><span class='ocrx_word' id='word_1_82' title='bbox 260 1241 319 1287; x_wconf 90' lang='lat' dir='ltr'><strong>et</strong></span> <span class='ocrx_word' id='word_1_83' title='bbox 347 1232 635 1286; x_wconf 90' lang='lat' dir='ltr'><strong>comedant</strong></span> <span class='ocrx_word' id='word_1_84' title='bbox 684 1230 921 1286; x_wconf 86' lang='lat' dir='ltr'><strong>fructum</strong></span> <span class='ocrx_word' id='word_1_85' title='bbox 972 1247 1158 1287; x_wconf 91' lang='lat' dir='ltr'><strong>eorum</strong></span> <span class='ocrx_word' id='word_1_86' title='bbox 1181 1272 1196 1298; x_wconf 93' lang='lat'><strong>,</strong></span> <span class='ocrx_word' id='word_1_87' title='bbox 1240 1233 1508 1300; x_wconf 82' lang='lat' dir='ltr'><strong>accipiant</strong></span> <span class='ocrx_word' id='word_1_88' title='bbox 1542 1248 1768 1296; x_wconf 77' lang='lat' dir='ltr'><strong>uxores,</strong></span> <span class='ocrx_word' id='word_1_89' title='bbox 1803 1240 1857 1287; x_wconf 90' lang='lat' dir='ltr'><strong>et</strong></span> 
     </span>
    </p>
   </div>
   <div class='ocr_carea' id='block_1_13' title="bbox 259 1322 1856 1394">
    <p class='ocr_par' dir='ltr' id='par_1_13' title="bbox 259 1322 1856 1394">
     <span class='ocr_line' id='line_1_13' title="bbox 259 1322 1856 1394; baseline 0.001 -17"><span class='ocrx_word' id='word_1_90' title='bbox 259 1333 525 1394; x_wconf 85' lang='lat' dir='ltr'><strong>generem</strong></span> <span class='ocrx_word' id='word_1_91' title='bbox 573 1322 711 1377; x_wconf 90' lang='lat' dir='ltr'><strong>ﬁlios</strong></span> <span class='ocrx_word' id='word_1_92' title='bbox 753 1331 808 1377; x_wconf 90' lang='lat' dir='ltr'><strong>et</strong></span> <span class='ocrx_word' id='word_1_93' title='bbox 849 1323 1020 1390; x_wconf 89' lang='lat' dir='ltr'><strong>ﬁlias,</strong></span> <span class='ocrx_word' id='word_1_94' title='bbox 1069 1334 1125 1379; x_wconf 88' lang='lat' dir='ltr'><strong>et</strong></span> <span class='ocrx_word' id='word_1_95' title='bbox 1175 1324 1602 1394; x_wconf 89' lang='lat' dir='ltr'><strong>multiplicentnr</strong></span> <span class='ocrx_word' id='word_1_96' title='bbox 1645 1323 1700 1378; x_wconf 89' lang='lat' dir='ltr'><strong>in</strong></span> <span class='ocrx_word' id='word_1_97' title='bbox 1736 1323 1856 1378; x_wconf 81' lang='lat' dir='ltr'><strong>loco</strong></span> 
     </span>
    </p>
   </div>
   <div class='ocr_carea' id='block_1_14' title="bbox 262 1415 1856 1486">
    <p class='ocr_par' dir='ltr' id='par_1_14' title="bbox 262 1415 1856 1486">
     <span class='ocr_line' id='line_1_14' title="bbox 262 1415 1856 1486; baseline -0.001 -16"><span class='ocrx_word' id='word_1_98' title='bbox 262 1415 781 1486; x_wconf 80' lang='lat' dir='ltr'><strong>transmigrationis,</strong></span> <span class='ocrx_word' id='word_1_99' title='bbox 813 1423 868 1469; x_wconf 92' lang='lat' dir='ltr'><strong>et</strong></span> <span class='ocrx_word' id='word_1_100' title='bbox 907 1431 1013 1470; x_wconf 90' lang='lat' dir='ltr'><strong>non</strong></span> <span class='ocrx_word' id='word_1_101' title='bbox 1059 1416 1167 1470; x_wconf 89' lang='lat' dir='ltr'><strong>sint</strong></span> <span class='ocrx_word' id='word_1_102' title='bbox 1204 1417 1361 1486; x_wconf 85' lang='lat' dir='ltr'><strong>pauci</strong></span> <span class='ocrx_word' id='word_1_103' title='bbox 1408 1430 1664 1482; x_wconf 90' lang='lat' dir='ltr'><strong>numero,</strong></span> <span class='ocrx_word' id='word_1_104' title='bbox 1707 1431 1856 1486; x_wconf 67' lang='lat' dir='ltr'><strong>quae—</strong></span> 
     </span>
    </p>
   </div>
   <div class='ocr_carea' id='block_1_15' title="bbox 187 1506 1854 1584">
    <p class='ocr_par' dir='ltr' id='par_1_15' title="bbox 187 1506 1854 1584">
     <span class='ocr_line' id='line_1_15' title="bbox 187 1506 1854 1584; baseline 0 -22"><span class='ocrx_word' id='word_1_105' title='bbox 187 1563 196 1584; x_wconf 49' lang='lat'><strong>,</strong></span> <span class='ocrx_word' id='word_1_106' title='bbox 262 1515 496 1576; x_wconf 79' lang='lat' dir='ltr'><strong>rentque</strong></span> <span class='ocrx_word' id='word_1_107' title='bbox 527 1521 712 1576; x_wconf 90' lang='lat' dir='ltr'><strong>pacem</strong></span> <span class='ocrx_word' id='word_1_108' title='bbox 741 1506 1000 1573; x_wconf 84' lang='lat' dir='ltr'><strong>civitatis,</strong></span> <span class='ocrx_word' id='word_1_109' title='bbox 1025 1507 1139 1562; x_wconf 82' lang='lat' dir='ltr'><strong>sive</strong></span> <span class='ocrx_word' id='word_1_110' title='bbox 1171 1516 1359 1574; x_wconf 68' lang='lat' dir='ltr'><strong>terrm,</strong></span> <span class='ocrx_word' id='word_1_111' title='bbox 1386 1508 1452 1563; x_wconf 90' lang='lat' dir='ltr'><strong>ad</strong></span> <span class='ocrx_word' id='word_1_112' title='bbox 1481 1522 1642 1578; x_wconf 89' lang='lat' dir='ltr'><strong>quam</strong></span> <span class='ocrx_word' id='word_1_113' title='bbox 1671 1515 1854 1562; x_wconf 90' lang='lat' dir='ltr'><strong>trans-</strong></span> 
     </span>
    </p>
   </div>
   <div class='ocr_carea' id='block_1_16' title="bbox 175 1598 1853 1668">
    <p class='ocr_par' dir='ltr' id='par_1_16' title="bbox 175 1598 1853 1668">
     <span class='ocr_line' id='line_1_16' title="bbox 175 1598 1853 1668; baseline 0.001 -16"><span class='ocrx_word' id='word_1_114' title='bbox 175 1609 184 1626; x_wconf 87' lang='lat'><strong>-&#39;</strong></span> <span class='ocrx_word' id='word_1_115' title='bbox 261 1598 453 1652; x_wconf 85' lang='lat' dir='ltr'><strong>tulerit</strong></span> <span class='ocrx_word' id='word_1_116' title='bbox 479 1612 572 1652; x_wconf 91' lang='lat' dir='ltr'><strong>eos</strong></span> <span class='ocrx_word' id='word_1_117' title='bbox 597 1605 652 1652; x_wconf 92' lang='lat' dir='ltr'><strong>et</strong></span> <span class='ocrx_word' id='word_1_118' title='bbox 694 1606 850 1652; x_wconf 92' lang='lat' dir='ltr'><strong>orent</strong></span> <span class='ocrx_word' id='word_1_119' title='bbox 872 1612 970 1668; x_wconf 93' lang='lat' dir='ltr'><strong>pro</strong></span> <span class='ocrx_word' id='word_1_120' title='bbox 994 1611 1058 1654; x_wconf 89' lang='lat' dir='ltr'><strong>ea</strong></span> <span class='ocrx_word' id='word_1_121' title='bbox 1098 1598 1165 1652; x_wconf 92' lang='lat' dir='ltr'><strong>ad</strong></span> <span class='ocrx_word' id='word_1_122' title='bbox 1210 1598 1518 1663; x_wconf 90' lang='lat' dir='ltr'><strong>Dominum,</strong></span> <span class='ocrx_word' id='word_1_123' title='bbox 1549 1613 1853 1668; x_wconf 85' lang='lat' dir='ltr'><strong>causasque</strong></span> 
     </span>
    </p>
   </div>
   <div class='ocr_carea' id='block_1_17' title="bbox 258 1687 1851 1759">
    <p class='ocr_par' dir='ltr' id='par_1_17' title="bbox 258 1687 1851 1759">
     <span class='ocr_line' id='line_1_17' title="bbox 258 1687 1851 1759; baseline 0.002 -18"><span class='ocrx_word' id='word_1_124' title='bbox 258 1687 497 1741; x_wconf 85' lang='lat' dir='ltr'><strong>reddens</strong></span> <span class='ocrx_word' id='word_1_125' title='bbox 526 1687 601 1742; x_wconf 88' lang='lat' dir='ltr'><strong>ait</strong></span> <span class='ocrx_word' id='word_1_126' title='bbox 628 1705 641 1740; x_wconf 89' lang='lat'><strong>:</strong></span> <span class='ocrx_word' id='word_1_127' title='bbox 680 1705 699 1739; x_wconf 77' lang='grc' dir='ltr'><strong>ι</strong></span> <span class='ocrx_word' id='word_1_128' title='bbox 733 1687 870 1755; x_wconf 86' lang='lat' dir='ltr'><strong>Quia</strong></span> <span class='ocrx_word' id='word_1_129' title='bbox 902 1688 956 1742; x_wconf 90' lang='lat' dir='ltr'><strong>in</strong></span> <span class='ocrx_word' id='word_1_130' title='bbox 981 1703 1113 1758; x_wconf 90' lang='lat' dir='ltr'><strong>pace</strong></span> <span class='ocrx_word' id='word_1_131' title='bbox 1139 1689 1280 1744; x_wconf 90' lang='lat' dir='ltr'><strong>illius</strong></span> <span class='ocrx_word' id='word_1_132' title='bbox 1303 1697 1461 1746; x_wconf 71' lang='lat' dir='ltr'><strong>terra:</strong></span> <span class='ocrx_word' id='word_1_133' title='bbox 1485 1689 1591 1744; x_wconf 88' lang='lat' dir='ltr'><strong>erit</strong></span> <span class='ocrx_word' id='word_1_134' title='bbox 1623 1704 1727 1759; x_wconf 83' lang='lat' dir='ltr'><strong>pax</strong></span> <span class='ocrx_word' id='word_1_135' title='bbox 1759 1705 1851 1744; x_wconf 90' lang='lat' dir='ltr'><strong>vo-</strong></span> 
     </span>
    </p>
   </div>
   <div class='ocr_carea' id='block_1_18' title="bbox 257 1780 1850 1857">
    <p class='ocr_par' dir='ltr' id='par_1_18' title="bbox 257 1780 1850 1857">
     <span class='ocr_line' id='line_1_18' title="bbox 257 1780 1850 1857; baseline 0.004 -22"><span class='ocrx_word' id='word_1_136' title='bbox 257 1780 360 1835; x_wconf 90' lang='lat' dir='ltr'><strong>bis.</strong></span> <span class='ocrx_word' id='word_1_137' title='bbox 397 1801 416 1832; x_wconf 78' lang='grc' dir='ltr'><strong>ι</strong></span> <span class='ocrx_word' id='word_1_138' title='bbox 449 1780 718 1848; x_wconf 74' lang='lat' dir='ltr'><strong>Jeremiaz,</strong></span> <span class='ocrx_word' id='word_1_139' title='bbox 747 1783 873 1857; x_wconf 88' lang='lat' dir='ltr'><strong>quia</strong></span> <span class='ocrx_word' id='word_1_140' title='bbox 899 1793 1122 1854; x_wconf 88' lang='lat' dir='ltr'><strong>propter</strong></span> <span class='ocrx_word' id='word_1_141' title='bbox 1147 1786 1311 1842; x_wconf 87' lang='lat' dir='ltr'><strong>breve</strong></span> <span class='ocrx_word' id='word_1_142' title='bbox 1335 1795 1548 1856; x_wconf 91' lang='lat' dir='ltr'><strong>tempus</strong></span> <span class='ocrx_word' id='word_1_143' title='bbox 1575 1794 1694 1840; x_wconf 89' lang='lat' dir='ltr'><strong>erat</strong></span> <span class='ocrx_word' id='word_1_144' title='bbox 1718 1785 1850 1841; x_wconf 85' lang='lat' dir='ltr'><strong>Hie-</strong></span> 
     </span>
    </p>
   </div>
   <div class='ocr_carea' id='block_1_19' title="bbox 1967 591 3556 678">
    <p class='ocr_par' dir='ltr' id='par_1_19' title="bbox 1967 591 3556 678">
     <span class='ocr_line' id='line_1_19' title="bbox 1967 591 3556 678; baseline 0.015 -34"><span class='ocrx_word' id='word_1_145' title='bbox 1967 591 2214 647; x_wconf 86' lang='lat' dir='ltr'><strong>dahimus</strong></span> <span class='ocrx_word' id='word_1_146' title='bbox 2242 593 2398 658; x_wconf 89' lang='lat' dir='ltr'><strong>viris,</strong></span> <span class='ocrx_word' id='word_1_147' title='bbox 2440 603 2501 650; x_wconf 90' lang='lat' dir='ltr'><strong>ut</strong></span> <span class='ocrx_word' id='word_1_148' title='bbox 2534 607 2588 651; x_wconf 94' lang='lat' dir='ltr'><strong>et</strong></span> <span class='ocrx_word' id='word_1_149' title='bbox 2615 597 2736 654; x_wconf 89' lang='lat' dir='ltr'><strong>ﬁdei</strong></span> <span class='ocrx_word' id='word_1_150' title='bbox 2761 603 2982 668; x_wconf 89' lang='lat' dir='ltr'><strong>veritas,</strong></span> <span class='ocrx_word' id='word_1_151' title='bbox 3016 619 3135 673; x_wconf 68' lang='lat' dir='ltr'><strong>quae</strong></span> <span class='ocrx_word' id='word_1_152' title='bbox 3164 606 3556 678; x_wconf 84' lang='lat' dir='ltr'><strong>interpretatur</strong></span> 
     </span>
    </p>
   </div>
   <div class='ocr_carea' id='block_1_20' title="bbox 1966 679 3554 764">
    <p class='ocr_par' dir='ltr' id='par_1_20' title="bbox 1966 679 3554 764">
     <span class='ocr_line' id='line_1_20' title="bbox 1966 679 3554 764; baseline 0.015 -31"><span class='ocrx_word' id='word_1_153' title='bbox 1966 679 2018 734; x_wconf 91' lang='lat' dir='ltr'><strong>in</strong></span> <span class='ocrx_word' id='word_1_154' title='bbox 2046 680 2190 748; x_wconf 89' lang='lat' dir='ltr'><strong>ﬁliis,</strong></span> <span class='ocrx_word' id='word_1_155' title='bbox 2217 683 2373 739; x_wconf 88' lang='lat' dir='ltr'><strong>bouis</strong></span> <span class='ocrx_word' id='word_1_156' title='bbox 2388 687 2642 758; x_wconf 76' lang='lat' dir='ltr'><strong>operibus</strong></span> <span class='ocrx_word' id='word_1_157' title='bbox 2665 690 2969 758; x_wconf 89' lang='lat' dir='ltr'><strong>copuletur,</strong></span> <span class='ocrx_word' id='word_1_158' title='bbox 3002 710 3122 764; x_wconf 63' lang='lat' dir='ltr'><strong>quae</strong></span> <span class='ocrx_word' id='word_1_159' title='bbox 3146 695 3458 752; x_wconf 85' lang='lat' dir='ltr'><strong>referuntur</strong></span> <span class='ocrx_word' id='word_1_160' title='bbox 3485 701 3554 758; x_wconf 85' lang='lat' dir='ltr'><strong>ad</strong></span> 
     </span>
    </p>
   </div>
   <div class='ocr_carea' id='block_1_21' title="bbox 1963 771 3552 850">
    <p class='ocr_par' dir='ltr' id='par_1_21' title="bbox 1963 771 3552 850">
     <span class='ocr_line' id='line_1_21' title="bbox 1963 771 3552 850; baseline 0.013 -26"><span class='ocrx_word' id='word_1_161' title='bbox 1963 771 2123 833; x_wconf 88' lang='lat' dir='ltr'><strong>ﬁlias,</strong></span> <span class='ocrx_word' id='word_1_162' title='bbox 2148 782 2203 827; x_wconf 89' lang='lat' dir='ltr'><strong>et</strong></span> <span class='ocrx_word' id='word_1_163' title='bbox 2228 789 2392 845; x_wconf 86' lang='lat' dir='ltr'><strong>opera</strong></span> <span class='ocrx_word' id='word_1_164' title='bbox 2424 779 2568 831; x_wconf 91' lang='lat' dir='ltr'><strong>bona</strong></span> <span class='ocrx_word' id='word_1_165' title='bbox 2594 777 2894 850; x_wconf 79' lang='lat' dir='ltr'><strong>junguntur</strong></span> <span class='ocrx_word' id='word_1_166' title='bbox 2933 782 3055 837; x_wconf 84' lang='lat' dir='ltr'><strong>ﬁdei</strong></span> <span class='ocrx_word' id='word_1_167' title='bbox 3088 786 3307 841; x_wconf 88' lang='lat' dir='ltr'><strong>sanitati</strong></span> <span class='ocrx_word' id='word_1_168' title='bbox 3339 806 3351 841; x_wconf 90' lang='lat'>:</span> <span class='ocrx_word' id='word_1_169' title='bbox 3387 789 3552 845; x_wconf 90' lang='lat' dir='ltr'><strong>tales-</strong></span> 
     </span>
    </p>
   </div>
   <div class='ocr_carea' id='block_1_22' title="bbox 1962 863 3550 946">
    <p class='ocr_par' dir='ltr' id='par_1_22' title="bbox 1962 863 3550 946">
     <span class='ocr_line' id='line_1_22' title="bbox 1962 863 3550 946; baseline 0.012 -32"><span class='ocrx_word' id='word_1_170' title='bbox 1962 877 2068 932; x_wconf 92' lang='lat' dir='ltr'><strong>que</strong></span> <span class='ocrx_word' id='word_1_171' title='bbox 2091 863 2230 918; x_wconf 92' lang='lat' dir='ltr'><strong>ﬁlios</strong></span> <span class='ocrx_word' id='word_1_172' title='bbox 2258 876 2581 936; x_wconf 89' lang='lat' dir='ltr'><strong>generantes</strong></span> <span class='ocrx_word' id='word_1_173' title='bbox 2603 878 2657 923; x_wconf 91' lang='lat' dir='ltr'><strong>et</strong></span> <span class='ocrx_word' id='word_1_174' title='bbox 2680 869 2838 935; x_wconf 87' lang='lat' dir='ltr'><strong>ﬁlias,</strong></span> <span class='ocrx_word' id='word_1_175' title='bbox 2865 873 3283 943; x_wconf 88' lang='lat' dir='ltr'><strong>multiplicemur</strong></span> <span class='ocrx_word' id='word_1_176' title='bbox 3305 894 3550 946; x_wconf 87' lang='lat' dir='ltr'><strong>numero,</strong></span> 
     </span>
    </p>
   </div>
   <div class='ocr_carea' id='block_1_23' title="bbox 1960 953 3550 1037">
    <p class='ocr_par' dir='ltr' id='par_1_23' title="bbox 1960 953 3550 1037">
     <span class='ocr_line' id='line_1_23' title="bbox 1960 953 3550 1037; baseline 0.013 -33"><span class='ocrx_word' id='word_1_177' title='bbox 1960 959 2022 1005; x_wconf 93' lang='lat' dir='ltr'><strong>ut</strong></span> <span class='ocrx_word' id='word_1_178' title='bbox 2047 953 2388 1010; x_wconf 88' lang='lat' dir='ltr'><strong>destruentes</strong></span> <span class='ocrx_word' id='word_1_179' title='bbox 2417 972 2500 1023; x_wconf 89' lang='lat' dir='ltr'><strong>ea,</strong></span> <span class='ocrx_word' id='word_1_180' title='bbox 2533 973 2652 1027; x_wconf 74' lang='lat' dir='ltr'><strong>qua:</strong></span> <span class='ocrx_word' id='word_1_181' title='bbox 2682 961 2889 1028; x_wconf 88' lang='lat' dir='ltr'><strong>parvuli</strong></span> <span class='ocrx_word' id='word_1_182' title='bbox 2921 973 3075 1028; x_wconf 89' lang='lat' dir='ltr'><strong>sunt,</strong></span> <span class='ocrx_word' id='word_1_183' title='bbox 3101 975 3154 1019; x_wconf 90' lang='lat' dir='ltr'><strong>et</strong></span> <span class='ocrx_word' id='word_1_184' title='bbox 3178 967 3228 1020; x_wconf 91' lang='lat' dir='ltr'><strong>in</strong></span> <span class='ocrx_word' id='word_1_185' title='bbox 3253 968 3550 1037; x_wconf 85' lang='lat' dir='ltr'><strong>perfectum</strong></span> 
     </span>
    </p>
   </div>
   <div class='ocr_carea' id='block_1_24' title="bbox 1959 1046 3548 1125">
    <p class='ocr_par' dir='ltr' id='par_1_24' title="bbox 1959 1046 3548 1125">
     <span class='ocr_line' id='line_1_24' title="bbox 1959 1046 3548 1125; baseline 0.013 -29"><span class='ocrx_word' id='word_1_186' title='bbox 1959 1053 2266 1098; x_wconf 85' lang='lat' dir='ltr'><strong>crescentes</strong></span> <span class='ocrx_word' id='word_1_187' title='bbox 2289 1046 2487 1113; x_wconf 88' lang='lat' dir='ltr'><strong>virum,</strong></span> <span class='ocrx_word' id='word_1_188' title='bbox 2520 1049 2709 1104; x_wconf 90' lang='lat' dir='ltr'><strong>audire</strong></span> <span class='ocrx_word' id='word_1_189' title='bbox 2738 1066 3043 1107; x_wconf 89' lang='lat' dir='ltr'><strong>mereamur</strong></span> <span class='ocrx_word' id='word_1_190' title='bbox 3067 1073 3078 1106; x_wconf 94' lang='lat'>:</span> <span class='ocrx_word' id='word_1_191' title='bbox 3111 1075 3128 1106; x_wconf 73' lang='grc' dir='ltr'><strong>ι</strong></span> <span class='ocrx_word' id='word_1_192' title='bbox 3159 1056 3350 1113; x_wconf 89' lang='lat' dir='ltr'><strong>Scribo</strong></span> <span class='ocrx_word' id='word_1_193' title='bbox 3375 1061 3548 1125; x_wconf 86' lang='lat' dir='ltr'><strong>vobis,</strong></span> 
     </span>
    </p>
   </div>
   <div class='ocr_carea' id='block_1_25' title="bbox 1957 1137 3552 1214">
    <p class='ocr_par' dir='ltr' id='par_1_25' title="bbox 1957 1137 3552 1214">
     <span class='ocr_line' id='line_1_25' title="bbox 1957 1137 3552 1214; baseline 0.011 -27"><span class='ocrx_word' id='word_1_194' title='bbox 1957 1142 2171 1203; x_wconf 84' lang='lat' dir='ltr'><strong>patres,</strong></span> <span class='ocrx_word' id='word_1_195' title='bbox 2220 1137 2474 1206; x_wconf 88' lang='lat' dir='ltr'><strong>quoniam</strong></span> <span class='ocrx_word' id='word_1_196' title='bbox 2524 1141 2850 1210; x_wconf 75' lang='lat' dir='ltr'><strong>cognoviStis</strong></span> <span class='ocrx_word' id='word_1_197' title='bbox 2890 1160 3013 1197; x_wconf 88' lang='lat' dir='ltr'><strong>eum</strong></span> <span class='ocrx_word' id='word_1_198' title='bbox 3040 1146 3130 1214; x_wconf 88' lang='lat' dir='ltr'><strong>qui</strong></span> <span class='ocrx_word' id='word_1_199' title='bbox 3173 1147 3242 1202; x_wconf 91' lang='lat' dir='ltr'><strong>ab</strong></span> <span class='ocrx_word' id='word_1_200' title='bbox 3283 1149 3434 1203; x_wconf 86' lang='lat' dir='ltr'><strong>initio</strong></span> <span class='ocrx_word' id='word_1_201' title='bbox 3469 1160 3552 1206; x_wconf 89' lang='lat' dir='ltr'><strong>est</strong></span> 
     </span>
    </p>
   </div>
   <div class='ocr_carea' id='block_1_26' title="bbox 1959 1224 3550 1302">
    <p class='ocr_par' dir='ltr' id='par_1_26' title="bbox 1959 1224 3550 1302">
     <span class='ocr_line' id='line_1_26' title="bbox 1959 1224 3550 1302; baseline 0.014 -26"><span class='ocrx_word' id='word_1_202' title='bbox 1959 1224 2008 1296; x_wconf 95' lang='lat' dir='ltr'><strong>(I</strong></span> <span class='ocrx_word' id='word_1_203' title='bbox 2045 1225 2206 1281; x_wconf 87' lang='lat' dir='ltr'><strong>Joan.</strong></span> <span class='ocrx_word' id='word_1_204' title='bbox 2235 1228 2332 1298; x_wconf 90' lang='grc' dir='ltr'><strong>ιι),</strong></span> <span class='ocrx_word' id='word_1_205' title='bbox 2365 1249 2383 1281; x_wconf 74' lang='grc' dir='ltr'><strong>ι</strong></span> <span class='ocrx_word' id='word_1_206' title='bbox 2417 1238 2620 1284; x_wconf 91' lang='lat' dir='ltr'><strong>etcum</strong></span> <span class='ocrx_word' id='word_1_207' title='bbox 2648 1231 2908 1302; x_wconf 84' lang='lat' dir='ltr'><strong>Apostolo</strong></span> <span class='ocrx_word' id='word_1_208' title='bbox 2944 1235 3190 1291; x_wconf 87' lang='lat' dir='ltr'><strong>dicamus</strong></span> <span class='ocrx_word' id='word_1_209' title='bbox 3233 1239 3416 1296; x_wconf 91' lang='lat' dir='ltr'><strong>liberis</strong></span> <span class='ocrx_word' id='word_1_210' title='bbox 3455 1259 3550 1298; x_wconf 86' lang='lat' dir='ltr'><strong>uo-</strong></span> 
     </span>
    </p>
   </div>
   <div class='ocr_carea' id='block_1_27' title="bbox 1957 1317 3551 1403">
    <p class='ocr_par' dir='ltr' id='par_1_27' title="bbox 1957 1317 3551 1403">
     <span class='ocr_line' id='line_1_27' title="bbox 1957 1317 3551 1403; baseline 0.009 -32"><span class='ocrx_word' id='word_1_211' title='bbox 1957 1317 2124 1372; x_wconf 90' lang='lat' dir='ltr'><strong>stris:</strong></span> <span class='ocrx_word' id='word_1_212' title='bbox 2168 1337 2186 1370; x_wconf 78' lang='grc' dir='ltr'><strong>ι</strong></span> <span class='ocrx_word' id='word_1_213' title='bbox 2223 1319 2280 1373; x_wconf 86' lang='grc' dir='ltr'><strong><em>1η</em></strong></span> <span class='ocrx_word' id='word_1_214' title='bbox 2307 1319 2524 1376; x_wconf 87' lang='lat' dir='ltr'><strong>Christo</strong></span> <span class='ocrx_word' id='word_1_215' title='bbox 2567 1322 2711 1376; x_wconf 89' lang='lat' dir='ltr'><strong>enim</strong></span> <span class='ocrx_word' id='word_1_216' title='bbox 2750 1323 2877 1379; x_wconf 85' lang='lat' dir='ltr'><strong>Jcsu</strong></span> <span class='ocrx_word' id='word_1_217' title='bbox 2912 1342 3009 1395; x_wconf 90' lang='lat' dir='ltr'><strong>per</strong></span> <span class='ocrx_word' id='word_1_218' title='bbox 3050 1328 3402 1400; x_wconf 86' lang='lat' dir='ltr'><strong>Evangelium</strong></span> <span class='ocrx_word' id='word_1_219' title='bbox 3451 1348 3551 1403; x_wconf 86' lang='lat' dir='ltr'><strong>ego</strong></span> 
     </span>
    </p>
   </div>
   <div class='ocr_carea' id='block_1_28' title="bbox 1956 1409 3548 1490">
    <p class='ocr_par' dir='ltr' id='par_1_28' title="bbox 1956 1409 3548 1490">
     <span class='ocr_line' id='line_1_28' title="bbox 1956 1409 3548 1490; baseline 0.01 -30"><span class='ocrx_word' id='word_1_220' title='bbox 1956 1423 2053 1464; x_wconf 87' lang='lat' dir='ltr'><strong>vos</strong></span> <span class='ocrx_word' id='word_1_221' title='bbox 2099 1411 2259 1479; x_wconf 82' lang='lat' dir='ltr'><strong>genui</strong></span> <span class='ocrx_word' id='word_1_222' title='bbox 2304 1410 2355 1482; x_wconf 91' lang='grc'><strong>(1</strong></span> <span class='ocrx_word' id='word_1_223' title='bbox 2386 1409 2510 1465; x_wconf 87' lang='lat' dir='ltr'><strong>Cor.</strong></span> <span class='ocrx_word' id='word_1_224' title='bbox 2539 1412 2636 1482; x_wconf 79' lang='lat' dir='ltr'><strong>iv).</strong></span> <span class='ocrx_word' id='word_1_225' title='bbox 2679 1433 2698 1465; x_wconf 76' lang='grc' dir='ltr'><strong>ι</strong></span> <span class='ocrx_word' id='word_1_226' title='bbox 2739 1412 3056 1481; x_wconf 69' lang='lat' dir='ltr'><strong>Quaeramus</strong></span> <span class='ocrx_word' id='word_1_227' title='bbox 3096 1433 3311 1488; x_wconf 89' lang='lat' dir='ltr'><strong>quoque</strong></span> <span class='ocrx_word' id='word_1_228' title='bbox 3358 1436 3548 1490; x_wconf 87' lang='lat' dir='ltr'><strong>pacem</strong></span> 
     </span>
    </p>
   </div>
   <div class='ocr_carea' id='block_1_29' title="bbox 1956 1499 3548 1570">
    <p class='ocr_par' dir='ltr' id='par_1_29' title="bbox 1956 1499 3548 1570">
     <span class='ocr_line' id='line_1_29' title="bbox 1956 1499 3548 1570; baseline 0.01 -17"><span class='ocrx_word' id='word_1_229' title='bbox 1956 1499 2232 1566; x_wconf 58' lang='lat' dir='ltr'><strong>Ecclesiae,</strong></span> <span class='ocrx_word' id='word_1_230' title='bbox 2261 1502 2487 1568; x_wconf 78' lang='lat' dir='ltr'><strong>civitati,</strong></span> <span class='ocrx_word' id='word_1_231' title='bbox 2516 1513 2570 1558; x_wconf 89' lang='lat' dir='ltr'><strong>et</strong></span> <span class='ocrx_word' id='word_1_232' title='bbox 2605 1513 2766 1560; x_wconf 75' lang='lat' dir='ltr'><strong>terra:</strong></span> <span class='ocrx_word' id='word_1_233' title='bbox 2797 1515 3019 1570; x_wconf 67' lang='lat' dir='ltr'><strong>nostrae,</strong></span> <span class='ocrx_word' id='word_1_234' title='bbox 3048 1519 3107 1563; x_wconf 90' lang='lat' dir='ltr'><strong>ut</strong></span> <span class='ocrx_word' id='word_1_235' title='bbox 3134 1511 3200 1564; x_wconf 92' lang='lat' dir='ltr'><strong>ad</strong></span> <span class='ocrx_word' id='word_1_236' title='bbox 3227 1526 3346 1566; x_wconf 87' lang='lat' dir='ltr'><strong>eam</strong></span> <span class='ocrx_word' id='word_1_237' title='bbox 3371 1514 3548 1569; x_wconf 89' lang='lat' dir='ltr'><strong>redire</strong></span> 
     </span>
    </p>
   </div>
   <div class='ocr_carea' id='block_1_30' title="bbox 1955 1593 3543 1672">
    <p class='ocr_par' dir='ltr' id='par_1_30' title="bbox 1955 1593 3543 1672">
     <span class='ocr_line' id='line_1_30' title="bbox 1955 1593 3543 1672; baseline 0.01 -27"><span class='ocrx_word' id='word_1_238' title='bbox 1955 1607 2282 1660; x_wconf 89' lang='lat' dir='ltr'><strong>mereamur,</strong></span> <span class='ocrx_word' id='word_1_239' title='bbox 2309 1593 2376 1649; x_wconf 90' lang='lat' dir='ltr'><strong>de</strong></span> <span class='ocrx_word' id='word_1_240' title='bbox 2399 1611 2504 1665; x_wconf 88' lang='lat' dir='ltr'><strong>qua</strong></span> <span class='ocrx_word' id='word_1_241' title='bbox 2530 1595 2743 1653; x_wconf 90' lang='lat' dir='ltr'><strong>Domini</strong></span> <span class='ocrx_word' id='word_1_242' title='bbox 2789 1599 2992 1669; x_wconf 89' lang='lat' dir='ltr'><strong>judicio</strong></span> <span class='ocrx_word' id='word_1_243' title='bbox 3039 1603 3286 1659; x_wconf 89' lang='lat' dir='ltr'><strong>translati</strong></span> <span class='ocrx_word' id='word_1_244' title='bbox 3331 1620 3543 1672; x_wconf 92' lang='lat' dir='ltr'><strong>sumus,</strong></span> 
     </span>
    </p>
   </div>
   <div class='ocr_carea' id='block_1_31' title="bbox 1954 1684 3546 1752">
    <p class='ocr_par' dir='ltr' id='par_1_31' title="bbox 1954 1684 3546 1752">
     <span class='ocr_line' id='line_1_31' title="bbox 1954 1684 3546 1752; baseline 0.009 -15"><span class='ocrx_word' id='word_1_245' title='bbox 1954 1693 2014 1738; x_wconf 86' lang='lat' dir='ltr'><strong>ut</strong></span> <span class='ocrx_word' id='word_1_246' title='bbox 2061 1684 2433 1742; x_wconf 89' lang='lat' dir='ltr'><strong>habitaremus</strong></span> <span class='ocrx_word' id='word_1_247' title='bbox 2481 1688 2536 1741; x_wconf 92' lang='lat' dir='ltr'><strong>in</strong></span> <span class='ocrx_word' id='word_1_248' title='bbox 2573 1689 2908 1746; x_wconf 82' lang='lat' dir='ltr'><strong>confusionis</strong></span> <span class='ocrx_word' id='word_1_249' title='bbox 2937 1707 3163 1749; x_wconf 89' lang='lat' dir='ltr'><strong>errore:</strong></span> <span class='ocrx_word' id='word_1_250' title='bbox 3203 1695 3248 1748; x_wconf 89' lang='lat' dir='ltr'><strong>si</strong></span> <span class='ocrx_word' id='word_1_251' title='bbox 3276 1697 3419 1750; x_wconf 91' lang='lat' dir='ltr'><strong>enim</strong></span> <span class='ocrx_word' id='word_1_252' title='bbox 3457 1698 3546 1752; x_wconf 88' lang='lat' dir='ltr'><strong>illa</strong></span> 
     </span>
    </p>
   </div>
   <div class='ocr_carea' id='block_1_32' title="bbox 1953 1776 3547 1855">
    <p class='ocr_par' dir='ltr' id='par_1_32' title="bbox 1953 1776 3547 1855">
     <span class='ocr_line' id='line_1_32' title="bbox 1953 1776 3547 1855; baseline 0.011 -29"><span class='ocrx_word' id='word_1_253' title='bbox 1953 1776 2250 1845; x_wconf 86' lang='lat' dir='ltr'><strong>susceperit</strong></span> <span class='ocrx_word' id='word_1_254' title='bbox 2280 1790 2379 1831; x_wconf 93' lang='lat' dir='ltr'><strong>nos</strong></span> <span class='ocrx_word' id='word_1_255' title='bbox 2405 1817 2419 1843; x_wconf 92' lang='lat'><strong>,</strong></span> <span class='ocrx_word' id='word_1_256' title='bbox 2451 1778 2772 1835; x_wconf 88' lang='lat' dir='ltr'><strong>habebimus</strong></span> <span class='ocrx_word' id='word_1_257' title='bbox 2795 1796 3004 1850; x_wconf 88' lang='lat' dir='ltr'><strong>pacem.</strong></span> <span class='ocrx_word' id='word_1_258' title='bbox 3048 1781 3326 1855; x_wconf 88' lang='lat' dir='ltr'><strong>Simulque</strong></span> <span class='ocrx_word' id='word_1_259' title='bbox 3368 1787 3547 1842; x_wconf 88' lang='lat' dir='ltr'><strong>consi-</strong></span> 
     </span>
    </p>
   </div>
   <div class='ocr_carea' id='block_1_33' title="bbox 259 1863 1843 1950">
    <p class='ocr_par' dir='ltr' id='par_1_33' title="bbox 259 1872 1843 1950">
     <span class='ocr_line' id='line_1_33' title="bbox 259 1872 1843 1950; baseline 0.003 -24"><span class='ocrx_word' id='word_1_260' title='bbox 259 1872 500 1928; x_wconf 88' lang='lat' dir='ltr'><strong>rusalem</strong></span> <span class='ocrx_word' id='word_1_261' title='bbox 529 1883 779 1930; x_wconf 89' lang='lat' dir='ltr'><strong>secutura</strong></span> <span class='ocrx_word' id='word_1_262' title='bbox 809 1877 1129 1946; x_wconf 85' lang='lat' dir='ltr'><strong>captivitas,</strong></span> <span class='ocrx_word' id='word_1_263' title='bbox 1175 1878 1472 1950; x_wconf 88' lang='lat' dir='ltr'><strong>imperatur</strong></span> <span class='ocrx_word' id='word_1_264' title='bbox 1516 1893 1584 1934; x_wconf 91' lang='lat' dir='ltr'><strong>ne</strong></span> <span class='ocrx_word' id='word_1_265' title='bbox 1619 1878 1843 1948; x_wconf 86' lang='lat' dir='ltr'><strong>accipiat</strong></span> 
     </span>
    </p>
   </div>
   <div class='ocr_carea' id='block_1_34' title="bbox 1949 1863 3544 1950">
    <p class='ocr_par' dir='ltr' id='par_1_34' title="bbox 1956 1863 3544 1946">
     <span class='ocr_line' id='line_1_34' title="bbox 1956 1863 3544 1946; baseline 0.01 -29"><span class='ocrx_word' id='word_1_266' title='bbox 1956 1863 2192 1920; x_wconf 87' lang='lat' dir='ltr'><strong>derauda</strong></span> <span class='ocrx_word' id='word_1_267' title='bbox 2234 1865 2520 1923; x_wconf 90' lang='lat' dir='ltr'><strong>clementia</strong></span> <span class='ocrx_word' id='word_1_268' title='bbox 2557 1869 2790 1926; x_wconf 89' lang='lat' dir='ltr'><strong>Domini.</strong></span> <span class='ocrx_word' id='word_1_269' title='bbox 2819 1871 2991 1928; x_wconf 88' lang='lat' dir='ltr'><strong>Orare</strong></span> <span class='ocrx_word' id='word_1_270' title='bbox 3029 1876 3273 1945; x_wconf 64' lang='lat' dir='ltr'><strong>praecipit</strong></span> <span class='ocrx_word' id='word_1_271' title='bbox 3313 1892 3410 1946; x_wconf 91' lang='lat' dir='ltr'><strong>pro</strong></span> <span class='ocrx_word' id='word_1_272' title='bbox 3444 1878 3544 1932; x_wconf 89' lang='lat' dir='ltr'><strong>ini-</strong></span> 
     </span>
    </p>
   </div>
   <div class='ocr_carea' id='block_1_35' title="bbox 258 1964 1852 2040">
    <p class='ocr_par' dir='ltr' id='par_1_35' title="bbox 258 1964 1852 2040">
     <span class='ocr_line' id='line_1_35' title="bbox 258 1964 1852 2040; baseline 0.005 -23"><span class='ocrx_word' id='word_1_273' title='bbox 258 1979 506 2027; x_wconf 80' lang='lat' dir='ltr'><strong>uxorem,</strong></span> <span class='ocrx_word' id='word_1_274' title='bbox 539 1980 642 2021; x_wconf 93' lang='lat' dir='ltr'><strong>uec</strong></span> <span class='ocrx_word' id='word_1_275' title='bbox 671 1964 836 2020; x_wconf 82' lang='lat' dir='ltr'><strong>faciat</strong></span> <span class='ocrx_word' id='word_1_276' title='bbox 865 1967 1023 2023; x_wconf 90' lang='lat' dir='ltr'><strong>ﬁlios.</strong></span> <span class='ocrx_word' id='word_1_277' title='bbox 1053 1967 1207 2026; x_wconf 89' lang='lat' dir='ltr'><strong>Unde</strong></span> <span class='ocrx_word' id='word_1_278' title='bbox 1234 1979 1288 2024; x_wconf 90' lang='lat' dir='ltr'><strong>et</strong></span> <span class='ocrx_word' id='word_1_279' title='bbox 1315 1970 1471 2026; x_wconf 88' lang='lat' dir='ltr'><strong>nobis</strong></span> <span class='ocrx_word' id='word_1_280' title='bbox 1501 1985 1598 2040; x_wconf 90' lang='lat' dir='ltr'><strong>per</strong></span> <span class='ocrx_word' id='word_1_281' title='bbox 1618 1968 1852 2040; x_wconf 83' lang='lat' dir='ltr'><strong>Aposto-</strong></span> 
     </span>
    </p>
   </div>
   <div class='ocr_carea' id='block_1_36' title="bbox 258 2054 1851 2130">
    <p class='ocr_par' dir='ltr' id='par_1_36' title="bbox 258 2054 1851 2130">
     <span class='ocr_line' id='line_1_36' title="bbox 258 2054 1851 2130; baseline 0.005 -24"><span class='ocrx_word' id='word_1_282' title='bbox 258 2060 366 2107; x_wconf 90' lang='lat' dir='ltr'><strong>lum</strong></span> <span class='ocrx_word' id='word_1_283' title='bbox 394 2054 630 2110; x_wconf 88' lang='lat' dir='ltr'><strong>dicitur:</strong></span> <span class='ocrx_word' id='word_1_284' title='bbox 669 2074 687 2107; x_wconf 73' lang='grc' dir='ltr'><strong>ι</strong></span> <span class='ocrx_word' id='word_1_285' title='bbox 723 2055 962 2127; x_wconf 90' lang='lat' dir='ltr'><strong>Tempus</strong></span> <span class='ocrx_word' id='word_1_286' title='bbox 1011 2058 1316 2114; x_wconf 86' lang='lat' dir='ltr'><strong>breviatum</strong></span> <span class='ocrx_word' id='word_1_287' title='bbox 1346 2068 1462 2127; x_wconf 90' lang='lat' dir='ltr'><strong>est,</strong></span> <span class='ocrx_word' id='word_1_288' title='bbox 1505 2070 1758 2130; x_wconf 85' lang='lat' dir='ltr'><strong>superest</strong></span> <span class='ocrx_word' id='word_1_289' title='bbox 1791 2069 1851 2116; x_wconf 94' lang='lat' dir='ltr'><strong>ut</strong></span> 
     </span>
    </p>
   </div>
   <div class='ocr_carea' id='block_1_37' title="bbox 256 2148 1846 2225">
    <p class='ocr_par' dir='ltr' id='par_1_37' title="bbox 256 2148 1846 2225">
     <span class='ocr_line' id='line_1_37' title="bbox 256 2148 1846 2225; baseline 0.005 -25"><span class='ocrx_word' id='word_1_290' title='bbox 256 2148 347 2216; x_wconf 86' lang='lat' dir='ltr'><strong>qui</strong></span> <span class='ocrx_word' id='word_1_291' title='bbox 381 2148 585 2203; x_wconf 90' lang='lat' dir='ltr'><strong>habent</strong></span> <span class='ocrx_word' id='word_1_292' title='bbox 611 2165 812 2205; x_wconf 81' lang='lat' dir='ltr'><strong>uxores</strong></span> <span class='ocrx_word' id='word_1_293' title='bbox 842 2150 920 2206; x_wconf 90' lang='lat' dir='ltr'><strong>sic</strong></span> <span class='ocrx_word' id='word_1_294' title='bbox 943 2151 1051 2206; x_wconf 89' lang='lat' dir='ltr'><strong>sint</strong></span> <span class='ocrx_word' id='word_1_295' title='bbox 1073 2153 1227 2223; x_wconf 90' lang='lat' dir='ltr'><strong>quasi</strong></span> <span class='ocrx_word' id='word_1_296' title='bbox 1255 2168 1362 2208; x_wconf 90' lang='lat' dir='ltr'><strong>non</strong></span> <span class='ocrx_word' id='word_1_297' title='bbox 1388 2153 1627 2209; x_wconf 88' lang='lat' dir='ltr'><strong>habeant</strong></span> <span class='ocrx_word' id='word_1_298' title='bbox 1653 2153 1704 2225; x_wconf 97' lang='grc'><strong>(1</strong></span> <span class='ocrx_word' id='word_1_299' title='bbox 1722 2153 1846 2210; x_wconf 86' lang='lat' dir='ltr'><strong>Cor.</strong></span> 
     </span>
    </p>
   </div>
   <div class='ocr_carea' id='block_1_38' title="bbox 256 2236 1851 2314">
    <p class='ocr_par' dir='ltr' id='par_1_38' title="bbox 256 2236 1851 2314">
     <span class='ocr_line' id='line_1_38' title="bbox 256 2236 1851 2314; baseline 0.004 -22"><span class='ocrx_word' id='word_1_300' title='bbox 256 2237 374 2308; x_wconf 87' lang='lat' dir='ltr'><strong>vn).</strong></span> <span class='ocrx_word' id='word_1_301' title='bbox 418 2257 436 2290; x_wconf 84' lang='grc'>›</span> <span class='ocrx_word' id='word_1_302' title='bbox 473 2236 625 2305; x_wconf 84' lang='lat' dir='ltr'><strong>Quod</strong></span> <span class='ocrx_word' id='word_1_303' title='bbox 661 2239 703 2294; x_wconf 91' lang='lat' dir='ltr'><strong>si</strong></span> <span class='ocrx_word' id='word_1_304' title='bbox 731 2249 958 2310; x_wconf 89' lang='lat' dir='ltr'><strong>propter</strong></span> <span class='ocrx_word' id='word_1_305' title='bbox 979 2243 1281 2312; x_wconf 81' lang='lat' dir='ltr'><strong>angustiam</strong></span> <span class='ocrx_word' id='word_1_306' title='bbox 1312 2243 1570 2314; x_wconf 89' lang='lat' dir='ltr'><strong>temporis</strong></span> <span class='ocrx_word' id='word_1_307' title='bbox 1601 2243 1851 2299; x_wconf 84' lang='lat' dir='ltr'><strong>habenti-</strong></span> 
     </span>
    </p>
   </div>
   <div class='ocr_carea' id='block_1_39' title="bbox 254 2333 1846 2406">
    <p class='ocr_par' dir='ltr' id='par_1_39' title="bbox 254 2333 1846 2406">
     <span class='ocr_line' id='line_1_39' title="bbox 254 2333 1846 2406; baseline 0.002 -20"><span class='ocrx_word' id='word_1_308' title='bbox 254 2333 356 2387; x_wconf 89' lang='lat' dir='ltr'><strong>bus</strong></span> <span class='ocrx_word' id='word_1_309' title='bbox 390 2347 525 2386; x_wconf 91' lang='lat' dir='ltr'><strong>usus</strong></span> <span class='ocrx_word' id='word_1_310' title='bbox 555 2347 784 2386; x_wconf 86' lang='lat' dir='ltr'><strong>uxorum</strong></span> <span class='ocrx_word' id='word_1_311' title='bbox 817 2333 1046 2400; x_wconf 89' lang='lat' dir='ltr'><strong>tollitur,</strong></span> <span class='ocrx_word' id='word_1_312' title='bbox 1068 2342 1270 2403; x_wconf 83' lang='lat' dir='ltr'><strong>quanto</strong></span> <span class='ocrx_word' id='word_1_313' title='bbox 1304 2335 1472 2406; x_wconf 88' lang='lat' dir='ltr'><strong>magis</strong></span> <span class='ocrx_word' id='word_1_314' title='bbox 1501 2351 1608 2392; x_wconf 90' lang='lat' dir='ltr'><strong>non</strong></span> <span class='ocrx_word' id='word_1_315' title='bbox 1636 2335 1846 2390; x_wconf 86' lang='lat' dir='ltr'><strong>haben-</strong></span> 
     </span>
    </p>
   </div>
   <div class='ocr_carea' id='block_1_40' title="bbox 257 2428 1846 2499">
    <p class='ocr_par' dir='ltr' id='par_1_40' title="bbox 257 2428 1846 2499">
     <span class='ocr_line' id='line_1_40' title="bbox 257 2428 1846 2499; baseline -0.001 -15"><span class='ocrx_word' id='word_1_316' title='bbox 257 2429 404 2484; x_wconf 92' lang='lat' dir='ltr'><strong>tibus</strong></span> <span class='ocrx_word' id='word_1_317' title='bbox 457 2443 526 2484; x_wconf 92' lang='lat' dir='ltr'><strong>ne</strong></span> <span class='ocrx_word' id='word_1_318' title='bbox 573 2429 841 2498; x_wconf 87' lang='lat' dir='ltr'><strong>accipiant</strong></span> <span class='ocrx_word' id='word_1_319' title='bbox 889 2429 1216 2499; x_wconf 80' lang='lat' dir='ltr'><strong>imperatur!</strong></span> <span class='ocrx_word' id='word_1_320' title='bbox 1271 2428 1387 2485; x_wconf 86' lang='lat' dir='ltr'><strong>Hoc</strong></span> <span class='ocrx_word' id='word_1_321' title='bbox 1439 2438 1618 2485; x_wconf 87' lang='lat' dir='ltr'><strong>autem</strong></span> <span class='ocrx_word' id='word_1_322' title='bbox 1673 2437 1846 2484; x_wconf 90' lang='lat' dir='ltr'><strong>totum</strong></span> 
     </span>
    </p>
   </div>
   <div class='ocr_carea' id='block_1_41' title="bbox 253 2520 1849 2592">
    <p class='ocr_par' dir='ltr' id='par_1_41' title="bbox 253 2520 1849 2592">
     <span class='ocr_line' id='line_1_41' title="bbox 253 2520 1849 2592; baseline -0.001 -16"><span class='ocrx_word' id='word_1_323' title='bbox 253 2521 514 2592; x_wconf 67' lang='lat' dir='ltr'><strong>prtecepit</strong></span> <span class='ocrx_word' id='word_1_324' title='bbox 535 2520 847 2575; x_wconf 86' lang='lat' dir='ltr'><strong>vaticinium</strong></span> <span class='ocrx_word' id='word_1_325' title='bbox 873 2520 1209 2590; x_wconf 87' lang='lat' dir='ltr'><strong>prophetale,</strong></span> <span class='ocrx_word' id='word_1_326' title='bbox 1235 2536 1302 2577; x_wconf 93' lang='lat' dir='ltr'><strong>ne</strong></span> <span class='ocrx_word' id='word_1_327' title='bbox 1320 2521 1671 2592; x_wconf 90' lang='lat' dir='ltr'><strong>acquiescant</strong></span> <span class='ocrx_word' id='word_1_328' title='bbox 1692 2535 1849 2591; x_wconf 87' lang='lat' dir='ltr'><strong>pseu-</strong></span> 
     </span>
    </p>
   </div>
   <div class='ocr_carea' id='block_1_42' title="bbox 253 2611 1843 2683">
    <p class='ocr_par' dir='ltr' id='par_1_42' title="bbox 253 2611 1843 2683">
     <span class='ocr_line' id='line_1_42' title="bbox 253 2611 1843 2683; baseline 0.001 -18"><span class='ocrx_word' id='word_1_329' title='bbox 253 2612 627 2682; x_wconf 86' lang='lat' dir='ltr'><strong>doprophetis,</strong></span> <span class='ocrx_word' id='word_1_330' title='bbox 658 2612 750 2682; x_wconf 90' lang='lat' dir='ltr'><strong>qui</strong></span> <span class='ocrx_word' id='word_1_331' title='bbox 775 2611 856 2667; x_wconf 89' lang='lat' dir='ltr'><strong>eis</strong></span> <span class='ocrx_word' id='word_1_332' title='bbox 879 2620 1105 2683; x_wconf 89' lang='lat' dir='ltr'><strong>propter</strong></span> <span class='ocrx_word' id='word_1_333' title='bbox 1123 2613 1289 2668; x_wconf 86' lang='lat' dir='ltr'><strong>breve</strong></span> <span class='ocrx_word' id='word_1_334' title='bbox 1318 2621 1530 2683; x_wconf 88' lang='lat' dir='ltr'><strong>tempus</strong></span> <span class='ocrx_word' id='word_1_335' title='bbox 1554 2613 1610 2668; x_wconf 91' lang='lat' dir='ltr'><strong>in</strong></span> <span class='ocrx_word' id='word_1_336' title='bbox 1649 2613 1843 2667; x_wconf 81' lang='lat' dir='ltr'><strong>Hieru—</strong></span> 
     </span>
    </p>
   </div>
   <div class='ocr_carea' id='block_1_43' title="bbox 253 2701 1845 2771">
    <p class='ocr_par' dir='ltr' id='par_1_43' title="bbox 253 2701 1845 2771">
     <span class='ocr_line' id='line_1_43' title="bbox 253 2701 1845 2771; baseline 0.003 -18"><span class='ocrx_word' id='word_1_337' title='bbox 253 2701 423 2754; x_wconf 86' lang='lat' dir='ltr'><strong>salem</strong></span> <span class='ocrx_word' id='word_1_338' title='bbox 459 2701 690 2756; x_wconf 84' lang='lat' dir='ltr'><strong>reditum</strong></span> <span class='ocrx_word' id='word_1_339' title='bbox 714 2701 1122 2771; x_wconf 88' lang='lat' dir='ltr'><strong>promittebant.</strong></span> <span class='ocrx_word' id='word_1_340' title='bbox 1148 2701 1254 2757; x_wconf 89' lang='lat' dir='ltr'><strong>Sed</strong></span> <span class='ocrx_word' id='word_1_341' title='bbox 1284 2711 1346 2757; x_wconf 87' lang='lat' dir='ltr'><strong>ut</strong></span> <span class='ocrx_word' id='word_1_342' title='bbox 1373 2702 1550 2758; x_wconf 89' lang='lat' dir='ltr'><strong>sciant</strong></span> <span class='ocrx_word' id='word_1_343' title='bbox 1583 2701 1754 2758; x_wconf 90' lang='lat' dir='ltr'><strong>multo</strong></span> <span class='ocrx_word' id='word_1_344' title='bbox 1787 2717 1845 2758; x_wconf 91' lang='lat' dir='ltr'><strong>se</strong></span> 
     </span>
    </p>
   </div>
   <div class='ocr_carea' id='block_1_44' title="bbox 257 2794 1845 2868">
    <p class='ocr_par' dir='ltr' id='par_1_44' title="bbox 257 2794 1845 2868">
     <span class='ocr_line' id='line_1_44' title="bbox 257 2794 1845 2868; baseline 0.003 -20"><span class='ocrx_word' id='word_1_345' title='bbox 257 2795 309 2848; x_wconf 89' lang='lat' dir='ltr'><strong>in</strong></span> <span class='ocrx_word' id='word_1_346' title='bbox 382 2794 657 2866; x_wconf 84' lang='lat' dir='ltr'><strong>Babylone</strong></span> <span class='ocrx_word' id='word_1_347' title='bbox 721 2804 965 2868; x_wconf 88' lang='lat' dir='ltr'><strong>tempore</strong></span> <span class='ocrx_word' id='word_1_348' title='bbox 1031 2805 1360 2862; x_wconf 83' lang='lat' dir='ltr'><strong>moraturos,</strong></span> <span class='ocrx_word' id='word_1_349' title='bbox 1411 2797 1487 2851; x_wconf 92' lang='lat' dir='ltr'><strong>ita</strong></span> <span class='ocrx_word' id='word_1_350' title='bbox 1547 2804 1610 2852; x_wconf 88' lang='lat' dir='ltr'><strong>ut</strong></span> <span class='ocrx_word' id='word_1_351' title='bbox 1645 2811 1845 2852; x_wconf 81' lang='lat' dir='ltr'><strong>uxores</strong></span> 
     </span>
    </p>
   </div>
   <div class='ocr_carea' id='block_1_45' title="bbox 254 2884 1844 2958">
    <p class='ocr_par' dir='ltr' id='par_1_45' title="bbox 254 2884 1844 2958">
     <span class='ocr_line' id='line_1_45' title="bbox 254 2884 1844 2958; baseline 0 -18"><span class='ocrx_word' id='word_1_352' title='bbox 254 2887 528 2957; x_wconf 84' lang='lat' dir='ltr'><strong>accipere,</strong></span> <span class='ocrx_word' id='word_1_353' title='bbox 562 2886 810 2956; x_wconf 89' lang='lat' dir='ltr'><strong>plantare</strong></span> <span class='ocrx_word' id='word_1_354' title='bbox 830 2887 1094 2958; x_wconf 90' lang='lat' dir='ltr'><strong>pomaria,</strong></span> <span class='ocrx_word' id='word_1_355' title='bbox 1124 2889 1420 2958; x_wconf 86' lang='lat' dir='ltr'><strong>hortosque</strong></span> <span class='ocrx_word' id='word_1_356' title='bbox 1442 2901 1644 2954; x_wconf 88' lang='lat' dir='ltr'><strong>serere,</strong></span> <span class='ocrx_word' id='word_1_357' title='bbox 1671 2884 1844 2942; x_wconf 82' lang='lat' dir='ltr'><strong>aediﬁ-</strong></span> 
     </span>
    </p>
   </div>
   <div class='ocr_carea' id='block_1_46' title="bbox 253 2971 1843 3045">
    <p class='ocr_par' dir='ltr' id='par_1_46' title="bbox 253 2971 1843 3045">
     <span class='ocr_line' id='line_1_46' title="bbox 253 2971 1843 3045; baseline -0.001 -17"><span class='ocrx_word' id='word_1_358' title='bbox 253 2989 383 3028; x_wconf 84' lang='lat' dir='ltr'><strong>care</strong></span> <span class='ocrx_word' id='word_1_359' title='bbox 411 2974 619 3040; x_wconf 91' lang='lat' dir='ltr'><strong>domos,</strong></span> <span class='ocrx_word' id='word_1_360' title='bbox 648 2982 702 3030; x_wconf 91' lang='lat' dir='ltr'><strong>et</strong></span> <span class='ocrx_word' id='word_1_361' title='bbox 727 2989 989 3044; x_wconf 88' lang='lat' dir='ltr'><strong>generare</strong></span> <span class='ocrx_word' id='word_1_362' title='bbox 1018 2973 1156 3029; x_wconf 91' lang='lat' dir='ltr'><strong>ﬁlios</strong></span> <span class='ocrx_word' id='word_1_363' title='bbox 1185 2974 1434 3029; x_wconf 90' lang='lat' dir='ltr'><strong>debeant.</strong></span> <span class='ocrx_word' id='word_1_364' title='bbox 1466 2973 1726 3045; x_wconf 87' lang='lat' dir='ltr'><strong>Quodque</strong></span> <span class='ocrx_word' id='word_1_365' title='bbox 1752 2971 1843 3028; x_wconf 90' lang='lat' dir='ltr'><strong>iu-</strong></span> 
     </span>
    </p>
   </div>
   <div class='ocr_carea' id='block_1_47' title="bbox 257 3062 1842 3138">
    <p class='ocr_par' dir='ltr' id='par_1_47' title="bbox 257 3062 1842 3138">
     <span class='ocr_line' id='line_1_47' title="bbox 257 3062 1842 3138; baseline 0.001 -21"><span class='ocrx_word' id='word_1_366' title='bbox 257 3063 415 3118; x_wconf 90' lang='lat' dir='ltr'><strong>tulit:</strong></span> <span class='ocrx_word' id='word_1_367' title='bbox 455 3082 474 3115; x_wconf 83' lang='grc'><strong>‹</strong></span> <span class='ocrx_word' id='word_1_368' title='bbox 510 3063 746 3132; x_wconf 66' lang='lat' dir='ltr'><strong>Quterite</strong></span> <span class='ocrx_word' id='word_1_369' title='bbox 785 3080 974 3138; x_wconf 89' lang='lat' dir='ltr'><strong>pacem</strong></span> <span class='ocrx_word' id='word_1_370' title='bbox 1005 3064 1332 3131; x_wconf 67' lang='lat' dir='ltr'><strong>civitatis,»</strong></span> <span class='ocrx_word' id='word_1_371' title='bbox 1380 3064 1508 3135; x_wconf 75' lang='lat' dir='ltr'><strong>(sive</strong></span> <span class='ocrx_word' id='word_1_372' title='bbox 1546 3062 1756 3136; x_wconf 82' lang='lat' dir='ltr'><strong>terrae);</strong></span> <span class='ocrx_word' id='word_1_373' title='bbox 1785 3069 1842 3120; x_wconf 89' lang='lat' dir='ltr'><strong>et</strong></span> 
     </span>
    </p>
   </div>
   <div class='ocr_carea' id='block_1_48' title="bbox 251 3155 1836 3229">
    <p class='ocr_par' dir='ltr' id='par_1_48' title="bbox 251 3155 1836 3229">
     <span class='ocr_line' id='line_1_48' title="bbox 251 3155 1836 3229; baseline 0 -17"><span class='ocrx_word' id='word_1_374' title='bbox 251 3156 456 3214; x_wconf 86' lang='lat' dir='ltr'><strong>iterum</strong></span> <span class='ocrx_word' id='word_1_375' title='bbox 486 3176 500 3212; x_wconf 91' lang='lat'><strong>:</strong></span> <span class='ocrx_word' id='word_1_376' title='bbox 539 3178 557 3210; x_wconf 74' lang='grc' dir='ltr'><strong>ι</strong></span> <span class='ocrx_word' id='word_1_377' title='bbox 594 3156 730 3226; x_wconf 89' lang='lat' dir='ltr'><strong>Quia</strong></span> <span class='ocrx_word' id='word_1_378' title='bbox 758 3160 814 3214; x_wconf 93' lang='lat' dir='ltr'><strong>in</strong></span> <span class='ocrx_word' id='word_1_379' title='bbox 844 3173 978 3229; x_wconf 90' lang='lat' dir='ltr'><strong>pace</strong></span> <span class='ocrx_word' id='word_1_380' title='bbox 1003 3157 1146 3214; x_wconf 90' lang='lat' dir='ltr'><strong>illius</strong></span> <span class='ocrx_word' id='word_1_381' title='bbox 1172 3156 1405 3228; x_wconf 87' lang='lat' dir='ltr'><strong>eritpax</strong></span> <span class='ocrx_word' id='word_1_382' title='bbox 1427 3157 1619 3222; x_wconf 82' lang='lat' dir='ltr'><strong>vobis;</strong></span> <span class='ocrx_word' id='word_1_383' title='bbox 1654 3176 1672 3209; x_wconf 79' lang='grc' dir='ltr'><strong>ι</strong></span> <span class='ocrx_word' id='word_1_384' title='bbox 1706 3155 1836 3212; x_wconf 89' lang='lat' dir='ltr'><strong>illud</strong></span> 
     </span>
    </p>
   </div>
   <div class='ocr_carea' id='block_1_49' title="bbox 1955 1956 3540 2037">
    <p class='ocr_par' dir='ltr' id='par_1_49' title="bbox 1955 1956 3540 2037">
     <span class='ocr_line' id='line_1_49' title="bbox 1955 1956 3540 2037; baseline 0.009 -27"><span class='ocrx_word' id='word_1_385' title='bbox 1955 1956 2112 2011; x_wconf 89' lang='lat' dir='ltr'><strong>micis</strong></span> <span class='ocrx_word' id='word_1_386' title='bbox 2136 1958 2356 2025; x_wconf 90' lang='lat' dir='ltr'><strong>nostris,</strong></span> <span class='ocrx_word' id='word_1_387' title='bbox 2373 1970 2428 2015; x_wconf 85' lang='lat' dir='ltr'><strong>et</strong></span> <span class='ocrx_word' id='word_1_388' title='bbox 2456 1960 2774 2018; x_wconf 78' lang='lat' dir='ltr'><strong>benefacere</strong></span> <span class='ocrx_word' id='word_1_389' title='bbox 2791 1965 2878 2020; x_wconf 91' lang='lat' dir='ltr'><strong>his</strong></span> <span class='ocrx_word' id='word_1_390' title='bbox 2899 1965 2989 2036; x_wconf 92' lang='lat' dir='ltr'><strong>qui</strong></span> <span class='ocrx_word' id='word_1_391' title='bbox 3011 1977 3540 2037; x_wconf 89' lang='lat' dir='ltr'><strong>pcrsequunturnos,</strong></span> 
     </span>
    </p>
   </div>
   <div class='ocr_carea' id='block_1_50' title="bbox 1949 2050 3542 2124">
    <p class='ocr_par' dir='ltr' id='par_1_50' title="bbox 1949 2050 3542 2124">
     <span class='ocr_line' id='line_1_50' title="bbox 1949 2050 3542 2124; baseline 0.009 -24"><span class='ocrx_word' id='word_1_392' title='bbox 1949 2057 2013 2101; x_wconf 87' lang='lat' dir='ltr'><strong>ut</strong></span> <span class='ocrx_word' id='word_1_393' title='bbox 2040 2064 2147 2102; x_wconf 91' lang='lat' dir='ltr'><strong>non</strong></span> <span class='ocrx_word' id='word_1_394' title='bbox 2175 2050 2344 2107; x_wconf 90' lang='lat' dir='ltr'><strong>simus</strong></span> <span class='ocrx_word' id='word_1_395' title='bbox 2373 2061 2559 2108; x_wconf 85' lang='lat' dir='ltr'><strong>nostra</strong></span> <span class='ocrx_word' id='word_1_396' title='bbox 2584 2061 2793 2109; x_wconf 90' lang='lat' dir='ltr'><strong>tantum</strong></span> <span class='ocrx_word' id='word_1_397' title='bbox 2819 2057 2992 2112; x_wconf 85' lang='lat' dir='ltr'><strong>salute</strong></span> <span class='ocrx_word' id='word_1_398' title='bbox 3021 2060 3286 2124; x_wconf 85' lang='lat' dir='ltr'><strong>contenti,</strong></span> <span class='ocrx_word' id='word_1_399' title='bbox 3313 2061 3407 2114; x_wconf 92' lang='lat' dir='ltr'><strong>sed</strong></span> <span class='ocrx_word' id='word_1_400' title='bbox 3441 2062 3542 2116; x_wconf 88' lang='lat' dir='ltr'><strong>ini-</strong></span> 
     </span>
    </p>
   </div>
   <div class='ocr_carea' id='block_1_51' title="bbox 1953 2140 3408 2222">
    <p class='ocr_par' dir='ltr' id='par_1_51' title="bbox 1953 2140 3408 2222">
     <span class='ocr_line' id='line_1_51' title="bbox 1953 2140 3408 2222; baseline 0.008 -29"><span class='ocrx_word' id='word_1_401' title='bbox 1953 2140 2216 2196; x_wconf 87' lang='lat' dir='ltr'><strong>micorum</strong></span> <span class='ocrx_word' id='word_1_402' title='bbox 2245 2157 2460 2214; x_wconf 90' lang='lat' dir='ltr'><strong>quoque</strong></span> <span class='ocrx_word' id='word_1_403' title='bbox 2482 2160 2791 2215; x_wconf 69' lang='lat' dir='ltr'><strong>quazranws</strong></span> <span class='ocrx_word' id='word_1_404' title='bbox 2815 2147 3045 2204; x_wconf 90' lang='lat' dir='ltr'><strong>salutem</strong></span> <span class='ocrx_word' id='word_1_405' title='bbox 3072 2150 3224 2222; x_wconf 83' lang='lat' dir='ltr'><strong>(Luc.</strong></span> <span class='ocrx_word' id='word_1_406' title='bbox 3253 2153 3352 2222; x_wconf 74' lang='lat' dir='ltr'><strong>vn).</strong></span> <span class='ocrx_word' id='word_1_407' title='bbox 3389 2171 3408 2204; x_wconf 83' lang='grc'><strong>›</strong></span> 
     </span>
    </p>
   </div>
   <div class='ocr_carea' id='block_1_52' title="bbox 2027 2235 3535 2308">
    <p class='ocr_par' dir='ltr' id='par_1_52' title="bbox 2027 2235 3535 2308">
     <span class='ocr_line' id='line_1_52' title="bbox 2027 2235 3535 2308; baseline 0.01 -22"><span class='ocrx_word' id='word_1_408' title='bbox 2027 2254 2045 2286; x_wconf 77' lang='grc' dir='ltr'><strong>ι</strong></span> <span class='ocrx_word' id='word_1_409' title='bbox 2063 2235 2185 2292; x_wconf 69' lang='grc' dir='ltr'><strong>Ηωο</strong></span> <span class='ocrx_word' id='word_1_410' title='bbox 2198 2237 2344 2292; x_wconf 91' lang='lat' dir='ltr'><strong>enim</strong></span> <span class='ocrx_word' id='word_1_411' title='bbox 2370 2239 2499 2294; x_wconf 88' lang='lat' dir='ltr'><strong>dicit</strong></span> <span class='ocrx_word' id='word_1_412' title='bbox 2517 2239 2775 2296; x_wconf 88' lang='lat' dir='ltr'><strong>Dominus</strong></span> <span class='ocrx_word' id='word_1_413' title='bbox 2791 2245 3150 2308; x_wconf 78' lang='lat' dir='ltr'><strong>exercituum,</strong></span> <span class='ocrx_word' id='word_1_414' title='bbox 3170 2244 3308 2301; x_wconf 86' lang='lat' dir='ltr'><strong>Deus</strong></span> <span class='ocrx_word' id='word_1_415' title='bbox 3342 2246 3535 2302; x_wconf 88' lang='lat' dir='ltr'><strong>lsracl:</strong></span> 
     </span>
    </p>
   </div>
   <div class='ocr_carea' id='block_1_53' title="bbox 1955 2328 3540 2409">
    <p class='ocr_par' dir='ltr' id='par_1_53' title="bbox 1955 2328 3540 2409">
     <span class='ocr_line' id='line_1_53' title="bbox 1955 2328 3540 2409; baseline 0.009 -27"><span class='ocrx_word' id='word_1_416' title='bbox 1955 2346 1974 2380; x_wconf 75' lang='grc' dir='ltr'><strong>ι</strong></span> <span class='ocrx_word' id='word_1_417' title='bbox 2017 2328 2132 2384; x_wconf 86' lang='lat' dir='ltr'><strong>Non</strong></span> <span class='ocrx_word' id='word_1_418' title='bbox 2163 2345 2258 2386; x_wconf 89' lang='lat' dir='ltr'><strong>vos</strong></span> <span class='ocrx_word' id='word_1_419' title='bbox 2284 2330 2544 2387; x_wconf 87' lang='lat' dir='ltr'><strong>seducant</strong></span> <span class='ocrx_word' id='word_1_420' title='bbox 2569 2336 2844 2405; x_wconf 75' lang='lat' dir='ltr'><strong>prophetae</strong></span> <span class='ocrx_word' id='word_1_421' title='bbox 2871 2338 3058 2404; x_wconf 86' lang='lat' dir='ltr'><strong>vestri,</strong></span> <span class='ocrx_word' id='word_1_422' title='bbox 3084 2340 3174 2409; x_wconf 91' lang='lat' dir='ltr'><strong>qui</strong></span> <span class='ocrx_word' id='word_1_423' title='bbox 3199 2351 3325 2395; x_wconf 87' lang='lat' dir='ltr'><strong>sunt</strong></span> <span class='ocrx_word' id='word_1_424' title='bbox 3347 2341 3398 2395; x_wconf 93' lang='lat' dir='ltr'><strong>in</strong></span> <span class='ocrx_word' id='word_1_425' title='bbox 3424 2359 3540 2396; x_wconf 86' lang='lat' dir='ltr'><strong>me—</strong></span> 
     </span>
    </p>
   </div>
   <div class='ocr_carea' id='block_1_54' title="bbox 1955 2421 3538 2490">
    <p class='ocr_par' dir='ltr' id='par_1_54' title="bbox 1955 2421 3538 2490">
     <span class='ocr_line' id='line_1_54' title="bbox 1955 2421 3538 2490; baseline 0.012 -19"><span class='ocrx_word' id='word_1_426' title='bbox 1955 2438 1974 2471; x_wconf 83' lang='grc'><strong><em>‹</em></strong></span> <span class='ocrx_word' id='word_1_427' title='bbox 2019 2421 2107 2476; x_wconf 93' lang='lat' dir='ltr'><strong>dio</strong></span> <span class='ocrx_word' id='word_1_428' title='bbox 2130 2429 2390 2489; x_wconf 88' lang='lat' dir='ltr'><strong>vestrum,</strong></span> <span class='ocrx_word' id='word_1_429' title='bbox 2417 2432 2472 2479; x_wconf 91' lang='lat' dir='ltr'><strong>et</strong></span> <span class='ocrx_word' id='word_1_430' title='bbox 2494 2425 2662 2480; x_wconf 90' lang='lat' dir='ltr'><strong>divini</strong></span> <span class='ocrx_word' id='word_1_431' title='bbox 2699 2430 2864 2483; x_wconf 84' lang='lat' dir='ltr'><strong>vestri</strong></span> <span class='ocrx_word' id='word_1_432' title='bbox 2895 2448 2907 2483; x_wconf 92' lang='lat'><strong>:</strong></span> <span class='ocrx_word' id='word_1_433' title='bbox 2943 2440 2994 2486; x_wconf 88' lang='lat' dir='ltr'><strong>et</strong></span> <span class='ocrx_word' id='word_1_434' title='bbox 3039 2447 3108 2486; x_wconf 90' lang='lat' dir='ltr'><strong>ue</strong></span> <span class='ocrx_word' id='word_1_435' title='bbox 3149 2435 3439 2489; x_wconf 88' lang='lat' dir='ltr'><strong>attendatis</strong></span> <span class='ocrx_word' id='word_1_436' title='bbox 3471 2436 3538 2490; x_wconf 88' lang='lat' dir='ltr'><strong>ad</strong></span> 
     </span>
    </p>
   </div>
   <div class='ocr_carea' id='block_1_55' title="bbox 1955 2512 3536 2590">
    <p class='ocr_par' dir='ltr' id='par_1_55' title="bbox 1955 2512 3536 2590">
     <span class='ocr_line' id='line_1_55' title="bbox 1955 2512 3536 2590; baseline 0.013 -30"><span class='ocrx_word' id='word_1_437' title='bbox 1955 2527 1974 2560; x_wconf 71' lang='grc' dir='ltr'><strong>α</strong></span> <span class='ocrx_word' id='word_1_438' title='bbox 2016 2512 2225 2566; x_wconf 89' lang='lat' dir='ltr'><strong>somnia</strong></span> <span class='ocrx_word' id='word_1_439' title='bbox 2252 2521 2432 2568; x_wconf 89' lang='lat' dir='ltr'><strong>vestra</strong></span> <span class='ocrx_word' id='word_1_440' title='bbox 2459 2529 2580 2583; x_wconf 72' lang='lat' dir='ltr'><strong>qua:</strong></span> <span class='ocrx_word' id='word_1_441' title='bbox 2623 2531 2719 2572; x_wconf 91' lang='lat' dir='ltr'><strong>vos</strong></span> <span class='ocrx_word' id='word_1_442' title='bbox 2758 2518 3080 2574; x_wconf 89' lang='lat' dir='ltr'><strong>somniatis:</strong></span> <span class='ocrx_word' id='word_1_443' title='bbox 3115 2523 3238 2590; x_wconf 88' lang='lat' dir='ltr'><strong>quia</strong></span> <span class='ocrx_word' id='word_1_444' title='bbox 3279 2522 3418 2578; x_wconf 89' lang='lat' dir='ltr'><strong>falso</strong></span> <span class='ocrx_word' id='word_1_445' title='bbox 3449 2526 3536 2580; x_wconf 87' lang='lat' dir='ltr'><strong>isti</strong></span> 
     </span>
    </p>
   </div>
   <div class='ocr_carea' id='block_1_56' title="bbox 1955 2605 3534 2680">
    <p class='ocr_par' dir='ltr' id='par_1_56' title="bbox 1955 2605 3534 2680">
     <span class='ocr_line' id='line_1_56' title="bbox 1955 2605 3534 2680; baseline 0.009 -24"><span class='ocrx_word' id='word_1_446' title='bbox 1955 2622 1973 2654; x_wconf 73' lang='grc' dir='ltr'><strong>ι</strong></span> <span class='ocrx_word' id='word_1_447' title='bbox 2016 2605 2346 2674; x_wconf 89' lang='lat' dir='ltr'><strong>prophetant</strong></span> <span class='ocrx_word' id='word_1_448' title='bbox 2370 2607 2522 2663; x_wconf 84' lang='lat' dir='ltr'><strong>vobis</strong></span> <span class='ocrx_word' id='word_1_449' title='bbox 2545 2608 2602 2662; x_wconf 88' lang='lat' dir='ltr'><strong>in</strong></span> <span class='ocrx_word' id='word_1_450' title='bbox 2629 2610 2846 2666; x_wconf 90' lang='lat' dir='ltr'><strong>nomine</strong></span> <span class='ocrx_word' id='word_1_451' title='bbox 2876 2626 2996 2666; x_wconf 90' lang='lat' dir='ltr'><strong>meo</strong></span> <span class='ocrx_word' id='word_1_452' title='bbox 3017 2653 3032 2677; x_wconf 91' lang='lat'><strong>,</strong></span> <span class='ocrx_word' id='word_1_453' title='bbox 3055 2621 3108 2667; x_wconf 90' lang='lat' dir='ltr'><strong>et</strong></span> <span class='ocrx_word' id='word_1_454' title='bbox 3137 2630 3243 2669; x_wconf 91' lang='lat' dir='ltr'><strong>non</strong></span> <span class='ocrx_word' id='word_1_455' title='bbox 3274 2615 3396 2669; x_wconf 88' lang='lat' dir='ltr'><strong>misi</strong></span> <span class='ocrx_word' id='word_1_456' title='bbox 3421 2632 3534 2680; x_wconf 88' lang='lat' dir='ltr'><strong>eos.</strong></span> 
     </span>
    </p>
   </div>
   <div class='ocr_carea' id='block_1_57' title="bbox 1954 2698 3535 2777">
    <p class='ocr_par' dir='ltr' id='par_1_57' title="bbox 1954 2698 3535 2777">
     <span class='ocr_line' id='line_1_57' title="bbox 1954 2698 3535 2777; baseline 0.01 -29"><span class='ocrx_word' id='word_1_457' title='bbox 1954 2714 1973 2748; x_wconf 76' lang='grc' dir='ltr'><strong>ι</strong></span> <span class='ocrx_word' id='word_1_458' title='bbox 2018 2698 2149 2753; x_wconf 89' lang='lat' dir='ltr'><strong>dicit</strong></span> <span class='ocrx_word' id='word_1_459' title='bbox 2176 2698 2454 2756; x_wconf 88' lang='lat' dir='ltr'><strong>Dominus.</strong></span> <span class='ocrx_word' id='word_1_460' title='bbox 2487 2720 2508 2754; x_wconf 74' lang='grc' dir='ltr'><strong>ι</strong></span> <span class='ocrx_word' id='word_1_461' title='bbox 2536 2700 2858 2773; x_wconf 88' lang='lat' dir='ltr'><strong>Prophetas,</strong></span> <span class='ocrx_word' id='word_1_462' title='bbox 2888 2705 2997 2760; x_wconf 90' lang='lat' dir='ltr'><strong>imo</strong></span> <span class='ocrx_word' id='word_1_463' title='bbox 3018 2705 3535 2777; x_wconf 87' lang='lat' dir='ltr'><strong>pseudoprophetas,</strong></span> 
     </span>
    </p>
   </div>
   <div class='ocr_carea' id='block_1_58' title="bbox 1947 2789 3538 2868">
    <p class='ocr_par' dir='ltr' id='par_1_58' title="bbox 1947 2789 3538 2868">
     <span class='ocr_line' id='line_1_58' title="bbox 1947 2789 3538 2868; baseline 0.005 -24"><span class='ocrx_word' id='word_1_464' title='bbox 1947 2798 2004 2844; x_wconf 90' lang='lat' dir='ltr'><strong>et</strong></span> <span class='ocrx_word' id='word_1_465' title='bbox 2027 2789 2269 2855; x_wconf 83' lang='lat' dir='ltr'><strong>divinos,</strong></span> <span class='ocrx_word' id='word_1_466' title='bbox 2298 2798 2353 2845; x_wconf 90' lang='lat' dir='ltr'><strong>et</strong></span> <span class='ocrx_word' id='word_1_467' title='bbox 2381 2793 2740 2848; x_wconf 88' lang='lat' dir='ltr'><strong>somniatores</strong></span> <span class='ocrx_word' id='word_1_468' title='bbox 2776 2794 2942 2850; x_wconf 85' lang='lat' dir='ltr'><strong>fuisse</strong></span> <span class='ocrx_word' id='word_1_469' title='bbox 2974 2796 3026 2850; x_wconf 91' lang='lat' dir='ltr'><strong>in</strong></span> <span class='ocrx_word' id='word_1_470' title='bbox 3061 2795 3362 2868; x_wconf 82' lang='lat' dir='ltr'><strong>Babylone,</strong></span> <span class='ocrx_word' id='word_1_471' title='bbox 3393 2799 3538 2854; x_wconf 90' lang='lat' dir='ltr'><strong>inter</strong></span> 
     </span>
    </p>
   </div>
   <div class='ocr_carea' id='block_1_59' title="bbox 1947 2878 3538 2951">
    <p class='ocr_par' dir='ltr' id='par_1_59' title="bbox 1947 2878 3538 2951">
     <span class='ocr_line' id='line_1_59' title="bbox 1947 2878 3538 2951; baseline 0.008 -16"><span class='ocrx_word' id='word_1_472' title='bbox 1947 2894 2041 2936; x_wconf 90' lang='lat' dir='ltr'><strong>eos</strong></span> <span class='ocrx_word' id='word_1_473' title='bbox 2081 2897 2218 2951; x_wconf 87' lang='lat' dir='ltr'><strong>quos</strong></span> <span class='ocrx_word' id='word_1_474' title='bbox 2254 2878 2753 2940; x_wconf 81' lang='lat' dir='ltr'><strong>Nabuchodonosor</strong></span> <span class='ocrx_word' id='word_1_475' title='bbox 2797 2901 2920 2941; x_wconf 90' lang='lat' dir='ltr'><strong>cum</strong></span> <span class='ocrx_word' id='word_1_476' title='bbox 2965 2886 3224 2943; x_wconf 87' lang='lat' dir='ltr'><strong>Jechouia</strong></span> <span class='ocrx_word' id='word_1_477' title='bbox 3266 2900 3321 2944; x_wconf 91' lang='lat' dir='ltr'><strong>et</strong></span> <span class='ocrx_word' id='word_1_478' title='bbox 3365 2899 3538 2947; x_wconf 87' lang='lat' dir='ltr'><strong>matre</strong></span> 
     </span>
    </p>
   </div>
   <div class='ocr_carea' id='block_1_60' title="bbox 1945 2970 3535 3046">
    <p class='ocr_par' dir='ltr' id='par_1_60' title="bbox 1945 2970 3535 3046">
     <span class='ocr_line' id='line_1_60' title="bbox 1945 2970 3535 3046; baseline 0.007 -21"><span class='ocrx_word' id='word_1_479' title='bbox 1945 2970 2062 3041; x_wconf 85' lang='lat' dir='ltr'><strong>ejus</strong></span> <span class='ocrx_word' id='word_1_480' title='bbox 2082 2971 2399 3040; x_wconf 84' lang='lat' dir='ltr'><strong>abduxerat,</strong></span> <span class='ocrx_word' id='word_1_481' title='bbox 2429 2973 2678 3030; x_wconf 83' lang='lat' dir='ltr'><strong>Ezechiel</strong></span> <span class='ocrx_word' id='word_1_482' title='bbox 2700 2978 2958 3046; x_wconf 90' lang='lat' dir='ltr'><strong>propheta</strong></span> <span class='ocrx_word' id='word_1_483' title='bbox 2998 2987 3264 3036; x_wconf 87' lang='lat' dir='ltr'><strong>testatur:</strong></span> <span class='ocrx_word' id='word_1_484' title='bbox 3289 2981 3535 3036; x_wconf 90' lang='lat' dir='ltr'><strong>scribens</strong></span> 
     </span>
    </p>
   </div>
   <div class='ocr_carea' id='block_1_61' title="bbox 1945 3067 3534 3143">
    <p class='ocr_par' dir='ltr' id='par_1_61' title="bbox 1945 3067 3534 3143">
     <span class='ocr_line' id='line_1_61' title="bbox 1945 3067 3534 3143; baseline 0.005 -23"><span class='ocrx_word' id='word_1_485' title='bbox 1945 3073 2134 3120; x_wconf 90' lang='lat' dir='ltr'><strong>contra</strong></span> <span class='ocrx_word' id='word_1_486' title='bbox 2183 3081 2309 3133; x_wconf 91' lang='lat' dir='ltr'><strong>eos,</strong></span> <span class='ocrx_word' id='word_1_487' title='bbox 2340 3069 2537 3136; x_wconf 91' lang='lat' dir='ltr'><strong>quibus</strong></span> <span class='ocrx_word' id='word_1_488' title='bbox 2581 3067 2848 3124; x_wconf 87' lang='lat' dir='ltr'><strong>Jeremias</strong></span> <span class='ocrx_word' id='word_1_489' title='bbox 2888 3085 3101 3141; x_wconf 89' lang='lat' dir='ltr'><strong>quoque</strong></span> <span class='ocrx_word' id='word_1_490' title='bbox 3138 3073 3396 3143; x_wconf 65' lang='lat' dir='ltr'><strong>praecepit</strong></span> <span class='ocrx_word' id='word_1_491' title='bbox 3425 3089 3534 3128; x_wconf 88' lang='lat' dir='ltr'><strong>non</strong></span> 
     </span>
    </p>
   </div>
   <div class='ocr_carea' id='block_1_62' title="bbox 1946 3158 3531 3235">
    <p class='ocr_par' dir='ltr' id='par_1_62' title="bbox 1946 3158 3531 3235">
     <span class='ocr_line' id='line_1_62' title="bbox 1946 3158 3531 3235; baseline 0.005 -23"><span class='ocrx_word' id='word_1_492' title='bbox 1946 3158 2272 3213; x_wconf 88' lang='lat' dir='ltr'><strong>credendum</strong></span> <span class='ocrx_word' id='word_1_493' title='bbox 2303 3158 2518 3229; x_wconf 72' lang='lat' dir='ltr'><strong>(Ezeclt.</strong></span> <span class='ocrx_word' id='word_1_494' title='bbox 2572 3160 2714 3232; x_wconf 78' lang='lat' dir='ltr'><strong>xm).</strong></span> <span class='ocrx_word' id='word_1_495' title='bbox 2749 3159 2985 3216; x_wconf 84' lang='lat' dir='ltr'><strong>Necdum</strong></span> <span class='ocrx_word' id='word_1_496' title='bbox 3028 3172 3207 3218; x_wconf 88' lang='lat' dir='ltr'><strong>autem</strong></span> <span class='ocrx_word' id='word_1_497' title='bbox 3235 3179 3300 3219; x_wconf 90' lang='lat' dir='ltr'><strong>eo</strong></span> <span class='ocrx_word' id='word_1_498' title='bbox 3329 3173 3531 3235; x_wconf 87' lang='lat' dir='ltr'><strong>tempo-</strong></span> 
     </span>
    </p>
   </div>
   <div class='ocr_carea' id='block_1_63' title="bbox 252 3222 3534 3327">
    <p class='ocr_par' dir='ltr' id='par_1_63' title="bbox 252 3222 3534 3327">
     <span class='ocr_line' id='line_1_63' title="bbox 252 3222 3534 3327; baseline 0.001 -21"><span class='ocrx_word' id='word_1_499' title='bbox 252 3222 637 3323; x_wconf 35' lang='lat' dir='ltr'><strong>apostolicum-</strong></span> <span class='ocrx_word' id='word_1_500' title='bbox 658 3222 1041 3322; x_wconf 75' lang='lat' dir='ltr'><strong>comprobatur</strong></span> <span class='ocrx_word' id='word_1_501' title='bbox 1083 3251 1136 3304; x_wconf 92' lang='lat' dir='ltr'><strong>in</strong></span> <span class='ocrx_word' id='word_1_502' title='bbox 1177 3265 1285 3321; x_wconf 90' lang='lat' dir='ltr'><strong>quo</strong></span> <span class='ocrx_word' id='word_1_503' title='bbox 1302 3222 1475 3319; x_wconf 39' lang='lat' dir='ltr'><strong>‘jubet</strong></span> <span class='ocrx_word' id='word_1_504' title='bbox 1505 3267 1519 3304; x_wconf 90' lang='lat'><strong>:</strong></span> <span class='ocrx_word' id='word_1_505' title='bbox 1548 3270 1566 3301; x_wconf 88' lang='grc'><strong>‹</strong></span> <span class='ocrx_word' id='word_1_506' title='bbox 1601 3249 1838 3306; x_wconf 89' lang='lat' dir='ltr'><strong>Obsecro</strong></span> <span class='ocrx_word' id='word_1_507' title='bbox 1865 3222 1912 3286; x_wconf 59' lang='grc' dir='ltr'><strong>(ἶ</strong></span> <span class='ocrx_word' id='word_1_508' title='bbox 1943 3267 2003 3306; x_wconf 90' lang='lat' dir='ltr'><strong>re</strong></span> <span class='ocrx_word' id='word_1_509' title='bbox 2025 3294 2039 3319; x_wconf 95' lang='lat'><strong>,</strong></span> <span class='ocrx_word' id='word_1_510' title='bbox 2069 3267 2176 3323; x_wconf 90' lang='lat' dir='ltr'><strong>quo</strong></span> <span class='ocrx_word' id='word_1_511' title='bbox 2204 3222 2320 3307; x_wconf 62' lang='lat' dir='ltr'><strong>haec</strong></span> <span class='ocrx_word' id='word_1_512' title='bbox 2351 3251 2586 3322; x_wconf 90' lang='lat' dir='ltr'><strong>Epistola</strong></span> <span class='ocrx_word' id='word_1_513' title='bbox 2615 3222 2951 3324; x_wconf 77' lang='lat' dir='ltr'><strong>dirigebatur</strong></span> <span class='ocrx_word' id='word_1_514' title='bbox 2991 3254 3240 3311; x_wconf 78' lang='lat' dir='ltr'><strong>Ezechiel</strong></span> <span class='ocrx_word' id='word_1_515' title='bbox 3281 3257 3333 3310; x_wconf 92' lang='lat' dir='ltr'><strong>in</strong></span> <span class='ocrx_word' id='word_1_516' title='bbox 3359 3222 3534 3327; x_wconf 81' lang='lat' dir='ltr'><strong>Baby-</strong></span> 
     </span>
    </p>
   </div>
   <div class='ocr_carea' id='block_1_64' title="bbox 252 3341 1836 3416">
    <p class='ocr_par' dir='ltr' id='par_1_64' title="bbox 252 3341 1836 3416">
     <span class='ocr_line' id='line_1_64' title="bbox 252 3341 1836 3416; baseline -0.002 -19"><span class='ocrx_word' id='word_1_517' title='bbox 252 3343 423 3416; x_wconf 89' lang='lat' dir='ltr'><strong>igitur</strong></span> <span class='ocrx_word' id='word_1_518' title='bbox 449 3343 627 3414; x_wconf 89' lang='lat' dir='ltr'><strong>primo</strong></span> <span class='ocrx_word' id='word_1_519' title='bbox 657 3343 900 3398; x_wconf 90' lang='lat' dir='ltr'><strong>omnium</strong></span> <span class='ocrx_word' id='word_1_520' title='bbox 931 3341 1048 3397; x_wconf 86' lang='lat' dir='ltr'><strong>ﬁeri</strong></span> <span class='ocrx_word' id='word_1_521' title='bbox 1081 3341 1512 3407; x_wconf 87' lang='lat' dir='ltr'><strong>obsecrationes,</strong></span> <span class='ocrx_word' id='word_1_522' title='bbox 1541 3342 1836 3406; x_wconf 87' lang='lat' dir='ltr'><strong>orationes,</strong></span> 
     </span>
    </p>
   </div>
   <div class='ocr_carea' id='block_1_65' title="bbox 251 3431 1836 3506">
    <p class='ocr_par' dir='ltr' id='par_1_65' title="bbox 251 3431 1836 3506">
     <span class='ocr_line' id='line_1_65' title="bbox 251 3431 1836 3506; baseline -0.003 -16"><span class='ocrx_word' id='word_1_523' title='bbox 251 3435 648 3506; x_wconf 89' lang='lat' dir='ltr'><strong>postulationes</strong></span> <span class='ocrx_word' id='word_1_524' title='bbox 668 3475 682 3500; x_wconf 93' lang='lat'><strong>,</strong></span> <span class='ocrx_word' id='word_1_525' title='bbox 709 3434 1003 3505; x_wconf 88' lang='lat' dir='ltr'><strong>gratiarum</strong></span> <span class='ocrx_word' id='word_1_526' title='bbox 1049 3433 1292 3487; x_wconf 85' lang='lat' dir='ltr'><strong>actiones</strong></span> <span class='ocrx_word' id='word_1_527' title='bbox 1322 3447 1421 3502; x_wconf 91' lang='lat' dir='ltr'><strong>pro</strong></span> <span class='ocrx_word' id='word_1_528' title='bbox 1449 3431 1699 3487; x_wconf 90' lang='lat' dir='ltr'><strong>omnibus</strong></span> <span class='ocrx_word' id='word_1_529' title='bbox 1736 3431 1836 3485; x_wconf 90' lang='lat' dir='ltr'><strong>ho-</strong></span> 
     </span>
    </p>
   </div>
   <div class='ocr_carea' id='block_1_66' title="bbox 251 3521 1838 3595">
    <p class='ocr_par' dir='ltr' id='par_1_66' title="bbox 251 3521 1838 3595">
     <span class='ocr_line' id='line_1_66' title="bbox 251 3521 1838 3595; baseline -0.003 -14"><span class='ocrx_word' id='word_1_530' title='bbox 251 3525 512 3591; x_wconf 90' lang='lat' dir='ltr'><strong>minibus,</strong></span> <span class='ocrx_word' id='word_1_531' title='bbox 548 3539 646 3595; x_wconf 92' lang='lat' dir='ltr'><strong>pro</strong></span> <span class='ocrx_word' id='word_1_532' title='bbox 681 3524 900 3594; x_wconf 87' lang='lat' dir='ltr'><strong>regibus</strong></span> <span class='ocrx_word' id='word_1_533' title='bbox 934 3530 988 3578; x_wconf 93' lang='lat' dir='ltr'><strong>et</strong></span> <span class='ocrx_word' id='word_1_534' title='bbox 1013 3523 1245 3588; x_wconf 91' lang='lat' dir='ltr'><strong>cunctis,</strong></span> <span class='ocrx_word' id='word_1_535' title='bbox 1277 3523 1369 3592; x_wconf 92' lang='lat' dir='ltr'><strong>qui</strong></span> <span class='ocrx_word' id='word_1_536' title='bbox 1408 3523 1464 3577; x_wconf 90' lang='lat' dir='ltr'><strong>iu</strong></span> <span class='ocrx_word' id='word_1_537' title='bbox 1507 3521 1838 3578; x_wconf 88' lang='lat' dir='ltr'><strong>sublimitate</strong></span> 
     </span>
    </p>
   </div>
   <div class='ocr_carea' id='block_1_67' title="bbox 251 3611 1836 3685">
    <p class='ocr_par' dir='ltr' id='par_1_67' title="bbox 251 3611 1836 3685">
     <span class='ocr_line' id='line_1_67' title="bbox 251 3611 1836 3685; baseline -0.003 -15"><span class='ocrx_word' id='word_1_538' title='bbox 251 3624 413 3678; x_wconf 87' lang='lat' dir='ltr'><strong>sunt,</strong></span> <span class='ocrx_word' id='word_1_539' title='bbox 453 3622 513 3668; x_wconf 87' lang='lat' dir='ltr'><strong>ut</strong></span> <span class='ocrx_word' id='word_1_540' title='bbox 542 3615 782 3684; x_wconf 89' lang='lat' dir='ltr'><strong>quietam</strong></span> <span class='ocrx_word' id='word_1_541' title='bbox 813 3621 869 3670; x_wconf 90' lang='lat' dir='ltr'><strong>et</strong></span> <span class='ocrx_word' id='word_1_542' title='bbox 915 3613 1264 3685; x_wconf 83' lang='lat' dir='ltr'><strong>tranquillam</strong></span> <span class='ocrx_word' id='word_1_543' title='bbox 1299 3614 1465 3668; x_wconf 90' lang='lat' dir='ltr'><strong>vitam</strong></span> <span class='ocrx_word' id='word_1_544' title='bbox 1513 3627 1740 3683; x_wconf 88' lang='lat' dir='ltr'><strong>agamus</strong></span> <span class='ocrx_word' id='word_1_545' title='bbox 1780 3611 1836 3666; x_wconf 92' lang='lat' dir='ltr'><strong>in</strong></span> 
     </span>
    </p>
   </div>
   <div class='ocr_carea' id='block_1_68' title="bbox 250 3705 1836 3777">
    <p class='ocr_par' dir='ltr' id='par_1_68' title="bbox 250 3705 1836 3777">
     <span class='ocr_line' id='line_1_68' title="bbox 250 3705 1836 3777; baseline -0.001 -16"><span class='ocrx_word' id='word_1_546' title='bbox 250 3706 398 3762; x_wconf 89' lang='lat' dir='ltr'><strong>omni</strong></span> <span class='ocrx_word' id='word_1_547' title='bbox 431 3705 633 3776; x_wconf 89' lang='lat' dir='ltr'><strong>pietate</strong></span> <span class='ocrx_word' id='word_1_548' title='bbox 659 3713 714 3760; x_wconf 84' lang='lat' dir='ltr'><strong>et</strong></span> <span class='ocrx_word' id='word_1_549' title='bbox 740 3707 992 3761; x_wconf 89' lang='lat' dir='ltr'><strong>castitate</strong></span> <span class='ocrx_word' id='word_1_550' title='bbox 1020 3705 1073 3777; x_wconf 91' lang='grc'><strong>(1</strong></span> <span class='ocrx_word' id='word_1_551' title='bbox 1106 3705 1242 3760; x_wconf 85' lang='lat' dir='ltr'><strong>Tim.</strong></span> <span class='ocrx_word' id='word_1_552' title='bbox 1270 3705 1353 3776; x_wconf 88' lang='grc' dir='ltr'><strong>ιι).</strong></span> <span class='ocrx_word' id='word_1_553' title='bbox 1395 3725 1414 3758; x_wconf 78' lang='grc' dir='ltr'><strong>ι</strong></span> <span class='ocrx_word' id='word_1_554' title='bbox 1447 3705 1616 3761; x_wconf 91' lang='lat' dir='ltr'><strong>Porro</strong></span> <span class='ocrx_word' id='word_1_555' title='bbox 1641 3719 1836 3760; x_wconf 90' lang='lat' dir='ltr'><strong>secun-</strong></span> 
     </span>
    </p>
   </div>
   <div class='ocr_carea' id='block_1_69' title="bbox 253 3795 1832 3868">
    <p class='ocr_par' dir='ltr' id='par_1_69' title="bbox 253 3795 1832 3868">
     <span class='ocr_line' id='line_1_69' title="bbox 253 3795 1832 3868; baseline -0.001 -17"><span class='ocrx_word' id='word_1_556' title='bbox 253 3799 382 3851; x_wconf 86' lang='lat' dir='ltr'><strong>dum</strong></span> <span class='ocrx_word' id='word_1_557' title='bbox 414 3796 674 3867; x_wconf 87' lang='lat' dir='ltr'><strong>mysticos</strong></span> <span class='ocrx_word' id='word_1_558' title='bbox 697 3796 1021 3861; x_wconf 89' lang='lat' dir='ltr'><strong>intellectus,</strong></span> <span class='ocrx_word' id='word_1_559' title='bbox 1047 3805 1333 3868; x_wconf 88' lang='lat' dir='ltr'><strong>postquam</strong></span> <span class='ocrx_word' id='word_1_560' title='bbox 1363 3797 1430 3853; x_wconf 92' lang='lat' dir='ltr'><strong>de</strong></span> <span class='ocrx_word' id='word_1_561' title='bbox 1459 3795 1797 3852; x_wconf 85' lang='lat' dir='ltr'><strong>Hierusalem</strong></span> <span class='ocrx_word' id='word_1_562' title='bbox 1817 3835 1832 3862; x_wconf 93' lang='lat'><strong>,</strong></span> 
     </span>
    </p>
   </div>
   <div class='ocr_carea' id='block_1_70' title="bbox 253 3887 1838 3960">
    <p class='ocr_par' dir='ltr' id='par_1_70' title="bbox 253 3887 1838 3960">
     <span class='ocr_line' id='line_1_70' title="bbox 253 3887 1838 3960; baseline -0.001 -16"><span class='ocrx_word' id='word_1_563' title='bbox 253 3889 306 3944; x_wconf 89' lang='lat' dir='ltr'><strong>id</strong></span> <span class='ocrx_word' id='word_1_564' title='bbox 329 3896 412 3944; x_wconf 90' lang='lat' dir='ltr'><strong>est</strong></span> <span class='ocrx_word' id='word_1_565' title='bbox 439 3890 506 3944; x_wconf 85' lang='lat' dir='ltr'><strong>de</strong></span> <span class='ocrx_word' id='word_1_566' title='bbox 529 3888 794 3954; x_wconf 89' lang='lat' dir='ltr'><strong>Ecclesia,</strong></span> <span class='ocrx_word' id='word_1_567' title='bbox 824 3896 1048 3958; x_wconf 90' lang='lat' dir='ltr'><strong>propter</strong></span> <span class='ocrx_word' id='word_1_568' title='bbox 1077 3896 1262 3944; x_wconf 89' lang='lat' dir='ltr'><strong>nostra</strong></span> <span class='ocrx_word' id='word_1_569' title='bbox 1283 3897 1508 3958; x_wconf 88' lang='lat' dir='ltr'><strong>peccata</strong></span> <span class='ocrx_word' id='word_1_570' title='bbox 1548 3888 1702 3960; x_wconf 84' lang='lat' dir='ltr'><strong>ejecti</strong></span> <span class='ocrx_word' id='word_1_571' title='bbox 1726 3887 1838 3943; x_wconf 84' lang='lat' dir='ltr'><strong>fue-</strong></span> 
     </span>
    </p>
   </div>
   <div class='ocr_carea' id='block_1_71' title="bbox 251 3978 1836 4048">
    <p class='ocr_par' dir='ltr' id='par_1_71' title="bbox 251 3978 1836 4048">
     <span class='ocr_line' id='line_1_71' title="bbox 251 3978 1836 4048; baseline -0.001 -13"><span class='ocrx_word' id='word_1_572' title='bbox 251 3981 444 4044; x_wconf 86' lang='lat' dir='ltr'><strong>rimus,</strong></span> <span class='ocrx_word' id='word_1_573' title='bbox 473 3988 530 4035; x_wconf 90' lang='lat' dir='ltr'><strong>et</strong></span> <span class='ocrx_word' id='word_1_574' title='bbox 557 3980 740 4036; x_wconf 89' lang='lat' dir='ltr'><strong>traditi</strong></span> <span class='ocrx_word' id='word_1_575' title='bbox 774 3978 1290 4046; x_wconf 82' lang='lat' dir='ltr'><strong>Nabuchodonosor,</strong></span> <span class='ocrx_word' id='word_1_576' title='bbox 1320 3980 1387 4035; x_wconf 88' lang='lat' dir='ltr'><strong>de</strong></span> <span class='ocrx_word' id='word_1_577' title='bbox 1407 3993 1514 4048; x_wconf 90' lang='lat' dir='ltr'><strong>quo</strong></span> <span class='ocrx_word' id='word_1_578' title='bbox 1539 3979 1670 4034; x_wconf 88' lang='lat' dir='ltr'><strong>dicit</strong></span> <span class='ocrx_word' id='word_1_579' title='bbox 1693 3978 1836 4048; x_wconf 85' lang='lat' dir='ltr'><strong>Apo-</strong></span> 
     </span>
    </p>
   </div>
   <div class='ocr_carea' id='block_1_72' title="bbox 249 4067 1835 4138">
    <p class='ocr_par' dir='ltr' id='par_1_72' title="bbox 249 4067 1835 4138">
     <span class='ocr_line' id='line_1_72' title="bbox 249 4067 1835 4138; baseline -0.002 -12"><span class='ocrx_word' id='word_1_580' title='bbox 249 4071 427 4126; x_wconf 87' lang='lat' dir='ltr'><strong>stolus</strong></span> <span class='ocrx_word' id='word_1_581' title='bbox 473 4090 487 4124; x_wconf 91' lang='lat'>:</span> <span class='ocrx_word' id='word_1_582' title='bbox 527 4091 545 4123; x_wconf 79' lang='grc' dir='ltr'><strong>ι</strong></span> <span class='ocrx_word' id='word_1_583' title='bbox 582 4070 797 4126; x_wconf 89' lang='lat' dir='ltr'><strong>Tradidi</strong></span> <span class='ocrx_word' id='word_1_584' title='bbox 829 4067 1200 4138; x_wconf 89' lang='lat' dir='ltr'><strong>hujuscemodi</strong></span> <span class='ocrx_word' id='word_1_585' title='bbox 1225 4068 1441 4126; x_wconf 64' lang='lat' dir='ltr'><strong>Satanae</strong></span> <span class='ocrx_word' id='word_1_586' title='bbox 1468 4069 1524 4124; x_wconf 88' lang='lat' dir='ltr'><strong>in</strong></span> <span class='ocrx_word' id='word_1_587' title='bbox 1555 4069 1835 4124; x_wconf 89' lang='lat' dir='ltr'><strong>interitum</strong></span> 
     </span>
    </p>
   </div>
   <div class='ocr_carea' id='block_1_73' title="bbox 250 4157 1832 4231">
    <p class='ocr_par' dir='ltr' id='par_1_73' title="bbox 250 4157 1832 4231">
     <span class='ocr_line' id='line_1_73' title="bbox 250 4157 1832 4231; baseline -0.003 -14"><span class='ocrx_word' id='word_1_588' title='bbox 250 4161 459 4225; x_wconf 83' lang='lat' dir='ltr'><strong>carnis,</strong></span> <span class='ocrx_word' id='word_1_589' title='bbox 490 4169 548 4215; x_wconf 88' lang='lat' dir='ltr'><strong>nt</strong></span> <span class='ocrx_word' id='word_1_590' title='bbox 578 4161 801 4231; x_wconf 88' lang='lat' dir='ltr'><strong>spiritus</strong></span> <span class='ocrx_word' id='word_1_591' title='bbox 834 4159 1014 4214; x_wconf 89' lang='lat' dir='ltr'><strong>salvus</strong></span> <span class='ocrx_word' id='word_1_592' title='bbox 1049 4158 1141 4213; x_wconf 88' lang='lat' dir='ltr'><strong>ﬁat</strong></span> <span class='ocrx_word' id='word_1_593' title='bbox 1170 4159 1224 4214; x_wconf 94' lang='lat' dir='ltr'><strong>in</strong></span> <span class='ocrx_word' id='word_1_594' title='bbox 1256 4159 1344 4215; x_wconf 92' lang='lat' dir='ltr'><strong>die</strong></span> <span class='ocrx_word' id='word_1_595' title='bbox 1386 4159 1599 4215; x_wconf 80' lang='lat' dir='ltr'><strong>Domini</strong></span> <span class='ocrx_word' id='word_1_596' title='bbox 1627 4158 1680 4231; x_wconf 85' lang='grc' dir='ltr'><strong><em>(Ι</em></strong></span> <span class='ocrx_word' id='word_1_597' title='bbox 1709 4157 1832 4214; x_wconf 88' lang='lat' dir='ltr'><strong>Cor.</strong></span> 
     </span>
    </p>
   </div>
   <div class='ocr_carea' id='block_1_74' title="bbox 249 4246 1837 4321">
    <p class='ocr_par' dir='ltr' id='par_1_74' title="bbox 249 4246 1837 4321">
     <span class='ocr_line' id='line_1_74' title="bbox 249 4246 1837 4321; baseline -0.002 -17"><span class='ocrx_word' id='word_1_598' title='bbox 249 4250 341 4321; x_wconf 90' lang='lat' dir='ltr'><strong>v);</strong></span> <span class='ocrx_word' id='word_1_599' title='bbox 382 4269 400 4301; x_wconf 73' lang='grc' dir='ltr'><strong>ι</strong></span> <span class='ocrx_word' id='word_1_600' title='bbox 434 4258 490 4304; x_wconf 91' lang='lat' dir='ltr'><strong>et</strong></span> <span class='ocrx_word' id='word_1_601' title='bbox 515 4249 709 4304; x_wconf 90' lang='lat' dir='ltr'><strong>iterum</strong></span> <span class='ocrx_word' id='word_1_602' title='bbox 738 4267 751 4303; x_wconf 92' lang='lat'>:</span> <span class='ocrx_word' id='word_1_603' title='bbox 786 4269 804 4300; x_wconf 86' lang='grc'><strong>‹</strong></span> <span class='ocrx_word' id='word_1_604' title='bbox 835 4248 982 4316; x_wconf 89' lang='lat' dir='ltr'><strong>Quos</strong></span> <span class='ocrx_word' id='word_1_605' title='bbox 1014 4247 1214 4304; x_wconf 88' lang='lat' dir='ltr'><strong>tradidi</strong></span> <span class='ocrx_word' id='word_1_606' title='bbox 1256 4246 1504 4315; x_wconf 74' lang='lat' dir='ltr'><strong>Satanae,</strong></span> <span class='ocrx_word' id='word_1_607' title='bbox 1532 4259 1595 4302; x_wconf 91' lang='lat' dir='ltr'><strong>ut</strong></span> <span class='ocrx_word' id='word_1_608' title='bbox 1623 4249 1837 4303; x_wconf 91' lang='lat' dir='ltr'><strong>discant</strong></span> 
     </span>
    </p>
   </div>
   <div class='ocr_carea' id='block_1_75' title="bbox 250 4339 1836 4414">
    <p class='ocr_par' dir='ltr' id='par_1_75' title="bbox 250 4339 1836 4414">
     <span class='ocr_line' id='line_1_75' title="bbox 250 4339 1836 4414; baseline -0.003 -16"><span class='ocrx_word' id='word_1_609' title='bbox 250 4359 358 4412; x_wconf 87' lang='lat' dir='ltr'><strong>non</strong></span> <span class='ocrx_word' id='word_1_610' title='bbox 392 4342 766 4411; x_wconf 90' lang='lat' dir='ltr'><strong>blasphemare</strong></span> <span class='ocrx_word' id='word_1_611' title='bbox 792 4339 844 4414; x_wconf 96' lang='lat' dir='ltr'><strong>(I</strong></span> <span class='ocrx_word' id='word_1_612' title='bbox 863 4340 998 4394; x_wconf 88' lang='lat' dir='ltr'><strong>Tim.</strong></span> <span class='ocrx_word' id='word_1_613' title='bbox 1029 4340 1090 4411; x_wconf 90' lang='grc' dir='ltr'><strong>ι),</strong></span> <span class='ocrx_word' id='word_1_614' title='bbox 1129 4360 1148 4392; x_wconf 75' lang='grc' dir='ltr'><strong>ι</strong></span> <span class='ocrx_word' id='word_1_615' title='bbox 1185 4356 1294 4396; x_wconf 91' lang='lat' dir='ltr'><strong>non</strong></span> <span class='ocrx_word' id='word_1_616' title='bbox 1320 4339 1583 4396; x_wconf 89' lang='lat' dir='ltr'><strong>debemus</strong></span> <span class='ocrx_word' id='word_1_617' title='bbox 1604 4352 1726 4394; x_wconf 90' lang='lat' dir='ltr'><strong>esse</strong></span> <span class='ocrx_word' id='word_1_618' title='bbox 1749 4354 1836 4394; x_wconf 88' lang='lat' dir='ltr'><strong>se-</strong></span> 
     </span>
    </p>
   </div>
   <div class='ocr_carea' id='block_1_76' title="bbox 249 4434 1832 4506">
    <p class='ocr_par' dir='ltr' id='par_1_76' title="bbox 249 4434 1832 4506">
     <span class='ocr_line' id='line_1_76' title="bbox 249 4434 1832 4506; baseline -0.001 -15"><span class='ocrx_word' id='word_1_619' title='bbox 249 4437 392 4502; x_wconf 90' lang='lat' dir='ltr'><strong>curi,</strong></span> <span class='ocrx_word' id='word_1_620' title='bbox 422 4451 522 4490; x_wconf 89' lang='lat' dir='ltr'><strong>nec</strong></span> <span class='ocrx_word' id='word_1_621' title='bbox 549 4442 824 4506; x_wconf 87' lang='lat' dir='ltr'><strong>torpentes</strong></span> <span class='ocrx_word' id='word_1_622' title='bbox 853 4434 985 4500; x_wconf 90' lang='lat' dir='ltr'><strong>otio,</strong></span> <span class='ocrx_word' id='word_1_623' title='bbox 1013 4434 1242 4489; x_wconf 89' lang='lat' dir='ltr'><strong>salutem</strong></span> <span class='ocrx_word' id='word_1_624' title='bbox 1270 4434 1486 4504; x_wconf 89' lang='lat' dir='ltr'><strong>penitus</strong></span> <span class='ocrx_word' id='word_1_625' title='bbox 1518 4435 1832 4505; x_wconf 90' lang='lat' dir='ltr'><strong>desperare,</strong></span> 
     </span>
    </p>
   </div>
   <div class='ocr_carea' id='block_1_77' title="bbox 249 4525 1831 4597">
    <p class='ocr_par' dir='ltr' id='par_1_77' title="bbox 249 4525 1831 4597">
     <span class='ocr_line' id='line_1_77' title="bbox 249 4525 1831 4597; baseline -0.003 -13"><span class='ocrx_word' id='word_1_626' title='bbox 249 4528 342 4584; x_wconf 88' lang='lat' dir='ltr'><strong>sed</strong></span> <span class='ocrx_word' id='word_1_627' title='bbox 385 4527 621 4597; x_wconf 88' lang='lat' dir='ltr'><strong>primum</strong></span> <span class='ocrx_word' id='word_1_628' title='bbox 665 4525 936 4582; x_wconf 69' lang='lat' dir='ltr'><strong>aediﬁcare</strong></span> <span class='ocrx_word' id='word_1_629' title='bbox 962 4526 1181 4591; x_wconf 91' lang='lat' dir='ltr'><strong>domos,</strong></span> <span class='ocrx_word' id='word_1_630' title='bbox 1213 4539 1321 4580; x_wconf 91' lang='lat' dir='ltr'><strong>non</strong></span> <span class='ocrx_word' id='word_1_631' title='bbox 1369 4539 1534 4594; x_wconf 88' lang='lat' dir='ltr'><strong>super</strong></span> <span class='ocrx_word' id='word_1_632' title='bbox 1573 4540 1831 4592; x_wconf 88' lang='lat' dir='ltr'><strong>arenam,</strong></span> 
     </span>
    </p>
   </div>
   <div class='ocr_carea' id='block_1_78' title="bbox 249 4615 1832 4688">
    <p class='ocr_par' dir='ltr' id='par_1_78' title="bbox 249 4615 1832 4688">
     <span class='ocr_line' id='line_1_78' title="bbox 249 4615 1832 4688; baseline -0.001 -14"><span class='ocrx_word' id='word_1_633' title='bbox 249 4619 345 4674; x_wconf 83' lang='lat' dir='ltr'><strong>sed</strong></span> <span class='ocrx_word' id='word_1_634' title='bbox 377 4633 542 4688; x_wconf 84' lang='lat' dir='ltr'><strong>super</strong></span> <span class='ocrx_word' id='word_1_635' title='bbox 565 4625 790 4686; x_wconf 87' lang='lat' dir='ltr'><strong>petram,</strong></span> <span class='ocrx_word' id='word_1_636' title='bbox 825 4625 882 4672; x_wconf 91' lang='lat' dir='ltr'><strong>et</strong></span> <span class='ocrx_word' id='word_1_637' title='bbox 909 4616 1042 4672; x_wconf 89' lang='lat' dir='ltr'><strong>tales</strong></span> <span class='ocrx_word' id='word_1_638' title='bbox 1069 4616 1283 4681; x_wconf 87' lang='lat' dir='ltr'><strong>domos,</strong></span> <span class='ocrx_word' id='word_1_639' title='bbox 1314 4615 1502 4685; x_wconf 87' lang='lat' dir='ltr'><strong>quales</strong></span> <span class='ocrx_word' id='word_1_640' title='bbox 1527 4615 1832 4672; x_wconf 69' lang='lat' dir='ltr'><strong>aediﬁcave-</strong></span> 
     </span>
    </p>
   </div>
   <div class='ocr_carea' id='block_1_79' title="bbox 250 4703 1835 4778">
    <p class='ocr_par' dir='ltr' id='par_1_79' title="bbox 250 4703 1835 4778">
     <span class='ocr_line' id='line_1_79' title="bbox 250 4703 1835 4778; baseline -0.001 -16"><span class='ocrx_word' id='word_1_641' title='bbox 250 4717 378 4762; x_wconf 87' lang='lat' dir='ltr'><strong>runt</strong></span> <span class='ocrx_word' id='word_1_642' title='bbox 416 4714 471 4761; x_wconf 93' lang='lat' dir='ltr'><strong>et</strong></span> <span class='ocrx_word' id='word_1_643' title='bbox 511 4708 832 4763; x_wconf 88' lang='lat' dir='ltr'><strong>obstetrices</strong></span> <span class='ocrx_word' id='word_1_644' title='bbox 871 4708 926 4762; x_wconf 91' lang='lat' dir='ltr'><strong>in</strong></span> <span class='ocrx_word' id='word_1_645' title='bbox 963 4705 1148 4762; x_wconf 82' lang='lat' dir='ltr'><strong>Exodo</strong></span> <span class='ocrx_word' id='word_1_646' title='bbox 1193 4703 1392 4775; x_wconf 77' lang='lat' dir='ltr'><strong>(Exod.</strong></span> <span class='ocrx_word' id='word_1_647' title='bbox 1424 4709 1484 4778; x_wconf 88' lang='grc' dir='ltr'><strong>ι),</strong></span> <span class='ocrx_word' id='word_1_648' title='bbox 1521 4705 1645 4776; x_wconf 90' lang='lat' dir='ltr'><strong>quia</strong></span> <span class='ocrx_word' id='word_1_649' title='bbox 1677 4706 1835 4760; x_wconf 91' lang='lat' dir='ltr'><strong>time-</strong></span> 
     </span>
    </p>
   </div>
   <div class='ocr_carea' id='block_1_80' title="bbox 248 4799 1835 4871">
    <p class='ocr_par' dir='ltr' id='par_1_80' title="bbox 248 4799 1835 4871">
     <span class='ocr_line' id='line_1_80' title="bbox 248 4799 1835 4871; baseline -0.001 -15"><span class='ocrx_word' id='word_1_650' title='bbox 248 4800 383 4856; x_wconf 88' lang='lat' dir='ltr'><strong>bant</strong></span> <span class='ocrx_word' id='word_1_651' title='bbox 412 4801 721 4857; x_wconf 89' lang='lat' dir='ltr'><strong>Dominum.</strong></span> <span class='ocrx_word' id='word_1_652' title='bbox 763 4801 895 4856; x_wconf 92' lang='lat' dir='ltr'><strong>Dein</strong></span> <span class='ocrx_word' id='word_1_653' title='bbox 938 4801 1185 4871; x_wconf 89' lang='lat' dir='ltr'><strong>plantare</strong></span> <span class='ocrx_word' id='word_1_654' title='bbox 1219 4800 1437 4866; x_wconf 82' lang='lat' dir='ltr'><strong>hortos,</strong></span> <span class='ocrx_word' id='word_1_655' title='bbox 1500 4799 1614 4855; x_wconf 88' lang='lat' dir='ltr'><strong>sive</strong></span> <span class='ocrx_word' id='word_1_656' title='bbox 1648 4814 1835 4870; x_wconf 86' lang='lat' dir='ltr'><strong>poma-</strong></span> 
     </span>
    </p>
   </div>
   <div class='ocr_carea' id='block_1_81' title="bbox 249 4894 1832 4967">
    <p class='ocr_par' dir='ltr' id='par_1_81' title="bbox 249 4894 1832 4967">
     <span class='ocr_line' id='line_1_81' title="bbox 249 4894 1832 4967; baseline 0.001 -17"><span class='ocrx_word' id='word_1_657' title='bbox 249 4896 355 4961; x_wconf 90' lang='lat' dir='ltr'><strong>ria,</strong></span> <span class='ocrx_word' id='word_1_658' title='bbox 384 4894 597 4965; x_wconf 87' lang='lat' dir='ltr'><strong>qualem</strong></span> <span class='ocrx_word' id='word_1_659' title='bbox 617 4903 674 4951; x_wconf 86' lang='lat' dir='ltr'><strong>et</strong></span> <span class='ocrx_word' id='word_1_660' title='bbox 693 4894 952 4951; x_wconf 89' lang='lat' dir='ltr'><strong>Dominus</strong></span> <span class='ocrx_word' id='word_1_661' title='bbox 973 4895 1233 4967; x_wconf 87' lang='lat' dir='ltr'><strong>plantavit</strong></span> <span class='ocrx_word' id='word_1_662' title='bbox 1256 4895 1568 4966; x_wconf 88' lang='lat' dir='ltr'><strong>paradisum</strong></span> <span class='ocrx_word' id='word_1_663' title='bbox 1592 4895 1645 4949; x_wconf 90' lang='lat' dir='ltr'><strong>in</strong></span> <span class='ocrx_word' id='word_1_664' title='bbox 1661 4895 1832 4962; x_wconf 88' lang='lat' dir='ltr'><strong>Edeu,</strong></span> 
     </span>
    </p>
   </div>
   <div class='ocr_carea' id='block_1_82' title="bbox 247 4985 1829 5057">
    <p class='ocr_par' dir='ltr' id='par_1_82' title="bbox 247 4985 1829 5057">
     <span class='ocr_line' id='line_1_82' title="bbox 247 4985 1829 5057; baseline -0.001 -16"><span class='ocrx_word' id='word_1_665' title='bbox 247 4995 302 5041; x_wconf 92' lang='lat' dir='ltr'><strong>et</strong></span> <span class='ocrx_word' id='word_1_666' title='bbox 333 4985 514 5056; x_wconf 88' lang='lat' dir='ltr'><strong>posuit</strong></span> <span class='ocrx_word' id='word_1_667' title='bbox 552 4985 606 5040; x_wconf 92' lang='lat' dir='ltr'><strong>in</strong></span> <span class='ocrx_word' id='word_1_668' title='bbox 651 5000 716 5042; x_wconf 85' lang='lat' dir='ltr'><strong>eo</strong></span> <span class='ocrx_word' id='word_1_669' title='bbox 760 4986 966 5057; x_wconf 86' lang='lat' dir='ltr'><strong>lignum</strong></span> <span class='ocrx_word' id='word_1_670' title='bbox 991 4986 1151 5052; x_wconf 68' lang='lat' dir='ltr'><strong>vitae,</strong></span> <span class='ocrx_word' id='word_1_671' title='bbox 1183 4985 1249 5041; x_wconf 90' lang='lat' dir='ltr'><strong>de</strong></span> <span class='ocrx_word' id='word_1_672' title='bbox 1278 5001 1386 5056; x_wconf 91' lang='lat' dir='ltr'><strong>quo</strong></span> <span class='ocrx_word' id='word_1_673' title='bbox 1414 4987 1676 5056; x_wconf 89' lang='lat' dir='ltr'><strong>scriptum</strong></span> <span class='ocrx_word' id='word_1_674' title='bbox 1710 4997 1829 5042; x_wconf 88' lang='lat' dir='ltr'><strong>est:</strong></span> 
     </span>
    </p>
   </div>
   <div class='ocr_carea' id='block_1_83' title="bbox 255 5074 1839 5148">
    <p class='ocr_par' dir='ltr' id='par_1_83' title="bbox 255 5074 1839 5148">
     <span class='ocr_line' id='line_1_83' title="bbox 255 5074 1839 5148; baseline 0.004 -22"><span class='ocrx_word' id='word_1_675' title='bbox 255 5094 272 5126; x_wconf 79' lang='grc' dir='ltr'><strong>ι</strong></span> <span class='ocrx_word' id='word_1_676' title='bbox 320 5074 551 5145; x_wconf 85' lang='lat' dir='ltr'><strong>Lignum</strong></span> <span class='ocrx_word' id='word_1_677' title='bbox 590 5076 716 5131; x_wconf 67' lang='lat' dir='ltr'><strong>vitae</strong></span> <span class='ocrx_word' id='word_1_678' title='bbox 750 5087 833 5132; x_wconf 90' lang='lat' dir='ltr'><strong>est</strong></span> <span class='ocrx_word' id='word_1_679' title='bbox 868 5076 952 5132; x_wconf 91' lang='lat' dir='ltr'><strong>his</strong></span> <span class='ocrx_word' id='word_1_680' title='bbox 978 5077 1071 5148; x_wconf 87' lang='lat' dir='ltr'><strong>qui</strong></span> <span class='ocrx_word' id='word_1_681' title='bbox 1104 5077 1562 5148; x_wconf 88' lang='lat' dir='ltr'><strong>apprehenderint</strong></span> <span class='ocrx_word' id='word_1_682' title='bbox 1587 5093 1708 5132; x_wconf 90' lang='lat' dir='ltr'><strong>eam</strong></span> <span class='ocrx_word' id='word_1_683' title='bbox 1740 5097 1752 5130; x_wconf 91' lang='lat'><strong>:</strong></span> <span class='ocrx_word' id='word_1_684' title='bbox 1781 5086 1839 5132; x_wconf 90' lang='lat' dir='ltr'><strong>et</strong></span> 
     </span>
    </p>
   </div>
   <div class='ocr_carea' id='block_1_84' title="bbox 247 5165 1836 5239">
    <p class='ocr_par' dir='ltr' id='par_1_84' title="bbox 247 5165 1836 5239">
     <span class='ocr_line' id='line_1_84' title="bbox 247 5165 1836 5239; baseline 0.001 -19"><span class='ocrx_word' id='word_1_685' title='bbox 247 5167 342 5236; x_wconf 92' lang='lat' dir='ltr'><strong>qui</strong></span> <span class='ocrx_word' id='word_1_686' title='bbox 387 5167 622 5222; x_wconf 87' lang='lat' dir='ltr'><strong>tenuerit</strong></span> <span class='ocrx_word' id='word_1_687' title='bbox 663 5182 814 5233; x_wconf 89' lang='lat' dir='ltr'><strong>eam,</strong></span> <span class='ocrx_word' id='word_1_688' title='bbox 850 5168 1043 5223; x_wconf 89' lang='lat' dir='ltr'><strong>beatus</strong></span> <span class='ocrx_word' id='word_1_689' title='bbox 1069 5165 1252 5239; x_wconf 79' lang='lat' dir='ltr'><strong>(Prov.</strong></span> <span class='ocrx_word' id='word_1_690' title='bbox 1276 5173 1381 5237; x_wconf 90' lang='grc' dir='ltr'><strong>ιιι).</strong></span> <span class='ocrx_word' id='word_1_691' title='bbox 1423 5186 1441 5219; x_wconf 74' lang='grc' dir='ltr'><strong>ι</strong></span> <span class='ocrx_word' id='word_1_692' title='bbox 1475 5166 1660 5223; x_wconf 87' lang='lat' dir='ltr'><strong>Tertio</strong></span> <span class='ocrx_word' id='word_1_693' title='bbox 1689 5167 1836 5223; x_wconf 87' lang='lat' dir='ltr'><strong>acci-</strong></span> 
     </span>
    </p>
   </div>
   <div class='ocr_carea' id='block_1_85' title="bbox 247 5256 1840 5328">
    <p class='ocr_par' dir='ltr' id='par_1_85' title="bbox 247 5256 1840 5328">
     <span class='ocr_line' id='line_1_85' title="bbox 247 5256 1840 5328; baseline 0.002 -19"><span class='ocrx_word' id='word_1_694' title='bbox 247 5272 378 5327; x_wconf 87' lang='lat' dir='ltr'><strong>pere</strong></span> <span class='ocrx_word' id='word_1_695' title='bbox 404 5271 618 5320; x_wconf 77' lang='lat' dir='ltr'><strong>uxores,</strong></span> <span class='ocrx_word' id='word_1_696' title='bbox 653 5273 884 5327; x_wconf 89' lang='lat' dir='ltr'><strong>quarum</strong></span> <span class='ocrx_word' id='word_1_697' title='bbox 910 5272 1016 5312; x_wconf 90' lang='lat' dir='ltr'><strong>una</strong></span> <span class='ocrx_word' id='word_1_698' title='bbox 1041 5265 1129 5313; x_wconf 90' lang='lat' dir='ltr'><strong>est</strong></span> <span class='ocrx_word' id='word_1_699' title='bbox 1154 5256 1420 5328; x_wconf 88' lang='lat' dir='ltr'><strong>sapientia</strong></span> <span class='ocrx_word' id='word_1_700' title='bbox 1438 5297 1454 5321; x_wconf 89' lang='lat'><strong>,</strong></span> <span class='ocrx_word' id='word_1_701' title='bbox 1483 5257 1550 5313; x_wconf 89' lang='lat' dir='ltr'><strong>de</strong></span> <span class='ocrx_word' id='word_1_702' title='bbox 1570 5271 1678 5326; x_wconf 90' lang='lat' dir='ltr'><strong>qua</strong></span> <span class='ocrx_word' id='word_1_703' title='bbox 1704 5258 1840 5313; x_wconf 89' lang='lat' dir='ltr'><strong>scri-</strong></span> 
     </span>
    </p>
   </div>
   <div class='ocr_carea' id='block_1_86' title="bbox 249 5345 1838 5414">
    <p class='ocr_par' dir='ltr' id='par_1_86' title="bbox 249 5345 1838 5414">
     <span class='ocr_line' id='line_1_86' title="bbox 249 5345 1838 5414; baseline 0.003 -14"><span class='ocrx_word' id='word_1_704' title='bbox 249 5347 330 5400; x_wconf 80' lang='lat' dir='ltr'><strong>bit</strong></span> <span class='ocrx_word' id='word_1_705' title='bbox 354 5345 609 5401; x_wconf 88' lang='lat' dir='ltr'><strong>Salomon</strong></span> <span class='ocrx_word' id='word_1_706' title='bbox 637 5365 650 5400; x_wconf 90' lang='lat'>:</span> <span class='ocrx_word' id='word_1_707' title='bbox 687 5365 705 5398; x_wconf 74' lang='grc'><strong>(</strong></span> <span class='ocrx_word' id='word_1_708' title='bbox 745 5347 876 5402; x_wconf 84' lang='lat' dir='ltr'><strong>Ama</strong></span> <span class='ocrx_word' id='word_1_709' title='bbox 910 5347 1053 5403; x_wconf 90' lang='lat' dir='ltr'><strong>illam</strong></span> <span class='ocrx_word' id='word_1_710' title='bbox 1078 5355 1133 5405; x_wconf 91' lang='lat' dir='ltr'><strong>et</strong></span> <span class='ocrx_word' id='word_1_711' title='bbox 1181 5347 1422 5402; x_wconf 90' lang='lat' dir='ltr'><strong>servabit</strong></span> <span class='ocrx_word' id='word_1_712' title='bbox 1444 5356 1528 5414; x_wconf 90' lang='lat' dir='ltr'><strong>te;</strong></span> <span class='ocrx_word' id='word_1_713' title='bbox 1561 5348 1838 5404; x_wconf 89' lang='lat' dir='ltr'><strong>circumda</strong></span> 
     </span>
    </p>
   </div>
   <div class='ocr_carea' id='block_1_87' title="bbox 250 5436 1832 5511">
    <p class='ocr_par' dir='ltr' id='par_1_87' title="bbox 250 5436 1832 5511">
     <span class='ocr_line' id='line_1_87' title="bbox 250 5436 1832 5511; baseline 0.003 -21"><span class='ocrx_word' id='word_1_714' title='bbox 250 5436 418 5501; x_wconf 84' lang='lat' dir='ltr'><strong>illam,</strong></span> <span class='ocrx_word' id='word_1_715' title='bbox 466 5445 524 5491; x_wconf 88' lang='lat' dir='ltr'><strong>et</strong></span> <span class='ocrx_word' id='word_1_716' title='bbox 569 5437 831 5495; x_wconf 80' lang='lat' dir='ltr'><strong>exaltabit</strong></span> <span class='ocrx_word' id='word_1_717' title='bbox 858 5448 909 5494; x_wconf 91' lang='lat' dir='ltr'><strong>te</strong></span> <span class='ocrx_word' id='word_1_718' title='bbox 935 5437 1120 5510; x_wconf 87' lang='lat' dir='ltr'><strong>(Prov.</strong></span> <span class='ocrx_word' id='word_1_719' title='bbox 1153 5444 1260 5511; x_wconf 87' lang='lat' dir='ltr'><strong>tv);</strong></span> <span class='ocrx_word' id='word_1_720' title='bbox 1294 5459 1313 5492; x_wconf 75' lang='grc' dir='ltr'><strong>ι</strong></span> <span class='ocrx_word' id='word_1_721' title='bbox 1345 5447 1402 5494; x_wconf 91' lang='lat' dir='ltr'><strong>et</strong></span> <span class='ocrx_word' id='word_1_722' title='bbox 1428 5439 1485 5494; x_wconf 88' lang='lat' dir='ltr'><strong>in</strong></span> <span class='ocrx_word' id='word_1_723' title='bbox 1529 5439 1636 5495; x_wconf 86' lang='lat' dir='ltr'><strong>alio</strong></span> <span class='ocrx_word' id='word_1_724' title='bbox 1675 5440 1832 5495; x_wconf 88' lang='lat' dir='ltr'><strong>loco:</strong></span> 
     </span>
    </p>
   </div>
   <div class='ocr_carea' id='block_1_88' title="bbox 254 5523 1837 5609">
    <p class='ocr_par' dir='ltr' id='par_1_88' title="bbox 254 5523 1837 5609">
     <span class='ocr_line' id='line_1_88' title="bbox 254 5523 1837 5609; baseline 0.005 -32"><span class='ocrx_word' id='word_1_725' title='bbox 254 5542 273 5576; x_wconf 78' lang='grc' dir='ltr'><strong>ι</strong></span> <span class='ocrx_word' id='word_1_726' title='bbox 311 5523 756 5609; x_wconf 82' lang='lat' dir='ltr'><strong>Hauc_exquisivi</strong></span> <span class='ocrx_word' id='word_1_727' title='bbox 781 5545 1035 5601; x_wconf 87' lang='lat' dir='ltr'><strong>sponsam</strong></span> <span class='ocrx_word' id='word_1_728' title='bbox 1062 5531 1312 5600; x_wconf 90' lang='lat' dir='ltr'><strong>accipere</strong></span> <span class='ocrx_word' id='word_1_729' title='bbox 1349 5530 1512 5596; x_wconf 89' lang='lat' dir='ltr'><strong>mihi,</strong></span> <span class='ocrx_word' id='word_1_730' title='bbox 1549 5538 1604 5586; x_wconf 90' lang='lat' dir='ltr'><strong>et</strong></span> <span class='ocrx_word' id='word_1_731' title='bbox 1628 5538 1837 5587; x_wconf 88' lang='lat' dir='ltr'><strong>amator</strong></span> 
     </span>
    </p>
   </div>
   <div class='ocr_carea' id='block_1_89' title="bbox 250 5619 1836 5696">
    <p class='ocr_par' dir='ltr' id='par_1_89' title="bbox 250 5619 1836 5696">
     <span class='ocr_line' id='line_1_89' title="bbox 250 5619 1836 5696; baseline 0.004 -22"><span class='ocrx_word' id='word_1_732' title='bbox 250 5619 427 5676; x_wconf 86' lang='lat' dir='ltr'><strong>factus</strong></span> <span class='ocrx_word' id='word_1_733' title='bbox 454 5635 575 5676; x_wconf 89' lang='lat' dir='ltr'><strong>sum</strong></span> <span class='ocrx_word' id='word_1_734' title='bbox 606 5623 818 5678; x_wconf 89' lang='lat' dir='ltr'><strong>decoris</strong></span> <span class='ocrx_word' id='word_1_735' title='bbox 841 5622 958 5692; x_wconf 82' lang='lat' dir='ltr'><strong>ejus</strong></span> <span class='ocrx_word' id='word_1_736' title='bbox 982 5621 1132 5694; x_wconf 86' lang='lat' dir='ltr'><strong>(Sap.</strong></span> <span class='ocrx_word' id='word_1_737' title='bbox 1155 5622 1296 5696; x_wconf 89' lang='lat' dir='ltr'><strong>vm).</strong></span> <span class='ocrx_word' id='word_1_738' title='bbox 1335 5643 1354 5676; x_wconf 75' lang='grc' dir='ltr'><strong>ι</strong></span> <span class='ocrx_word' id='word_1_739' title='bbox 1384 5622 1493 5678; x_wconf 84' lang='lat' dir='ltr'><strong>Nec</strong></span> <span class='ocrx_word' id='word_1_740' title='bbox 1524 5621 1718 5678; x_wconf 80' lang='lat' dir='ltr'><strong>sulﬁcit</strong></span> <span class='ocrx_word' id='word_1_741' title='bbox 1739 5639 1836 5680; x_wconf 84' lang='lat' dir='ltr'><strong>no-</strong></span> 
     </span>
    </p>
   </div>
   <div class='ocr_carea' id='block_1_90' title="bbox 249 5712 1834 5786">
    <p class='ocr_par' dir='ltr' id='par_1_90' title="bbox 249 5712 1834 5786">
     <span class='ocr_line' id='line_1_90' title="bbox 249 5712 1834 5786; baseline 0.002 -19"><span class='ocrx_word' id='word_1_742' title='bbox 249 5713 333 5768; x_wconf 88' lang='lat' dir='ltr'><strong>bis</strong></span> <span class='ocrx_word' id='word_1_743' title='bbox 352 5729 461 5768; x_wconf 89' lang='lat' dir='ltr'><strong>uua</strong></span> <span class='ocrx_word' id='word_1_744' title='bbox 501 5712 700 5783; x_wconf 75' lang='lat' dir='ltr'><strong>coniux</strong></span> <span class='ocrx_word' id='word_1_745' title='bbox 738 5715 1025 5784; x_wconf 85' lang='lat' dir='ltr'><strong>sapientia,</strong></span> <span class='ocrx_word' id='word_1_746' title='bbox 1067 5715 1170 5771; x_wconf 89' lang='lat' dir='ltr'><strong>nisi</strong></span> <span class='ocrx_word' id='word_1_747' title='bbox 1201 5716 1500 5772; x_wconf 84' lang='lat' dir='ltr'><strong>habeamus</strong></span> <span class='ocrx_word' id='word_1_748' title='bbox 1538 5724 1594 5770; x_wconf 88' lang='lat' dir='ltr'><strong>et</strong></span> <span class='ocrx_word' id='word_1_749' title='bbox 1632 5716 1834 5786; x_wconf 79' lang='lat' dir='ltr'><strong>reliqua</strong></span> 
     </span>
    </p>
   </div>
   <div class='ocr_carea' id='block_1_91' title="bbox 254 5802 1835 5879">
    <p class='ocr_par' dir='ltr' id='par_1_91' title="bbox 254 5802 1835 5879">
     <span class='ocr_line' id='line_1_91' title="bbox 254 5802 1835 5879; baseline 0.003 -20"><span class='ocrx_word' id='word_1_750' title='bbox 254 5802 627 5862; x_wconf 79' lang='lat' dir='ltr'><strong>fortitudinem</strong></span> <span class='ocrx_word' id='word_1_751' title='bbox 655 5847 670 5876; x_wconf 89' lang='lat'><strong>,</strong></span> <span class='ocrx_word' id='word_1_752' title='bbox 711 5807 1124 5877; x_wconf 86' lang='lat' dir='ltr'><strong>temperantiam</strong></span> <span class='ocrx_word' id='word_1_753' title='bbox 1153 5847 1167 5875; x_wconf 92' lang='lat'><strong>,</strong></span> <span class='ocrx_word' id='word_1_754' title='bbox 1215 5817 1378 5879; x_wconf 88' lang='lat' dir='ltr'><strong>atque</strong></span> <span class='ocrx_word' id='word_1_755' title='bbox 1417 5805 1724 5875; x_wconf 83' lang='lat' dir='ltr'><strong>justitiam,</strong></span> <span class='ocrx_word' id='word_1_756' title='bbox 1776 5817 1835 5863; x_wconf 92' lang='lat' dir='ltr'><strong>ut</strong></span> 
     </span>
    </p>
   </div>
   <div class='ocr_carea' id='block_1_92' title="bbox 1943 3344 3534 3418">
    <p class='ocr_par' dir='ltr' id='par_1_92' title="bbox 1943 3344 3534 3418">
     <span class='ocr_line' id='line_1_92' title="bbox 1943 3344 3534 3418; baseline 0.001 -19"><span class='ocrx_word' id='word_1_757' title='bbox 1943 3345 2065 3400; x_wconf 90' lang='lat' dir='ltr'><strong>Ione</strong></span> <span class='ocrx_word' id='word_1_758' title='bbox 2091 3352 2330 3415; x_wconf 72' lang='lat' dir='ltr'><strong>cmperat</strong></span> <span class='ocrx_word' id='word_1_759' title='bbox 2353 3345 2696 3414; x_wconf 90' lang='lat' dir='ltr'><strong>prophetare.</strong></span> <span class='ocrx_word' id='word_1_760' title='bbox 2717 3345 2816 3399; x_wconf 86' lang='lat' dir='ltr'><strong>llic</strong></span> <span class='ocrx_word' id='word_1_761' title='bbox 2836 3344 2979 3399; x_wconf 91' lang='lat' dir='ltr'><strong>enim</strong></span> <span class='ocrx_word' id='word_1_762' title='bbox 2995 3360 3174 3401; x_wconf 89' lang='lat' dir='ltr'><strong>sermo</strong></span> <span class='ocrx_word' id='word_1_763' title='bbox 3200 3347 3252 3400; x_wconf 87' lang='lat' dir='ltr'><strong>in</strong></span> <span class='ocrx_word' id='word_1_764' title='bbox 3269 3348 3534 3418; x_wconf 87' lang='lat' dir='ltr'><strong>principio</strong></span> 
     </span>
    </p>
   </div>
   <div class='ocr_carea' id='block_1_93' title="bbox 1939 3434 3530 3507">
    <p class='ocr_par' dir='ltr' id='par_1_93' title="bbox 1939 3434 3530 3507">
     <span class='ocr_line' id='line_1_93' title="bbox 1939 3434 3530 3507; baseline 0.003 -18"><span class='ocrx_word' id='word_1_765' title='bbox 1939 3436 2083 3506; x_wconf 84' lang='lat' dir='ltr'><strong>regis</strong></span> <span class='ocrx_word' id='word_1_766' title='bbox 2106 3434 2384 3490; x_wconf 66' lang='lat' dir='ltr'><strong>Sedechia:</strong></span> <span class='ocrx_word' id='word_1_767' title='bbox 2409 3434 2662 3488; x_wconf 89' lang='lat' dir='ltr'><strong>mittitur.</strong></span> <span class='ocrx_word' id='word_1_768' title='bbox 2693 3434 2942 3491; x_wconf 87' lang='lat' dir='ltr'><strong>Ezechiel</strong></span> <span class='ocrx_word' id='word_1_769' title='bbox 2960 3446 3140 3492; x_wconf 90' lang='lat' dir='ltr'><strong>autem</strong></span> <span class='ocrx_word' id='word_1_770' title='bbox 3170 3439 3363 3507; x_wconf 89' lang='lat' dir='ltr'><strong>quinto</strong></span> <span class='ocrx_word' id='word_1_771' title='bbox 3387 3455 3530 3494; x_wconf 87' lang='lat' dir='ltr'><strong>anno</strong></span> 
     </span>
    </p>
   </div>
   <div class='ocr_carea' id='block_1_94' title="bbox 1938 3522 3525 3600">
    <p class='ocr_par' dir='ltr' id='par_1_94' title="bbox 1938 3522 3525 3600">
     <span class='ocr_line' id='line_1_94' title="bbox 1938 3522 3525 3600; baseline 0.004 -22"><span class='ocrx_word' id='word_1_772' title='bbox 1938 3523 2434 3595; x_wconf 85' lang='lat' dir='ltr'><strong>transmigrationis</strong></span> <span class='ocrx_word' id='word_1_773' title='bbox 2461 3522 2736 3580; x_wconf 70' lang='lat' dir='ltr'><strong>Jechonite</strong></span> <span class='ocrx_word' id='word_1_774' title='bbox 2779 3540 3008 3582; x_wconf 81' lang='lat' dir='ltr'><strong>exorsus</strong></span> <span class='ocrx_word' id='word_1_775' title='bbox 3049 3537 3134 3582; x_wconf 90' lang='lat' dir='ltr'><strong>est</strong></span> <span class='ocrx_word' id='word_1_776' title='bbox 3169 3531 3525 3600; x_wconf 90' lang='lat' dir='ltr'><strong>prophetare,</strong></span> 
     </span>
    </p>
   </div>
   <div class='ocr_carea' id='block_1_95' title="bbox 1937 3612 3533 3683">
    <p class='ocr_par' dir='ltr' id='par_1_95' title="bbox 1937 3612 3533 3683">
     <span class='ocr_line' id='line_1_95' title="bbox 1937 3612 3533 3683; baseline 0.006 -18"><span class='ocrx_word' id='word_1_777' title='bbox 1937 3612 2027 3681; x_wconf 89' lang='lat' dir='ltr'><strong>qui</strong></span> <span class='ocrx_word' id='word_1_778' title='bbox 2057 3612 2197 3667; x_wconf 90' lang='lat' dir='ltr'><strong>idem</strong></span> <span class='ocrx_word' id='word_1_779' title='bbox 2225 3612 2398 3667; x_wconf 82' lang='lat' dir='ltr'><strong>annus</strong></span> <span class='ocrx_word' id='word_1_780' title='bbox 2442 3614 2592 3683; x_wconf 86' lang='lat' dir='ltr'><strong>regni</strong></span> <span class='ocrx_word' id='word_1_781' title='bbox 2638 3612 2916 3670; x_wconf 70' lang='lat' dir='ltr'><strong>Sedechize</strong></span> <span class='ocrx_word' id='word_1_782' title='bbox 2949 3625 3085 3671; x_wconf 89' lang='lat' dir='ltr'><strong>erat.</strong></span> <span class='ocrx_word' id='word_1_783' title='bbox 3127 3617 3296 3673; x_wconf 90' lang='lat' dir='ltr'><strong>Porro</strong></span> <span class='ocrx_word' id='word_1_784' title='bbox 3339 3636 3533 3675; x_wconf 89' lang='lat' dir='ltr'><strong>secun-</strong></span> 
     </span>
    </p>
   </div>
   <div class='ocr_carea' id='block_1_96' title="bbox 1937 3703 3532 3775">
    <p class='ocr_par' dir='ltr' id='par_1_96' title="bbox 1937 3703 3532 3775">
     <span class='ocr_line' id='line_1_96' title="bbox 1937 3703 3532 3775; baseline 0.006 -18"><span class='ocrx_word' id='word_1_785' title='bbox 1937 3703 2066 3757; x_wconf 90' lang='lat' dir='ltr'><strong>dum</strong></span> <span class='ocrx_word' id='word_1_786' title='bbox 2089 3703 2440 3772; x_wconf 83' lang='lat' dir='ltr'><strong>tropologiam</strong></span> <span class='ocrx_word' id='word_1_787' title='bbox 2471 3705 2969 3775; x_wconf 88' lang='lat' dir='ltr'><strong>pseudoprophetas</strong></span> <span class='ocrx_word' id='word_1_788' title='bbox 2988 3722 3083 3762; x_wconf 89' lang='lat' dir='ltr'><strong>eos</strong></span> <span class='ocrx_word' id='word_1_789' title='bbox 3103 3709 3361 3764; x_wconf 84' lang='lat' dir='ltr'><strong>debemus</strong></span> <span class='ocrx_word' id='word_1_790' title='bbox 3389 3713 3532 3766; x_wconf 87' lang='lat' dir='ltr'><strong>acci—</strong></span> 
     </span>
    </p>
   </div>
   <div class='ocr_carea' id='block_1_97' title="bbox 1935 3793 3526 3870">
    <p class='ocr_par' dir='ltr' id='par_1_97' title="bbox 1935 3793 3526 3870">
     <span class='ocr_line' id='line_1_97' title="bbox 1935 3793 3526 3870; baseline 0.005 -22"><span class='ocrx_word' id='word_1_791' title='bbox 1935 3808 2088 3862; x_wconf 89' lang='lat' dir='ltr'><strong>pere,</strong></span> <span class='ocrx_word' id='word_1_792' title='bbox 2117 3794 2206 3862; x_wconf 88' lang='lat' dir='ltr'><strong>qui</strong></span> <span class='ocrx_word' id='word_1_793' title='bbox 2239 3793 2395 3848; x_wconf 88' lang='lat' dir='ltr'><strong>aliter</strong></span> <span class='ocrx_word' id='word_1_794' title='bbox 2415 3794 2818 3864; x_wconf 87' lang='lat' dir='ltr'><strong>Seripturarum</strong></span> <span class='ocrx_word' id='word_1_795' title='bbox 2850 3799 3013 3852; x_wconf 91' lang='lat' dir='ltr'><strong>verba</strong></span> <span class='ocrx_word' id='word_1_796' title='bbox 3045 3800 3332 3868; x_wconf 89' lang='lat' dir='ltr'><strong>accipiunt,</strong></span> <span class='ocrx_word' id='word_1_797' title='bbox 3365 3819 3526 3870; x_wconf 89' lang='lat' dir='ltr'><strong>quam</strong></span> 
     </span>
    </p>
   </div>
   <div class='ocr_carea' id='block_1_98' title="bbox 1939 3881 3527 3956">
    <p class='ocr_par' dir='ltr' id='par_1_98' title="bbox 1939 3881 3527 3956">
     <span class='ocr_line' id='line_1_98' title="bbox 1939 3881 3527 3956; baseline 0.006 -21"><span class='ocrx_word' id='word_1_798' title='bbox 1939 3881 2174 3949; x_wconf 90' lang='lat' dir='ltr'><strong>Spiritus</strong></span> <span class='ocrx_word' id='word_1_799' title='bbox 2207 3891 2427 3936; x_wconf 85' lang='lat' dir='ltr'><strong>sanctus</strong></span> <span class='ocrx_word' id='word_1_800' title='bbox 2448 3893 2622 3946; x_wconf 90' lang='lat' dir='ltr'><strong>sonat,</strong></span> <span class='ocrx_word' id='word_1_801' title='bbox 2650 3893 2704 3937; x_wconf 89' lang='lat' dir='ltr'><strong>et</strong></span> <span class='ocrx_word' id='word_1_802' title='bbox 2739 3884 2949 3939; x_wconf 90' lang='lat' dir='ltr'><strong>divinos</strong></span> <span class='ocrx_word' id='word_1_803' title='bbox 2979 3900 3104 3949; x_wconf 90' lang='lat' dir='ltr'><strong>eos,</strong></span> <span class='ocrx_word' id='word_1_804' title='bbox 3136 3889 3226 3956; x_wconf 91' lang='lat' dir='ltr'><strong>qui</strong></span> <span class='ocrx_word' id='word_1_805' title='bbox 3254 3888 3527 3956; x_wconf 88' lang='lat' dir='ltr'><strong>conjectu-</strong></span> 
     </span>
    </p>
   </div>
   <div class='ocr_carea' id='block_1_99' title="bbox 1938 3970 3528 4050">
    <p class='ocr_par' dir='ltr' id='par_1_99' title="bbox 1938 3970 3528 4050">
     <span class='ocr_line' id='line_1_99' title="bbox 1938 3970 3528 4050; baseline 0.006 -26"><span class='ocrx_word' id='word_1_806' title='bbox 1938 3985 2056 4024; x_wconf 89' lang='lat' dir='ltr'><strong>ram</strong></span> <span class='ocrx_word' id='word_1_807' title='bbox 2087 3970 2286 4025; x_wconf 89' lang='lat' dir='ltr'><strong>meutis</strong></span> <span class='ocrx_word' id='word_1_808' title='bbox 2314 3986 2453 4034; x_wconf 66' lang='lat' dir='ltr'><strong>sure,</strong></span> <span class='ocrx_word' id='word_1_809' title='bbox 2487 3981 2537 4027; x_wconf 88' lang='lat' dir='ltr'><strong>et</strong></span> <span class='ocrx_word' id='word_1_810' title='bbox 2568 3973 2776 4026; x_wconf 91' lang='lat' dir='ltr'><strong>incerta</strong></span> <span class='ocrx_word' id='word_1_811' title='bbox 2806 3973 3222 4044; x_wconf 87' lang='lat' dir='ltr'><strong>futurorumque</strong></span> <span class='ocrx_word' id='word_1_812' title='bbox 3245 3994 3373 4032; x_wconf 88' lang='lat' dir='ltr'><strong>vera</strong></span> <span class='ocrx_word' id='word_1_813' title='bbox 3405 3996 3528 4050; x_wconf 82' lang='lat' dir='ltr'><strong>pro-</strong></span> 
     </span>
    </p>
   </div>
   <div class='ocr_carea' id='block_1_100' title="bbox 1937 4064 3524 4133">
    <p class='ocr_par' dir='ltr' id='par_1_100' title="bbox 1937 4064 3524 4133">
     <span class='ocr_line' id='line_1_100' title="bbox 1937 4064 3524 4133; baseline 0.005 -15"><span class='ocrx_word' id='word_1_814' title='bbox 1937 4064 2192 4119; x_wconf 85' lang='lat' dir='ltr'><strong>nuntiant</strong></span> <span class='ocrx_word' id='word_1_815' title='bbox 2238 4064 2444 4133; x_wconf 87' lang='lat' dir='ltr'><strong>absque</strong></span> <span class='ocrx_word' id='word_1_816' title='bbox 2487 4065 2795 4119; x_wconf 87' lang='lat' dir='ltr'><strong>divinorum</strong></span> <span class='ocrx_word' id='word_1_817' title='bbox 2839 4068 3160 4121; x_wconf 86' lang='lat' dir='ltr'><strong>auctoritate</strong></span> <span class='ocrx_word' id='word_1_818' title='bbox 3196 4071 3524 4126; x_wconf 84' lang='lat' dir='ltr'><strong>verborum:</strong></span> 
     </span>
    </p>
   </div>
   <div class='ocr_carea' id='block_1_101' title="bbox 1938 4153 3523 4228">
    <p class='ocr_par' dir='ltr' id='par_1_101' title="bbox 1938 4153 3523 4228">
     <span class='ocr_line' id='line_1_101' title="bbox 1938 4153 3523 4228; baseline 0.004 -19"><span class='ocrx_word' id='word_1_819' title='bbox 1938 4153 2298 4209; x_wconf 90' lang='lat' dir='ltr'><strong>somniatores</strong></span> <span class='ocrx_word' id='word_1_820' title='bbox 2327 4169 2540 4224; x_wconf 90' lang='lat' dir='ltr'><strong>quoque</strong></span> <span class='ocrx_word' id='word_1_821' title='bbox 2569 4155 2660 4223; x_wconf 92' lang='lat' dir='ltr'><strong>qui</strong></span> <span class='ocrx_word' id='word_1_822' title='bbox 2689 4170 2794 4209; x_wconf 89' lang='lat' dir='ltr'><strong>non</strong></span> <span class='ocrx_word' id='word_1_823' title='bbox 2825 4156 3048 4211; x_wconf 90' lang='lat' dir='ltr'><strong>audiunt</strong></span> <span class='ocrx_word' id='word_1_824' title='bbox 3078 4159 3203 4211; x_wconf 90' lang='lat' dir='ltr'><strong>illud</strong></span> <span class='ocrx_word' id='word_1_825' title='bbox 3231 4161 3523 4228; x_wconf 89' lang='lat' dir='ltr'><strong>scriptum:</strong></span> 
     </span>
    </p>
   </div>
   <div class='ocr_carea' id='block_1_102' title="bbox 1945 4245 3527 4318">
    <p class='ocr_par' dir='ltr' id='par_1_102' title="bbox 1945 4245 3527 4318">
     <span class='ocr_line' id='line_1_102' title="bbox 1945 4245 3527 4318; baseline 0.006 -21"><span class='ocrx_word' id='word_1_826' title='bbox 1945 4265 1963 4297; x_wconf 72' lang='grc' dir='ltr'><strong>ε</strong></span> <span class='ocrx_word' id='word_1_827' title='bbox 1996 4245 2075 4301; x_wconf 88' lang='lat' dir='ltr'><strong>Ne</strong></span> <span class='ocrx_word' id='word_1_828' title='bbox 2101 4245 2314 4302; x_wconf 91' lang='lat' dir='ltr'><strong>dederis</strong></span> <span class='ocrx_word' id='word_1_829' title='bbox 2340 4261 2588 4304; x_wconf 86' lang='lat' dir='ltr'><strong>somnum</strong></span> <span class='ocrx_word' id='word_1_830' title='bbox 2613 4246 2785 4302; x_wconf 90' lang='lat' dir='ltr'><strong>oculis</strong></span> <span class='ocrx_word' id='word_1_831' title='bbox 2812 4247 2918 4301; x_wconf 91' lang='lat' dir='ltr'><strong>tuis</strong></span> <span class='ocrx_word' id='word_1_832' title='bbox 2935 4288 2949 4313; x_wconf 92' lang='lat'><strong>,</strong></span> <span class='ocrx_word' id='word_1_833' title='bbox 2976 4264 3152 4318; x_wconf 88' lang='lat' dir='ltr'><strong>neque</strong></span> <span class='ocrx_word' id='word_1_834' title='bbox 3188 4249 3527 4308; x_wconf 87' lang='lat' dir='ltr'><strong>dormitatio-</strong></span> 
     </span>
    </p>
   </div>
   <div class='ocr_carea' id='block_1_103' title="bbox 1936 4333 3527 4408">
    <p class='ocr_par' dir='ltr' id='par_1_103' title="bbox 1936 4333 3527 4408">
     <span class='ocr_line' id='line_1_103' title="bbox 1936 4333 3527 4408; baseline 0.006 -18"><span class='ocrx_word' id='word_1_835' title='bbox 1936 4351 2063 4392; x_wconf 88' lang='lat' dir='ltr'><strong>nem</strong></span> <span class='ocrx_word' id='word_1_836' title='bbox 2091 4335 2364 4406; x_wconf 89' lang='lat' dir='ltr'><strong>palpebris</strong></span> <span class='ocrx_word' id='word_1_837' title='bbox 2395 4336 2498 4390; x_wconf 93' lang='lat' dir='ltr'><strong>tuis</strong></span> <span class='ocrx_word' id='word_1_838' title='bbox 2522 4333 2705 4407; x_wconf 85' lang='lat' dir='ltr'><strong>(Prov.</strong></span> <span class='ocrx_word' id='word_1_839' title='bbox 2739 4335 2835 4407; x_wconf 80' lang='lat' dir='ltr'><strong>vi).</strong></span> <span class='ocrx_word' id='word_1_840' title='bbox 2868 4357 2888 4388; x_wconf 71' lang='grc' dir='ltr'><strong>ι</strong></span> <span class='ocrx_word' id='word_1_841' title='bbox 2921 4337 2996 4392; x_wconf 89' lang='lat' dir='ltr'><strong>De</strong></span> <span class='ocrx_word' id='word_1_842' title='bbox 3035 4339 3231 4408; x_wconf 90' lang='lat' dir='ltr'><strong>quibus</strong></span> <span class='ocrx_word' id='word_1_843' title='bbox 3271 4347 3326 4395; x_wconf 91' lang='lat' dir='ltr'><strong>et</strong></span> <span class='ocrx_word' id='word_1_844' title='bbox 3361 4339 3527 4399; x_wconf 84' lang='lat' dir='ltr'><strong>Judas</strong></span> 
     </span>
    </p>
   </div>
   <div class='ocr_carea' id='block_1_104' title="bbox 1937 4425 3529 4496">
    <p class='ocr_par' dir='ltr' id='par_1_104' title="bbox 1937 4425 3529 4496">
     <span class='ocr_line' id='line_1_104' title="bbox 1937 4425 3529 4496; baseline 0.005 -16"><span class='ocrx_word' id='word_1_845' title='bbox 1937 4427 2214 4496; x_wconf 90' lang='lat' dir='ltr'><strong>apostolus</strong></span> <span class='ocrx_word' id='word_1_846' title='bbox 2239 4425 2515 4496; x_wconf 89' lang='lat' dir='ltr'><strong>loquitur:</strong></span> <span class='ocrx_word' id='word_1_847' title='bbox 2555 4445 2573 4477; x_wconf 75' lang='grc' dir='ltr'><strong>ι</strong></span> <span class='ocrx_word' id='word_1_848' title='bbox 2613 4425 2874 4482; x_wconf 90' lang='lat' dir='ltr'><strong>Similiter</strong></span> <span class='ocrx_word' id='word_1_849' title='bbox 2903 4437 2958 4483; x_wconf 92' lang='lat' dir='ltr'><strong>et</strong></span> <span class='ocrx_word' id='word_1_850' title='bbox 2982 4430 3034 4483; x_wconf 92' lang='lat' dir='ltr'><strong>hi</strong></span> <span class='ocrx_word' id='word_1_851' title='bbox 3058 4432 3389 4488; x_wconf 88' lang='lat' dir='ltr'><strong>somniantes</strong></span> <span class='ocrx_word' id='word_1_852' title='bbox 3415 4449 3529 4488; x_wconf 87' lang='lat' dir='ltr'><strong>ear-</strong></span> 
     </span>
    </p>
   </div>
   <div class='ocr_carea' id='block_1_105' title="bbox 1941 4517 3528 4595">
    <p class='ocr_par' dir='ltr' id='par_1_105' title="bbox 1941 4517 3528 4595">
     <span class='ocr_line' id='line_1_105' title="bbox 1941 4517 3528 4595; baseline 0.005 -24"><span class='ocrx_word' id='word_1_853' title='bbox 1941 4531 2065 4571; x_wconf 91' lang='lat' dir='ltr'><strong>nem</strong></span> <span class='ocrx_word' id='word_1_854' title='bbox 2101 4517 2315 4587; x_wconf 90' lang='lat' dir='ltr'><strong>quidem</strong></span> <span class='ocrx_word' id='word_1_855' title='bbox 2350 4517 2660 4572; x_wconf 89' lang='lat' dir='ltr'><strong>maculant:</strong></span> <span class='ocrx_word' id='word_1_856' title='bbox 2692 4517 3115 4576; x_wconf 89' lang='lat' dir='ltr'><strong>dominationem</strong></span> <span class='ocrx_word' id='word_1_857' title='bbox 3156 4533 3335 4577; x_wconf 88' lang='lat' dir='ltr'><strong>autem</strong></span> <span class='ocrx_word' id='word_1_858' title='bbox 3376 4541 3528 4595; x_wconf 83' lang='lat' dir='ltr'><strong>sper—</strong></span> 
     </span>
    </p>
   </div>
   <div class='ocr_carea' id='block_1_106' title="bbox 1941 4607 3526 4685">
    <p class='ocr_par' dir='ltr' id='par_1_106' title="bbox 1941 4607 3526 4685">
     <span class='ocr_line' id='line_1_106' title="bbox 1941 4607 3526 4685; baseline 0.004 -23"><span class='ocrx_word' id='word_1_859' title='bbox 1941 4616 2079 4664; x_wconf 87' lang='lat' dir='ltr'><strong>nunt</strong></span> <span class='ocrx_word' id='word_1_860' title='bbox 2103 4607 2256 4682; x_wconf 76' lang='lat' dir='ltr'><strong>(Iud.</strong></span> <span class='ocrx_word' id='word_1_861' title='bbox 2289 4607 2377 4681; x_wconf 91' lang='lat'><strong>8);</strong></span> <span class='ocrx_word' id='word_1_862' title='bbox 2414 4627 2433 4659; x_wconf 72' lang='grc' dir='ltr'><strong>ι</strong></span> <span class='ocrx_word' id='word_1_863' title='bbox 2463 4623 2694 4678; x_wconf 89' lang='lat' dir='ltr'><strong>quorum</strong></span> <span class='ocrx_word' id='word_1_864' title='bbox 2739 4625 2891 4666; x_wconf 89' lang='lat' dir='ltr'><strong>mens</strong></span> <span class='ocrx_word' id='word_1_865' title='bbox 2932 4627 3270 4682; x_wconf 88' lang='lat' dir='ltr'><strong>nequaquam</strong></span> <span class='ocrx_word' id='word_1_866' title='bbox 3302 4614 3526 4685; x_wconf 82' lang='lat' dir='ltr'><strong>vigilat,</strong></span> 
     </span>
    </p>
   </div>
   <div class='ocr_carea' id='block_1_107' title="bbox 1939 4703 3530 4776">
    <p class='ocr_par' dir='ltr' id='par_1_107' title="bbox 1939 4703 3530 4776">
     <span class='ocr_line' id='line_1_107' title="bbox 1939 4703 3530 4776; baseline 0.004 -18"><span class='ocrx_word' id='word_1_867' title='bbox 1939 4703 2032 4758; x_wconf 89' lang='lat' dir='ltr'><strong>sed</strong></span> <span class='ocrx_word' id='word_1_868' title='bbox 2079 4703 2404 4774; x_wconf 60' lang='lat' dir='ltr'><strong>arrogantia;</strong></span> <span class='ocrx_word' id='word_1_869' title='bbox 2447 4711 2502 4757; x_wconf 90' lang='lat' dir='ltr'><strong>et</strong></span> <span class='ocrx_word' id='word_1_870' title='bbox 2541 4703 2744 4759; x_wconf 89' lang='lat' dir='ltr'><strong>erroris</strong></span> <span class='ocrx_word' id='word_1_871' title='bbox 2793 4719 2987 4774; x_wconf 89' lang='lat' dir='ltr'><strong>sopore</strong></span> <span class='ocrx_word' id='word_1_872' title='bbox 3032 4705 3307 4776; x_wconf 91' lang='lat' dir='ltr'><strong>depressa,</strong></span> <span class='ocrx_word' id='word_1_873' title='bbox 3351 4710 3530 4764; x_wconf 90' lang='lat' dir='ltr'><strong>noctis</strong></span> 
     </span>
    </p>
   </div>
   <div class='ocr_carea' id='block_1_108' title="bbox 1940 4793 3526 4868">
    <p class='ocr_par' dir='ltr' id='par_1_108' title="bbox 1940 4793 3526 4868">
     <span class='ocr_line' id='line_1_108' title="bbox 1940 4793 3526 4868; baseline 0.001 -18"><span class='ocrx_word' id='word_1_874' title='bbox 1940 4795 2166 4851; x_wconf 89' lang='lat' dir='ltr'><strong>horrore</strong></span> <span class='ocrx_word' id='word_1_875' title='bbox 2189 4793 2588 4861; x_wconf 89' lang='lat' dir='ltr'><strong>circumdatur;</strong></span> <span class='ocrx_word' id='word_1_876' title='bbox 2630 4796 2826 4864; x_wconf 89' lang='lat' dir='ltr'><strong>quibus</strong></span> <span class='ocrx_word' id='word_1_877' title='bbox 2869 4796 3110 4866; x_wconf 92' lang='lat' dir='ltr'><strong>loquitur</strong></span> <span class='ocrx_word' id='word_1_878' title='bbox 3148 4805 3202 4852; x_wconf 93' lang='lat' dir='ltr'><strong>et</strong></span> <span class='ocrx_word' id='word_1_879' title='bbox 3251 4800 3526 4868; x_wconf 89' lang='lat' dir='ltr'><strong>apostolus</strong></span> 
     </span>
    </p>
   </div>
   <div class='ocr_carea' id='block_1_109' title="bbox 1938 4885 3523 4960">
    <p class='ocr_par' dir='ltr' id='par_1_109' title="bbox 1938 4885 3523 4960">
     <span class='ocr_line' id='line_1_109' title="bbox 1938 4885 3523 4960; baseline 0.003 -20"><span class='ocrx_word' id='word_1_880' title='bbox 1938 4885 2136 4941; x_wconf 88' lang='lat' dir='ltr'><strong>Paulus</strong></span> <span class='ocrx_word' id='word_1_881' title='bbox 2160 4903 2173 4940; x_wconf 89' lang='lat'><strong>:</strong></span> <span class='ocrx_word' id='word_1_882' title='bbox 2194 4906 2212 4938; x_wconf 74' lang='grc' dir='ltr'><strong>ι</strong></span> <span class='ocrx_word' id='word_1_883' title='bbox 2241 4885 2488 4952; x_wconf 87' lang='lat' dir='ltr'><strong>Elevare,</strong></span> <span class='ocrx_word' id='word_1_884' title='bbox 2514 4887 2604 4956; x_wconf 92' lang='lat' dir='ltr'><strong>qui</strong></span> <span class='ocrx_word' id='word_1_885' title='bbox 2633 4887 2858 4952; x_wconf 90' lang='lat' dir='ltr'><strong>dormis,</strong></span> <span class='ocrx_word' id='word_1_886' title='bbox 2886 4896 2940 4943; x_wconf 92' lang='lat' dir='ltr'><strong>et</strong></span> <span class='ocrx_word' id='word_1_887' title='bbox 2965 4902 3197 4960; x_wconf 79' lang='lat' dir='ltr'><strong>exsurge</strong></span> <span class='ocrx_word' id='word_1_888' title='bbox 3217 4904 3248 4942; x_wconf 89' lang='lat' dir='ltr'><strong>a</strong></span> <span class='ocrx_word' id='word_1_889' title='bbox 3273 4889 3523 4953; x_wconf 88' lang='lat' dir='ltr'><strong>mortuis,</strong></span> 
     </span>
    </p>
   </div>
   <div class='ocr_carea' id='block_1_110' title="bbox 1939 4975 3183 5049">
    <p class='ocr_par' dir='ltr' id='par_1_110' title="bbox 1939 4975 3183 5049">
     <span class='ocr_line' id='line_1_110' title="bbox 1939 4975 3183 5049; baseline -0.002 -17"><span class='ocrx_word' id='word_1_890' title='bbox 1939 4986 1996 5032; x_wconf 88' lang='lat' dir='ltr'><strong>et</strong></span> <span class='ocrx_word' id='word_1_891' title='bbox 2023 4976 2342 5032; x_wconf 87' lang='lat' dir='ltr'><strong>illuminabit</strong></span> <span class='ocrx_word' id='word_1_892' title='bbox 2377 4984 2430 5031; x_wconf 85' lang='lat' dir='ltr'><strong>te</strong></span> <span class='ocrx_word' id='word_1_893' title='bbox 2455 4975 2704 5031; x_wconf 81' lang='lat' dir='ltr'><strong>Christus</strong></span> <span class='ocrx_word' id='word_1_894' title='bbox 2726 4975 2944 5049; x_wconf 71' lang='lat' dir='ltr'><strong>(Epiros.</strong></span> <span class='ocrx_word' id='word_1_895' title='bbox 2977 4981 3053 5040; x_wconf 89' lang='lat' dir='ltr'><strong>v).</strong></span> <span class='ocrx_word' id='word_1_896' title='bbox 3094 4996 3114 5029; x_wconf 73' lang='grc' dir='ltr'><strong>ι</strong></span> <span class='ocrx_word' id='word_1_897' title='bbox 3180 5034 3183 5036; x_wconf 97' lang='lat'><em>_</em></span> 
     </span>
    </p>
   </div>
   <div class='ocr_carea' id='block_1_111' title="bbox 2018 5067 3524 5138">
    <p class='ocr_par' dir='ltr' id='par_1_111' title="bbox 2018 5067 3524 5138">
     <span class='ocr_line' id='line_1_111' title="bbox 2018 5067 3524 5138; baseline 0.001 -16"><span class='ocrx_word' id='word_1_898' title='bbox 2018 5088 2036 5122; x_wconf 74' lang='grc' dir='ltr'><strong>ι</strong></span> <span class='ocrx_word' id='word_1_899' title='bbox 2081 5069 2215 5138; x_wconf 87' lang='lat' dir='ltr'><strong>Quia</strong></span> <span class='ocrx_word' id='word_1_900' title='bbox 2245 5070 2358 5124; x_wconf 67' lang='lat' dir='ltr'><strong>haec</strong></span> <span class='ocrx_word' id='word_1_901' title='bbox 2381 5069 2512 5125; x_wconf 91' lang='lat' dir='ltr'><strong>dicit</strong></span> <span class='ocrx_word' id='word_1_902' title='bbox 2535 5070 2794 5124; x_wconf 91' lang='lat' dir='ltr'><strong>Dominus</strong></span> <span class='ocrx_word' id='word_1_903' title='bbox 2821 5085 2835 5124; x_wconf 89' lang='lat'><strong>:</strong></span> <span class='ocrx_word' id='word_1_904' title='bbox 2862 5068 2996 5125; x_wconf 90' lang='lat' dir='ltr'><strong>Cum</strong></span> <span class='ocrx_word' id='word_1_905' title='bbox 3021 5069 3287 5137; x_wconf 69' lang='lat' dir='ltr'><strong>eruperint</strong></span> <span class='ocrx_word' id='word_1_906' title='bbox 3315 5067 3524 5136; x_wconf 84' lang='lat' dir='ltr'><strong>impleri</strong></span> 
     </span>
    </p>
   </div>
   <div class='ocr_carea' id='block_1_112' title="bbox 1945 5159 3527 5233">
    <p class='ocr_par' dir='ltr' id='par_1_112' title="bbox 1945 5159 3527 5233">
     <span class='ocr_line' id='line_1_112' title="bbox 1945 5159 3527 5233; baseline -0.001 -18"><span class='ocrx_word' id='word_1_907' title='bbox 1945 5181 1964 5215; x_wconf 69' lang='grc' dir='ltr'><strong>ι</strong></span> <span class='ocrx_word' id='word_1_908' title='bbox 2009 5163 2062 5217; x_wconf 94' lang='lat' dir='ltr'><strong>in</strong></span> <span class='ocrx_word' id='word_1_909' title='bbox 2094 5161 2366 5233; x_wconf 89' lang='lat' dir='ltr'><strong>Babylone</strong></span> <span class='ocrx_word' id='word_1_910' title='bbox 2387 5163 2725 5232; x_wconf 86' lang='lat' dir='ltr'><strong>septuaginta</strong></span> <span class='ocrx_word' id='word_1_911' title='bbox 2756 5161 2905 5226; x_wconf 92' lang='lat' dir='ltr'><strong>anni,</strong></span> <span class='ocrx_word' id='word_1_912' title='bbox 2937 5159 3171 5213; x_wconf 90' lang='lat' dir='ltr'><strong>visitabo</strong></span> <span class='ocrx_word' id='word_1_913' title='bbox 3199 5173 3295 5212; x_wconf 89' lang='lat' dir='ltr'><strong>vos</strong></span> <span class='ocrx_word' id='word_1_914' title='bbox 3323 5167 3374 5212; x_wconf 89' lang='lat' dir='ltr'><strong>et</strong></span> <span class='ocrx_word' id='word_1_915' title='bbox 3401 5173 3527 5214; x_wconf 88' lang='lat' dir='ltr'><strong>sus-</strong></span> 
     </span>
    </p>
   </div>
   <div class='ocr_carea' id='block_1_113' title="bbox 1944 5249 3528 5324">
    <p class='ocr_par' dir='ltr' id='par_1_113' title="bbox 1944 5249 3528 5324">
     <span class='ocr_line' id='line_1_113' title="bbox 1944 5249 3528 5324; baseline -0.004 -14"><span class='ocrx_word' id='word_1_916' title='bbox 1944 5277 1963 5310; x_wconf 77' lang='grc' dir='ltr'>σ</span> <span class='ocrx_word' id='word_1_917' title='bbox 2009 5255 2190 5312; x_wconf 89' lang='lat' dir='ltr'><strong>citabo</strong></span> <span class='ocrx_word' id='word_1_918' title='bbox 2231 5269 2393 5324; x_wconf 88' lang='lat' dir='ltr'><strong>super</strong></span> <span class='ocrx_word' id='word_1_919' title='bbox 2422 5270 2517 5310; x_wconf 92' lang='lat' dir='ltr'><strong>vos</strong></span> <span class='ocrx_word' id='word_1_920' title='bbox 2541 5255 2766 5309; x_wconf 85' lang='lat' dir='ltr'><strong>verbum</strong></span> <span class='ocrx_word' id='word_1_921' title='bbox 2802 5267 2980 5307; x_wconf 90' lang='lat' dir='ltr'><strong>meum</strong></span> <span class='ocrx_word' id='word_1_922' title='bbox 3021 5251 3250 5314; x_wconf 89' lang='lat' dir='ltr'><strong>bonum,</strong></span> <span class='ocrx_word' id='word_1_923' title='bbox 3279 5257 3340 5304; x_wconf 91' lang='lat' dir='ltr'><strong>ut</strong></span> <span class='ocrx_word' id='word_1_924' title='bbox 3367 5249 3528 5306; x_wconf 91' lang='lat' dir='ltr'><strong>redu-</strong></span> 
     </span>
    </p>
   </div>
   <div class='ocr_carea' id='block_1_114' title="bbox 1945 5340 3527 5412">
    <p class='ocr_par' dir='ltr' id='par_1_114' title="bbox 1945 5340 3527 5412">
     <span class='ocr_line' id='line_1_114' title="bbox 1945 5340 3527 5412; baseline -0.002 -13"><span class='ocrx_word' id='word_1_925' title='bbox 1945 5365 1963 5399; x_wconf 76' lang='grc' dir='ltr'><strong>ι</strong></span> <span class='ocrx_word' id='word_1_926' title='bbox 2007 5361 2125 5401; x_wconf 90' lang='lat' dir='ltr'><strong>eam</strong></span> <span class='ocrx_word' id='word_1_927' title='bbox 2138 5359 2236 5399; x_wconf 91' lang='lat' dir='ltr'><strong>vos</strong></span> <span class='ocrx_word' id='word_1_928' title='bbox 2252 5345 2319 5399; x_wconf 89' lang='lat' dir='ltr'><strong>ad</strong></span> <span class='ocrx_word' id='word_1_929' title='bbox 2345 5344 2520 5398; x_wconf 88' lang='lat' dir='ltr'><strong>locum</strong></span> <span class='ocrx_word' id='word_1_930' title='bbox 2543 5343 2726 5399; x_wconf 84' lang='lat' dir='ltr'><strong>istum.</strong></span> <span class='ocrx_word' id='word_1_931' title='bbox 2743 5343 2856 5412; x_wconf 89' lang='lat' dir='ltr'><strong>Ego</strong></span> <span class='ocrx_word' id='word_1_932' title='bbox 2874 5341 3014 5395; x_wconf 92' lang='lat' dir='ltr'><strong>enim</strong></span> <span class='ocrx_word' id='word_1_933' title='bbox 3033 5340 3148 5395; x_wconf 90' lang='lat' dir='ltr'><strong>scio</strong></span> <span class='ocrx_word' id='word_1_934' title='bbox 3171 5340 3527 5407; x_wconf 81' lang='lat' dir='ltr'><strong>cogitationes</strong></span> 
     </span>
    </p>
   </div>
   <div class='ocr_carea' id='block_1_115' title="bbox 1947 5431 3528 5509">
    <p class='ocr_par' dir='ltr' id='par_1_115' title="bbox 1947 5431 3528 5509">
     <span class='ocr_line' id='line_1_115' title="bbox 1947 5431 3528 5509; baseline -0.003 -18"><span class='ocrx_word' id='word_1_935' title='bbox 1947 5457 1965 5491; x_wconf 73' lang='grc' dir='ltr'><strong>ι</strong></span> <span class='ocrx_word' id='word_1_936' title='bbox 2006 5453 2145 5509; x_wconf 89' lang='lat' dir='ltr'><strong>quas</strong></span> <span class='ocrx_word' id='word_1_937' title='bbox 2169 5437 2347 5508; x_wconf 86' lang='lat' dir='ltr'><strong>cogito</strong></span> <span class='ocrx_word' id='word_1_938' title='bbox 2371 5451 2534 5506; x_wconf 89' lang='lat' dir='ltr'><strong>super</strong></span> <span class='ocrx_word' id='word_1_939' title='bbox 2551 5451 2670 5499; x_wconf 89' lang='lat' dir='ltr'><strong>vos,</strong></span> <span class='ocrx_word' id='word_1_940' title='bbox 2693 5434 2829 5488; x_wconf 89' lang='lat' dir='ltr'><strong>dicit</strong></span> <span class='ocrx_word' id='word_1_941' title='bbox 2849 5433 3109 5488; x_wconf 89' lang='lat' dir='ltr'><strong>Dominus</strong></span> <span class='ocrx_word' id='word_1_942' title='bbox 3131 5450 3145 5485; x_wconf 90' lang='lat'><strong>:</strong></span> <span class='ocrx_word' id='word_1_943' title='bbox 3171 5431 3528 5503; x_wconf 87' lang='lat' dir='ltr'><strong>cogitationes</strong></span> 
     </span>
    </p>
   </div>
   <div class='ocr_carea' id='block_1_116' title="bbox 1946 5520 3528 5601">
    <p class='ocr_par' dir='ltr' id='par_1_116' title="bbox 1946 5520 3528 5601">
     <span class='ocr_line' id='line_1_116' title="bbox 1946 5520 3528 5601; baseline -0.004 -19"><span class='ocrx_word' id='word_1_944' title='bbox 1946 5551 1964 5582; x_wconf 72' lang='grc' dir='ltr'><strong>ι</strong></span> <span class='ocrx_word' id='word_1_945' title='bbox 2010 5529 2162 5601; x_wconf 90' lang='lat' dir='ltr'><strong>pacis</strong></span> <span class='ocrx_word' id='word_1_946' title='bbox 2195 5537 2252 5582; x_wconf 89' lang='lat' dir='ltr'><strong>et</strong></span> <span class='ocrx_word' id='word_1_947' title='bbox 2275 5542 2383 5582; x_wconf 93' lang='lat' dir='ltr'><strong>non</strong></span> <span class='ocrx_word' id='word_1_948' title='bbox 2413 5524 2751 5590; x_wconf 81' lang='lat' dir='ltr'><strong>alliictionis,</strong></span> <span class='ocrx_word' id='word_1_949' title='bbox 2779 5531 2841 5578; x_wconf 89' lang='lat' dir='ltr'><strong>ut</strong></span> <span class='ocrx_word' id='word_1_950' title='bbox 2883 5523 3002 5578; x_wconf 88' lang='lat' dir='ltr'><strong>dem</strong></span> <span class='ocrx_word' id='word_1_951' title='bbox 3033 5521 3185 5577; x_wconf 91' lang='lat' dir='ltr'><strong>vobis</strong></span> <span class='ocrx_word' id='word_1_952' title='bbox 3229 5521 3390 5576; x_wconf 89' lang='lat' dir='ltr'><strong>ﬁnem</strong></span> <span class='ocrx_word' id='word_1_953' title='bbox 3428 5520 3528 5576; x_wconf 84' lang='lat' dir='ltr'><strong>bo-</strong></span> 
     </span>
    </p>
   </div>
   <div class='ocr_carea' id='block_1_117' title="bbox 1946 5615 3524 5689">
    <p class='ocr_par' dir='ltr' id='par_1_117' title="bbox 1946 5615 3524 5689">
     <span class='ocr_line' id='line_1_117' title="bbox 1946 5615 3524 5689; baseline -0.001 -17"><span class='ocrx_word' id='word_1_954' title='bbox 1946 5641 1964 5672; x_wconf 74' lang='grc' dir='ltr'><strong>ς</strong></span> <span class='ocrx_word' id='word_1_955' title='bbox 2011 5636 2162 5686; x_wconf 91' lang='lat' dir='ltr'><strong>num,</strong></span> <span class='ocrx_word' id='word_1_956' title='bbox 2192 5628 2248 5676; x_wconf 88' lang='lat' dir='ltr'><strong>et</strong></span> <span class='ocrx_word' id='word_1_957' title='bbox 2271 5619 2584 5689; x_wconf 89' lang='lat' dir='ltr'><strong>patientiam</strong></span> <span class='ocrx_word' id='word_1_958' title='bbox 2611 5617 2738 5689; x_wconf 76' lang='lat' dir='ltr'><strong>(sive</strong></span> <span class='ocrx_word' id='word_1_959' title='bbox 2760 5616 2969 5689; x_wconf 84' lang='lat' dir='ltr'><strong>spem);</strong></span> <span class='ocrx_word' id='word_1_960' title='bbox 2994 5624 3048 5670; x_wconf 90' lang='lat' dir='ltr'><strong>et</strong></span> <span class='ocrx_word' id='word_1_961' title='bbox 3075 5615 3398 5671; x_wconf 88' lang='lat' dir='ltr'><strong>invocabitis</strong></span> <span class='ocrx_word' id='word_1_962' title='bbox 3413 5629 3524 5681; x_wconf 88' lang='lat' dir='ltr'><strong>me,</strong></span> 
     </span>
    </p>
   </div>
   <div class='ocr_carea' id='block_1_118' title="bbox 1943 5706 3528 5783">
    <p class='ocr_par' dir='ltr' id='par_1_118' title="bbox 1943 5706 3528 5783">
     <span class='ocr_line' id='line_1_118' title="bbox 1943 5706 3528 5783; baseline -0.004 -17"><span class='ocrx_word' id='word_1_963' title='bbox 1943 5732 1963 5766; x_wconf 72' lang='grc' dir='ltr'><strong>ι</strong></span> <span class='ocrx_word' id='word_1_964' title='bbox 2005 5721 2060 5768; x_wconf 89' lang='lat' dir='ltr'><strong>et</strong></span> <span class='ocrx_word' id='word_1_965' title='bbox 2079 5711 2226 5768; x_wconf 91' lang='lat' dir='ltr'><strong>ibitis</strong></span> <span class='ocrx_word' id='word_1_966' title='bbox 2238 5710 2363 5783; x_wconf 78' lang='lat' dir='ltr'><strong>(sive</strong></span> <span class='ocrx_word' id='word_1_967' title='bbox 2383 5710 2534 5779; x_wconf 74' lang='lat' dir='ltr'><strong>iuxta</strong></span> <span class='ocrx_word' id='word_1_968' title='bbox 2548 5707 2924 5781; x_wconf 82' lang='lat' dir='ltr'><strong>Symmachum</strong></span> <span class='ocrx_word' id='word_1_969' title='bbox 2948 5706 3252 5778; x_wconf 90' lang='lat' dir='ltr'><strong>invenietis)</strong></span> <span class='ocrx_word' id='word_1_970' title='bbox 3267 5714 3322 5762; x_wconf 91' lang='lat' dir='ltr'><strong>et</strong></span> <span class='ocrx_word' id='word_1_971' title='bbox 3340 5706 3528 5761; x_wconf 82' lang='lat' dir='ltr'><strong>orabi-</strong></span> 
     </span>
    </p>
   </div>
   <div class='ocr_carea' id='block_1_119' title="bbox 1947 5797 3523 5875">
    <p class='ocr_par' dir='ltr' id='par_1_119' title="bbox 1947 5797 3523 5875">
     <span class='ocr_line' id='line_1_119' title="bbox 1947 5797 3523 5875; baseline -0.006 -15"><span class='ocrx_word' id='word_1_972' title='bbox 1947 5829 1963 5860; x_wconf 78' lang='grc' dir='ltr'><strong>ι</strong></span> <span class='ocrx_word' id='word_1_973' title='bbox 2009 5806 2081 5862; x_wconf 91' lang='lat' dir='ltr'><strong>tis</strong></span> <span class='ocrx_word' id='word_1_974' title='bbox 2106 5821 2212 5872; x_wconf 89' lang='lat' dir='ltr'><strong>me,</strong></span> <span class='ocrx_word' id='word_1_975' title='bbox 2228 5812 2283 5862; x_wconf 90' lang='lat' dir='ltr'><strong>et</strong></span> <span class='ocrx_word' id='word_1_976' title='bbox 2306 5803 2592 5861; x_wconf 78' lang='lat' dir='ltr'><strong>exaudiam</strong></span> <span class='ocrx_word' id='word_1_977' title='bbox 2607 5819 2733 5860; x_wconf 89' lang='lat' dir='ltr'><strong>vos:</strong></span> <span class='ocrx_word' id='word_1_978' title='bbox 2752 5801 3008 5875; x_wconf 66' lang='lat' dir='ltr'><strong>qumretis</strong></span> <span class='ocrx_word' id='word_1_979' title='bbox 3029 5816 3115 5858; x_wconf 88' lang='lat' dir='ltr'><strong>me</strong></span> <span class='ocrx_word' id='word_1_980' title='bbox 3136 5807 3190 5858; x_wconf 89' lang='lat' dir='ltr'><strong>et</strong></span> <span class='ocrx_word' id='word_1_981' title='bbox 3213 5797 3523 5860; x_wconf 86' lang='lat' dir='ltr'><strong>invenietis,</strong></span> 
     </span>
    </p>
   </div>
  </div>
