4022 6186
539 331 679 386 1019
737 385 742 390 .

1175 329 1236 384 Β.
1275 324 1531 384 RABANI
1565 325 1784 384 MAURI
1821 326 2139 388 ARCHIEP.
2177 323 2790 384 MOGUNT.OPERUM
2823 322 3005 380 PARS
3033 323 3121 379 ιιι.

3663 330 3794 386 1020

544 461 564 494 ι
607 455 730 495 cum
758 438 1082 510 quaesieritis
1113 453 1200 494 me
1228 437 1281 492 in
1313 446 1426 494 toto
1460 439 1624 494 corde
1648 447 1851 505 vestro,
1879 449 1936 494 et
1965 439 2120 494 inve-
2147 443 2196 501 Α
2230 455 2250 488 ι
2297 445 2436 503 tens,
2459 444 2514 493 et
2536 452 2641 493 non
2664 437 2913 504 audistis,
2936 438 3068 494 dicit
3097 438 3374 495 Dominus.
3400 440 3508 498 Vos
3539 456 3672 514 ergo
3701 460 3788 498 au-

545 551 563 584 c
615 531 736 585 niar
757 545 789 588 a
811 529 963 584 vobis
990 528 1114 600 (sive
1137 529 1407 599 apparebo
1425 527 1624 600 vobis),
1643 529 1774 584 dicit
1794 529 2072 585 Dominus.
2095 549 2115 582 ›

539 622 737 688 Nolite,
782 622 976 691 inquit,
1005 621 1226 675 credere
1253 621 1772 691 pseudoprophetis,
1821 621 2020 676 divinis
2066 628 2121 676 et

539 713 962 771 somniatoribus
995 713 1210 776 vestris,
1233 711 1324 781 qui
1352 711 1503 766 vobis
1532 711 1767 766 vicinum
1787 711 1842 766 in
1866 709 2122 766 Hierusa-

539 807 644 862 lem
678 805 906 860 reditum
945 803 1270 873 pollicentur
1295 818 1308 856 :
1333 804 1436 857 nisi
1463 804 1606 858 enim
1631 804 1968 874 septuaginta
1993 805 2118 860 anni

537 895 738 966 ertpleti
769 893 998 958 fuerint,
1031 893 1174 964 Cyro
1218 909 1342 964 rege
1381 893 1673 948 Persarum
1709 903 1835 950 ante
1876 895 2120 966 captivos

537 988 868 1052 remittente,
899 1001 1238 1055 nequaquam
1279 985 1333 1040 in
1368 986 1603 1056 patriam
1636 985 1980 1040 revertemini
2014 1003 2026 1039 :
2065 994 2122 1040 et

539 1087 667 1132 tunc
697 1077 749 1132 in
784 1093 846 1132 ea
873 1077 1139 1146 promissa
1179 1075 1489 1147 complebo,
1527 1085 1586 1130 ut
1620 1077 1871 1133 reducam
1911 1092 2008 1132 vos
2051 1076 2119 1134 ad

535 1167 714 1222 locum
745 1167 942 1222 istum?
969 1167 1080 1237 Ego
1109 1167 1253 1221 enim
1289 1167 1404 1221 scio
1429 1167 1820 1237 cogitationes,
1859 1184 1995 1238 quas
2029 1185 2120 1226 co-

535 1259 648 1332 gito
679 1274 840 1328 super
868 1274 998 1324 vos,
1044 1258 1119 1312 ait
1142 1257 1421 1313 Dominus.
1457 1279 1476 1310 ι
1513 1257 1585 1313 Se
1623 1259 1756 1315 dicit
1789 1276 1950 1316 nosse
1988 1261 2119 1332 quid

536 1349 774 1420 cogitet:
803 1365 919 1406 mos
959 1357 1140 1404 autem
1180 1364 1302 1402 cum
1343 1349 1456 1403 suis
1495 1351 1803 1421 prophetis,
1840 1351 2040 1408 divinis
2065 1359 2122 1408 et

535 1442 958 1497 somniatoribus
995 1443 1266 1514 ignorare.
1311 1441 1642 1498 Futurorum
1684 1445 1848 1512 igitur
1890 1445 2118 1502 scientia

535 1532 633 1590 soli
671 1533 778 1588 Deo
802 1534 1056 1602 competit
1082 1551 1094 1586 :
1133 1553 1151 1584 ι
1189 1533 1257 1588 Ut
1279 1533 1400 1588 dem
1433 1533 1604 1599 vobis,
1633 1544 1727 1598 ait,
1753 1535 1912 1590 tinem
1939 1544 1992 1591 et
2024 1551 2120 1605 pa-

537 1623 816 1678 tientiam:
847 1643 867 1677 ι
916 1622 1077 1678 ﬁnem
1123 1624 1483 1694 captivitatis,
1527 1633 1581 1680 et
1618 1624 1934 1695 patientiam
1971 1625 2120 1682 hbe-

539 1728 654 1767 rum
686 1711 1062 1782 praesentium,
1100 1713 1214 1767 sive
1242 1727 1392 1782 spem
1431 1712 1758 1769 futurorum.
1784 1713 1826 1768 Τ
1832 1731 1936 1770 unc
1961 1717 2117 1772 invo-

2233 545 2252 578 ι
2297 527 2408 583 dite
2447 526 2672 583 verbum
2715 528 2945 591 Domini,
2987 528 3167 584 omnis
3207 531 3612 603 transmigratio
3638 549 3790 602 quam

2231 636 2250 670 ι
2295 617 2452 674 emisi
2497 617 2565 672 de
2596 617 2934 674 Hierusalem
2980 618 3036 673 in
3078 617 3425 690 Babylonem.
3455 639 3472 672 ι
3502 635 3560 678 -ι-
3595 637 3656 680 -ι-
3687 623 3793 679 Huc

2223 723 2394 778 usque
2410 708 2462 762 in
2478 707 2625 762 LXX
2645 723 2755 763 non
2772 707 3168 779 babenturqum
3189 709 3468 766 asteriscis
3491 715 3794 781 praenotavi,

2224 809 2418 856 etetera
2445 800 2589 855 enim
2623 800 2678 854 in
2709 799 2907 869 quibus
2933 798 3016 854 vel
3055 799 3252 870 singuli
3279 815 3496 866 versus,
3527 801 3612 856 vel
3637 817 3792 872 pauca

2223 891 2292 946 ab
2313 892 2396 946 eis
2419 890 2784 961 prmtermissa
2815 898 2942 944 sunt
2963 889 3150 955 verba,
3168 889 3350 944 victus
3373 891 3528 945 undio
3548 901 3792 948 annotare

2222 982 2391 1046 nolui,
2419 997 2488 1038 ne
2508 982 2784 1038 fastidium
2811 980 3010 1053 legenti
3025 980 3282 1036 facerem.
3305 979 3603 1036 Pollicetur
3626 990 3789 1038 autem

2222 1074 2482 1130 Dominus
2509 1073 2614 1139 his,
2639 1073 2729 1144 qui
2747 1080 2906 1128 erant
2922 1073 2976 1126 in
3001 1072 3496 1142 transmigratione,
3521 1072 3662 1142 quod
3687 1083 3791 1142 post

2220 1165 2559 1236 septuaginta
2601 1179 2772 1220 annos
2815 1163 3148 1235 captivitatis
3195 1163 3378 1218 redire
3410 1179 3504 1218 eos
3537 1162 3698 1218 faciat
3734 1167 3788 1219 de

2220 1255 2490 1312 universis
2511 1255 2783 1326 gentibus,
2809 1253 2877 1309 de
2899 1253 3110 1308 cunctis
3129 1253 3288 1316 locis,
3317 1253 3384 1308 ad
3406 1269 3528 1324 qua:
3546 1253 3789 1324 expulerit

2220 1363 2334 1411 eos,
2355 1355 2417 1402 et
2431 1348 2744 1416 captivitate
2769 1346 2949 1400 laxata
2968 1345 3256 1416 pristinqu
3279 1354 3481 1400 statum
3503 1353 3560 1399 et
3581 1346 3786 1415 patriam

2220 1437 2478 1507 recipere.
2513 1437 2580 1492 Et
2609 1452 2730 1491 cum
2759 1451 2858 1508 ego
2885 1436 3021 1499 haec,
3055 1435 3250 1506 inquit,
3283 1450 3402 1490 mea
3426 1445 3621 1504 sponte
3644 1434 3790 1488 factu-

2219 1543 2314 1583 rus
2349 1527 2470 1594 sim,
2501 1536 2556 1582 et
2583 1533 2732 1582 certo
2765 1535 3003 1594 tempore
3031 1525 3301 1580 redituros
3327 1539 3454 1590 vos,
3493 1523 3688 1578 frustra
3711 1524 3792 1578 de-

2219 1617 2486 1689 cipimini,
2504 1625 2564 1673 et
2586 1616 2788 1688 putatis
2808 1632 2904 1672 vos
2923 1617 3126 1670 habere
3142 1615 3434 1685 prephetas
3447 1611 3504 1670 in
3519 1615 3785 1686 Babylone,

2221 1709 2314 1778 qui
2345 1708 2496 1762 vobis
2523 1705 2656 1764 falsa
2691 1707 3016 1778 promittunt
3043 1723 3056 1758 ε
3092 1705 3165 1758 ita
3191 1715 3369 1759 autem
3399 1705 3591 1760 sciatis
3615 1720 3787 1774 nequa-

535 1804 730 1858 cabitis
756 1820 841 1860 me
860 1813 915 1858 et
935 1803 1083 1860 ibitis
1109 1804 1443 1860 Hierusalem
1473 1815 1528 1861 et
1561 1808 1820 1874 orabitis,
1863 1818 1917 1867 et
1954 1826 2109 1866 exau-
2148 1825 2194 1886 Β
2221 1817 2382 1872 quam
2401 1817 2494 1855 "05
2523 1800 2754 1854 Γοάίιυω
2786 1815 2930 1854 ιιιωα
2955 1813 3175 1872 sperare
3197 1800 3530 1864 άεῦοτειεεά
3546 1799 3786 1856 aediﬁcare

536 1894 681 1948 diam
707 1909 820 1950 vos.
845 1893 1004 1950 Certe
1033 1897 1236 1966 absque
1271 1896 1610 1954 invocatione
1643 1907 1700 1954 et
1725 1901 1971 1958 oratione
1985 1917 2114 1972 cap-

538 1987 768 2042 tivorum
797 1997 1012 2058 poterat
1037 1990 1258 2060 implere
1287 1991 1548 2051 Dominus
1591 1995 1734 2063 quod
1754 1996 2113 2066 promiserat:

535 2079 628 2135 sed
655 2081 907 2138 hortatur
932 2097 1026 2138 eos
1056 2084 1124 2138 ad
1159 2099 1367 2153 preces,
1391 2095 1451 2142 ut
1481 2088 1626 2156 quod
1671 2090 1997 2159 promissum
2033 2099 2119 2146 est

535 2182 844 2228 mereantur
873 2175 1140 2245 accipere.
1176 2196 1194 2230 ‹
1236 2176 1504 2244 Qua-retis
1551 2189 1605 2234 et
1653 2181 1940 2238 invenietis
1996 2199 2114 2250 me,

533 2279 658 2318 cum
677 2265 998 2332 quaesieritis
1027 2282 1114 2322 me
1139 2267 1190 2321 in
1220 2276 1330 2324 toto
1355 2272 1518 2324 corde
1537 2281 1741 2338 vestro,
1765 2294 1784 2326 ι
1807 2272 1965 2342 juxta
1987 2275 2119 2330 illud

535 2355 811 2426 Evangelii
832 2371 847 2410 :
875 2375 893 2407 ι
915 2355 1088 2414 Petite
1107 2367 1162 2413 et
1181 2361 1478 2430 accipietis,
1493 2364 1658 2432 quaeri
1669 2373 1720 2422 te
1736 2373 1793 2421 et
1812 2366 2119 2434 invenietis,

533 2445 748 2516 pulsate
777 2456 833 2502 et
865 2449 1140 2518 aperietur
1165 2449 1318 2505 vobis
1349 2451 1566 2523 (Matth.
1601 2455 1721 2524 vn).
1756 2477 1775 2509 ι
1810 2455 2118 2515 Secundum

535 2550 811 2606 anagogen
846 2538 1031 2594 tandiu
1069 2539 1125 2593 in
1155 2539 1338 2596 saeculi
1387 2540 1550 2610 hujus
1586 2543 1904 2602 confusione
1939 2562 2120 2604 versa-

539 2637 680 2688 mur,
715 2625 952 2694 quandiu
992 2627 1234 2698 requiem
1263 2631 1558 2702 septenarii
1581 2635 1792 2690 numeri
1815 2652 2125 2694 mereamur

535 2714 817 2786 accipere:
859 2724 913 2772 et
937 2727 1157 2789 accepta
1195 2721 1513 2790 pmnitentia
1542 2722 1680 2778 Deus
1715 2723 1937 2796 impleat
1977 2729 2122 2797 quod

528 2813 804 2882 promisit,
857 2821 913 2870 et
956 2815 1278 2872 reducamur
1321 2818 1389 2874 ad
1427 2819 1604 2874 locum
1649 2829 1894 2878 nostrum
1938 2821 2123 2878 Eccle-

530 2905 696 2960 siam.
725 2905 934 2962 Idcirco
959 2907 1106 2964 enim
1127 2908 1384 2966 Dominus
1421 2920 1708 2981 percutere
1743 2911 1892 2968 visus
1919 2922 2000 2967 est
2019 2951 2035 2978 ,
2065 2919 2124 2967 ut

533 3004 794 3052 sanaret:
821 2997 1078 3068 dabitque
1109 2997 1267 3056 nobis
1309 2999 1469 3056 finem
1502 3001 1705 3057 laboris
1740 3002 1910 3057 nostri
1961 3009 2123 3072 atque

535 3086 852 3154 patientiae,
901 3097 957 3142 et
1003 3088 1376 3146 invocabimus
1423 3107 1546 3147 eum
1595 3101 1652 3146 et
1695 3101 2033 3148 revertemur
2066 3095 2119 3148 in

2221 1894 2431 1960 domos,
2449 1893 2690 1964 plantare
2701 1893 2970 1964 pomaria,
2987 1893 3235 1964 accipere
3259 1908 3458 1950 uxores
3479 1904 3537 1949 et
3553 1908 3781 1965 generare

2219 1988 2381 2053 ﬁlios,
2408 1998 2464 2044 et
2495 1987 2839 2057 multiplicari
2866 2003 3093 2042 numero
3114 2027 3129 2052 ,
3162 1995 3218 2041 et
3250 1996 3464 2057 tempus
3493 1996 3779 2058 exspectare

2220 2081 2565 2152 promissum.
2597 2079 2794 2134 Audite
2827 2077 2952 2148 quid
2985 2079 3245 2133 Dominus
3277 2077 3535 2146 loquatur
3561 2078 3626 2132 ad
3651 2077 3786 2132 Sede-

2220 2175 2422 2240 chiam,
2449 2174 2541 2244 qui
2573 2189 2714 2227 nunc
2739 2181 2929 2244 regnat
2959 2172 3013 2227 in
3043 2170 3381 2226 Hierusalem
3399 2210 3416 2235 ,
3445 2179 3504 2225 et
3527 2171 3593 2226 ad
3627 2187 3784 2226 omnes

2221 2265 2554 2321 habitatores
2581 2265 2731 2319 urbis
2756 2263 2935 2335 hujus,
2962 2263 3014 2318 id
3036 2271 3119 2318 est
3143 2264 3210 2316 ad
3237 2262 3436 2318 fratres
3465 2271 3691 2326 vestros,
3713 2261 3782 2331 qui

2221 2357 2511 2412 noluerunt
2533 2355 2755 2411 obedire
2781 2371 2916 2411 mea:
2941 2355 3249 2420 sementim,
3272 2363 3330 2410 ct
3355 2354 3681 2426 Babylonem
3706 2354 3785 2409 mic

2220 2471 2380 2527 grare
2407 2455 2705 2518 vobiscum,
2732 2454 2875 2524 quod
2903 2468 3247 2524 nequaquam
3285 2455 3657 2524 captivitatem
3681 2467 3784 2524 pos.

2221 2546 2331 2602 sint
2355 2544 2616 2616 effugere,
2641 2545 2734 2600 sed
2756 2544 2954 2615 gladio.
2974 2553 3031 2600 et
3045 2544 3210 2608 fame,
3234 2553 3291 2601 et
3309 2553 3460 2616 peste
3485 2545 3783 2602 moriantur.

2227 2654 2246 2687 ι
2267 2635 2334 2690 Et
2343 2651 2540 2706 ponam
2553 2651 2648 2690 eos
2670 2635 2827 2706 quasi
2851 2635 2988 2691 ficus
3013 2635 3237 2700 malas,»
3254 2652 3392 2705 quas
3407 2637 3702 2694 Theodotio
3722 2637 3787 2691 in-

2223 2733 2552 2795 terpretatus
2569 2734 2655 2780 est
2678 2725 2957 2792 sudrinas;
2973 2725 3220 2783 Secunda
3231 2769 3245 2793 ,
3257 2729 3520 2797 pessimus
3537 2746 3556 2794 ;
3579 2729 3788 2800 Symma-

2223 2815 2356 2870 chus
2383 2815 2722 2880 novistimaa,
2750 2832 2871 2886 qua:
2907 2816 3176 2874 Hebraice
3219 2817 3568 2888 appellantur
3599 2828 3786 2885 om.

2225 2905 2330 2962 Sed
2362 2908 2688 2974 scriptorum
2713 2909 2844 2964 vitio
2865 2924 2963 2980 pro
2985 2908 3158 2965 media
3179 2909 3388 2980 syllaba
3425 2911 3550 2967 sive
3583 2911 3740 2966 littera
3759 2934 3787 2966 α

2223 2998 2472 3054 Graecum
2528 2998 2559 3056 ὂ
2627 2999 2870 3064 inolevit,
2931 3011 2992 3055 ut
3031 3016 3130 3072 pro
3191 3004 3395 3058 suarim
3459 3003 3667 3077 legatur
3715 3020 3766 3057 nt

2221 3088 2384 3143 drim.
2425 3089 2705 3157 Quomodo
2759 3099 2938 3146 autem
2995 3092 3296 3160 cophinus,
3362 3093 3478 3148 sive
3533 3093 3786 3156 calathus,

537 3179 869 3246 Ecclesiam,
897 3188 953 3235 et
988 3183 1269 3238 orabimus
1303 3193 1359 3238 et
1395 3185 1781 3240 exaudiemur;
1813 3202 2120 3256 (ιῃωι-θηιυε
2146 3189 2192 3250 c
2223 3178 2313 3247 qui
2341 3179 2572 3234 habebat
2595 3179 2732 3236 ficus
2755 3181 2947 3248 bonas,
2972 3183 3280 3252 primitivas
3304 3183 3570 3241 habuisse
3583 3186 3786 3240 dicitur:

536 3277 594 3324 et
622 3269 960 3326 inveniemus
982 3285 1128 3338 eum,
1161 3289 1283 3328 cum
1314 3290 1382 3330 ex
1409 3283 1524 3330 toto
1545 3277 1708 3332 corde
1745 3278 2120 3346 qmcsierimus

539 3361 713 3429 illum,
745 3370 803 3418 et
824 3370 954 3418 tunc
991 3364 1276 3435 apparebit
1311 3365 1485 3422 nobis.
1513 3365 1744 3433 Quidam
1781 3370 2119 3440 septuaginta

540 3467 714 3509 annos
737 3451 891 3522 juxta
925 3454 1054 3510 illud
1081 3454 1511 3524 interpretantur
1533 3458 1676 3527 quod
1709 3460 1972 3530 scriptum
1999 3469 2116 3518 est:

544 3561 562 3593 ι
596 3541 722 3599 Dies
741 3559 1009 3600 annorum
1031 3553 1362 3614 nostrorum,
1388 3549 1441 3602 iu
1471 3549 1604 3618 ipsis
1624 3552 1966 3623 septuaginta
1993 3554 2118 3610 anni

541 3635 714 3707 (Psal.
763 3637 1010 3709 LXXXIX),
1045 3657 1064 3690 ι
1095 3637 1188 3708 qui
1228 3653 1350 3694 cum
1397 3638 1598 3696 fuerint
1632 3642 1852 3710 expleti,
1898 3653 2027 3700 tunc
2052 3645 2122 3700 ad

539 3725 828 3782 Dominum
859 3737 1198 3784 revertamur
1225 3730 1278 3786 in
1309 3738 1423 3788 toto
1447 3732 1616 3788 corde
1638 3742 1844 3799 nostro,
1875 3743 1930 3790 ct
1957 3751 2123 3792 exau-

539 3817 772 3884 diamur,
808 3827 866 3874 et
891 3819 1016 3876 finis
1052 3821 1125 3878 sit
1157 3819 1359 3878 laboris
1409 3823 1582 3878 nostri
1626 3831 1787 3895 atque
1822 3825 2119 3896 patientia).

539 3909 693 3968 Nunc
727 3911 873 3970 enim
904 3913 962 3969 in
997 3915 1188 3970 umbra
1227 3929 1328 3972 nos
1355 3915 1539 3972 omnia
1573 3924 1628 3972 et
1657 3917 1712 3972 in
1742 3918 1978 3990 imagine
1989 3934 2124 3996 pos-

539 4003 741 4059 sidere.

619 4112 638 4145 ι
684 4094 751 4148 Et
790 4095 1046 4150 reducam
1095 4096 1466 4166 captivitatem
1501 4106 1772 4162 vestram,
1803 4107 1859 4154 et
1897 4113 2123 4171 congre-

541 4204 564 4238 (
606 4187 748 4256 gabo
773 4201 868 4242 vos
893 4187 960 4242 de
987 4187 1256 4244 universis
1281 4187 1534 4258 gentibus
1567 4197 1622 4244 et
1649 4189 1714 4244 de
1745 4192 1958 4246 cunctis
1987 4191 2123 4248 locis

539 4294 565 4327 ί
612 4275 680 4332 ad
709 4291 846 4346 quos
872 4276 1051 4347 expuli
1075 4291 1192 4343 vos,
1229 4275 1362 4332 dicit
1385 4277 1676 4343 Dominus,
1705 4287 1760 4334 et
1799 4278 2004 4336 reverti
2027 4295 2124 4338 vos

546 4389 564 4420 α
611 4368 807 4424 faciam
833 4370 900 4426 de
918 4369 1037 4426 loco
1049 4370 1115 4425 ad
1130 4385 1290 4440 quem
1315 4371 1704 4442 transmigrare
1726 4387 1822 4428 vos
1839 4371 1968 4428 feci.
1986 4372 2122 4441 Quia

546 4479 566 4512 ι
611 4461 863 4517 dixistis:
892 4460 1188 4518 Suscitabit
1232 4463 1390 4518 nobis
1433 4463 1693 4520 Dominus
1732 4465 2028 4535 prophetas
2067 4465 2122 4522 in

2222 3269 2302 3324 sic
2327 3269 2464 3326 alter
2492 3273 2758 3344 caphinus
2783 3273 2874 3343 qui
2899 3273 3136 3332 habebat
3169 3275 3302 3330 ficus
3344 3277 3546 3344 malas,
3569 3278 3786 3334 habuisse

2223 3359 2358 3416 ficus
2385 3363 2707 3418 novissimas
2735 3363 3010 3420 scribitur.
3035 3365 3103 3420 Et
3133 3380 3448 3436 persequar,
3475 3369 3650 3440 inquit
3671 3409 3684 3433 ,
3708 3381 3784 3422 eos

2221 3451 2315 3522 qui
2341 3467 2486 3508 nunc
2505 3453 2558 3507 in
2577 3453 2914 3510 Hierusalem
2938 3457 3072 3510 urbe
3097 3465 3402 3523 versantur,
3425 3459 3629 3530 gladio,
3652 3459 3783 3520 fante,

2221 3535 2276 3595 ei
2304 3541 2640 3612 pestilentia,
2666 3552 2729 3598 ut
2755 3545 2992 3616 primum
3029 3548 3342 3616 obsidione,
3371 3547 3656 3607 confestim
3674 3592 3687 3617 ,
3713 3550 3783 3620 qui

2222 3647 2508 3688 remanere
2541 3642 2596 3688 et
2621 3633 2857 3708 effugere
2889 3639 3167 3706 potuerint
3191 3639 3584 3711 dispergantur
3609 3644 3658 3698 in
3686 3641 3778 3696 uni-

2222 3739 2408 3781 versas
2432 3735 2628 3793 terras,
2657 3735 2712 3783 et
2738 3729 2987 3800 exemplo
3032 3729 3144 3786 sint
3183 3732 3438 3788 omnibus
3484 3734 3786 3791 maledictio

2223 3814 2342 3882 nis,
2374 3817 2645 3888 stuporis,
2677 3826 2732 3874 et
2757 3819 2921 3886 sibili,
2955 3829 3012 3876 et
3056 3823 3369 3893 approbrii,
3419 3825 3489 3880 ad
3541 3841 3670 3897 quos
3707 3838 3785 3896 ego

2223 3908 2438 3978 ejiciam
2487 3923 2585 3964 vos
2634 3909 2760 3980 quia
2815 3927 2924 3966 non
2966 3912 3258 3968 audierunt
3294 3914 3463 3970 verba
3503 3933 3643 3981 mea,
3681 3913 3786 3970 dicit

2223 3999 2507 4066 Dominus,
2537 4016 2658 4072 quae
2685 4017 2784 4073 per
2809 4018 2998 4058 servos
3025 4019 3177 4060 meos
3204 4005 3420 4062 locutus
3448 4023 3572 4063 sum
3589 4048 3603 4073 ,
3628 4007 3687 4062 ad
3711 4019 3784 4061 eos

2223 4093 2290 4148 de
2315 4103 2474 4148 nocte
2494 4109 2827 4167 consurgens
2847 4104 2904 4152 et
2927 4097 3170 4164 mittens,
3203 4107 3260 4154 et
3288 4115 3569 4170 nunquam
3597 4112 3785 4156 nionem

2221 4187 2432 4242 cessavi
2457 4225 2473 4253 ,
2505 4195 2566 4240 ut
2607 4188 2954 4246 imitarentur
2978 4205 3096 4256 vos,
3127 4191 3220 4262 qui
3252 4191 3309 4246 in
3338 4194 3786 4265 transmigratione

2225 4289 2418 4333 securo
2459 4277 2572 4334 otio
2607 4277 2980 4350 perfruimini,
3029 4281 3201 4338 donec
3256 4285 3552 4353 promissio
3598 4282 3785 4340 Domini

2223 4369 2583 4441 compleatur.
2607 4369 2719 4426 Vos
2753 4381 2936 4428 autem
2957 4413 2972 4438 ,
3007 4373 3102 4444 qui
3134 4389 3272 4430 mea:
3301 4376 3568 4434 obedistis
3595 4384 3785 4431 seruen-

2227 4463 2346 4530 tiaa,
2376 4471 2433 4519 et
2461 4465 2574 4536 regi
2601 4481 2700 4522 vos
2741 4465 3038 4538 Babylonio
3075 4466 3409 4532 tradidistis,
3439 4469 3657 4534 audite,
3689 4481 3786 4537 qua

547 4567 567 4600 ι
610 4548 898 4619 Babylone.
923 4548 1052 4605 Haec
1082 4551 1227 4608 enim
1261 4549 1392 4606 dicit
1427 4551 1686 4610 Dominus
1727 4554 1796 4610 ad
1825 4568 2008 4624 regem
2031 4556 2122 4625 qui
2152 4564 2202 4625 ι)
2229 4557 2472 4615 dicturus
2485 4558 2608 4616 sim.
2625 4559 2693 4613 Et
2711 4557 2764 4612 in
2789 4558 2895 4614 hoc
2913 4559 3032 4616 loco
3056 4558 3258 4614 delirus
3282 4560 3557 4630 interpres
3583 4557 3786 4616 somniat

549 4658 568 4692 α
611 4639 761 4696 sedet
777 4654 940 4710 super
956 4640 1152 4696 solium
1165 4640 1331 4697 David
1351 4649 1409 4698 et
1428 4643 1496 4698 ad
1517 4658 1732 4700 omnem
1751 4647 2007 4717 populum
2032 4648 2124 4704 ha-

549 4753 567 4784 ι
611 4731 898 4786 bitatorem
928 4730 1079 4787 urbis
1123 4730 1304 4800 hujus,
1343 4741 1402 4788 et
1443 4732 1510 4788 ad
1549 4733 1748 4791 fratres
1773 4742 2005 4806 vestros,
2030 4739 2124 4810 qui

551 4844 570 4876 ι
617 4839 726 4880 non
753 4830 880 4879 sunt
909 4823 1137 4896 ingressi
1165 4822 1442 4882 vobiscum
1468 4826 1526 4880 in
1563 4827 2121 4900 transmigrationem.

549 4937 567 4969 ι
616 4915 742 4972 Haec
766 4915 898 4972 dicit
925 4914 1187 4971 Dominus
1211 4917 1549 4974 exercituum
1575 4936 1588 4972 :
1613 4918 1754 4974 Ecce
1776 4935 1878 4992 ego
1911 4923 2126 4978 mittam

551 5028 571 5060 ι
619 5009 672 5064 in
695 5023 792 5064 eos
825 5007 1091 5079 gladium,
1135 5006 1330 5064 famem
1347 5049 1362 5074 ,
1387 5019 1444 5066 et
1471 5018 1701 5080 pestem,
1723 5020 1781 5068 et
1807 5027 2004 5082 ponam
2031 5029 2126 5070 eos

549 5123 570 5156 ι
615 5102 770 5173 quasi
789 5101 924 5158 ﬁcus
948 5101 1117 5158 malas
1137 5117 1257 5172 qua:
1281 5102 1492 5159 comedi
1511 5119 1618 5158 non
1643 5113 1886 5176 possunt,
1903 5108 2128 5176 eoquod

552 5211 573 5244 ι
617 5193 864 5262 pessimae
877 5193 1003 5248 sint.
1024 5192 1092 5246 Et
1109 5206 1402 5262 persequar
1423 5207 1517 5248 eos
1537 5195 1590 5248 in
1614 5194 1812 5265 gladio,
1833 5205 1890 5250 et
1907 5195 1962 5250 in
1985 5197 2128 5253 fame

553 5301 577 5336 ι
616 5293 674 5340 et
713 5284 766 5342 in
796 5286 1125 5356 pestilentia,
1161 5294 1217 5340 et
1241 5285 1382 5344 dabo
1409 5301 1504 5342 vos
1543 5285 1597 5342 in
1642 5288 1982 5344 vexationem
2007 5289 2128 5348 uni-

553 5398 574 5431 ι
614 5377 790 5435 versis
811 5379 992 5449 regnis
1021 5387 1201 5444 terrae,
1227 5379 1286 5434 in
1306 5379 1754 5446 maledictionem,
1775 5387 1832 5436 et
1853 5379 1908 5435 in
1937 5389 2126 5451 stupo-

557 5491 578 5523 ι
620 5487 758 5536 rem,
784 5478 840 5526 et
867 5471 922 5526 in
958 5471 1196 5535 sibilum,
1219 5480 1275 5527 et
1305 5473 1360 5527 in
1385 5470 1732 5542 opprobrium
1759 5470 1971 5526 cunctis
1997 5486 2124 5540 gen-

555 5580 579 5616 ι
620 5567 786 5631 tibus,
811 5569 880 5622 ad
895 5583 1034 5638 quas
1053 5581 1154 5637 ego
1174 5566 1306 5634 ejeci
1331 5583 1444 5632 eos,
1472 5582 1538 5623 eo
1561 5567 1704 5638 quod
1725 5583 1831 5622 non
1854 5567 2128 5622 audierint

559 5671 580 5702 ι
623 5655 787 5710 verba
819 5671 938 5712 mea
959 5696 978 5721 ,
1008 5656 1140 5712 dicit
1176 5656 1464 5722 Dominus,
1496 5671 1616 5726 qua:
1639 5655 1766 5712 misi
1800 5655 1872 5712 ad
1905 5669 2000 5710 eos
2031 5670 2130 5726 per

557 5764 582 5800 ι
618 5760 807 5802 servos
831 5762 980 5804 meos
1001 5747 1292 5818 prophetas
1309 5749 1376 5805 de
1397 5756 1554 5805 nocte
1579 5761 1908 5818 consurgens
1929 5753 1987 5802 ct
2006 5746 2130 5801 mit-

2225 4649 2436 4706 ruinam
2461 4649 2704 4708 scelestis
2745 4647 3081 4706 Hierusalem
3101 4688 3118 4715 ,
3149 4658 3204 4706 et
3246 4651 3320 4705 ad
3343 4665 3438 4706 eos
3477 4649 3784 4722 prophetiam

2226 4739 2386 4812 dirigi
2421 4739 2749 4810 suSpicatur,
2775 4741 2872 4812 qui
2900 4741 2957 4796 in
2984 4739 3146 4810 hujus
3172 4739 3361 4796 mundi
3393 4739 3686 4812 Babylonia
3713 4753 3786 4792 re-

2225 4830 2384 4902 gione
2419 4839 2728 4898 versantur,
2751 4831 2898 4902 quod
2930 4829 3298 4888 benefecerint
3335 4832 3390 4887 in
3437 4831 3555 4888 haec
3587 4841 3785 4900 corpora

2223 4929 2418 4993 sponte
2445 4921 2870 4988 descttnderemt
2891 4923 2949 4980 in
2977 4931 3120 4979 terra
3146 4921 3524 4978 Chaldaeorum
3543 4921 3785 4977 aedilitate

2227 5013 2437 5078 domos,
2471 5013 2717 5086 plautare
2742 5015 3008 5086 pomaria,
3039 5015 3286 5084 accipere
3305 5028 3527 5080 uxores,
3559 5013 3690 5068 filios
3707 5022 3786 5080 ge-

2227 5121 2454 5172 nerare,
2483 5107 2744 5177 bonisque
2772 5109 3027 5178 operibus
3069 5107 3279 5164 restitui
3312 5116 3436 5178 post
3473 5107 3783 5180 septuaginta

2231 5213 2402 5254 annos
2424 5199 2476 5253 in
2499 5198 2674 5254 locum
2699 5200 2984 5271 pristinum
3011 5209 3065 5254 et
3085 5199 3138 5254 in
3159 5199 3434 5255 omlestem
3453 5196 3780 5262 Hierusalem.

2228 5288 2350 5344 illos
2375 5299 2554 5345 autem
2589 5291 2682 5360 qui
2713 5289 2984 5346 noluerint
3023 5291 3243 5361 propria
3265 5291 3542 5346 voluntate
3582 5289 3648 5344 ad
3685 5296 3782 5340 ter-

2229 5397 2364 5438 rena
2391 5382 2718 5439 descendere
2739 5383 2856 5439 haec
2888 5398 3164 5454 passuros,
3194 5397 3317 5453 qua:
3341 5381 3601 5438 Dtuninus
3639 5375 3782 5433 Sede-

2229 5474 2368 5532 cbice
2391 5482 2448 5530 et
2471 5472 2588 5543 ejus
2607 5474 2804 5545 populo
2831 5474 3226 5537 comminatur,
3253 5472 3348 5542 qui
3379 5471 3644 5528 nohterint

2232 5567 2338 5622 tari
2367 5565 2568 5620 fratres
2604 5581 2763 5632 suos,
2795 5579 2894 5622 nec
2931 5565 3116 5621 venire
3161 5565 3215 5620 iu
3265 5563 3625 5636 Babylonem,
3657 5550 3783 5628 quod

2235 5657 2414 5714 mittat
2451 5655 2504 5711 in
2539 5671 2636 5712 eos
2667 5655 2940 5726 gladium,
2979 5654 3205 5720 famem,
3243 5663 3300 5711 et
3323 5661 3558 5725 pestem,
3585 5649 3682 5704 hoc
3710 5649 3782 5698 est

2235 5762 2420 5804 rerum
2450 5748 2690 5806 omnium
2710 5748 3012 5818 penuriam,
3035 5755 3091 5804 et
3113 5755 3280 5820 ponat
3298 5745 3450 5817 quasi
3469 5741 3603 5799 ﬁcus
3620 5733 3778 5812 pasi-

3932 2567 3938 2908 1
