4022 6186
249 431 390 487 1021

1175 421 1539 482 EXPOSITIO
1579 422 1807 481 SUPER
1843 421 2214 480 JEREMiAM.
2254 436 2325 467 -ι
2359 425 2486 483 LIB.
2526 427 2594 484 Χ.

3392 441 3534 498 109.2

248 568 397 617 mas,
432 562 554 620 qua:
576 543 793 617 penitus
825 543 1038 601 comedi
1064 558 1170 598 non
1196 551 1443 614 possunt.
1467 544 1533 598 Et
1556 557 1845 613 persequa-
1870 542 1919 605 Α
1949 557 2111 613 grege
2136 544 2339 599 similes
2374 545 2562 604 Achab
2593 556 2649 604 et
2685 547 2961 608 Scdcchia:
2986 555 3310 626 prophetant
3339 556 3393 613 in
3434 576 3529 617 no-

248 654 345 700 tur
374 656 468 698 eos
497 638 675 709 gladio
698 636 1051 708 sempiterno,
1081 644 1137 691 et
1165 635 1257 690 det
1279 634 1335 690 in
1357 636 1701 691 vexationem
1724 634 1845 689 uni-

244 732 432 790 versis
454 729 639 801 regnis
662 738 848 794 terrae,
874 742 982 798 quo
997 726 1557 796 scilicetneqnaquam
1576 726 1842 790 homines,

245 825 351 881 sed
378 823 655 880 daemones
700 818 831 873 ﬁant
872 818 1037 872 aeria:
1072 825 1406 886 potestates,
1454 824 1510 871 et
1552 815 1661 871 sint
1701 815 1847 884 apud

246 923 486 973 cunctos
522 912 774 984 angelos,
807 910 900 979 qui
939 909 1163 979 prmsint
1200 907 1428 979 singulis
1463 906 1761 976 provinciis
1792 906 1847 961 in

248 1004 697 1061 maledictionem
713 1001 839 1056 etin
855 1009 1152 1071 stuporem,
1175 1000 1306 1054 etin
1330 999 1566 1061 sibilum,
1598 999 1728 1054 etin
1750 1014 1847 1069 op-

244 1096 535 1169 probrium
555 1092 768 1150 cunctis
788 1091 1058 1164 gentibus.
1089 1091 1159 1146 Et
1181 1091 1285 1146 hoc
1306 1105 1401 1146 eos
1427 1090 1631 1146 idcirco
1653 1105 1846 1161 passu-

248 1206 366 1255 ros,
395 1189 523 1259 quia
561 1187 727 1242 verba
761 1185 1146 1254 prophetarum
1179 1183 1232 1238 in
1269 1183 1476 1239 caelesti
1507 1183 1846 1239 Hierusalem

248 1281 448 1337 audire
473 1278 768 1339 noluerint,
811 1277 1019 1345 quieos
1038 1275 1419 1340 hortabantur,
1448 1284 1509 1329 ut
1529 1274 1597 1328 ad
1628 1282 1844 1329 terrena

249 1371 690 1436 descenderent,
716 1376 774 1423 et
807 1380 1003 1436 corpus
1035 1365 1360 1421 humilitatis
1387 1373 1731 1421 assumerent
1749 1404 1765 1430 ,
1791 1371 1848 1418 et

249 1476 374 1522 acta
398 1463 737 1536 paenitudine
758 1468 881 1533 post
900 1474 1087 1515 verum
1115 1457 1506 1514 sabbatismum
1534 1457 1712 1513 locum
1734 1455 1849 1527 pri-

252 1558 459 1614 stinum
499 1553 864 1626 possiderent.
899 1546 1028 1605 Hmc
1065 1547 1154 1603 ille
1189 1548 1420 1613 dixerit,
1444 1562 1566 1617 qua:
1588 1561 1711 1603 cum
1743 1561 1843 1601 au-

250 1648 410 1704 diunt
437 1643 715 1716 discipulis
743 1643 861 1714 ejus
879 1683 893 1708 ,
922 1649 980 1696 et
1004 1640 1336 1696 Grunnianze
1370 1637 1568 1694 fabulae
1602 1645 1847 1694 stercora

249 1750 451 1811 putant
494 1754 555 1794 se
586 1737 769 1793 divina
813 1734 1003 1790 audire
1030 1733 1311 1804 mysteria.
1338 1730 1447 1786 Nos
1495 1744 1711 1801 quoque
1753 1728 1846 1799 qui

249 1835 359 1890 ista
374 1831 775 1888 contemnimus
792 1826 947 1900 quasi
962 1842 1061 1897 pro
1073 1825 1249 1881 brutis
1264 1822 1468 1879 habent
1480 1820 1847 1877 animantibus

1948 634 2094 690 mine
2135 636 2349 691 Domini
2398 639 2758 706 mendacium,
2800 653 2856 700 et
2906 645 3114 702 faciunt
3163 647 3445 705 stultitiam
3478 652 3534 706 in

1942 723 2133 791 israel,
2164 733 2220 782 et
2251 729 2594 784 mtrcbantur
2619 747 2817 787 uxores
2845 734 3043 789 civium
3084 752 3329 803 suorum,
3359 740 3451 809 qui
3478 739 3534 795 in

1943 814 2134 872 eadem
2166 816 2422 874 Ecclesiae
2459 829 2585 875 sunt
2614 823 2747 877 urbe
2766 827 3007 895 generati
3032 827 3045 881 !
3086 842 3223 897 quos
3248 843 3411 885 verus
3433 830 3539 890 Na-

1944 907 2361 966 buchodonosor
2384 909 2544 985 friget
2563 914 2615 969 in
2639 914 2763 987 igne
2784 920 3017 988 peccati,
3036 921 3247 977 dicente
3263 918 3400 978 Osee
3416 939 3537 995 pru-

1946 999 2138 1069 pheta:
2173 1020 2191 1052 ι
2219 999 2420 1058 Omnes
2459 1004 2827 1062 adulterantes
2858 1009 3011 1076 quasi
3039 1009 3286 1066 clibanus
3312 1028 3536 1068 succeno

1945 1103 2040 1145 sus
2081 1104 2112 1143 a
2154 1100 2421 1161 coquente
2452 1090 2597 1164 (Ose.
2640 1095 2758 1167 vn).
2785 1117 2804 1151 ι
2848 1098 3000 1154 Felix
3048 1102 3136 1171 qui
3172 1101 3309 1157 tollit
3345 1103 3533 1175 jugum

1947 1179 2016 1233 ab
2044 1178 2406 1236 adolescentia
2428 1198 2525 1238 sua
2554 1193 2611 1239 et
2650 1187 2801 1241 sedet
2829 1188 2995 1256 solus,
3042 1192 3132 1259 qui
3178 1194 3539 1250 amaritudine

1946 1267 2184 1338 repletus
2211 1278 2314 1337 est,
2343 1282 2631 1344 potestque
2656 1276 2834 1332 dicere
2856 1294 2977 1334 cum
2995 1279 3163 1337 David
3192 1300 3205 1336 :
3232 1300 3250 1333 ‹
3279 1281 3395 1337 Non
3422 1284 3539 1338 sedi

1947 1358 2001 1413 in
2028 1361 2259 1417 concilio
2285 1364 2713 1434 malignantium,
2753 1377 2807 1424 et
2835 1385 2957 1424 cum
3004 1370 3187 1441 iniqua
3228 1372 3541 1443 gerentibus

1946 1467 2055 1506 non
2088 1452 2322 1509 iutroibo
2342 1452 2513 1527 (Paul.
2531 1458 2691 1527 xxv).
2717 1477 2735 1510 ι
2764 1459 3023 1531 Quodque
3045 1462 3225 1518 intulit
3249 1479 3392 1520 nunc
3419 1480 3543 1535 pro-

1946 1541 2141 1611 pheta:
2178 1562 2196 1594 «
2240 1542 2354 1615 Ego
2396 1560 2514 1600 sum
2544 1544 2710 1615 judex
2737 1556 2791 1603 et
2818 1551 2990 1614 testis,
3018 1550 3148 1606 dicit
3203 1550 3481 1617 Dominus,
3519 1572 3537 1604 ι

1948 1633 2093 1689 hunc
2112 1635 2273 1690 habet
2291 1650 2506 1692 sensum
2526 1654 2539 1691 :
2567 1636 2694 1693 Παῖς
2713 1654 2834 1709 qua:
2853 1640 2973 1695 dico
2994 1641 3059 1695 de
3081 1641 3288 1695 duobus
3309 1641 3543 1712 pseudo-

1948 1724 2248 1794 prophetis,
2299 1727 2393 1798 qui
2445 1726 2739 1798 loquuntur
2783 1730 3010 1785 verbum
3052 1730 3104 1785 in
3153 1733 3371 1787 nomine
3418 1748 3539 1787 meo

1950 1814 2306 1881 mendaciter,
2338 1817 2482 1886 quod
2512 1833 2617 1874 non
2646 1821 3028 1876 mandaveram
3060 1820 3158 1886 eis,
3193 1837 3535 1892 nequaquam

246 1934 305 1980 ει
331 1932 531 1980 meam
556 1923 932 1983 πλουσιώτας,
963 1933 1028 1974 eo
1054 1916 1199 1988 quod
1232 1915 1288 1970 in
1319 1914 1431 1970 ιιιιο
1459 1914 1617 1970 istius
1642 1928 1839 1985 carpo-
1868 1907 1915 1968 B
1942 1905 2197 1974 opinione
2218 1908 2464 1978 cognovi,
2483 1910 2576 1964 sed
2602 1910 2715 1980 ipse
2733 1911 2846 1965 scio
2868 1924 2995 1966 vera
3014 1925 3153 1977 esse,
3180 1928 3341 1984 quem
3367 1913 3544 1968 celare

249 2016 331 2072 ris
362 2012 669 2079 constituti,
691 2028 798 2067 non
827 2025 1124 2081 possumus
1153 2008 1356 2064 sentire
1378 2006 1643 2063 cmlestia.

328 2124 350 2155 ι
388 2103 517 2159 Haec
550 2102 683 2158 dicit
718 2101 982 2156 Dominus
1001 2099 1359 2163 exercituum,
1384 2096 1527 2151 Deus
1552 2094 1738 2157 Israel.
1779 2095 1849 2151 ad

254 2212 275 2246 ι
311 2193 501 2249 Achab
531 2191 699 2247 lilium
729 2187 955 2253 Chulize,
982 2195 1037 2244 et
1063 2188 1128 2242 ad
1155 2186 1474 2244 Sedechiam
1502 2186 1674 2241 lilium
1699 2184 1848 2239 Maa-

253 2306 273 2338 ι
310 2287 432 2352 size,
462 2284 554 2356 qui
586 2283 910 2355 prophetant
935 2280 1087 2335 vobis
1117 2281 1172 2335 in
1214 2279 1431 2335 nomine
1458 2293 1580 2334 meo
1625 2276 1849 2332 menda-

255 2395 277 2429 ι
314 2376 484 2432 citer:
518 2375 657 2430 Ecce
679 2388 779 2445 ego
801 2372 1009 2427 tradam
1030 2386 1124 2426 eos
1148 2371 1201 2425 in
1226 2385 1390 2425 manu
1421 2366 1849 2424 Nabuchodono-

254 2488 274 2521 ι
312 2484 407 2524 sor
420 2467 563 2538 regis
586 2463 892 2537 Babylonis,
908 2470 966 2518 et
976 2462 1342 2534 percntieteos
1362 2461 1416 2515 in
1435 2459 1605 2514 oculis
1622 2456 1845 2513 vestris:

255 2576 275 2609 ς
308 2566 365 2612 et
391 2562 699 2611 assumetur
720 2569 785 2609 ex
808 2553 888 2609 eis
901 2551 1207 2607 maledictio
1233 2550 1380 2605 omni
1416 2547 1850 2621 transmigratio—

256 2668 275 2701 ι
312 2648 367 2704 ni
407 2648 576 2712 Judte,
631 2663 751 2719 quae
775 2654 859 2702 est
904 2646 957 2701 in
994 2645 1266 2717 Babylone
1301 2644 1628 2701 dicentium:
1677 2644 1850 2699 Ponat

258 2758 277 2791 ι
322 2747 376 2794 te
403 2737 665 2793 Dominus
698 2738 837 2793 sicut
872 2737 1215 2802 Sedechiam,
1239 2743 1294 2792 et
1318 2737 1457 2793 sicut
1483 2736 1691 2801 Achab,
1713 2749 1848 2806 quos

259 2849 279 2882 ι
317 2829 470 2885 frixit
504 2846 600 2885 rex
630 2829 917 2901 Babylonis
947 2830 999 2883 in
1030 2829 1173 2902 igne.
1201 2827 1309 2885 Pro
1335 2844 1401 2884 eo
1434 2828 1578 2899 quod
1605 2827 1851 2884 fecerunt

260 2941 279 2974 ι
318 2922 608 2977 stultitiam
635 2923 760 2996 (sive
803 2921 1168 2994 iniquitatem)
1201 2920 1253 2975 in
1278 2920 1462 2987 lsrael,
1491 2928 1548 2975 et
1590 2917 1848 2976 mtechati

260 3033 278 3064 ι
316 3020 443 3066 sunt
491 3025 691 3067 uxores
740 3012 1037 3067 amicorum
1071 3009 1092 3084 (
1103 3011 1209 3065 sive
1254 3007 1478 3075 civium)
1514 3024 1757 3073 suorum,
1796 3013 1851 3064 et

260 3119 280 3153 ι
319 3100 489 3155 locuti
526 3109 653 3156 sunt
691 3101 917 3156 verbum
967 3100 1021 3155 in
1068 3098 1287 3155 nomine
1323 3113 1445 3154 meo
1491 3099 1848 3161 mendaciter,

260 3212 281 3244 σ
316 3191 462 3262 quod
493 3207 602 3247 non
632 3189 881 3247 mandavi
912 3191 992 3246 eis
1020 3234 1032 3245 .
1056 3191 1172 3262 Ego
1220 3206 1341 3246 sum
1369 3189 1536 3261 judex
1565 3197 1620 3246 et
1673 3190 1847 3256 testis,

1949 2008 2112 2050 nemo
2144 2004 2339 2066 potest,
2368 2013 2471 2054 nec
2497 2006 2553 2053 et
2581 1992 2816 2069 effugere
2845 2001 2952 2057 mei
2975 2000 3167 2070 judicii
3192 2005 3496 2059 veritatem.

2026 2104 2046 2137 ι
2089 2086 2159 2142 Εῑ
2183 2088 2250 2143 ad
2277 2088 2544 2145 Semeiam
2576 2089 2948 2147 Neellamilem
2985 2093 3151 2148 dices.
3182 2093 3248 2147 Et
3283 2094 3423 2165 quod
3453 2111 3537 2149 se-

1955 2193 1974 2227 t
2009 2178 2221 2248 quitur:
2244 2177 2368 2233 Haec
2380 2179 2509 2235 dicit
2532 2180 2788 2236 Dominus
2808 2183 3165 2248 exercituum,
3184 2182 3325 2238 Deus
3340 2182 3505 2238 Israel
3525 2204 3537 2239 :

1954 2283 1973 2317 t
2011 2268 2118 2323 Pro
2146 2283 2211 2324 eo
2239 2268 2383 2339 quod
2428 2270 2623 2325 misisti
2651 2270 2818 2327 libros
2852 2272 2903 2325 in
2938 2273 3155 2329 nomine
3192 2281 3283 2329 tuo
3321 2275 3389 2329 ad
3422 2288 3543 2330 om~

1954 2383 1973 2419 ι
2019 2379 2143 2420 nem
2193 2362 2451 2434 populum
2482 2363 2573 2434 qui
2604 2371 2688 2419 est
2726 2364 2780 2418 in
2828 2363 3187 2433 Hierusalem,
3236 2387 3255 2420 ι
3290 2368 3344 2420 in
3394 2364 3542 2422 LXX

1955 2474 1974 2511 α
2011 2475 2114 2513 non
2166 2457 2401 2511 habetur.
2436 2456 2771 2529 Rursumque
2815 2457 3066 2512 addidere
3103 2459 3167 2513 de
3206 2476 3301 2514 suo
3328 2473 3346 2512 .'
3375 2480 3393 2512 ι
3427 2460 3545 2516 Non

1955 2567 1974 2601 ε
2019 2548 2141 2603 misi
2165 2557 2216 2601 te
2248 2547 2301 2601 in
2324 2546 2542 2602 nomine
2567 2562 2708 2601 meo.
2739 2565 2757 2598 ι
2787 2544 2857 2601 Et
2888 2558 3260 2619 consequenter
3277 2550 3437 2622 juxta
3460 2568 3546 2605 or-

1954 2659 1973 2694 ε
2015 2641 2223 2695 dinem:
2250 2658 2268 2691 ί
2302 2639 2368 2694 Et
2392 2640 2459 2694 ad
2488 2638 2817 2710 Sophoniam
2847 2638 3015 2695 filium
3053 2640 3269 2697 Maasia:
3298 2645 3546 2698 sacerdo-

1955 2748 1975 2783 ι
2024 2738 2155 2785 tem.
2188 2749 2206 2781 ι
2227 2727 2295 2783 Et
2318 2730 2508 2784 iterum
2538 2729 2603 2783 de
2634 2728 2891 2785 Hebra'o:
2915 2750 2933 2782 ‹
2963 2729 3032 2784 Et
3054 2732 3122 2785 ad
3154 2746 3342 2787 omnes
3363 2748 3542 2787 sacer-

1957 2840 1976 2874 (
2013 2821 2186 2877 dotes.
2210 2840 2228 2873 ι
2256 2820 2334 2875 Ac
2349 2819 2542 2876 deinde
2564 2820 2792 2875 historia
2823 2821 3054 2875 texitur:
3080 2838 3098 2872 ‹
3118 2819 3379 2877 Dominus
3403 2821 3547 2877 dedit

1961 2931 1979 2964 ι
2029 2920 2081 2968 te
2109 2913 2445 2968 sacerdotem
2487 2926 2588 2985 pro
2620 2910 2807 2967 Joiade
2855 2912 3158 2978 sacerdote,
3205 2920 3265 2967 ut
3309 2913 3385 2968 sis
3436 2913 3546 2967 dux

1956 3016 1975 3056 ς
2024 3002 2151 3076 (sive
2200 3002 2535 3076 praeceptor)
2583 3011 2639 3058 et
2663 3005 2968 3074 episcopus,
3021 3005 3077 3059 in
3129 3004 3289 3059 domo
3333 3004 3545 3059 Domini

1955 3114 1975 3148 ι
2011 3112 2175 3168 super
2201 3110 2417 3151 onmem
2447 3095 2621 3150 virum
2649 3095 2986 3166 arreptitium
3012 3104 3068 3151 et
3110 3097 3542 3169 prophetantem,

1957 3206 1975 3240 ε
2026 3198 2087 3241 nt
2112 3187 2294 3242 mittas
2323 3200 2445 3240 eum
2484 3186 2539 3240 in
2568 3200 2815 3251 nervum,
2853 3195 2907 3241 et
2934 3188 2986 3240 in
3035 3188 3459 3260 carceremtsive
3490 3187 3546 3241 in

261 3300 280 3334 ι
320 3282 452 3338 dicit
481 3281 751 3337 dominus.
774 3280 976 3336 :Aiunt
1018 3280 1228 3336 Hebraei
1255 3280 1356 3335 hos
1404 3295 1523 3336 esse
1566 3281 1846 3351 prcsbyte-
1877 3262 1921 3324 Ο
1960 3298 1979 3333 t
2015 3277 2336 3351 custodiam)
2360 3278 2488 3334 etin
2515 3286 2822 3334 cataracten
2841 3297 2859 3330 ι
2891 3277 3064 3350 (quem
3088 3277 3432 3351 Symmachus
3454 3279 3546 3352 μό-

256 3390 350 3429 ros
381 3372 476 3444 qui
506 3371 732 3429 fecerint
759 3372 1041 3428 stultitiam
1062 3373 1116 3427 in
1150 3372 1336 3437 Israel,
1369 3381 1426 3428 et
1446 3371 1702 3427 mtrchati
1724 3379 1850 3427 sunt

256 3478 461 3520 uxores
487 3463 685 3519 civium
713 3478 955 3529 suorum,
985 3478 1215 3533 quorum
1235 3463 1328 3518 uni
1365 3462 1606 3534 loquitur
1626 3461 1843 3516 Daniel:

261 3573 282 3608 ι
323 3554 629 3610 lnveterate
672 3552 884 3609 dierum
928 3552 1226 3618 malorum;
1254 3571 1273 3604 ι
1298 3560 1352 3607 et
1374 3551 1558 3606 alteri:
1602 3569 1621 3601 ι
1652 3551 1846 3605 Semen

253 3645 519 3701 Chanaan
540 3651 594 3699 et
619 3658 725 3699 non
758 3642 929 3709 Iuda;
957 3642 1165 3713 species
1180 3641 1389 3712 decepit
1415 3648 1485 3707 te,
1514 3648 1570 3695 et
1595 3638 1850 3709 concupi-

256 3734 464 3791 scentia
516 3734 776 3806 pervertit
815 3748 915 3789 cor
961 3741 1134 3788 tuum.
1185 3730 1277 3788 Sic
1316 3731 1596 3787 faciebatis
1636 3730 1850 3785 ﬁliabus

254 3824 503 3892 lsrael,et
519 3823 622 3880 like
634 3832 936 3881 metuentes
954 3823 1311 3895 loquebantur
1323 3822 1618 3890 vobiscum,
1634 3823 1727 3878 sed
1742 3821 1847 3876 lilia

255 3919 398 3974 Juda
427 3934 534 3974 non
556 3918 811 3974 sustinuit
832 3916 1171 3988 iniquitatem
1201 3920 1433 3973 vestram
1466 3914 1629 3985 (Dan.
1655 3914 1798 3984 xm).
1823 3932 1841 3965 ι

255 4009 521 4079 Quodque
557 4010 817 4080 propheta
848 3995 1303 4077 nunc‘loquitur:
1342 4024 1361 4056 ί
1389 4005 1457 4060 Ει
1494 4002 1660 4058 locuti
1723 4008 1849 4057 sunt

254 4098 483 4152 verbum
511 4096 565 4151 in
593 4097 808 4152 nomine
846 4111 967 4151 meo
1002 4095 1355 4159 mendaciter,
1383 4093 1526 4164 quod
1557 4108 1662 4147 non
1689 4107 1846 4146 man-

1963 3390 1982 3423 ι
2014 3373 2159 3445 χλον,
2178 3369 2366 3442 Aquila
2391 3371 2562 3442 ipsum
2578 3371 2788 3425 verbum
2804 3370 3109 3426 ltebraicum
3132 3371 3303 3442 posuit
3331 3366 3541 3442 SINAC).

1961 3483 1980 3516 ι
2014 3465 2080 3519 Et
2106 3480 2249 3519 nunc
2263 3478 2433 3534 quare
2454 3479 2560 3519 non
2594 3464 2884 3534 increpasti
2928 3463 3219 3519 Jeremiam
3250 3462 3539 3519 Anathoti-

1960 3575 1979 3608 ι
2016 3564 2123 3619 ten,
2158 3555 2250 3626 qui
2275 3555 2559 3626 prophetat
2594 3555 2780 3611 vobis?
2810 3556 2939 3626 quia
2976 3571 3141 3626 super
3168 3557 3271 3611 hoc
3300 3556 3448 3610 misit
3472 3557 3540 3611 ad

1964 3666 1983 3699 ι
2020 3663 2121 3703 nos
2154 3647 2207 3702 in
2241 3644 2572 3718 Babylonem
2601 3647 2816 3704 dicens:
2861 3647 3104 3719 Longum
3132 3657 3254 3714 est;
3285 3649 3545 3729 mdificate

1961 3758 1980 3790 ι
2023 3738 2232 3805 domos,
2258 3746 2311 3793 et
2336 3739 2596 3805 habitate,
2633 3746 2690 3794 et
2712 3740 2952 3811 plantate
2977 3741 3184 3806 hortos,
3211 3749 3264 3796 et
3282 3743 3543 3798 comedite

1960 3845 1979 3879 ι
2016 3826 2249 3883 fructum
2289 3828 2668 3899 eorum.Legit
2690 3845 2819 3900 ergo
2854 3831 3156 3900 Sophonias
3192 3834 3443 3888 sacerdos
3489 3835 3543 3889 li-

1959 3937 1980 3970 c
2015 3918 2171 3973 brum
2217 3919 2379 3974 istum
2433 3920 2487 3973 in
2526 3919 2747 3976 auribus
2767 3919 3015 3976 Jeremim
3053 3924 3349 3993 prephctae.
3392 3945 3412 3977 ι
3443 3924 3542 3980 Se-

1952 4010 2121 4065 meias
2134 4009 2199 4065 de
2219 4009 2340 4064 loco
2355 4008 2637 4075 Neellami,
2653 4011 2746 4080 qui
2763 4012 3153 4083 interpretatur
3174 4022 3395 4080 torrens,
3423 4031 3542 4071 cum

1953 4114 2080 4170 rege
2123 4096 2382 4154 Jechonia
2411 4098 2602 4155 ductus
2638 4099 2818 4156 fuerat
2842 4102 2895 4155 in
2943 4099 3292 4173 Babylonem,
3321 4113 3376 4158 et
3415 4121 3531 4176 pro.

268 4189 382 4243 lavi
412 4188 510 4250 eis,
550 4208 568 4240 ι
587 4187 714 4244 illud
741 4187 1034 4259 significari
1059 4196 1270 4258 putant,
1297 4187 1441 4258 quod
1472 4186 1701 4241 miseras
1728 4200 1850 4239 mu-
1950 4190 2210 4263 phetabat
2235 4191 2432 4262 populo
2457 4192 2807 4260 mendaciter,
2835 4208 2899 4249 eo
2926 4193 3068 4265 quod
3093 4195 3343 4253 celeriter
3361 4208 3539 4254 essent

253 4278 511 4334 lierculas
531 4294 653 4349 qua:
687 4277 1141 4335 circumferuntur
1179 4279 1328 4334 omni
1373 4286 1537 4333 vento
1580 4276 1847 4332 doctrinm
1951 4283 2287 4339 Hierusalem
2304 4284 2596 4339 reversuri,
2629 4284 2820 4341 Fuisse
2858 4295 3038 4341 autem
3067 4303 3188 4341 eum
3218 4299 3541 4360 pseudopm.

253 4373 340 4428 sic
380 4372 710 4442 deceperint,
759 4371 901 4443 quod
927 4371 1166 4427 dicerent
1192 4370 1293 4437 eis,
1317 4369 1409 4441 qui
1442 4370 1510 4426 de
1542 4369 1686 4425 tribu
1710 4366 1847 4423 Juda
1949 4376 2188 4446 phetam,
2207 4374 2486 4446 sequentia
2510 4375 2674 4430 verba
2690 4375 2935 4433 Ieremia:
2947 4377 3350 4434 demonstrant:
3373 4399 3391 4431 ι
3416 4380 3541 4437 Ητῐξρ

252 4471 436 4529 erant,
462 4460 735 4518 Christum
773 4463 843 4519 de
886 4476 985 4517 suo
1031 4460 1237 4518 semine
1282 4476 1403 4517 esse
1456 4458 1841 4530 generandllm-
1951 4468 2082 4524 dicit
2129 4467 2469 4523 Dominusad
2494 4467 2764 4524 Semeiam
2794 4467 3183 4537 Ncellamitem,
3208 4475 3539 4543 proeoqnod

253 4555 392 4623 Quae
443 4554 633 4610 illectae
662 4553 915 4626 cupidine
947 4552 1261 4625 praebebant
1298 4562 1526 4623 corpora
1547 4565 1665 4615 sua,
1689 4548 1843 4619 quasi
1873 4614 1922 4636 ἢ
1950 4560 2294 4632 prophetavit
2316 4561 2470 4617 vobis
2486 4559 2752 4626 Semeias,
2770 4573 2822 4619 et
2837 4579 2937 4636 ego
2950 4580 3057 4620 non
3074 4567 3195 4621 misi
3209 4583 3384 4621 eum.»
3405 4568 3540 4635 Quia

247 4614 462 4703 matres
493 4644 689 4701 futurae
725 4614 965 4701 Bhristi:
991 4642 1100 4700 Sed
1120 4642 1251 4699 illud
1282 4614 1428 4714 quod
1450 4614 1843 4713 impmsentia-

1952 4614 1975 4631 ς
2254 4614 2289 4616 κ.
2498 4614 3380 4636 -ψη-.---ο---ηυμ---ν---η-
3410 4614 3539 4635 ,ευ-κ

1952 4656 2115 4727 igitur
2141 4654 2404 4711 Jeremias
2431 4655 2498 4712 ad
2526 4671 2620 4712 eos
2644 4657 2735 4726 qui
2770 4666 2926 4712 erant
2949 4658 3003 4712 in
3035 4656 3306 4733 Babylone
3329 4659 3540 4715 litteras

251 4756 379 4795 rum
400 4738 617 4804 dicitur,
650 4757 669 4789 ι
696 4754 833 4809 quos
854 4738 1007 4794 frixit
1029 4751 1125 4793 rex
1146 4734 1438 4808 Babylonis
1464 4735 1517 4790 in
1541 4735 1732 4825 igne,»
1763 4733 1845 4788 vi-

1952 4749 2169 4803 miscrat
2189 4748 2405 4804 dicens:
2430 4769 2449 4802 ι
2476 4749 2766 4807 ,λΕᾱὶῐίεδιθ
2794 4751 2984 4808 domos
3013 4761 3067 4808 et
3094 4753 3354 4818 habitate,
3385 4754 3538 4825 plan-

250 4829 417 4885 detur
428 4827 666 4884 Danielis
686 4827 926 4884 historiae
948 4826 1238 4883 contraire.
1257 4825 1349 4880 Ille
1370 4825 1515 4880 enim
1537 4822 1731 4878 asserit
1749 4837 1844 4877 eos

1952 4847 2060 4895 tate
2087 4840 2295 4906 hortos,
2335 4848 2392 4896 ct
2434 4842 2699 4898 comedite
2753 4841 2987 4898 fructum
3045 4861 3253 4909 eorum,
3309 4822 3537 4915 accipite

249 4917 325 4973 ad
350 4917 675 4973 sententiam
706 4917 945 4972 Danielis
982 4932 1012 4971 a
1041 4915 1237 4988 populo
1266 4931 1385 4973 esse
1414 4914 1713 5005 lapidatus:
1754 4912 1843 5005 hic

1952 4944 2140 4985 uxores
2156 4939 2476 5003 etgenerate
2496 4932 2661 5000 illius;
2686 4954 2705 4985 ι
2725 4942 2779 4989 et
2790 4942 2910 5005 post
2925 4934 3027 4990 alia
3044 4944 3299 5005 Junxerat
3320 4953 3333 4989 :
3365 4954 3383 4986 ι
3418 4934 3534 4991 Non

249 5023 388 5063 vero
423 5007 685 5078 scriptum
721 5015 806 5063 est
848 5009 993 5078 quod
1038 5005 1250 5063 frixerit
1281 5022 1375 5062 eos
1416 5021 1507 5061 rex
1549 5003 1841 5075 Babylonis

1952 5033 2038 5073 vos
2062 5018 2322 5075 seducunt
2353 5021 2631 5091 propheta:
2660 5003 2845 5087 vestri,
2874 5023 2965 5093 qui
2991 5003 3188 5076 suntin
3231 5021 3407 5076 medio
3442 5035 3540 5074 ve-

249 5099 311 5154 in
346 5099 491 5170 igne.
530 5096 685 5155 Unde
709 5106 767 5154 et
795 5113 826 5153 a
852 5098 1123 5169 plerisque
1177 5113 1242 5153 ac
1275 5111 1413 5168 pene
1456 5095 1707 5152 omnibus
1742 5095 1850 5151 He-

250 5190 439 5256 braeis,
470 5189 584 5260 ipsa
610 5190 766 5261 quasi
788 5188 967 5246 fabula
993 5206 1098 5246 non
1129 5190 1403 5260 recipitur,
1447 5203 1547 5244 nec
1572 5188 1771 5260 legitur
1791 5187 1845 5242 in

249 5284 544 5355 synagogis
580 5282 908 5340 Iudaeorum.
933 5284 1212 5352 Quomodo
1233 5286 1397 5350 enim,
1425 5284 1693 5354 inquiunt,
1725 5283 1844 5339 fieri

248 5381 491 5445 poterat,
538 5381 599 5428 ut
622 5374 821 5445 captivi
853 5374 1125 5445 lapidandi
1149 5376 1420 5446 principes
1452 5384 1506 5431 et
1554 5375 1843 5446 prophetas

246 5478 389 5519 suos
414 5463 676 5520 haberent
696 5465 1059 5535 potestatem?
1083 5466 1358 5538 Magisque
1380 5467 1482 5522 hoc
1507 5480 1630 5522 esse
1655 5481 1842 5520 verum

248 5555 549 5622 allirmant,
580 5560 724 5629 quod
772 5560 961 5615 scribit
1007 5558 1290 5628 Jeremias,
1322 5560 1596 5617 convictos
1624 5563 1841 5634 quidem

246 5664 375 5706 esse
406 5651 754 5723 presbyteros
783 5668 813 5707 a
864 5652 1107 5720 Daniele,
1139 5655 1234 5711 sed
1264 5654 1431 5711 latam
1459 5656 1516 5711 in
1565 5670 1661 5712 eos
1712 5673 1835 5714 sen-

251 5740 483 5795 tentiam
512 5755 544 5796 a
572 5756 698 5814 rege
735 5742 1046 5814 Babylonis,
1092 5744 1183 5814 qui
1211 5745 1266 5800 in
1291 5746 1551 5818 captivos,
1576 5756 1637 5803 ut
1664 5749 1841 5806 victor

251 5842 310 5887 ct
332 5834 868 5902 dominusynhabcbat
890 5837 1195 5910 imperium.
1238 5837 1435 5907 Quanti
1461 5849 1517 5897 et
1549 5841 1616 5898 de
1649 5851 1837 5900 nostro

1948 5118 2144 5175 strum,
2172 5109 2412 5165 etdivini
2440 5111 2640 5177 vestri;
2673 5130 2691 5164 ι
2723 5127 2785 5167 ac
2815 5112 3035 5167 deinde:
3066 5131 3085 5163 ι
3112 5111 3236 5181 quia
3261 5110 3393 5165 falso
3444 5112 3538 5166 ὶδιὶ

1945 5200 2268 5270 prephetant
2294 5199 2445 5255 vobis
2473 5200 2527 5255 in
2568 5201 2787 5255 nomine
2831 5216 2973 5266 meo,
3001 5208 3053 5255 et
3098 5215 3202 5255 non
3248 5200 3369 5255 misi
3424 5221 3529 5276 es,

1945 5292 2079 5347 dicit
2112 5290 2403 5345 Dominus:
2441 5310 2460 5343 ι
2487 5291 2792 5363 intelligens
2824 5291 3068 5345 Semeias
3112 5291 3212 5346 sub
3250 5300 3535 5348 communi-

1945 5385 2161 5441 nomine
2189 5384 2651 5454 pseudopropheta
2660 5402 2717 5437 ru
2726 5400 2773 5437 ιη
2788 5391 2975 5439 contra
2991 5399 3050 5439 se
3064 5387 3167 5439 seri
3173 5394 3320 5453 ptum
3331 5425 3345 5449 ,
3370 5385 3539 5439 mittit

1950 5479 2160 5533 litteras
2192 5476 2522 5531 Hierusalem
2555 5478 2620 5531 ad
2650 5476 2980 5548 Sephoniam
3005 5475 3172 5531 lilium
3191 5477 3403 5532 Mnasias
3447 5493 3531 5533 sa-

1949 5569 2244 5634 cerdotem,
2296 5576 2352 5622 et
2397 5568 2465 5623 ad
2511 5567 2745 5638 reliquos
2793 5570 3099 5625 sacerdotes
3150 5579 3334 5625 contra
3380 5568 3532 5625 Jcre—

1946 5659 2133 5725 miam,
2162 5674 2331 5729 quare
2366 5673 2472 5714 non
2510 5659 2821 5730 increpetur
2843 5675 2871 5713 a
2908 5657 3178 5730 Sophonia
3229 5661 3540 5727 sacerdote,

1943 5751 2100 5823 cujus
2145 5749 2377 5808 cilicium
2415 5758 2498 5807 est
2537 5751 2876 5808 discernendi
2908 5750 3049 5808 inter
3081 5753 3392 5824 prophetas,
3438 5751 3537 5823 qui

1944 5846 2146 5918 Spiritu
2163 5856 2351 5905 sancto
2364 5848 2671 5921 loquantur,
2689 5858 2739 5906 et
2756 5847 2847 5922 qui
2861 5848 3156 5918 contrario,
3170 5858 3224 5906 et
3237 5847 3434 5906 recludi
3443 5846 3535 5915 juv
