4022 6186
516 416 652 473 ιοιδ

1185 416 1245 471 Β.
1287 416 1539 473 RABANI
1577 416 1796 475 MAURI
1833 417 2147 474 ARCHIEP.
2190 417 2499 476 MOGUNT.
2540 417 2825 476 OPEMJM
2861 418 3044 474 PARS
3079 419 3169 474 ιι..

3662 421 3826 477 wet

512 532 705 587 beatur
732 529 786 584 in
823 540 1117 594 carcerem,
1146 537 1206 584 ut
1243 529 1504 584 mendacii
1538 530 1619 584 sui
1652 545 1841 600 poenas
1878 530 1993 584 luat
2028 537 2086 583 et
2109 534 2159 594 Α
2189 547 2284 602 per
2329 533 2849 602 pseudoprophctam
2892 533 3097 599 visitat,
3136 535 3230 590 sed
3277 543 3333 591 et
3379 549 3548 606 super
3597 551 3827 592 semen

509 623 764 694 populum
796 623 936 678 ultra
957 622 1302 694 supplantare
1327 623 1571 678 desistat.
1596 622 1809 679 Joiades
1835 622 2091 677 sacerdos

512 711 631 777 fuit,
672 714 762 783 qui
793 712 919 769 Joas
946 722 1069 783 post
1102 713 1531 768 interfectionem
1584 712 1851 769 Gotboliaa
1892 713 2087 787 [Atha-

507 802 614 875 liaa]
665 805 944 874 imperium
976 805 1197 859 tradidit
1224 814 1277 859 et
1308 804 1577 859 interfecit
1607 805 1915 860 sacerdotes
1957 804 2089 859 Baal

508 892 617 969 (IV
645 895 769 966 Reg.
795 913 871 958 χι,
893 893 955 949 ΙΙ
972 895 1101 950 Par.
1119 895 1428 964 xxm)..lloc
1450 903 1533 950 est
1552 909 1682 967 ergo
1695 896 1837 965 quod
1859 895 2085 951 scribit:

507 986 685 1054 Quare
712 1004 816 1042 non
842 988 1069 1044 imitaris
1096 987 1337 1043 Joiadem
1362 990 1716 1054 sacerdotem,
1749 998 1806 1043 et
1830 989 2089 1044 interficis

505 1080 796 1137 Jeremiam
836 1082 1394 1153 pseudoprophetam?
1447 1082 1702 1137 Dominus
1734 1082 1877 1138 enim
1907 1090 1956 1137 te
1988 1097 2087 1152 pro

504 1170 690 1226 Juiade
733 1172 1032 1236 constituit,
1061 1180 1117 1226 ut
1167 1172 1366 1227 habeas
1394 1187 1582 1226 curam
1616 1172 1818 1243 templi,
1843 1179 1898 1227 et
1943 1187 2084 1242 prte-

504 1260 659 1330 cipuc
675 1261 1075 1330 discemas,qui
1092 1270 1279 1316 sancto
1297 1261 1502 1332 Spiritu
1517 1262 1827 1333 loquantur,
1853 1262 1945 1331 qui
1974 1262 2085 1316 dte-

503 1352 771 1407 moniaco.
795 1354 1154 1408 Discretiones
1170 1361 1347 1407 autem
1364 1352 1649 1423 spirituum
1665 1352 1955 1407 Dominica:
1966 1367 2087 1408 esse

502 1440 707 1509 gratiae,
730 1450 784 1495 et
802 1440 1087 1511 Apostolus
1100 1450 1362 1497 memorat
1378 1441 1430 1513 (1
1442 1440 1602 1497 Joan.
1627 1440 1724 1515 tv).
1743 1441 1871 1506 Cur,
1889 1442 2083 1513 inquit,

502 1546 608 1583 non
656 1530 945 1600 increpasti
994 1530 1282 1587 leremiam
1325 1532 1711 1588 Anatbotiten?
1756 1532 1908 1601 Quod
1970 1534 2083 1603 ipse

502 1621 810 1675 merebatur
837 1622 986 1691 quasi
1019 1623 1507 1694 pseudopropheta,
1537 1622 1705 1680 refert
1743 1625 1796 1679 in
1851 1625 2087 1695 prophe-

503 1717 635 1771 tam,
670 1717 723 1762 et
746 1711 1005 1779 praevenit
1033 1712 1313 1767 mendacio
1340 1713 1641 1768 veritatem.
1677 1712 1829 1770 Unde
1857 1723 1912 1770 et
1953 1729 2084 1784 pru-

500 1799 773 1856 dentiores
811 1810 1070 1871 putantur
1116 1802 1208 1858 filii
1254 1804 1621 1870 tenebrarum,
1667 1804 1794 1861 filiis
1845 1805 1983 1863 lucis
2025 1807 2079 1862 in

2191 618 2325 689 ejus,
2377 637 2567 677 omnes
2611 622 2904 692 discipulos
2951 638 3087 692 quos
3137 639 3237 680 suo
3284 639 3473 681 errore
3529 627 3821 696 decepit:

2196 730 2215 762 ί
2248 712 2362 766 Non
2393 714 2518 778 erit,
2547 713 2742 784 inquit,
2768 714 2816 768 ei
2844 714 2926 768 vir
2947 714 3141 770 sedens
3177 716 3231 769 in
3257 716 3434 772 medio
3461 718 3664 788 populi
3701 718 3827 773 hn-

2183 802 2323 873 jus.»
2358 802 2607 857 Deleatur
2637 804 2702 858 de
2741 812 3051 859 sanctorum
3077 806 3431 863 conciliabulo
3456 810 3631 879 stirps
3664 824 3823 880 pes-

2189 895 2323 950 sima
2349 934 2364 961 ,
2408 910 2507 949 nec
2541 895 2727 950 sedeat
2754 895 2808 949 in
2844 897 3019 950 medio
3060 897 3468 966 quicsccntium,
3508 902 3607 970 qui
3666 917 3817 958 cum

2189 983 2456 1039 stantibus
2495 992 2640 1039 stare
2694 1000 2801 1039 non
2846 986 3040 1055 potuit,
3090 1002 3191 1042 nec
3223 990 3429 1044 audivit
3457 990 3630 1047 illud:
3674 1010 3700 1044 ι
3746 993 3812 1049 Si

2189 1072 2427 1127 stetisset
2451 1072 2506 1126 in
2533 1072 2831 1126 substantia
2860 1089 2976 1127 mea
3004 1073 3138 1145 (λεν.
3162 1075 3367 1149 uin)»
3390 1077 3646 1150 Cumque
3682 1080 3811 1137 Do-

2189 1163 2367 1217 minus
2392 1161 2776 1232 perfectionem
2803 1164 3060 1219 virtutum
3090 1166 3335 1221 omnium
3359 1168 3510 1230 linito
3531 1181 3809 1242 septena.

2188 1252 2269 1306 rio
2297 1260 2537 1321 tempore
2574 1252 2880 1322 promittat:
2902 1254 2990 1308 ille
3019 1270 3127 1310 non
3158 1256 3358 1311 videbit
3387 1259 3613 1325 bonum,
3637 1263 3805 1331 quod

2187 1342 2287 1398 sibi
2320 1342 2374 1397 in
2403 1344 2652 1414 prtesenti
2683 1351 2926 1415 tempore
2953 1346 3282 1403 vindicabat.
3328 1348 3440 1406 Hoc
3466 1366 3656 1407 antem
3714 1364 3804 1409 ιυ-

2187 1443 2303 1490 tum
2337 1434 2449 1501 flet,
2472 1435 2598 1505 quia
2624 1437 3124 1507 praevaricationem
3149 1438 3360 1496 locutus
3383 1450 3470 1497 est
3513 1443 3805 1502 adversus

2190 1526 2495 1594 Dominum,
2541 1536 2600 1581 ut
2638 1528 2841 1583 diceret
2884 1528 2997 1600 jam
3051 1529 3225 1585 soluta
3272 1540 3621 1601 peccatorum
3688 1551 3799 1591 ca-

2188 1618 2473 1689 ptivitate,
2522 1633 2837 1675 reversuros
2880 1635 2999 1676 esse
3054 1620 3109 1675 in
3147 1621 3482 1679 Hierusalem
3512 1666 3530 1690 ,
3576 1626 3800 1696 quibus

2187 1709 2476 1781 Apostolus
2501 1711 2895 1766 comminatur:
2930 1729 2948 1762 ι
2994 1711 3114 1766 Jam
3166 1714 3393 1767 saturati
3432 1714 3567 1770 estis
3592 1755 3608 1780 ,
3657 1713 3793 1783 jam

2189 1800 2386 1856 divites
2430 1799 2559 1855 facti
2586 1800 2746 1856 estis:
2776 1801 2891 1857 sine
2939 1803 3094 1858 nobis
3145 1804 3433 1876 regnastis,
3463 1813 3517 1859 et
3569 1806 3797 1861 utinam

499 1893 847 1962 generatione
885 1893 1005 1948 hac.
1054 1892 1324 1965 Nobisque
1373 1897 1655 1967 agentibus
1708 1897 1979 1967 patienter
2025 1905 2082 1952 et
2113 1886 2156 1945 Β
2187 1891 2504 1961 regnaretis,
2520 1899 2646 1947 utet
2661 1907 3120 1965 nosregnaremus
3134 1896 3412 1952 vobiscum
3430 1895 3482 1969 (ι
3497 1894 3625 1952 Cor.
3649 1898 3786 1971 Ν).ι

499 1983 937 2051 exspectantibus
965 1985 1286 2041 miserorum
1317 1986 1567 2051 salutem,
1598 1988 1936 2057 praeveniunt
1973 1988 2080 2044 bte-

502 2073 676 2139 retici,
717 2081 771 2128 et
797 2089 896 2129 nos
931 2090 1029 2130 suo
1071 2076 1342 2146 appellant
1384 2078 1622 2143 nomine,
1654 2078 1915 2134 ducentes
1943 2078 2076 2134 caeci

497 2179 673 2220 caecos
710 2165 763 2219 in
794 2163 1005 2221 foveam
1053 2186 1071 2218 ε
1102 2166 1265 2232 Misit,
1305 2168 1496 2236 inquit,
1525 2166 1593 2221 ad
1629 2182 1728 2222 nos
1752 2167 1806 2222 in
1850 2166 2081 2238 Babylo-

498 2267 646 2318 nem,
669 2254 857 2309 dicens
876 2295 890 2308 .
915 2253 1095 2326 Longe
1131 2264 1233 2310 est.
1262 2276 1280 2307 ι
1314 2255 1427 2311 Hoc
1449 2266 1533 2312 est
1561 2272 1722 2313 omne
1748 2258 1890 2327 quod
1912 2257 2075 2324 dolet,

496 2357 664 2413 quare
695 2344 979 2400 adversum
1007 2361 1161 2402 suum
1193 2348 1530 2403 mendacium
1559 2347 1824 2404 Jeremias
1848 2350 2080 2419 scripse-

500 2435 574 2489 rit
619 2436 922 2502 veritatem,
974 2437 1131 2506 longe
1170 2454 1289 2494 esse
1317 2439 1569 2505 reditum,
1598 2448 1653 2494 et
1687 2449 1809 2510 post
1864 2451 2080 2512 septua—

495 2527 644 2598 ginta
676 2543 847 2584 annos
874 2528 1144 2585 redituros
1175 2529 1230 2584 in
1283 2529 1645 2597 Hierusalem,
1689 2532 1832 2587 unde
1876 2534 2076 2589 debere

494 2634 589 2673 eos
609 2619 877 2676 aedificare
901 2621 1088 2677 domos
1103 2662 1117 2687 ,
1141 2621 1388 2692 plantare
1412 2622 1677 2693 pomaria,
1701 2632 1757 2679 et
1791 2624 2077 2682 comedere

496 2708 730 2764 fructum
757 2724 966 2776 eorum,
988 2710 1234 2781 accipere
1255 2726 1452 2767 uxores
1477 2721 1532 2767 et
1558 2711 1736 2769 facere
1768 2712 1925 2780 filios,
1956 2728 2077 2783 qua:

494 2801 800 2872 praeteritus
836 2816 1015 2857 sermo
1047 2802 1307 2857 narravit.
1340 2801 1486 2870 Quas
1530 2802 1741 2859 litteras
1766 2818 1889 2857 cum
1922 2818 2080 2859 acce-

494 2889 664 2961 pisset
693 2888 1000 2961 Sophonias
1026 2890 1301 2958 sacerdos,
1325 2893 1392 2947 ad
1431 2891 1586 2963 cujus
1624 2891 1933 2966 specialiter
1976 2908 2074 2948 no-

493 2996 617 3036 men
673 2983 891 3054 scriptte
932 2991 1109 3050 erant,
1166 2983 1295 3057 legit
1346 2982 1618 3051 Ieremia),
1677 2984 2077 3056 quodammodo

493 3076 785 3148 suggillans
822 3092 946 3132 eum
975 3087 1030 3134 et
1053 3078 1168 3148 ipsa
1196 3077 1480 3149 increpans
1504 3076 1759 3145 lectione,
1795 3092 1962 3148 quare
1982 3093 2076 3133 au-

492 3164 644 3221 deret
674 3167 725 3221 in
757 3167 1083 3238 Babylonem
1122 3168 1249 3222 talia
1273 3169 1534 3223 scribere.

2752 2001 2980 2059 CAPUT
3033 2001 3209 2063 XXX.

2189 2079 2476 2137 Tristitiam
2504 2082 2570 2138 de
2603 2084 2897 2158 captivitate
2913 2086 3207 2158 -promittit,
3243 2095 3292 2141 et
3338 2087 3594 2158 gaudium
3632 2097 3687 2144 rt
3707 2089 3796 2143 stl-

2760 2155 2948 2208 tionem
2976 2156 3031 2208 in
3055 2158 3243 2212 hostes.

2262 2262 2283 2295 ι
2320 2243 2434 2301 Hoc
2480 2246 2704 2302 verbum
2752 2246 2895 2317 quod
2938 2244 3139 2302 factum
3174 2255 3258 2304 est
3294 2250 3361 2304 ad
3410 2248 3713 2306 Jeremiam
3756 2266 3788 2307 a

2190 2354 2209 2388 ο
2257 2336 2503 2403 Domino,
2536 2339 2751 2393 dicens:
2801 2337 2927 2394 H:ec
2960 2339 3091 2395 dicit
3117 2338 3374 2395 Dominus
3416 2340 3561 2396 Deus
3586 2342 3783 2409 Israel,

2189 2443 2209 2476 ‹
2248 2423 2460 2481 dicens:
2509 2425 2699 2484 Scribe
2735 2428 2829 2484 tibi
2862 2429 3042 2484 omnia
3073 2430 3235 2486 verba
3264 2446 3384 2502 qua:
3413 2430 3629 2486 locutus
3649 2447 3779 2488 sum

2189 2533 2209 2567 ι
2243 2515 2310 2571 ad
2340 2525 2391 2573 te
2416 2518 2468 2572 in
2504 2517 2660 2574 libro.
2704 2518 2843 2574 Ecce
2872 2520 3017 2575 enim
3052 2520 3168 2576 dies
3216 2521 3452 2584 venient.
3498 2522 3631 2577 dicit
3661 2524 3780 2577 Do.

2188 2627 2208 2662 ι
2244 2609 2442 2676 minus,
2486 2619 2542 2665 et
2588 2620 2901 2666 convertam
2949 2613 3358 2668 conversionem
3412 2612 3598 2684 populi
3660 2614 3775 2668 mei

2189 2716 2207 2749 ι
2242 2697 2405 2754 Israel
2434 2705 2490 2754 et
2545 2698 2699 2764 Iuda,
2726 2701 2805 2755 ait
2845 2701 3105 2758 Dominus
3154 2699 3325 2769 Deus;
3356 2712 3412 2756 et
3451 2714 3771 2758 convertam

2187 2808 2205 2841 ι
2244 2790 2370 2859 (sive
2398 2790 2586 2845 sedere
2618 2790 2835 2864 faciam)
2888 2793 2943 2847 in
2980 2800 3127 2848 terra
3159 2808 3322 2862 quam
3354 2793 3475 2849 dedi
3523 2793 3777 2864 patribus

2188 2899 2207 2932 ι
2247 2896 2435 2937 eorum
2489 2890 2545 2938 et
2587 2883 2941 2953 possidebunt
2981 2898 3101 2939 eam
3143 2882 3372 2958 (ΜΑυιι.)
3405 2904 3424 2936 ι
3469 2882 3570 2937 llic
3614 2884 3770 2939 locus

2179 2971 2425 3029 Ieremia:
2450 2975 2723 3046 prophetae
2758 2977 3204 3047 repromissiones
3231 2977 3487 3049 mysticas
3517 2976 3769 3033 contine-

2179 3064 2280 3132 bit,
2310 3082 2443 3136 quas
2463 3065 2632 3124 Judaei
2670 3076 2864 3138 putant
2886 3078 2943 3125 et
2968 3071 3139 3126 nostri
3163 3068 3511 3127 Judaizantes
3542 3070 3600 3126 in
3640 3086 3771 3128 con-

2180 3159 2540 3215 summatione
2568 3162 2753 3217 mundi
2781 3175 2902 3219 esse
2929 3163 3294 3235 complendas.
3329 3162 3441 3219 Nec
3465 3164 3595 3220 dum
3616 3165 3767 3220 enim

562 3255 630 3309 Et
670 3228 890 3311 factum-
913 3264 998 3313 est
1034 3258 1256 3312 verbum
1303 3257 1514 3312 Domini
1543 3256 1610 3311 ad
1647 3254 1964 3321 Jeremiam,
1992 3255 2075 3311 di-
2100 3228 2146 3291 Ο
2177 3249 2278 3303 sub
2303 3248 2601 3316 Zorobabel
2638 3261 2862 3321 possunt
2893 3228 3134 3325 expletas
3158 3255 3513 3340 convincere:
3541 3270 3646 3316 nos
3666 3271 3766 3311 an-

504 3363 668 3405 cens:
691 3359 711 3393 σ
746 3345 895 3401 Mitte
920 3347 987 3401 ad
1016 3361 1229 3403 omnem
1270 3347 1799 3418 transmigrationem
1848 3348 2070 3404 dicens:

493 3432 519 3486 'c
570 3434 695 3491 Haec
760 3436 892 3492 dicit
962 3437 1220 3492 Dominus
1292 3438 1361 3493 ad
1435 3438 1706 3495 Semeiam
1781 3438 2072 3494 Neellami-

500 3543 518 3576 ι
557 3534 665 3580 tem
693 3543 707 3579 :
754 3526 859 3582 Pro
894 3542 960 3584 eo
990 3528 1130 3597 quod
1157 3528 1499 3598 prophetavit
1538 3530 1691 3586 vobis
1722 3529 1984 3597 Semeias,
2019 3538 2076 3587 et

498 3636 516 3669 ι
557 3633 657 3688 ego
684 3634 789 3674 non
820 3620 943 3674 misi
987 3635 1132 3686 eum,
1155 3629 1210 3677 et
1237 3620 1364 3677 fecit
1405 3636 1499 3677 vos
1526 3620 1800 3677 confidere
1829 3622 1883 3677 in
1920 3638 2072 3679 men-

500 3727 519 3760 ι
562 3711 735 3777 daein,
769 3711 969 3767 idcirco
990 3712 1107 3767 haec
1127 3713 1257 3768 dicit
1295 3713 1577 3769 Dominus:
1625 3714 1766 3770 Ecce
1811 3730 1912 3787 ego
1942 3717 2073 3771 visi-

498 3817 517 3851 ι
556 3800 682 3854 tabo
710 3815 872 3871 super
900 3799 1167 3856 Semeiam
1198 3801 1569 3857 Neellamitem
1596 3811 1652 3858 et
1684 3819 1845 3874 super
1888 3819 2074 3860 semen

492 3910 517 3960 ,ι
561 3890 700 3962 ejus.
731 3890 847 3947 Non
877 3887 984 3948 erit
1008 3892 1058 3948 ei
1081 3893 1165 3948 vir
1192 3893 1385 3971 sedens
1403 3893 1458 3947 in
1488 3894 1664 3949 medio
1690 3894 1868 3965 populi
1892 3894 2070 3963 hujus,

498 4003 519 4038 ι
560 3994 616 4042 et
644 4002 748 4042 non
800 3988 1003 4044 videbit
1051 3990 1252 4046 bonum
1299 3989 1441 4059 quod
1490 4005 1591 4060 ego
1638 3987 1833 4044 faciam
1877 3988 2073 4059 p0pnlo

497 4096 518 4130 ‹
564 4094 706 4146 meo,
737 4079 813 4134 ait
848 4080 1127 4145 Dominus,
1157 4082 1283 4151 quia
1313 4081 1810 4152 prtevaricationem
1863 4080 2074 4136 locutus

498 4186 517 4220 ‹
555 4178 637 4225 est
659 4171 915 4226 adversus
950 4170 1254 4227 Dominum.
1279 4191 1298 4224 ι
1335 4170 1805 4242 Pseudopropheta
1832 4170 2074 4226 Semeias

494 4256 838 4317 Neellamites
865 4302 880 4327 ,
945 4262 1037 4331 qui
1087 4261 1152 4317 de
1206 4269 1449 4318 torrente
1496 4262 1701 4317 alienas
1736 4269 1791 4316 ct
1830 4261 2074 4317 turbidas

494 4364 665 4419 aquas
692 4359 1013 4420 sumpserat,
1040 4351 1296 4408 irascitur
1320 4359 1509 4407 contra
1535 4350 1876 4407 mendacium
1914 4366 2072 4407 suum

491 4456 619 4495 vera
648 4443 927 4513 scripsisse
953 4442 1262 4509 Jeremiam,
1290 4453 1346 4501 et
1374 4444 1441 4500 ad
1470 4443 1797 4515 Sophoniam
1826 4443 2074 4499 sacerdo-

492 4539 599 4586 tem
622 4531 788 4587 mittit
812 4535 1087 4603 epistolas,
1119 4552 1217 4592 cur
1238 4552 1401 4592 ausus
1436 4537 1507 4592 sit
1538 4537 1804 4607 propheta
1833 4536 2072 4592 scribere

490 4619 795 4687 veritatem,
827 4631 883 4677 et
909 4625 1054 4695 cupit
1074 4640 1196 4680 eum
1228 4626 1429 4681 recludi
1452 4640 1671 4680 carcere
1699 4640 1767 4681 ne
1794 4626 2066 4697 loquatur.

492 4708 793 4781 Sophonias
817 4729 1029 4784 quoque
1062 4717 1379 4787 prophetam
1409 4717 1641 4772 latenter
1672 4729 1911 4784 accusat,
1938 4719 2067 4774 dum

490 4800 617 4873 legit
645 4802 928 4871 epistolam
967 4806 1299 4873 mentientis,
1326 4816 1382 4861 et
1411 4807 1808 4862 accusationem
1834 4807 1953 4877 ejus
1975 4810 2066 4864 ha-

488 4892 618 4948 bere
644 4889 965 4961 sejactitat:
1000 4902 1202 4964 quanto
1231 4895 1401 4967 magis
1432 4895 1651 4951 sceleris
1687 4897 1763 4950 rei
1794 4907 1938 4963 sunt,
1974 4899 2066 4967 qui

489 4985 779 5043 defendunt
814 4986 1325 5058 pseudoprophetas,
1364 4996 1417 5044 et
1439 4988 1759 5043 mentientes
1788 4987 1988 5055 fovent,
2011 4999 2066 5046 et

488 5078 717 5135 aliorum
777 5079 917 5135 male
973 5080 1209 5146 inventa,
1260 5096 1355 5137 sua
1404 5080 1606 5135 faciunt
1648 5094 1769 5136 esse
1807 5083 2065 5152 peccata?

486 5170 687 5228 Audiat
729 5172 909 5243 itaque
957 5172 1438 5243 pseudoproplieta,
1488 5171 1749 5244 intelligat
1791 5173 2065 5240 sacerdos,

487 5264 616 5332 quid
659 5280 756 5335 pcr
791 5280 914 5319 eum
953 5275 1008 5321 et
1038 5265 1153 5335 ipse
1196 5264 1381 5319 audire
1429 5272 1717 5318 mereatur.
1763 5263 1889 5321 Haec
1935 5266 2068 5322 dicit

489 5353 785 5409 Dominus:
815 5372 835 5408 ί
890 5354 1031 5410 Ecce
1075 5370 1176 5425 ego
1224 5353 1454 5409 visitabo
1503 5368 1666 5425 super
1712 5353 2003 5410 Semeiam.
2038 5375 2058 5409 ι

486 5445 602 5503 Hoc
633 5446 891 5503 Dominus
933 5446 1190 5518 loquitur,
1224 5462 1330 5502 non
1371 5446 1651 5519 propheta,
1696 5447 1839 5517 quod
1885 5447 2065 5504 visitet

487 5551 650 5607 super
680 5536 950 5592 Semeiam
978 5537 1370 5604 Neellamitem,
1399 5553 1504 5592 non
1537 5538 1590 5592 in
1620 5538 1941 5604 remedium,
1970 5540 2065 5595 sed

489 5624 542 5679 in
568 5626 887 5697 supplicium
915 5628 1225 5684 mentientis
1243 5668 1259 5695 ,
1278 5629 1432 5700 juxta
1468 5628 1594 5684 illud
1623 5629 1768 5702 quod
1803 5628 2064 5698 scriptum

488 5726 607 5771 est:
637 5738 656 5770 ι
689 5718 931 5774 Visitabo
958 5720 1011 5773 in
1035 5720 1185 5791 virga
1214 5721 1524 5790 iniquitates
1557 5736 1768 5789 eorum,
1797 5729 1853 5777 et
1877 5721 1933 5776 in
1964 5719 2064 5776 ﬂa-

490 5806 643 5878 gellis
666 5815 887 5874 peccata
914 5821 1098 5863 eorum
1122 5807 1293 5881 (Psal.
1314 5811 1598 5883 Lxxxvm).
1622 5831 1639 5863 ι
1660 5808 1769 5868 Nec
1789 5810 1961 5868 solum
1974 5826 2067 5868 su-

2178 3346 2285 3394 tem
2311 3350 2602 3410 sequentes
2626 3344 3002 3400 auctoritatem
3018 3345 3378 3416 apostolorum
3411 3354 3464 3401 et
3491 3346 3763 3416 evangeli-

2176 3437 2401 3498 starum,
2429 3438 2485 3487 et
2523 3432 2760 3489 maxime
2792 3434 3019 3504 apostoli
3057 3434 3232 3502 Pauli,
3278 3434 3542 3506 quidquid
3568 3436 3763 3507 populo

2174 3518 2340 3577 Israel
2390 3521 2686 3578 carnaliter
2746 3525 3166 3596 repromittitur,
3220 3526 3374 3583 nobis
3444 3529 3762 3599 spiritaliter

2175 3613 2499 3684 completum
2527 3629 2649 3671 esse
2677 3624 3062 3682 monstramus,
3093 3617 3359 3689 hodieque
3383 3619 3634 3690 impleri:
3663 3634 3761 3677 nec

2176 3703 2319 3759 inter
2349 3704 2562 3760 Iudaeos
2590 3713 2647 3761 et
2669 3704 3008 3762 Christianos
3029 3707 3197 3780 ullum
3236 3708 3381 3763 aliud
3405 3724 3528 3765 esse
3576 3721 3750 3766 certa-

2175 3811 2320 3861 men,
2349 3796 2454 3853 nisi
2494 3798 2595 3854 hoc
2642 3806 2704 3853 ut
2728 3814 2853 3856 cum
2894 3799 2971 3854 illi
3013 3816 3218 3872 nosque
3266 3802 3559 3858 credamus
3604 3803 3757 3860 (11]τί-

2175 3897 2318 3944 stum
2349 3889 2446 3946 Dei
2482 3889 2680 3945 Filium
2722 3893 3135 3962 repromissum,
3158 3902 3212 3949 et
3237 3909 3298 3948 ea
3332 3910 3453 3963 qua:
3501 3905 3628 3950 sunt
3673 3895 3752 3950 fu-

2174 3993 2295 4041 tura
2321 3987 2421 4042 sub
2464 3985 2681 4043 Christo
2707 4002 2737 4041 a
2763 3987 2921 4042 nobis
2958 3987 3198 4057 impleta,
3242 3986 3311 4042 ab
3338 3987 3444 4042 illis
3491 3988 3756 4057 explenda

2173 4076 2440 4132 dicantur.
2468 4076 2569 4144 Qui
2597 4078 2760 4148 igitur
2774 4077 2888 4147 jam
2915 4076 3192 4133 Christum
3226 4078 3441 4133 venisse
3463 4079 3754 4141 credimus,

2173 4179 2393 4222 necesse
2417 4175 2522 4233 est,
2545 4176 2606 4221 ut
2637 4182 2698 4222 ea
2721 4183 2842 4238 quae
2873 4166 2975 4223 sub
3016 4166 3234 4222 Christo
3276 4168 3533 4223 dicuntur
3576 4166 3757 4223 futura

2173 4256 2383 4326 expleta
2413 4257 2723 4321 doceamus,
2767 4272 2973 4328 nosque
3013 4257 3153 4313 filios
3180 4273 3300 4315 esse
3349 4257 3655 4323 Abraham,
3691 4261 3759 4317 de

2172 4349 2367 4419 quibus
2393 4348 2651 4418 scriptum
2681 4357 2796 4405 est:
2827 4367 2846 4401 ‹
2875 4348 3063 4404 Potest
3085 4348 3230 4404 Deus
3250 4348 3315 4405 de
3343 4348 3615 4418 lapidibus
3639 4350 3758 4405 istis

2173 4438 2437 4494 suscitare
2470 4437 2610 4495 filios
2646 4439 2941 4505 Abraham,
2983 4458 3003 4493 ι
3029 4442 3098 4495 ad
3140 4454 3301 4509 quem
3344 4437 3489 4495 facta
3512 4452 3596 4496 est
3626 4458 3756 4512 pro-

2097 4574 2150 4633 D
2174 4531 2389 4587 missio:
2424 4550 2444 4583 ς
2465 4531 2533 4586 Et
2549 4531 2603 4586 in
2625 4532 2935 4587 seminetuo
2949 4531 3328 4589 benedicentur
3355 4547 3548 4588 omnes
3569 4543 3758 4604 gentes

2175 4618 2327 4690 (Gen.
2350 4619 2518 4693 xxvi).
2544 4639 2563 4673 ι
2594 4618 2766 4688 Quam
2791 4621 3246 4687 benedictionem,
3276 4636 3372 4677 vas
3392 4622 3681 4687 electionis
3702 4623 3753 4681 in

2169 4711 2386 4767 Christo
2418 4710 2683 4782 expletam
2706 4711 2923 4776 docens,
2959 4730 2978 4763 ι
3009 4728 3115 4768 non
3144 4712 3280 4767 dixit
3305 4729 3320 4766 :
3352 4711 3410 4767 In
3432 4712 3751 4777 seminibus,

2169 4803 2262 4859 sed
2288 4802 2344 4857 in
2390 4802 2595 4858 semine
2619 4802 2711 4871 qui
2742 4810 2827 4857 est
2851 4800 3100 4858 Christus
3127 4801 3271 4874 (Gal.
3305 4804 3412 4875 ni).
3456 4824 3474 4857 ι
3502 4804 3642 4870 Hoc,
3675 4806 3752 4860 in-

2168 4894 2305 4964 quit,
2333 4894 2558 4948 verbum
2586 4893 2730 4963 quod
2774 4892 2977 4948 factum
3026 4900 3113 4949 est
3137 4893 3205 4948 ad
3234 4891 3529 4949 lemmiam
3569 4910 3602 4950 a
3652 4895 3753 4950 Do-

2168 4986 2337 5050 mino,
2367 4986 2584 5042 dicens:
2615 4985 2742 5041 Hzec
2768 4985 2902 5041 dicit
2948 4986 3207 5042 Dominus
3254 4985 3395 5042 Deus
3444 4986 3635 5054 Israel,
3670 4989 3750 5045 di-

2172 5095 2332 5136 cens:
2382 5079 2571 5136 Scribe
2613 5078 2711 5136 tibi
2755 5080 2937 5135 omnia
2974 5079 3161 5145 verba,
3204 5095 3326 5151 qua
3370 5080 3589 5138 locutus
3630 5098 3746 5138 sum

2172 5173 2239 5228 ad
2270 5181 2322 5228 te
2356 5171 2411 5227 in
2442 5172 2609 5228 libro:
2638 5186 2767 5228 ecce
2791 5171 2935 5227 enim
2968 5172 3085 5228 dies
3124 5173 3359 5237 venient,
3389 5173 3525 5230 dicit
3576 5174 3750 5230 Domi-

2170 5278 2295 5329 nus,
2324 5270 2381 5318 et
2409 5270 2721 5319 convertam
2758 5262 3167 5317 conversionem
3200 5262 3382 5332 populi
3426 5264 3536 5319 mei
3588 5262 3747 5320 Israel

2169 5364 2226 5412 et
2252 5353 2410 5421 Iuda,
2449 5355 2527 5410 ait
2565 5355 2823 5411 Dominus
2863 5354 3038 5409 Deus:
3074 5362 3130 5409 et
3151 5364 3473 5411 convertam
3503 5371 3598 5414 eos
3619 5359 3745 5430 (sive

2166 5447 2357 5504 sedere
2378 5445 2594 5520 faciam)
2623 5447 2676 5503 in
2693 5455 2839 5503 terra
2859 5462 3022 5517 quam
3043 5447 3164 5504 dedi
3189 5448 3439 5518 patribus
3456 5465 3668 5515 comm,
3690 5459 3746 5505 et

2166 5537 2520 5610 possidebunt
2537 5552 2679 5594 eam.
2706 5557 2724 5590 ι
2743 5537 3192 5594 Promittentibus
3206 5538 3478 5611 (Hier-on.)
3494 5541 3548 5596 in
3569 5541 3741 5612 Baby-

2166 5631 2289 5687 lone
2309 5631 2792 5703 pseudoprophetis
2813 5631 2923 5687 cito
2944 5632 3196 5703 populum
3222 5634 3312 5703 qui
3338 5648 3462 5689 cum
3484 5634 3736 5691 Jechonia

2168 5730 2357 5792 captus
2391 5720 2588 5787 fuerat,
2627 5736 2993 5788 reversurum,
3034 5732 3091 5779 et
3122 5723 3329 5779 Anania
3361 5724 3473 5780 tilio
3507 5725 3653 5781 Arur
3682 5725 3736 5780 in

2168 5812 2501 5871 Hierusalem
2524 5813 2714 5871 eadem
2747 5814 3093 5886 prmdicante,
3120 5814 3386 5873 Jeremias
3409 5817 3665 5889 propheta
3683 5824 3739 5871 et
