4022 6186
216 217 237 271 I
249 213 363 271 025

1146 201 1510 260 EXPOSITIO
1550 201 1776 259 SUPER
1812 199 2177 257 JEREMIAM.
2215 230 2295 244 -ι
2319 199 2448 256 LIB.
2489 199 2578 256 XI.

3351 201 3493 256 1026

206 327 348 381 illud
371 321 588 394 quidem
611 316 852 374 futurum
887 317 1138 382 asseruit,
1179 334 1284 372 non
1320 318 1460 371 intra
1501 316 1800 382 biennium,
1829 319 1879 376 Α
1906 311 2059 382 cujus
2079 323 2135 368 et
2163 313 2515 386 Evangelium
2535 313 2806 382 meminit,
2835 333 2861 367 «-
2877 313 3128 371 daturum
3154 331 3214 371 se
3236 317 3412 384 nobis,
3438 329 3495 372 ,ι

207 425 274 471 ut
305 415 383 470 illi
421 411 844 475 mentiebantur,
901 409 996 464 sed
1025 408 1192 462 finitis
1239 407 1576 478 septuaginta
1618 407 1795 461 annis.

208 511 280 566 Et
324 519 455 564 tunc
507 506 747 561 scribere
779 502 1075 572 jubeturin
1100 503 1259 567 libro,
1298 511 1356 556 et
1392 500 1666 555 memoriae
1691 510 1800 554 tra-

208 603 366 665 dere,
401 613 520 668 qua:
545 595 803 650 Dominus
827 600 1053 647 ventura
1079 591 1422 662 pr:enuntiet.
1452 591 1530 644 Ex
1555 606 1662 660 quo
1688 606 1802 644 ma-

211 691 473 750 nifestum
490 699 573 744 est
593 700 935 756 nequaquam
961 685 1195 738 vicinum
1224 692 1436 752 tempus
1469 697 1589 736 esse
1611 681 1802 735 vatici-

214 786 294 840 nii
314 825 330 849 ,
357 783 448 837 sed
482 780 646 834 multa
675 787 796 847 post
831 786 1070 845 tempora
1110 777 1225 830 bmc
1252 773 1512 845 explenda
1537 814 1550 835 .
1585 773 1803 843 quando

208 875 384 930 Israel
412 881 464 926 et
493 871 625 926 Juda
663 867 930 924 reversuri
962 875 1085 920 sunt
1112 866 1164 918 in
1191 874 1391 919 terram
1423 879 1608 918 suam:
1635 872 1690 917 et
1709 863 1804 916 im-

215 964 474 1036 plendum
539 959 666 1013 illud
724 956 867 1026 quod
929 954 1177 1008 Ezechiel
1239 953 1602 1023 prophetavit,
1666 952 1802 1006 duas

215 1057 401 1124 virgas
427 1052 527 1108 sibi
556 1049 759 1120 pariter
787 1045 1138 1116 cepulandas,
1171 1052 1226 1098 et
1268 1043 1657 1113 imperaturum
1700 1041 1802 1095 Da—

211 1145 306 1199 vid
337 1157 537 1213 regem,
585 1141 650 1193 de
685 1154 792 1208 quo
825 1137 1045 1191 scribit:
1074 1155 1091 1186 ς
1125 1135 1190 1188 Et
1223 1149 1410 1189 servus
1437 1148 1589 1188 meus
1632 1132 1801 1186 David

215 1254 313 1293 rex
345 1250 507 1305 super
532 1248 645 1294 eos,
675 1240 730 1286 et
769 1239 956 1299 pastor
1005 1243 1144 1282 unus
1183 1227 1287 1280 erit
1335 1226 1575 1281 omnium
1611 1240 1802 1279 eorum

214 1322 708 1399 (Ezech.xxxvtt).o
737 1319 792 1374 Si
823 1319 950 1388 quid
980 1319 1144 1388 igitur
1179 1317 1231 1370 in
1278 1317 1366 1370 illa
1403 1315 1685 1386 prephetia
1723 1313 1805 1368 di-

217 1422 418 1483 ximus,
485 1416 649 1470 etiam
697 1414 750 1467 in
801 1410 1192 1482 praesentiloco
1245 1408 1648 1478 intelligendum
1698 1414 1802 1470 est,

215 1508 522 1580 praesertim
555 1520 676 1561 cum
729 1503 934 1563 eadem,
969 1509 1022 1556 et
1047 1515 1112 1554 eo
1144 1509 1406 1569 tempore,
1459 1498 1709 1553 Ezechiel
1746 1497 1802 1552 in

217 1599 512 1670 Babylone,
544 1605 598 1652 et
615 1595 876 1652 Jcreinias
895 1593 948 1646 in
983 1591 1314 1647 Hierusalem
1337 1590 1799 1660 prOphetaverint.

1902 405 2018 460 sine
2040 405 2234 460 timore
2263 405 2328 458 de
2355 420 2514 459 manu
2543 405 2883 460 inimicorum
2923 414 3230 461 nostrorum
3256 406 3490 472 liberati,

1901 497 2200 552 serviamus
2233 496 2306 550 illi
2331 497 2385 550 in
2413 497 2702 552 sanctitate
2722 505 2778 552 et
2793 496 3006 565 justitia
3031 514 3214 552 coram
3241 499 3356 569 ipso
3380 515 3494 554 om-

1901 587 2059 642 nibus
2094 587 2284 642 diebus
2307 589 2527 642 nostris.
2568 607 2585 638 ι
2622 588 2900 654 Quomodo
2920 590 3064 643 enim
3089 590 3297 661 primus
3323 591 3494 646 Adam

1901 688 1956 733 et
1985 681 2253 734 secundus
2279 678 2452 732 Adam
2487 680 2799 734 scribuntur
2832 682 2986 750 juxta
3027 683 3272 751 corporis
3297 683 3496 738 verita-

1904 778 2044 824 tem:
2069 769 2150 824 sic
2173 778 2226 825 et
2254 769 2420 825 David
2445 771 2704 826 Dominus
2725 781 2888 840 atque
2910 773 3178 841 Salvator,
3202 776 3326 844 quia
3339 775 3495 845 juxta

1902 875 2122 915 carnem
2144 875 2210 915 ex
2237 860 2408 915 David
2433 869 2602 916 totum
2633 862 2684 916 in
2717 878 2782 916 eo
2801 873 2989 918 sancta
3021 865 3185 920 Maria
3210 865 3496 921 conferen—

1906 960 1978 1016 te,
1994 953 2256 1022 quidquid
2282 952 2384 1006 fuit
2405 967 2471 1007 ex
2499 953 2666 1023 stirpe
2691 954 2880 1020 David,
2903 964 2956 1010 et
2977 957 3207 1012 habente
3232 958 3495 1029 originem

1904 1050 2067 1111 atque
2114 1053 2432 1111 conceptum
2461 1043 2528 1097 de
2568 1043 2772 1114 Spiritu
2824 1053 3032 1100 sancto.
3071 1046 3331 1117 Quodque
3375 1048 3493 1103 ait:

1913 1147 1930 1180 ι
1967 1130 2256 1185 Conteram
2277 1131 2466 1202 jugum
2493 1132 2610 1202 ejus
2640 1136 2704 1188 de
2727 1134 2866 1189 collo
2894 1144 3006 1202 tuo,
3039 1144 3094 1190 et
3121 1138 3330 1192 vincula
3353 1139 3497 1195 illius

1903 1218 2269 1291 disrumpam,
2313 1243 2331 1274 ο
2367 1239 2472 1278 non
2506 1225 2726 1279 dubium
2755 1229 2886 1295 quin
2920 1227 3020 1281 sub
3054 1236 3178 1298 typo
3208 1229 3495 1287 Nabucho-

1905 1309 2142 1364 donosor
2181 1312 2247 1366 de
2290 1311 2505 1367 diabolo
2534 1315 2875 1370 sentiendum
2906 1317 2996 1371 sit.
3460 1321 3464 1324 ’

1982 1418 2001 1450 r
2049 1401 2128 1454 Tu
2156 1416 2284 1472 ergo
2319 1419 2388 1458 ne
2416 1405 2626 1470 timeas,
2661 1421 2818 1461 serve
2859 1423 3014 1463 meus
3040 1408 3228 1477 Jacob,
3266 1414 3341 1467 ait
3388 1415 3497 1471 Do—

1911 1505 1930 1539 r
1973 1491 2173 1555 minus,
2201 1507 2376 1562 neque
2405 1509 2627 1563 paveas,
2654 1497 2817 1551 Israel
2838 1516 2849 1550 :
2870 1500 2994 1568 quia
3020 1516 3154 1559 ecce.
3169 1519 3268 1574 ego
3291 1505 3496 1561 salvum

1912 1598 1930 1631 ι
1977 1588 2028 1634 te
2066 1580 2262 1637 faciam
2301 1584 2366 1638 de
2409 1594 2551 1639 terra
2582 1586 2873 1659 longinqua
2899 1630 2913 1655 ,
2944 1601 2998 1646 et
3032 1607 3217 1650 semen
3255 1594 3401 1650 tuum
3434 1600 3501 1654 de

293 1709 314 1741 ε
337 1689 405 1744 Et
433 1689 545 1742 haec
572 1686 734 1741 verba
766 1700 884 1753 qua,
913 1683 1121 1737 ιοςηωε
1155 1690 1239 1737 εει
1263 1682 1523 1737 Dominus
1549 1682 1621 1736 ad
1638 1681 1804 1737 [smel
1836 1672 1878 1730 Β
1913 1686 1932 1720 ‹
1981 1679 2123 1725 terra
2154 1673 2482 1743 captivitatis
2511 1691 2699 1732 eorum
2737 1697 2748 1732 :
2783 1689 2841 1734 et
2875 1692 3181 1738 revertetur
3223 1685 3410 1753 Jacob,
3445 1700 3501 1744 et

217 1799 238 1832 ι
278 1787 336 1835 et
355 1779 424 1832 ad
445 1776 657 1832 ludam.
687 1775 948 1842 Quoniam
984 1775 1098 1828 hate
1127 1773 1259 1828 dicit
1286 1774 1543 1828 Dominus
1568 1791 1581 1827 :
1608 1772 1807 1828 Vocem

218 1890 238 1924 ι
282 1868 650 1940 terroris(sive
687 1867 929 1934 timoris)
961 1865 1285 1931 audivimus,
1328 1865 1579 1931 formido,
1618 1874 1807 1921 etnon

217 1978 238 2014 ι
284 1969 374 2017 est
399 1975 524 2030 pax.
552 1958 880 2028 Interrogate
907 1965 963 2010 et
995 1955 1171 2011 videte
1193 1956 1238 2010 si
1263 1964 1485 2026 generat
1519 1957 1806 2012 masculus.

215 2072 235 2106 ι
279 2052 462 2119 Quare
486 2065 614 2121 ergo
656 2048 765 2102 vidi
793 2048 970 2103 omnis
1014 2047 1116 2102 viri
1147 2063 1366 2102 manum
1405 2062 1566 2117 super
1599 2047 1810 2104 lumbos

216 2164 236 2197 ι
273 2159 428 2208 suos,
449 2143 601 2212 quasi
628 2139 1006 2211 parturientis:
1031 2148 1086 2194 et
1099 2155 1372 2195 conversa:
1396 2150 1524 2194 sunt
1544 2140 1810 2196 universa:

217 2255 237 2288 ε
282 2235 454 2290 facies
479 2235 534 2288 in
557 2231 911 2302 auruginem?
938 2249 958 2284 ι
1002 2231 1243 2285 Primum
1275 2231 1448 2284 tristia
1489 2231 1813 2286 annuntian-

213 2339 321 2392 tur,
353 2336 413 2383 ut
447 2337 570 2398 post
595 2327 858 2382 malorum
892 2325 1312 2395 magnitudinem
1343 2324 1463 2378 laeta
1485 2327 1807 2386 succedant;

212 2421 429 2496 gratior
476 2419 674 2489 quippe
719 2425 804 2472 est
849 2418 1055 2472 sanitas
1092 2416 1444 2488 :egrotatione
1476 2417 1728 2487 depulsa:
1757 2422 1813 2470 et

211 2513 420 2567 doloris
447 2510 779 2580 magnitudo,
805 2511 856 2563 in
882 2507 1305 2580 magnitudinem
1341 2508 1570 2562 vertitur
1594 2509 1815 2579 gaudio-

216 2622 360 2661 rum.
389 2604 544 2672 Quod
572 2611 752 2658 autem
780 2602 933 2665 dicit,
958 2601 1059 2656 hoc
1101 2609 1204 2656 est.
1239 2600 1445 2655 Tantus
1492 2601 1596 2655 erit
1626 2601 1810 2667 timor,

214 2703 476 2765 tantaque
507 2694 754 2759 formido,
790 2703 850 2746 ut
883 2691 1061 2762 fugata
1088 2707 1241 2762 pace,
1269 2691 1423 2746 belIis
1459 2702 1514 2746 et
1550 2692 1814 2763 sanguine

217 2789 404 2843 omnia
455 2785 845 2856 compleantur,
885 2785 1109 2838 etviros
1152 2797 1367 2853 quoque
1413 2797 1642 2851 quorum
1683 2798 1810 2852 pro-

214 2879 397 2950 pn'um
448 2886 533 2932 est
583 2884 771 2931 contra
819 2873 1160 2929 adversarios
1208 2872 1489 2938 dimicare,
1535 2871 1814 2927 muliebris

221 2981 402 3025 terror
448 2969 728 3030 obtineat,
778 2980 1074 3035 manusque
1127 2978 1467 3034 nequaquam
1527 2963 1594 3018 ad
1639 2979 1806 3025 arma,

217 3061 314 3117 sed
350 3061 418 3115 ad
450 3075 608 3114 renes
646 3059 904 3114 tenendos
963 3056 1262 3120 conferant,
1316 3054 1472 3126 quasi
1519 3055 1564 3109 si
1614 3054 1808 3109 mulier

217 3153 438 3224 pariens
474 3152 564 3206 ilia
598 3151 916 3220 lumbosque
961 3147 1251 3204 contineat.
1306 3147 1457 3202 Unde
1481 3155 1537 3202 et
1588 3155 1808 3202 cuncto-

216 3260 341 3300 rum
371 3244 536 3298 facies
571 3250 848 3298 vertentur
873 3241 927 3296 in
957 3241 1294 3312 auruginem,
1323 3254 1578 3308 pavorem
1629 3239 1809 3294 cordis

217 3336 402 3392 vultus
427 3335 627 3404 pallore
657 3343 934 3390 testantes.
974 3332 1201 3401 Quidam
1224 3335 1366 3388 hunc
1389 3332 1565 3388 locum
1610 3347 1806 3388 secun-

218 3429 346 3483 dum
377 3426 730 3498 tropologiam
770 3426 848 3480 sic
878 3424 1320 3494 interpretantur,
1353 3431 1412 3477 ut
1452 3431 1642 3493 putent
1679 3423 1808 3478 illud

218 3517 589 3572 testimonium
611 3533 623 3570 :
645 3515 720 3570 «Α
741 3516 933 3570 timore
963 3525 1071 3580 tuo,
1098 3514 1340 3578 Domine,
1367 3514 1733 3584 concepimus,
1755 3521 1811 3568 et

217 3610 629 3682 parturivimus,
663 3617 719 3662 et
747 3608 1071 3678 peperimus,
1101 3605 1348 3675 spiritum
1379 3603 1568 3658 salutis
1597 3612 1699 3659 tua:
1736 3603 1811 3658 fe-

219 3703 398 3756 cimus
440 3715 604 3771 super
632 3708 829 3754 terram
859 3697 993 3769 (Isa.
1021 3697 1235 3768 xxxvn),
1269 3717 1286 3748 ι
1315 3705 1369 3752 et
1396 3696 1525 3751 illud
1555 3695 1809 3766 apostoli-

218 3808 367 3858 cum,
395 3793 449 3847 in
474 3807 581 3862 quo
606 3792 764 3846 dicit:
787 3809 805 3842 ι
833 3789 1007 3846 Filioli
1034 3790 1157 3854 mei,
1184 3790 1528 3859 quositerum
1544 3790 1806 3860 parturio,

225 3885 401 3939 donec
446 3882 694 3938 Christus
724 3879 988 3935 formetur
1016 3881 1069 3934 in
1114 3879 1269 3935 vobis
1301 3879 1444 3950 (Gal.
1483 3879 1580 3951 IV),
1620 3900 1637 3932 ι
1687 3881 1810 3934 huic

221 3974 474 4045 exemplo
504 3972 828 4043 comparari,
858 3972 1001 4041 quod
1031 3971 1374 4026 manifestum
1389 3979 1471 4025 est
1488 3986 1592 4025 non
1616 3971 1683 4024 ad
1703 3979 1810 4025 ter-

221 4081 426 4130 rorem,
475 4065 568 4120 sed
629 4063 693 4119 ad
745 4064 995 4136 gaudium
1043 4064 1347 4133 pertinere:
1399 4077 1521 4117 cum
1572 4077 1810 4132 praesens

223 4155 510 4226 Scriptura
524 4155 838 4213 vastationis
850 4155 1016 4211 Israel
1029 4164 1085 4211 et
1104 4157 1273 4210 ruina:
1296 4163 1508 4225 tempus
1522 4155 1807 4226 signiticet.

301 4267 320 4299 ι
345 4248 455 4312 Vze,
481 4248 606 4317 quia
623 4261 815 4316 magna
830 4247 944 4301 dies
960 4246 1072 4312 illa,
1095 4261 1194 4301 nec
1209 4257 1290 4302 est
1309 4246 1499 4302 similis
1518 4247 1658 4316 ejus,
1676 4255 1810 4300 tem-

227 4359 245 4390 ι
281 4354 494 4409 pusque
525 4338 880 4394 tribulationis
908 4349 992 4394 est
1023 4338 1190 4394 Jacob
1218 4358 1230 4393 :
1257 4350 1310 4395 et
1335 4355 1400 4394 ex
1433 4340 1548 4410 ipso
1573 4340 1807 4396 salvabi-

226 4447 245 4480 ι
284 4437 394 4482 tur.
429 4448 445 4479 ι
480 4427 730 4484 Ρτωάίοἰῑ
767 4438 977 4500 tempus
1008 4430 1260 4494 miseriae,
1289 4438 1348 4484 ut
1380 4429 1575 4484 inferat
1596 4439 1809 4501 tempus

222 4520 428 4591 gaudii.
479 4521 632 4584 Cum,
688 4521 884 4590 inquit,
931 4530 1078 4576 tanta
1128 4522 1507 4592 prmcesserint
1557 4522 1697 4576 mala
1751 4531 1811 4577 ut

225 4611 385 4667 dolor
415 4611 650 4665 virorum
705 4614 945 4667 omnium
997 4613 1166 4668 dolori
1212 4615 1561 4683 parturientis
1598 4614 1810 4669 feminae

223 4712 592 4774 comparetur,
621 4712 802 4758 tamen
830 4712 1040 4774 tempus
1082 4704 1443 4760 tribulationis
1475 4703 1660 4771 Jacob,
1708 4707 1812 4761 hoc

223 4805 328 4859 est,
361 4795 540 4866 populi
575 4795 692 4860 Dei,
716 4797 1010 4852 mutabitur
1044 4797 1099 4850 in
1144 4813 1431 4868 prospera:
1474 4805 1529 4852 et
1577 4812 1642 4851 ex
1699 4797 1812 4868 ipso

223 4901 441 4956 quoque
471 4885 786 4953 salvabitur,
813 4887 1132 4942 subauditur
1147 4897 1407 4958 tempore,
1433 4889 1497 4942 de
1511 4903 1617 4957 quo
1632 4903 1811 4943 sermo

225 4988 588 5052 processerat.
617 4980 786 5036 Jacob
811 4990 989 5035 autem
1019 4982 1303 5037 duodecim
1333 4982 1502 5037 tribus
1528 4982 1762 5052 intellige
1794 5001 1808 5036 :

225 5089 350 5142 quae
407 5085 747 5140 nequaquam
799 5072 899 5126 sub
943 5071 1260 5136 Zorobabcl,
1299 5079 1361 5125 ut
1397 5072 1637 5126 nonnulli
1679 5071 1814 5127 falso

229 5170 445 5233 putant,
478 5163 571 5217 sed
596 5163 661 5216 de
694 5160 1011 5232 Evangelica
1035 5162 1316 5216 vocatione
1346 5161 1566 5216 salvata:
1591 5171 1737 5217 sunt.

305 5274 326 5307 ‹
375 5255 443 5309 Et
476 5255 579 5310 erit
619 5255 672 5308 in
721 5255 809 5308 die
863 5254 973 5321 illa,
1005 5255 1081 5308 ait
1127 5254 1384 5309 Dominus
1443 5256 1811 5310 exercituum:

234 5365 254 5400 σ
296 5354 576 5401 conteram
611 5346 799 5416 jugum
830 5345 945 5414 ejus
970 5345 1036 5401 de
1061 5345 1200 5401 collo
1225 5354 1340 5411 tuo,
1373 5354 1428 5400 et
1449 5345 1656 5401 vincula
1674 5345 1815 5400 illius

237 5456 256 5489 ι
304 5437 657 5506 disrumpam,
671 5445 728 5492 et
742 5453 846 5492 non
863 5437 1280 5493 dominabuntur
1295 5438 1373 5492 eis
1388 5438 1814 5509 amplius‘alieni,

238 5545 258 5580 ι
305 5535 362 5581 et
396 5527 634 5582 servient
666 5528 790 5598 (sive
839 5527 1231 5598 operabuntur)
1280 5528 1509 5582 Domino
1559 5527 1666 5580 Deo
1695 5542 1816 5581 suo.

241 5636 260 5670 ι
297 5617 534 5672 etDavid
551 5619 660 5688 regi
675 5633 791 5674 suo.
811 5632 964 5688 quem
980 5619 1250 5674 suscitabo
1266 5618 1364 5673 eis.
1379 5638 1396 5669 ι
1417 5617 1520 5673 Iste
1530 5627 1611 5672 est
1629 5618 1816 5684 David,

1915 1777 1933 1810 ι
1979 1761 2240 1830 quiescet,
2268 1773 2322 1817 et
2359 1767 2570 1821 cunctis
2592 1767 2775 1824 alﬂuet
2796 1771 2974 1836 bonis,
2999 1783 3053 1828 et
3079 1791 3187 1832 non
3207 1778 3312 1832 erit
3339 1794 3500 1847 quem

1917 1866 1934 1897 ι
1970 1848 2254 1917 formidet,
2291 1855 2548 1922 quoniam
2595 1865 2772 1911 tecum
2811 1874 2958 1927 sum,
2993 1863 3070 1917 ait
3116 1864 3408 1933 Dominus,
3442 1878 3502 1925 ut

1917 1959 1934 1992 ι
1980 1940 2184 1997 salven:
2244 1952 2314 1998 te.
2381 1945 2602 2001 Faciam
2652 1950 2797 2004 enim
2853 1958 3378 2015 consummationem
3446 1963 3501 2018 in

1916 2049 1936 2082 ι
1979 2035 2189 2090 cunctis
2222 2037 2476 2105 gentibus
2513 2038 2568 2092 in
2598 2041 2794 2110 quibus
2839 2044 3068 2114 dispersi
3101 2056 3154 2103 te
3184 2064 3199 2102 :
3231 2059 3283 2106 te
3319 2061 3500 2110 autem

1917 2140 1936 2173 ι
1984 2139 2090 2179 non
2128 2125 2326 2181 faciam
2356 2127 2411 2182 in
2468 2134 3015 2203 consummationem,
3073 2141 3169 2195 sed
3220 2145 3502 2216 castigabo

1916 2232 1936 2267 ι
1983 2216 2110 2288 (sive
2136 2218 2401 2291 erudiam)
2442 2229 2494 2275 te
2539 2223 2592 2276 in
2629 2222 2871 2293 judieid,
2900 2237 2958 2282 ut
2985 2245 3093 2286 non
3135 2233 3228 2289 tibi
3269 2237 3504 2296 videaris

1918 2322 1936 2356 ι
1983 2305 2237 2363 innoxius
2265 2309 2391 2381 (sive
2410 2319 2468 2364 et
2487 2315 2754 2371 mundans
2777 2333 2883 2372 non
2909 2323 3181 2379 mundabo
3203 2325 3298 2398 te).
3328 2348 3347 2380 ι
3374 2328 3500 2386 Haec

1910 2403 2166 2474 περικοπή
2215 2400 2269 2453 in
2321 2399 2467 2455 LXX
2518 2419 2624 2458 non
2667 2407 2913 2474 habetur,
2947 2413 3081 2466 etin
3108 2414 3380 2489 plerisque
3411 2435 3504 2475 co-

1912 2487 2123 2543 dicibus
2147 2489 2372 2560 vulgatae
2406 2493 2659 2548 editionis
2686 2497 2784 2550 sub
2823 2500 3098 2556 asteriscis
3143 2505 3211 2559 de
3257 2487 3503 2564 Theodo-

1913 2578 2060 2634 tione
2088 2581 2273 2636 addita
2318 2592 2420 2638 est.
2454 2585 2750 2642 Pollicetur
2790 2600 2970 2647 autem
3014 2609 3194 2653 sermo
3239 2600 3452 2655 divinus
3484 2643 3500 2668 ,

1913 2684 1968 2730 et
1991 2672 2336 2731 familiariter
2362 2688 2520 2734 vocat
2545 2694 2761 2738 servum
2802 2701 2959 2742 suum
3003 2688 3174 2746 Jacob
3205 2701 3260 2748 et
3305 2694 3498 2762 Israel,

1913 2767 2052 2822 sicut
2080 2768 2376 2835 Abraham,
2408 2770 2581 2838 Isaac,
2606 2783 2662 2829 et
2681 2774 2866 2842 Jacob,
2899 2791 3162 2836 vocantur
3191 2786 3332 2839 servi
3381 2787 3498 2842 Dei.

1912 2856 2086 2914 Moses
2113 2875 2328 2930 quoque
2375 2872 2432 2916 et
2470 2863 2559 2918 alii
2597 2869 2891 2937 prophetae,
2938 2882 2993 2928 et
3042 2876 3318 2944 apostolus
3364 2879 3494 2934 Pau-

1911 2949 1998 3006 Ius
2041 2951 2096 3006 in
2154 2953 2422 3024 principio
2478 2956 2843 3026 Epistolarum
2907 2979 3126 3023 suarum
3191 2971 3293 3026 hoc
3347 2973 3503 3030 titulo

1837 3031 1881 3091 C
1913 3043 2176 3114 gloriatur
2218 3065 2230 3100 :
2269 3057 2328 3103 ut
2355 3057 2410 3103 et
2433 3050 2554 3106 duae
2580 3061 2636 3106 et
2669 3055 2856 3111 decem
2889 3059 3080 3124 tribus,
3136 3063 3188 3118 id
3227 3073 3312 3119 est
3361 3067 3501 3122 duo-

1909 3137 2104 3202 decim,
2134 3140 2310 3194 sciant
2337 3157 2396 3196 se
2429 3143 2494 3198 de
2521 3153 2667 3199 terra
2710 3147 3002 3222 longinqua
3033 3170 3150 3209 esse
3178 3157 3462 3216 salvandas
3484 3201 3500 3227 ,

1909 3238 1964 3284 et
1990 3231 2301 3287 solvendam
2333 3236 2703 3305 captivitatem
2732 3244 3170 3318 reddendamque
3200 3264 3415 3318 pacem,
3447 3263 3502 3309 et

1909 3322 2057 3376 omni
2099 3338 2194 3378 eas
2237 3325 2527 3395 replendas
2573 3329 2906 3391 abundantia
2932 3374 2947 3399 ,
2994 3337 3150 3406 juxta
3199 3340 3328 3396 illud
3357 3345 3503 3414 quod

1909 3414 1965 3468 in
2008 3414 2223 3474 Psalmo
2253 3419 2450 3474 dicitur
2485 3437 2500 3475 :
2539 3439 2558 3472 ‹
2604 3422 2726 3479 Fiat
2769 3441 2876 3496 pax
2923 3427 2975 3483 in
3031 3431 3228 3488 virtute
3278 3443 3406 3501 tua,
3446 3446 3503 3492 et

1911 3507 2242 3564 abundantia
2275 3511 2329 3566 in
2365 3516 2608 3572 turribus
2650 3519 2756 3574 tuis
2791 3519 2963 3590 (Psal.
3005 3525 3174 3596 cxxt).
3207 3543 3226 3577 ι
3258 3525 3371 3584 Hoc
3401 3543 3500 3583 au-

1911 3605 2021 3650 tem
2049 3598 2172 3664 erit,
2189 3601 2315 3669 quia
2344 3606 2633 3673 praesentia
2658 3607 2869 3663 Domini
2894 3609 3260 3681 perfruentur,
3285 3621 3502 3687 quando

1911 3696 1967 3744 et
2000 3699 2187 3760 gentes
2213 3693 2558 3763 adversariae,
2592 3713 2714 3768 quae
2738 3715 2835 3756 eos
2858 3713 3133 3773 ceperant,
3165 3707 3503 3779 disperibunt

1910 3790 1967 3836 et
1989 3781 2076 3837 isti
2107 3783 2484 3842 liberabuntur
2513 3803 2543 3844 a
2573 3792 2845 3859 gentibus.
2882 3792 3156 3865 Docetqne
3177 3813 3271 3855 eos
3300 3817 3505 3871 nequa-

1912 3888 2076 3942 quam
2099 3889 2297 3943 pccnae,
2327 3878 2420 3933 sed
2449 3879 2738 3935 eruditioni
2768 3884 3013 3948 traditos,
3048 3894 3106 3940 ut
3128 3885 3504 3953 iudicarentur

1912 3964 2067 4040 quasi
2103 3966 2339 4034 proprii,
2387 3983 2492 4022 non
2518 3970 2876 4038 perderentur
2921 3976 3077 4042 quasi
3103 3976 3306 4033 alieni:
3342 3999 3361 4032 ι
3398 3980 3500 4048 Qui
3594 3998 3600 4004 δ

1911 4054 2055 4145 enim
2107 4069 2214 4109 non
2266 4058 2458 4123 credit,
2507 4057 2620 4127 jam
2663 4059 2940 4128 judicatus
2971 4075 3055 4121 est
3092 4067 3274 4140 (Joan.
3315 4071 3432 4145 III);
3476 4095 3496 4126 ο

1912 4144 2016 4200 hoc
2061 4154 2146 4201 est
2186 4147 2329 4201 enim
2372 4147 2756 4219 praejudicatus
2799 4154 2853 4208 in
2881 4155 3180 4213 interitum.
3215 4144 3494 4227 Quodau-

1914 4245 2020 4292 tem
2071 4237 2290 4294 intulit:
2325 4259 2344 4290 ε
2383 4241 2453 4296 Ut
2477 4258 2583 4298 non
2615 4245 2709 4300 tibi
2749 4246 2987 4304 videaris
3010 4251 3282 4321 innoxius,
3319 4273 3338 4306 ι
3365 4257 3498 4322 sive,

1907 4328 2062 4397 juxta
2119 4329 2547 4401 Symmachum,
2579 4353 2597 4386 ι
2643 4344 2700 4390 et
2754 4339 3022 4395 mundans
3072 4357 3179 4397 non
3227 4347 3502 4404 mundabo

1916 4428 1998 4487 te;
2034 4441 2052 4474 ι
2091 4421 2174 4478 vel
2218 4421 2375 4490 juxta
2430 4424 2727 4494 Aquilam:
2761 4448 2780 4480 ι
2814 4428 2948 4484 Cum
2999 4439 3052 4487 te
3102 4434 3357 4490 erudiero
3404 4453 3501 4507 per

1904 4512 2169 4583 judicium
2199 4553 2214 4578 ,
2253 4529 2596 4585 nequaquam
2645 4517 2990 4576 innocentem
3030 4521 3259 4592 faciam;
3300 4545 3320 4579 ι
3369 4527 3501 4585 illud

1911 4607 2180 4678 significat
2213 4610 2355 4678 quod
2382 4610 2562 4665 omnis
2587 4612 2820 4668 mundus
2848 4613 3086 4686 indigeat
3125 4617 3498 4676 misericordia

1914 4700 2035 4766 Dei,
2065 4708 2120 4755 et
2142 4700 2346 4767 nullus,
2374 4702 2623 4772 quamvis
2650 4715 2874 4761 sanctus
2918 4707 3010 4772 sit,
3059 4723 3286 4765 securus
3309 4721 3501 4783 pergat

1915 4791 1981 4846 ad
2002 4790 2238 4859 judicem
2267 4811 2280 4846 :
2311 4801 2502 4848 contra
2547 4809 2741 4849 novam
2771 4811 2837 4851 ex
2864 4799 3037 4854 veteri
3079 4801 3348 4867 haeresim,
3381 4819 3502 4873 quze

1911 4891 2064 4953 putat
2106 4883 2157 4937 in
2187 4883 2292 4938 isto
2330 4885 2526 4940 saeculo
2549 4895 2602 4941 et
2623 4887 2726 4942 ista
2753 4904 2917 4944 carne
2947 4893 3182 4957 mortali,
3214 4902 3500 4964 antequam

1913 4974 2280 5042 corruptivum
2309 4975 2413 5030 hoc
2442 4976 2629 5031 induat
2657 4978 3139 5050 incorruptionem,
3171 4992 3226 5037 et
3273 4984 3501 5037 mortale

1914 5064 2102 5119 induat
2148 5065 2610 5121 immortalitatem
2636 5108 2650 5131 ,
2689 5069 3075 5136 perfectionem
3125 5086 3244 5125 esse
3286 5071 3340 5125 in
3373 5087 3503 5140 quo-

1919 5171 2101 5226 quam,
2140 5163 2196 5210 et
2229 5171 2418 5210 omnes
2462 5157 2620 5212 simul
2648 5156 2856 5225 justum
2894 5175 3059 5229 posse
3115 5159 3341 5230 implere
3394 5162 3502 5216 vir-

1923 5257 2082 5303 tutes.

1999 5358 2017 5390 ι
2062 5338 2198 5406 Quia
2249 5339 2363 5393 hmo
2409 5339 2540 5394 dicit
2579 5340 2880 5397 Dominus:
2911 5343 3228 5398 Insanabilis
3265 5342 3500 5400 fractura

1931 5449 1950 5481 ι
1996 5439 2107 5508 tua,
2133 5431 2362 5498 pessima
2397 5429 2552 5499 plaga
2588 5439 2696 5484 tua.
2741 5430 2857 5485 Non
2885 5434 3086 5502 estqui
3125 5433 3332 5502 judicet
3352 5437 3502 5506 judi-

1933 5539 1952 5576 ι
1995 5505 2136 5576 ciitm
2186 5530 2335 5574 tuum
2373 5521 2440 5575 ad
2486 5521 2850 5592 alligandum,
2905 5525 3246 5580 curationum
3300 5505 3505 5584 utilitas

1935 5635 1955 5668 ι
1999 5629 2103 5670 non
2119 5613 2340 5668 esttibi.
2364 5610 2563 5667 Omnes
2583 5622 2855 5671 amatores
2878 5615 2952 5670 tui
2977 5615 3126 5672 obliti
3152 5626 3276 5671 sunt
3304 5621 3380 5673 tui
3407 5636 3419 5672 :
3451 5627 3507 5672 te
