4022 6186
560 155 690 215 1027
1155 153 1216 208 Β.
1257 153 1514 210 RABANI
1553 154 1771 212 MAUltl
1809 154 2129 212 ABCIIIEP.
2173 157 2482 216 MOGUNT.
2524 160 2808 218 OPERUM
2841 160 3021 217 PARS
3070 161 3156 217 lll.
3686 168 3844 226 1025

554 290 575 325 ι
620 286 727 328 non
781 279 1045 339 quaerent.
1089 268 1249 339 Plaga
1293 270 1436 324 enim
1489 271 1698 327 inimici
1744 275 1986 342 percussi
2032 284 2085 330 te
2111 313 2125 341 ,
2155 279 2205 338 Α
2233 274 2539 344 linquentes
2565 276 2790 347 populos
2819 277 2984 342 videt,
3014 291 3151 350 quos
3182 291 3288 332 non
3310 275 3424 346 jam
3449 281 3548 333 sub
3572 277 3851 348 discipli—

551 379 575 418 ι
618 361 974 432 castigatione
1005 361 1210 414 crudeli
1256 363 1384 431 (sive
1420 360 1590 433 forti).
1634 363 1860 432 Propter
1887 365 2129 421 multitu-
2233 382 2300 421 na
2329 367 2488 432 ﬁlios,
2519 369 2613 423 sed
2637 369 2736 424 sub
2771 369 3021 423 districta
3045 370 3397 438 percussione
3424 370 3608 427 hostes
3635 371 3852 427 intue-

550 471 574 509 ι
619 456 796 510 dinem
853 452 1152 521 iniquitatis
1207 461 1310 506 tute
1373 452 1506 508 dura
1567 452 1711 508 facta
1770 455 1788 525 (
1803 455 1907 510 sive
1948 456 2129 511 multi—
2233 467 2348 512 tur:
2376 457 2582 528 «Plaga
2603 458 3062 528 inimicipercussi
3081 468 3154 523 te,
3175 459 3524 530 castigatione
3543 462 3845 518 creduli.-

549 563 573 600 ι
612 542 834 616 plicata)
874 552 1004 597 sunt
1051 551 1269 612 peccata
1321 551 1428 596 tua.
1485 543 1624 610 Quid
1673 545 1877 600 clamas
1921 548 1988 602 ad
2040 563 2128 603 me
2229 547 2296 602 Et
2320 547 2463 617 quod
2495 548 2582 604 hic
2609 548 2806 604 dicitur
2834 567 2852 600 ι
2883 564 2988 603 non
3013 557 3220 618 parcet,
3253 568 3271 600 ›
3299 550 3372 604 ibi
3393 566 3606 621 quoque
3627 553 3849 608 verbis

549 656 571 690 ι
617 652 778 706 super
803 635 1126 689 contritione
1154 635 1287 686 tua?
1327 634 1648 690 lnsanabilis
1673 645 1755 691 est
1799 637 1951 692 dolor
1980 647 2122 703 tuus,
2227 640 2348 695 aliis
2371 640 2679 695 declaratur
2713 659 2726 695 :
2760 661 2777 691 ι
2807 640 2947 707 Quid
2981 640 3183 695 clamas
3206 641 3274 696 ad
3301 656 3387 696 me
3415 657 3574 713 super
3602 646 3848 699 contri-

550 749 569 782 ι
612 738 832 800 pr0pter
876 725 1272 780 multitudinem
1318 725 1620 794 iniquitatis
1645 735 1752 781 tua;
1774 768 1788 792 ,
1825 737 1880 782 et
1905 740 2126 799 propter
2227 731 2370 785 tione
2395 731 2518 785 tua?
2537 730 2855 786 insanabilis
2875 740 2959 784 est
2976 731 3128 784 dolor
3150 741 3291 786 tuus.
3327 751 3346 783 ι
3374 732 3524 788 Unde
3546 735 3658 788 hoc
3672 750 3846 790 sem-

548 838 566 871 ι
611 821 743 874 dura
771 827 990 887 peccata
1019 826 1108 870 tua
1133 817 1234 871 feci
1262 817 1377 871 lucc
1397 818 1548 871 tibi.»
1567 817 1730 884 Quasi
1745 823 1810 873 ad
1825 822 2121 889 speciosam

541 913 822 968 mulierem
853 911 1118 981 loquitur,
1147 911 1232 964 cui
1263 926 1425 980 supra
1446 912 1690 967 dixerat:
1723 931 1741 964 ι
1770 916 2046 984 castigabo
2070 925 2123 974 te

538 1003 593 1057 in
609 1003 900 1072 judicio,ut
914 1016 1018 1055 non
1039 1000 1136 1054 tibi
1158 1001 1390 1054 videaris
1406 1001 1658 1057 innoxius
1671 1001 1798 1074 (sive
1819 1005 2080 1077 innoxia).
2096 1027 2115 1059 ι

538 1096 606 1149 Et
624 1111 720 1168 per
740 1096 1109 1163 metaphoram
1144 1092 1382 1162 loquitur
1407 1095 1474 1147 ad
1503 1094 1830 1162 Jerusalem,
1857 1099 1998 1167 quod
2024 1100 2116 1155 Dei

530 1185 735 1254 judicio
756 1186 992 1254 pessime
1022 1185 1303 1239 vulnerata
1328 1186 1426 1239 sit:
1445 1194 1499 1239 et
1522 1202 1864 1256 nequaquam
1889 1189 1997 1245 alio
2010 1192 2116 1245 nisi

533 1279 649 1347 ipso
668 1278 756 1346 qui
776 1285 1117 1347 percusserat
1134 1279 1304 1347 possit
1318 1287 1572 1332 curantes
1583 1280 1751 1333 amari
1771 1280 2022 1350 [curante
2034 1297 2118 1336 sa-

533 1367 697 1438 nari].
735 1387 752 1418 ι
798 1367 914 1422 Non
943 1376 1047 1431 est,
1086 1368 1163 1420 ait
1195 1367 1471 1432 Dominus,
1503 1369 1593 1436 qui
1620 1366 1827 1435 judicet
1851 1370 2112 1440 judicium

533 1468 702 1523 tuum,
738 1478 756 1510 ›
789 1474 887 1513 nec
913 1458 1176 1512 altissimo
1199 1457 1411 1512 vulneri
1446 1458 1620 1513 valeat
1643 1467 1820 1514 cutem
1843 1461 2115 1515 cicatricis

528 1549 818 1613 obducere,
854 1563 1176 1618 quocunque
1204 1557 1256 1602 te
1288 1549 1642 1613 converteris,
1665 1549 1870 1604 utilitas
1891 1565 1995 1604 non
2028 1559 2114 1605 est

2222 833 2321 890 per
2357 820 2516 875 electi
2563 820 2871 890 provident,
2915 829 2976 874 ut
3014 829 3140 876 ante
3169 822 3236 875 ad
3255 821 3518 890 justitiam
3551 824 3842 887 redeant,

2223 926 2384 980 quam
2417 927 2536 966 sese
2576 913 2656 966 ira
2676 911 2878 981 judicis
2918 911 3398 983 iuextinguibiliter
3425 916 3732 981 accendat,
3764 934 3840 972 ne

2221 1002 2413 1058 ultimo
2433 1002 2640 1072 ﬂagello
2662 1004 2986 1073 deprehensi
3009 1005 3169 1058 simul
3194 1006 3274 1061 eis
3294 1006 3509 1060 ﬁniatur
3536 1009 3655 1062 vita
3694 1025 3834 1064 cum

2220 1094 2396 1164 culpa.
2444 1095 2738 1166 Flagellum
2788 1110 3024 1165 namque
3068 1104 3199 1151 tunc
3238 1097 3407 1151 diluet
3447 1099 3630 1168 culpa,
3690 1117 3872 1155 cum.

2218 1187 2508 1240 mutaverit
2549 1187 2735 1240 vitam.
2786 1186 2918 1241 Nam
2977 1188 3131 1257 cujus
3177 1203 3357 1244 mores
3404 1190 3660 1247 immutat
3711 1210 3830 1248 non

2216 1277 2394 1347 expiat
2452 1277 2714 1332 actiones.
2761 1277 2948 1332 Omnis
2978 1293 3106 1348 ergo
3143 1279 3326 1334 divina
3362 1282 3672 1350 percussio,
3727 1294 3830 1340 aut

2216 1369 2463 1438 purgatio
2503 1369 2556 1422 in
2588 1368 2744 1423 nobis
2787 1369 2910 1422 vitae
2961 1371 3243 1439 prmsentis
3281 1379 3382 1437 est,
3438 1382 3533 1426 aut
3582 1375 3824 1430 initium

2213 1469 2388 1526 poenae
2429 1458 2728 1527 sequentis.
2776 1457 3006 1528 Propter
3035 1474 3130 1514 eos
3166 1460 3308 1513 enim
3354 1461 3444 1529 qui
3475 1478 3544 1516 ex
3590 1462 3826 1534 ﬂagello

2214 1548 2504 1617 proﬁciunt
2523 1549 2726 1604 dictum
2751 1557 2872 1605 est:
2915 1567 2932 1600 ι
2960 1548 3062 1615 Qui
3105 1550 3264 1620 ﬁngis
3304 1551 3543 1607 dolorem
3576 1554 3628 1608 in
3665 1571 3824 1625 prmo

529 1642 623 1696 tibi
643 1657 657 1695 :
677 1641 800 1710 quia
816 1640 1084 1696 oﬂ'endisti
1105 1657 1228 1695 eum
1251 1642 1518 1711 quiverus
1534 1650 1636 1707 est,
1655 1651 1710 1696 et
1729 1642 1876 1696 solus
1896 1652 1982 1698 est
1996 1659 2107 1698 me-
2141 1627 2182 1686 Β
2212 1649 2369 1710 cepto
2407 1639 2580 1712 (Psal.
2611 1640 2786 1714 xcnt),
2822 1659 2842 1694 ι
2873 1643 2998 1712 quia
3029 1642 3155 1696 dum
3184 1642 3476 1713 ﬂagellatur
3503 1645 3741 1716 iniquus
3759 1657 3819 1703 et

525 1734 725 1788 dicus.«
755 1733 955 1788 Omnes
970 1742 1243 1787 amatores
1258 1732 1334 1785 tui
1355 1732 1503 1787 obliti
1529 1742 1655 1788 sunt
1673 1733 1772 1797 tui,
1795 1753 1813 1785 ι
1831 1733 1914 1788 vel
1931 1749 2109 1790 sacer-

522 1827 699 1890 dotes,
739 1827 822 1880 vel
856 1826 1147 1896 principes,
1190 1836 1285 1880 aut
1323 1833 1474 1882 certe
1502 1827 1812 1897 angelorum
1837 1829 2104 1897 praesidia,

523 1920 719 1988 quibus
758 1920 1071 1988 priusquam
1112 1917 1416 1973 oﬂetideres
1444 1920 1752 1985 Dominum,
1794 1920 2104 1976 vallabaris.

526 2031 544 2062 ι
567 2011 643 2065 Te
665 2026 770 2064 non
799 2016 1064 2078 quaerent,
1089 2027 1107 2058 ι
1136 2007 1398 2062 facientes
1427 2008 1731 2077 apostolum
1753 2008 1999 2073 Paulum,
2015 2008 2107 2079 qui

520 2101 795 2172 qumrebat
819 2101 1123 2164 credentes,
1139 2108 1198 2153 et
1215 2114 1322 2153 non
1343 2113 1428 2165 ea,
1456 2113 1579 2167 qua:
1598 2107 1754 2152 erant
1771 2099 2104 2154 credentium

519 2193 601 2266 (ll
628 2191 733 2245 Cor
759 2192 881 2261 xu).
906 2211 922 2242 ι
950 2189 1110 2260 Plaga
1135 2191 1276 2245 enim
1301 2190 1502 2245 inimici
1521 2191 1762 2259 percussi
1781 2199 1853 2255 te,
1868 2192 2104 2263 castigas

520 2283 666 2337 tione
691 2280 896 2336 creduli
929 2300 978 2333 .›
1007 2279 1183 2333 Aliter
1198 2279 1427 2345 amicus,
1445 2279 1604 2333 aliter
1631 2279 1884 2335 inimicus
1914 2295 2105 2348 percu-

519 2373 612 2437 tit;
641 2372 799 2426 aliter
821 2378 996 2439 pater,
1030 2367 1189 2423 aliter
1219 2369 1413 2423 hostis.
1445 2369 1538 2424 llle
1561 2370 1725 2425 caedit
1753 2379 1815 2425 ut
1845 2371 2100 2441 corrigat,

519 2463 620 2517 iste
650 2461 881 2531 percutit
908 2468 968 2512 ut
1001 2459 1231 2514 occidat.
1263 2458 1417 2514 Unde
1451 2468 1508 2513 et
1543 2461 1806 2530 propheta
1837 2460 2103 2533 lacryma-

515 2553 695 2607 biliter
717 2551 884 2606 dicit:
922 2566 940 2601 ι
981 2548 1231 2613 Domine,
1265 2565 1330 2604 ne
1358 2549 1412 2602 in
1438 2547 1620 2604 furore
1649 2558 1741 2605 tuo
1767 2565 1962 2622 arguas
1990 2566 2096 2618 me,

515 2661 690 2712 neque
717 2644 769 2696 in
811 2643 891 2695 ira
923 2650 1012 2696 tua
1050 2641 1314 2710 corripias
1356 2655 1441 2695 me
1470 2639 1643 2712 (Psal.
1670 2642 1768 2712 vi).
1808 2662 1828 2694 ι
1861 2642 1976 2698 Hoc
2010 2659 2102 2698 au-

519 2745 626 2791 tem
652 2736 852 2790 factum
877 2743 979 2798 eet,
1011 2733 1137 2803 quia
1167 2741 1388 2802 propter
1417 2733 1815 2789 multitudinem
1844 2734 2100 2806 iniquita-

514 2829 584 2884 tis
626 2837 729 2884 tua:
766 2829 900 2883 dura
943 2827 1088 2881 facta
1129 2834 1256 2882 sunt
1293 2833 1515 2896 peccata
1558 2834 1668 2880 tua.
1714 2825 1975 2896 Quodque
2015 2840 2101 2882 se-

511 2927 734 2997 quitur:
769 2944 787 2977 r
825 2925 964 2992 Quid
1004 2923 1207 2978 clamas
1237 2937 1400 2992 super
1436 2921 1760 2978 contritione
1793 2921 2099 2977 tuaHnsa-

513 3019 706 3075 uabilis
733 3027 818 3074 est
842 3018 996 3073 dolor
1025 3027 1167 3081 tuus,
1196 3025 1419 3087 propter
1455 3015 1854 3070 multitudinem
1893 3015 2094 3085 iniqui-

512 3110 637 3162 tatis
663 3117 787 3171 tum,
822 3126 840 3157 ‹
871 3108 924 3160 in
964 3106 1104 3161 LXX
1127 3121 1233 3160 non
1272 3106 1524 3171 habetur,
1555 3105 1804 3159 videlicet
1839 3106 1965 3173 quia
2005 3119 2094 3161 se-

509 3199 686 3254 cundo
701 3198 919 3262 dicitur,
941 3217 958 3248 ι
979 3207 1198 3266 propter
1211 3197 1608 3251 multitudinem
1640 3197 1941 3266 iniquitatis
1965 3207 2091 3263 tute,

506 3298 562 3343 et
590 3289 724 3344 dura
749 3296 972 3356 peccata
998 3297 1110 3352 tua,
1159 3307 1178 3339 ι
1217 3294 1273 3341 et
1294 3287 1384 3356 qui
1426 3285 1738 3341 scribebant
1763 3302 1794 3340 a
1825 3288 2092 3358 principio

507 3380 750 3434 additum
791 3387 1135 3448 putaverunt.
1190 3377 1257 3430 Et
1295 3386 1379 3432 est
1408 3392 1636 3432 sensus:
1672 3377 1742 3434 Ut
1784 3379 1988 3433 inimici
2039 3388 2094 3434 te

505 3472 661 3543 plaga
688 3480 1052 3540 percuterem,
1079 3480 1136 3525 et
1173 3471 1436 3526 ctederem
1474 3472 1832 3541 castigatione
1859 3473 2087 3540 crudeli,

505 3562 635 3616 fecit
660 3561 946 3615 multitudo
979 3560 1282 3630 iniquitatis
1312 3569 1438 3627 tum,
1473 3570 1528 3616 et
1555 3560 1691 3616 dura
1727 3571 1949 3634 peccata
1977 3572 2086 3632 tua,

505 3668 624 3723 qua:
655 3652 834 3706 sanari
872 3666 978 3705 non
1013 3659 1284 3720 poterant,
1318 3652 1421 3707 nisi
1461 3652 1870 3709 mordacissimo
1922 3655 2092 3710 medi-

506 3747 718 3802 camine
759 3744 1002 3817 [pulvere
1045 3753 1101 3799 et
1137 3745 1346 3800 ardenti
1397 3746 1640 3802 cauterio
1681 3753 1735 3802 et
1776 3746 1922 3802 ferro
1960 3763 2091 3803 acu-

503 3837 758 3908 tissimo],
789 3853 898 3907 quo
921 3837 1166 3907 putridas
1195 3853 1386 3892 carnes
1407 3849 1462 3892 et
1489 3837 1818 3894 insanabiles
1839 3847 2090 3908 amputa-

503 3943 618 3983 rem
642 3937 697 3982 et
725 3937 904 3982 tamen
936 3936 1159 3998 propter
1194 3927 1594 3984 multitudinem
1627 3930 1926 4000 iniquitatis
1961 3939 2086 3998 tute,

502 4029 556 4076 et
574 4021 706 4075 dura
733 4027 954 4090 peccata
979 4028 1088 4084 tua,
1114 4018 1214 4074 feci
1241 4020 1343 4075 hoc
1359 4019 1480 4085 tibi,
1501 4035 1608 4075 non
1638 4036 1759 4075 mea
1783 4021 2084 4089 voluntate,

2207 1729 2518 1800 corrigitur,
2534 1739 2860 1801 prazceptum
2886 1731 3074 1786 audire
3097 1733 3291 1798 noluit,
3306 1735 3506 1790 audivit
3527 1736 3814 1796 dolorem.

2207 1821 2369 1878 Dolor
2393 1837 2524 1894 ergo
2553 1824 2606 1878 in
2629 1831 2900 1894 praecepto
2931 1823 3150 1893 ﬁngitur
3173 1825 3246 1890 ei,
3271 1827 3361 1895 qui
3387 1842 3417 1881 a
3437 1828 3597 1883 malis
3624 1833 3816 1900 operi-

2205 1915 2328 1980 bus,
2355 1915 2512 1985 quasi
2553 1916 2812 1987 praecepti
2857 1916 2975 1971 vice
3005 1916 3190 1972 dolore
3232 1917 3539 1976 cohibetur.
3585 1921 3667 1976 De
3719 1922 3812 1978 his

2206 2019 2334 2060 vero
2362 2019 2500 2075 quos
2525 2005 2785 2060 damnant
2810 2004 3039 2076 ﬂagella,
3069 2014 3126 2062 et
3143 2021 3251 2062 non
3273 2007 3524 2070 liberant,
3553 2011 3765 2066 dicitur
3787 2029 3805 2065 :

2213 2114 2233 2146 ι
2276 2095 2600 2153 Pcrcussisti
2636 2111 2753 2162 eos,
2801 2113 2904 2152 nec
2928 2097 3246 2162 doluerunt;
3289 2101 3546 2156 attrivisti
3593 2117 3717 2167 eos,
3747 2112 3807 2158 et

2203 2199 2503 2246 renuerunt
2531 2190 2779 2261 accipere
2818 2190 3160 2261 disciplinam
3191 2190 3327 2263 (Jer.
3358 2193 3437 2264 v).
3473 2212 3492 2244 ι
3533 2193 3664 2250 llzec
3700 2195 3803 2249 ﬂa-

2203 2281 2338 2353 gella
2371 2281 2441 2336 ab
2470 2282 2574 2338 hac
2596 2282 2709 2337 vita
2740 2281 3016 2346 inchoaut,
3046 2291 3101 2336 et
3131 2282 3186 2336 in
3211 2290 3414 2338 eterna
3440 2285 3802 2354 percussione

2202 2373 2517 2443 perdurant.
2561 2371 2716 2432 Unde
2742 2387 2839 2443 per
2867 2373 3051 2428 Mosen
3094 2370 3356 2429 Dominus
3379 2375 3548 2430 dicit:
3591 2394 3610 2424 ο
3649 2376 3800 2447 [guis

2201 2467 2406 2521 exarsit
2431 2467 2486 2521 in
2517 2466 2600 2521 ira
2626 2481 2766 2528 mea,
2791 2477 2844 2522 et
2873 2466 3084 2522 ardebit
3117 2482 3287 2536 usque
3311 2467 3378 2523 ad
3406 2467 3613 2523 inferos
3635 2470 3798 2524 deor-

2201 2575 2320 2616 sum
2352 2558 2530 2630 (Deut.
2562 2557 2755 2629 um).
2795 2577 2813 2610 ι
2847 2557 3121 2625 Quantum
3147 2559 3214 2612 ad
3241 2565 3563 2628 praesentem
3589 2560 3796 2614 etenim

2199 2648 2606 2718 percussionem
2627 2656 2857 2719 spectat,
2881 2657 3030 2704 recte
3051 2648 3267 2712 dicitur,
3292 2666 3312 2699 ι
3345 2649 3482 2720 ignis
3503 2651 3713 2705 exarsit
3737 2651 3792 2706 in

2199 2741 2280 2796 ira
2310 2757 2448 2805 mea,
2475 2760 2493 2793 ι
2519 2751 2782 2811 quantum
2818 2755 2947 2796 vero
2975 2740 3042 2794 ad
3073 2748 3331 2795 aeternam
3359 2741 3790 2810 damnationem,

2199 2839 2322 2901 apte
2352 2847 2477 2887 mox
2524 2831 2791 2896 subditur,
2839 2849 2858 2881 ‹
2901 2839 2955 2884 et
2996 2828 3207 2885 ardebit
3255 2847 3429 2901 usque
3468 2832 3534 2887 ad
3576 2831 3793 2888 inferos

2199 2923 2470 2978 deorsum.
2503 2941 2522 2975 ›
2552 2921 2702 2977 Licet
2723 2938 2755 2976 a
2775 2921 3095 2992 quibusdam
3119 2921 3228 2977 dici
3255 2922 3426 2977 soleat
3453 2923 3607 2987 illud,
3640 2924 3790 2991 quod

2199 3013 2460 3084 scriptum
2481 3021 2566 3069 est
2587 3029 2600 3064 :
2625 3031 2643 3062 σ
2666 3011 2782 3067 Νοη
2799 3011 3009 3080 judieat
3031 3011 3175 3067 Deus
3189 3013 3272 3067 bis
3295 3012 3347 3066 in
3367 3012 3623 3083 idipsum,
3648 3033 3667 3065 ι
3692 3014 3786 3082 qui

2195 3113 2375 3161 tamen
2397 3105 2538 3175 quod
2561 3118 2658 3174 per
2676 3104 2995 3174 pr0phetam
3020 3103 3087 3159 de
3114 3104 3312 3172 iniquis
3332 3104 3552 3170 dicitur,
3572 3119 3679 3158 non
3697 3116 3780 3159 at-

2195 3198 2464 3252 tendunt:
2506 3215 2525 3248 ι
2561 3197 2630 3251 Ει
2675 3197 2873 3266 duplici
2912 3196 3228 3253 confusione
3259 3207 3482 3252 contere
3507 3213 3625 3262 eos,
3662 3217 3682 3248 ι
3732 3207 3792 3252 et

2193 3289 2248 3345 id
2304 3290 2449 3359 quod
2492 3289 2627 3344 alias
2679 3291 2940 3360 scriptum
2990 3297 3097 3354 est,
3147 3307 3166 3340 ι
3211 3287 3370 3344 Jesus
3415 3288 3673 3359 pepulum
3717 3289 3788 3345 de

2195 3387 2338 3433 terra
2370 3377 2587 3449 IEgypti
2619 3377 2858 3448 saLvans,
2889 3379 3125 3433 secundo
3161 3391 3256 3433 eos
3278 3378 3368 3446 qui
3393 3394 3498 3432 non
3527 3377 3753 3433 credide

2193 3477 2319 3525 runt
2344 3469 2596 3540 perdidit.
2639 3489 2657 3522 ι
2700 3469 2906 3536 Quibus
2931 3478 3107 3523 tamen
3144 3469 3189 3522 si
3215 3484 3540 3524 consensum
3569 3471 3780 3538 praebe-

2192 3575 2342 3626 mus,
2373 3560 2666 3630 quamlibet
2698 3559 2910 3630 culpam
2939 3559 3023 3614 bis
3045 3557 3198 3613 feriri
3232 3573 3339 3613 non
3366 3573 3546 3628 posse,
3577 3561 3682 3615 hoc
3709 3576 3778 3614 ex

2191 3659 2411 3720 peccato
2451 3650 2721 3719 percussis
2760 3660 2924 3720 atque
2957 3650 3011 3705 in
3037 3657 3259 3721 peccato
3287 3666 3385 3706 suo
3417 3651 3776 3705 morientibus

2191 3740 2350 3795 debet
2369 3742 2646 3807 mstimari,
2664 3742 2788 3812 quia
2823 3757 3010 3797 eorum
3032 3743 3313 3813 percussio
3334 3743 3423 3798 hic
3445 3753 3644 3812 empta,
3670 3743 3775 3798 illic

2188 3828 2498 3896 perficitur,
2523 3836 2583 3881 ut
2635 3828 2956 3884 incorrectis
2988 3843 3154 3882 unum
3185 3826 3451 3898 ﬂagellum
3506 3827 3597 3891 sit,
3632 3828 3774 3896 quod

2191 3919 2559 3990 temporaliter
2577 3919 2786 3990 incipit,
2809 3919 2902 3975 sed
2919 3920 2972 3974 in
2985 3921 3205 3975 aeternis
3221 3919 3501 3990 suppliciis
3517 3934 3782 3990 consum--

2191 4023 2387 4078 matur,
2427 4021 2696 4082 quatenus
2735 4014 2815 4068 eis
2859 4013 2954 4081 qui
2998 4013 3220 4067 omnino
3266 4010 3467 4080 corrigi
3515 4019 3770 4070 renuunt,

501 4114 596 4170 sed
641 4113 924 4168 medicina:
964 4111 1170 4166 ratione
1212 4120 1460 4182 cogente.
1496 4109 1700 4183 (Greg.)
1749 4111 1887 4168 Hinc
1933 4121 1990 4168 et
2031 4114 2086 4168 in
2183 4103 2296 4173 iam
2340 4103 2689 4173 pmsentium
2729 4100 3059 4173 ﬂagellorum
3094 4099 3394 4171 percussio,
3427 4099 3769 4169 sequentium

498 4203 601 4262 Joh
625 4206 884 4274 scriptum
911 4210 1023 4258 est:
1063 4221 1082 4253 ε
1121 4203 1344 4256 Emittet
1378 4216 1538 4270 super
1564 4217 1708 4268 eum,
1739 4210 1794 4256 et
1820 4217 1924 4256 non
1955 4217 2086 4272 par-

2188 4195 2258 4251 sit
2283 4193 2495 4248 initium
2522 4201 2933 4248 tormentorum.

499 4306 588 4350 cet
618 4295 760 4367 (Job.
795 4295 907 4365 xx).
961 4314 980 4346 ι
1023 4293 1370 4348 Peccatorem
1411 4293 1553 4348 Deus
1593 4294 1807 4362 quoties
1844 4294 2086 4350 feriendo
2115 4319 2164 4379 ο
2265 4304 2286 4339 ι
2320 4285 2612 4356 Propterea
2631 4285 2920 4355 omnesqni
2941 4283 3229 4340 comedunt
3250 4291 3320 4348 te.
3347 4282 3769 4345 devorabuntur.

499 4388 746 4457 corrigit,
762 4388 830 4441 ad
853 4388 954 4442 hoc
973 4384 1238 4456 ﬂagellum
1259 4384 1478 4450 emittit,
1499 4393 1560 4439 ut
1590 4395 1800 4456 parcat,
1817 4403 1937 4442 cum
1956 4403 2087 4443 vero

499 4479 620 4548 ejus
647 4479 810 4532 vitam
843 4479 894 4533 in
921 4489 1146 4548 peccato
1171 4485 1580 4546 permanentem
1603 4476 1847 4533 feriendo
1867 4478 2089 4534 conclu-

502 4568 900 4640 dit,ﬂagcllum
947 4569 1181 4634 emittit,
1217 4568 1315 4624 sed
1360 4584 1702 4639 nequaquam
1743 4571 1939 4640 parcit.
1983 4571 2088 4639 Qui

502 4661 644 4718 enim
675 4659 942 4731 ﬂagellum
988 4661 1168 4716 emisit
1210 4668 1272 4714 ut
1305 4668 1589 4731 parceret,
1635 4661 1704 4715 ad
1742 4662 1846 4717 hoc
1887 4662 2089 4717 emittit

502 4755 825 4828 quandoque
851 4773 918 4812 ne
947 4765 1152 4826 parcat.
1186 4756 1244 4810 ln
1284 4756 1387 4811 hac
1417 4771 1648 4826 namque
1683 4757 1794 4812 vita
1824 4759 2086 4815 Dominus

501 4860 654 4907 tanto
687 4850 860 4920 magis
896 4849 1076 4904 studet
1102 4857 1162 4902 ut
1188 4859 1398 4919 parcat,
1426 4856 1628 4918 quanto
1655 4851 1825 4920 magis
1853 4866 2081 4921 exspec-

502 4944 666 4999 tando
693 4939 946 5011 ﬂagellat.
987 4939 1139 4996 Sicut
1178 4941 1292 5010 ipse
1329 4954 1463 4994 voce
1511 4939 1686 5011 angeli
1718 4941 1786 4995 ad
1822 4939 2082 4996 Joannem

500 5041 618 5094 ait:
656 5057 674 5091 ‹
723 5038 836 5109 Ego
884 5052 1020 5108 quos
1063 5051 1186 5090 amo
1236 5035 1501 5106 redarguo
1548 5042 1603 5088 et
1639 5035 1845 5106 castigo
1895 5036 2080 5107 (Apoc.

497 5131 604 5202 Ill).
639 5150 656 5183 ›
689 5129 757 5184 Et
787 5128 931 5184 sicut
960 5127 1094 5182 alias
1123 5126 1322 5180 dicitur
1355 5143 1366 5178 :
1399 5125 1568 5191 Quem
1595 5125 1740 5179 enim
1776 5124 1950 5195 diligit
1978 5125 2082 5178 Do-

498 5224 697 5286 minus,
723 5223 948 5291 castigat
978 5239 992 5273 :
1026 5218 1256 5290 ﬂagellat
1281 5226 1459 5272 autem
1486 5232 1701 5274 omnem
1732 5216 1899 5271 ﬁlium
1921 5231 2080 5286 quem

499 5313 694 5384 recipit
722 5311 908 5384 (Hebr.
940 5310 1060 5382 xu).
1086 5331 1104 5362 ι
1133 5311 1367 5364 Econtra
1397 5317 1574 5362 autem
1601 5309 1666 5363 de
1693 5306 1904 5378 ﬂagello
1931 5307 2082 5361 dam-

501 5403 735 5457 nationis
775 5401 1038 5473 scriptum
1065 5409 1188 5456 est:
1220 5418 1239 5452 ε
1277 5399 1334 5454 lu
1378 5398 1636 5468 operibus
1665 5413 1924 5453 manuum
1951 5412 2079 5453 sua-

497 5508 617 5549 rum
644 5493 1068 5563 comprehensus
1105 5501 1192 5549 est
1215 5501 1472 5564 peccator
1506 5489 1660 5564 (Psal
1684 5491 1781 5562 ix).
1819 5512 1837 5545 ι
1880 5491 1956 5546 De
1975 5506 2080 5560 quo

505 5595 600 5650 per
613 5581 901 5642 Jeremiam
920 5586 1180 5640 Dominus
1202 5585 1350 5644 dicit.
1377 5584 1504 5640 dum
1529 5583 1964 5651 incorrigibiliter
1991 5582 2083 5636 dc-

2197 4395 2216 4430 ‹
2261 4386 2317 4434 et
2351 4376 2589 4433 universi
2634 4377 2816 4432 hostes
2855 4376 2930 4430 tui
2978 4376 3032 4430 in
3071 4375 3440 4446 captivitatem
3487 4375 3768 4438 ducentur,

2195 4489 2214 4522 ‹
2257 4477 2314 4524 et
2336 4469 2428 4540 qui
2467 4476 2519 4524 te
2541 4477 2759 4524 vastant
2782 4469 3159 4532 vastabuntur,
3190 4475 3526 4536 cunctosque
3557 4467 3766 4536 praeda-

2196 4576 2216 4611 ί
2261 4569 2408 4614 tores
2441 4565 2564 4614 tuos
2591 4557 2733 4613 dabo
2769 4557 2824 4612 in
2850 4558 3110 4627 praedam.
3141 4556 3417 4612 Obducam
3449 4555 3599 4610 enim
3623 4555 3763 4610 cica-

2194 4669 2212 4702 ι
2258 4649 2450 4706 tricem
2491 4650 2610 4717 tibi,
2643 4658 2699 4705 et
2733 4664 2768 4704 a
2812 4649 3127 4705 vulneribus
3158 4649 3264 4704 tuis
3293 4648 3500 4703 sanabo
3528 4656 3604 4712 te,
3639 4645 3766 4701 dicit

2193 4759 2211 4793 ι
2257 4741 2536 4807 Dominus,
2574 4741 2697 4811 quia
2731 4741 2962 4812 ejectum
3007 4740 3132 4812 (sive
3175 4739 3498 4812 dispersam)
3537 4752 3762 4795 vocave-

2192 4853 2210 4886 ι
2258 4845 2384 4891 runt
2408 4845 2460 4892 te
2488 4835 2618 4892 Sion
2650 4852 2664 4890 :
2698 4835 2813 4891 hate
2840 4844 2922 4890 est
2945 4851 3063 4905 qua:
3089 4851 3194 4890 non
3220 4834 3456 4890 habebat
3484 4835 3763 4904 requiren—

2191 4948 2210 4981 ι
2258 4941 2386 4985 tem.
2418 4950 2437 4983 ι
2466 4930 2534 4985 Et
2563 4929 2664 4984 sub
2689 4928 2988 4984 Zorobabel
3029 4928 3146 4983 hzec
3177 4927 3318 4982 facta
3357 4928 3756 4998 cognoscimus,

2185 5022 2396 5092 quando
2431 5022 2696 5091 Assyrios,
2721 5021 2823 5075 hoc
2849 5028 2932 5075 est
2963 5017 3512 5086 Niniven,vastavere
3549 5017 3759 5088 Babylo-

2183 5113 2258 5168 nii
2281 5121 2442 5182 atque
2463 5113 2717 5177 Chaldaei,
2735 5122 2790 5168 et
2811 5128 3024 5167 rursum
3048 5111 3372 5183 Babylonios
3394 5121 3449 5166 et
3489 5111 3757 5167 Chaldmos

2186 5205 2326 5262 Medi
2358 5205 2642 5276 Persmque
2681 5216 2961 5277 ceperunt,
2995 5214 3049 5258 et
3078 5203 3318 5276 Babylon
3359 5203 3636 5258 destructa
3659 5211 3753 5264 est,

2131 5327 2146 5333 -ν
2184 5304 2314 5352 tunc
2342 5295 2472 5352 Sion
2499 5297 2663 5366 coepit
2692 5296 2893 5350 habere
2939 5294 3227 5348 Dominum
3274 5292 3664 5364 requirentem,
3706 5302 3755 5346 et

2183 5388 2412 5445 obducta
2435 5397 2518 5444 est
2538 5388 2766 5444 cicatrix
2786 5386 2992 5441 vulneri
3015 5385 3177 5449 illius,
3194 5394 3250 5440 et
3271 5395 3463 5440 sanata
3486 5394 3570 5441 est
3589 5400 3619 5438 a
3650 5384 3753 5454 pla-

2182 5489 2265 5555 gis
2305 5487 2438 5553 suis,
2469 5487 2611 5558 quod
2635 5485 2844 5556 plenius
2873 5491 3034 5553 atque
3057 5481 3353 5553 perfectius
3381 5480 3675 5551 eotitplctur
3703 5477 3752 5529 iu

2182 5579 2418 5633 Christo.
