4022 6186
288 251 439 308 IDL9

1219 244 1585 304 EXPOSITIO
1625 243 1850 302 SUPER
1887 240 2253 298 JEREMIAM.
2313 271 2363 284 -
2398 240 2525 299 LIB.
2571 243 2660 300 XI.

3421 243 3559 304 I030

369 386 389 419 ς
437 364 565 420 Ilazc
586 362 720 418 dicit
743 359 1003 416 Dominus
1031 375 1046 415 :
1077 361 1214 417 Ecce
1254 375 1356 431 ego
1392 368 1701 415 convertam
1742 373 1873 415 con-
1902 363 1949 422 Α
1977 354 3273 430 circumdeturexcrcitnHierusalem,ctpenitns
3291 356 3554 420 deleatur.

292 475 313 504 ο
362 455 676 512 versionem
714 450 1185 507 tabernaculorum
1232 450 1417 516 Iacob,
1456 460 1511 506 et
1555 450 1715 506 tectis
1752 448 1879 522 (sive

292 565 316 598 ι
362 540 684 615 captivitati)
700 557 887 596 eorum
904 542 1230 596 miserebor:
1250 551 1302 597 et
1317 540 1674 596 :edilicabitur
1687 541 1879 596 civitas

296 655 316 687 ι
369 637 423 690 in
463 633 677 689 excelso
705 647 822 695 suo,
855 640 907 687 et
946 631 1202 701 templum
1239 630 1394 700 juxta
1432 632 1673 686 ordinem
1721 644 1877 685 suum

298 748 318 780 ι
371 725 709 782 fundabitur.
744 724 813 779 Et
843 724 1150 794 egredietur
1174 723 1240 779 de
1283 725 1364 779 eis
1391 725 1528 788 laus,
1559 739 1772 793 voxque
1798 725 1880 778 lu-

298 837 320 870 σ
367 818 635 880 dentium,
664 823 722 871 et
750 814 1119 885 multiplicabo
1147 830 1260 879 cos,
1299 823 1354 871 et
1382 828 1486 869 non
1514 816 1874 869 minuentur.»

297 908 561 977 Quodque
585 906 842 977 sequitur,
876 924 894 956 ι
939 904 1007 959 Ει
1040 905 1354 975 gloriﬁcaho
1377 919 1470 961 eos
1513 915 1566 960 et
1591 922 1697 960 non
1739 914 1879 962 atte-

302 1016 324 1049 ι
366 997 699 1062 nuabuntur,
720 1017 738 1048 ι
757 997 809 1049 in
835 994 1172 1066 Septuaginta
1186 1012 1289 1051 non
1311 997 1547 1050 habetur.
1576 1017 1593 1047 ι
1616 997 1683 1051 Ει
1700 1010 1871 1065 erunt,

302 1107 322 1141 ι
372 1088 574 1157 inquit,
602 1085 698 1141 ﬁlii
722 1086 853 1156 'cjus
894 1087 1034 1142 sicut
1071 1102 1101 1142 a
1144 1086 1428 1158 principio,
1471 1096 1525 1142 et
1560 1100 1733 1144 enatus
1766 1090 1881 1160 ejus

182 1174 191 1179 ’
302 1200 322 1231 s
370 1195 556 1234 coram
593 1194 679 1233 me
709 1178 1064 1249 permanebit.
1096 1178 1162 1232 Et
1191 1179 1421 1235 visitabo
1450 1180 1730 1236 adversum
1760 1195 1873 1236 om-

302 1289 325 1321 «
367 1258 466 1325 nes
502 1271 595 1340 qui
633 1269 890 1324 tribulant
915 1285 1060 1335 eum,
1097 1278 1151 1325 et
1183 1271 1288 1325 erit
1316 1271 1425 1326 dux
1452 1272 1568 1341 ejus
1605 1287 1672 1326 ex
1706 1287 1791 1337 eo,
1828 1280 1880 1327 et

302 1385 322 1416 ι
371 1364 630 1435 princeps
662 1364 728 1418 de
767 1363 944 1417 medio
973 1364 1089 1435 ejus
1124 1363 1471 1433 producetur,
1500 1372 1573 1418 eet
1602 1364 1882 1435 applicabo

302 1474 323 1505 ι
368 1468 517 1518 eum,
549 1461 604 1508 et
629 1452 849 1508 accedet
873 1453 941 1508 ad
961 1468 1068 1507 me.
1097 1453 1229 1519 Quis
1249 1453 1392 1506 enim
1421 1453 1525 1507 istc
1545 1462 1647 1517 est,
1678 1455 1766 1522 qui
1796 1470 1884 1525 ap-

306 1562 328 1594 ι
371 1543 538 1613 plicet
566 1556 661 1597 cor
686 1557 863 1609 suum,
908 1549 965 1594 ut
991 1541 1387 1612 appropinquet
1411 1542 1563 1607 mihi,
1599 1543 1674 1596 ait
1702 1543 1883 1598 Domi-

307 1651 327 1683 σ
366 1630 590 1685 minus?
622 1649 641 1682 ›
661 1629 929 1701 (Πίον-οη.)
959 1629 1199 1696 Quorum
1220 1639 1377 1700 typus
1397 1633 1675 1700 praecessit
1701 1632 1754 1687 in
1781 1633 1882 1689 Zo-

1978 445 2259 512 Quomodo
2277 458 2456 502 autem
2478 448 2670 502 artifex
2686 464 2793 505 non
2810 457 2984 520 potest
3006 451 3256 524 intelligi,
3277 454 3378 509 nisi
3394 470 3560 527 opere

1976 537 2268 606 completo,
2315 551 2415 592 nec
2459 538 2742 593 medicina:
2788 540 3073 607 industria,
3121 543 3225 597 nisi
3268 554 3555 618 postquam

1977 624 2144 681 fuerit
2164 628 2370 682 sanitas
2395 637 2703 693 consecuta,
2743 629 2816 683 ita
2847 644 2970 685 cum
3002 633 3214 688 eversio
3242 632 3407 689 fuerit
3434 637 3560 692 Ilie-

1978 719 2235 784 rusalem,
2270 729 2323 773 et
2363 720 2562 790 prioris
2586 721 2767 791 populi
2800 721 3060 790 abjectlo,
3100 733 3232 780 tunc
3260 725 3560 799 intelligent

1978 810 2279 876 credentes,
2322 812 2463 880 quod
2505 811 2741 881 repulsio
2771 810 3099 879 Iudaeorum,
3136 824 3338 872 nostra:
3370 818 3561 874 salutis

1978 902 2195 958 occasio
2215 902 2308 957 sit»

2543 1012 2771 1071 CAPUT
2809 1015 2981 1071 XXXI

1982 1117 2116 1197 Post
2132 1120 2509 1197 plenitudinem
2536 1125 2764 1191 gentium
2786 1123 2948 1178 intra:
2976 1124 3147 1180 Israel
3175 1128 3244 1181 ad
3271 1130 3430 1197 ﬁdem
3454 1145 3473 1183 :
3494 1131 3562 1187 de

2053 1190 2247 1267 Christi
2290 1190 2576 1267 nativitaté,
2624 1204 2670 1245 et
2710 1206 3036 1267 sacramento
3075 1190 3307 1267 corporis
3346 1210 3394 1254 et
3436 1218 3563 1256 san-

2050 1262 2225 1331 guinis
2249 1261 2364 1332 ejus
2388 1276 2409 1315 :
2431 1264 2570 1332 quod
2598 1265 2952 1335 unusquisque
2978 1261 3233 1321 morietur
3268 1270 3323 1322 in
3352 1283 3561 1340 peccato

2050 1347 2170 1385 suo.

2050 1347 2170 1385 δυο.

2059 1460 2080 1493 σ
2124 1442 2180 1497 In
2204 1452 2444 1513 tempore
2475 1445 2566 1499 illo
2586 1446 2716 1503 dicit
2736 1446 2995 1504 Dominus
3022 1466 3035 1502 :
3060 1450 3169 1507 Ero
3190 1451 3333 1508 Deus
3350 1454 3566 1510 univer-

1988 1553 2009 1582 ι
2044 1532 2121 1587 sis
2147 1534 2557 1603 cognationibus
2583 1536 2745 1592 Israel
2785 1538 2910 1603 (sive
2935 1541 3120 1610 generi
3146 1541 3355 1615 Israel),
3378 1554 3434 1599 et
3460 1545 3563 1616 ipsi

1990 1640 2010 1674 ι
2044 1631 2203 1678 erunt
2240 1623 2371 1678 mihi
2412 1624 2467 1678 in
2504 1626 2760 1695 populum
2790 1647 2808 1679 ι
2842 1627 3133 1702 (Hier-om).
3162 1630 3275 1687 Nisi
3306 1634 3565 1704 cogitatio

300 1721 528 1775 robabel
569 1729 624 1775 et
658 1721 820 1787 Ezra,
872 1721 1087 1790 quando
1128 1723 1377 1777 reversus
1422 1731 1507 1777 est
1535 1723 1786 1793 populus,
1828 1733 1883 1779 et
1912 1712 1957 1770 Β
1985 1712 2197 1768 Domini
2226 1711 2389 1768 fuerit
2428 1714 2668 1783 impleta,
2700 1726 2757 1772 et
2792 1717 2943 1773 furor
2970 1718 3087 1787 ejus
3119 1723 3446 1791 requieverit
3473 1742 3565 1782 su-

301 1821 484 1881 ccepta
506 1819 590 1867 est
611 1811 863 1867 aediﬁcari
891 1812 1083 1868 civitas
1118 1812 1173 1867 in
1200 1813 1415 1869 excelso
1446 1830 1564 1881 suo,
1595 1814 1883 1885 templique

300 1902 584 1958 observari
606 1901 776 1972 legem
805 1899 1061 1973 [religio],
1088 1910 1144 1957 et
1168 1911 1363 1959 eastern
1386 1918 1508 1973 quae
1541 1905 1710 1975 ipsius
1732 1906 1884 1961 Eam

300 1992 580 2048 volumine
600 1991 961 2047 continentur.
984 1992 1199 2048 Plenius
1218 2009 1284 2047 au
1293 2003 1397 2048 tem
1414 2002 1578 2064 atque
1595 1994 1885 2064 perfectius

304 2079 364 2134 in
409 2079 635 2135 Domino
669 2079 980 2147 Salvatore,
1021 2080 1386 2151 apostolisque
1410 2083 1734 2151 completum
1779 2091 1881 2150 est,

302 2173 526 2242 quando
561 2171 824 2229 mdiﬂcata
852 2179 937 2228 est
973 2174 1166 2228 civitas
1193 2174 1247 2227 in
1274 2174 1489 2229 excelso
1527 2188 1654 2240 suo,
1691 2176 1756 2229 de
1779 2190 1883 2245 qua

302 2264 569 2335 scriptum
608 2273 691 2320 est
722 2283 737 2320 :
776 2285 797 2317 ι
825 2264 939 2320 Non
970 2272 1148 2337 potest
1180 2266 1435 2322 abscondi
1465 2268 1656 2323 civitas
1680 2282 1800 2337 qua:
1829 2268 1883 2322 in

302 2365 494 2412 monte
515 2358 688 2427 posita
712 2366 797 2412 est
823 2357 1039 2429 (Matth;
1068 2357 1145 2430 v).
1185 2376 1203 2409 ι
1231 2357 1298 2414 Et
1327 2360 1583 2430 templum
1613 2358 1769 2428 juxta
1794 2375 1885 2413 or-

304 2446 490 2502 dinem
521 2463 706 2515 suum,
737 2449 1193 2520 czeremoniasque
1212 2450 1513 2516 fundatum,
1543 2459 1603 2505 ut
1626 2451 1884 2521 quidquid

304 2536 370 2590 in
393 2536 561 2605 priori
588 2537 782 2608 populo
805 2538 967 2594 ﬁebat
988 2540 1295 2607 carnaliter,
1322 2541 1377 2595 in
1403 2541 1642 2596 Ecclesia
1670 2542 1885 2612 spirita-

302 2624 436 2681 liter
458 2628 833 2699 compleretur.
862 2630 1014 2687 T-unc
1038 2646 1254 2703 egressa
1283 2640 1367 2687 est
1387 2633 1524 2698 laus,
1552 2633 1677 2687 sive
1688 2633 1885 2703 gratia-

306 2732 433 2774 rum
463 2721 627 2786 actio,
664 2722 766 2778 hoc
789 2723 932 2777 enim
962 2723 1235 2795 significat
1270 2733 1426 2792 mm,
1454 2732 1514 2779 ut
1536 2740 1726 2780 omnes
1750 2741 1881 2796 apo-

308 2811 440 2866 stoli
473 2812 759 2868 dicerent:
796 2830 821 2866 ε
865 2812 1053 2870 Gratia
1082 2815 1238 2871 vobis
1262 2824 1317 2869 et
1348 2830 1452 2886 pax
1493 2815 1546 2887 (I
1580 2814 1703 2869 Cor.
1745 2816 1807 2886 ι).
1857 2837 1874 2868 ι

308 2899 537 2972 Voxque
556 2902 876 2970 ludentium,
898 2919 1005 2960 non
1034 2904 1126 2960 illo
1150 2904 1273 2959 ludo
1293 2918 1402 2974 quo
1424 2904 1765 2959 manducavit
1783 2919 1882 2974 po-

306 2988 486 3065 pulus,
511 3002 567 3049 et
601 2994 754 3060 bibit,
787 3003 842 3051 et
866 2997 1107 3052 surrexit
1134 3004 1196 3051 nt
1231 2995 1438 3051 luderet
1462 2996 1656 3067 (Exod.
1683 2994 1879 3068 xxxn),

1983 1819 2082 1874 per
2103 1804 2390 1873 impiorum
2435 1814 2618 1874 caput,
2662 1808 3033 1864 universitatis
3061 1811 3321 1868 Dominus
3358 1830 3564 1888 cogna-

1985 1894 2221 1951 tionibus
2259 1895 2424 1951 Israel
2467 1895 2611 1951 Deus
2640 1913 2920 1955 essenon
2960 1904 3162 1970 poterit
3192 1923 3206 1958 :
3239 1906 3345 1962 hoc
3381 1918 3565 1965 autem

1983 1986 2118 2041 dicit
2149 1984 2411 2055 reliquiis,
2439 2002 2560 2056 quae
2594 1989 2757 2045 salva:
2783 1990 2941 2047 facta
2968 2003 3113 2050 sunt.
3141 1996 3295 2063 Quod
3327 2000 3374 2054 si
3397 2013 3567 2069 oppo-

1982 2079 2130 2135 nitur
2155 2080 2310 2135 nobis
2330 2080 2386 2135 id
2413 2082 2556 2150 quod
2584 2083 2791 2141 dictum
2818 2094 2942 2140 est:
2980 2104 3000 2138 ι
3041 2087 3149 2144 Ero
3196 2090 3339 2147 Deus
3377 2094 3564 2162 generi
3650 2133 3657 2141 .

1982 2168 2167 2235 Israel,
2205 2188 2225 2222 ο
2259 2170 2373 2226 sive
2407 2188 2425 2221 ι
2457 2171 2727 2229 universis
2761 2175 3172 2245 cognationibus
3190 2178 3375 2245 Israel,
3420 2201 3440 2234 ι
3476 2198 3565 2238 as-

1983 2274 2261 2315 sumamus
2276 2261 2613 2330 exemplum:
2643 2280 2663 2314 ‹
2696 2262 2755 2319 Si
2776 2264 2871 2320 ﬁlii
2897 2267 3395 2337 essetisAbraham,
3420 2271 3563 2329 face-

1984 2350 2118 2404 retis
2143 2364 2309 2420 opera
2341 2352 2513 2420 patris
2563 2354 2726 2408 vestri
2774 2353 2956 2425 (Joan.
2999 2358 3146 2431 vni),
3180 2378 3201 2411 ι
3236 2368 3292 2414 et
3326 2361 3564 2432 Aposto-

1982 2439 2070 2495 lus
2084 2441 2310 2497 scribit:
2340 2459 2358 2513 i
2389 2441 2576 2498 Videte
2597 2443 2758 2500 Israel
2780 2446 2935 2516 juxta
2961 2463 3182 2504 carnem
3201 2450 3254 2522 (I
3275 2451 3399 2509 Cor.
3424 2454 3500 2526 x).
3537 2464 3581 2507 »λ

1983 2531 2059 2586 Ex
2086 2547 2192 2602 quo
2213 2531 2372 2588 docet
2394 2547 2515 2589 esse
2533 2534 2697 2591 alium
2721 2536 2882 2592 Israel
2896 2539 3051 2605 juxta
3074 2541 3343 2610 spiritum.
3371 2542 3465 2599 Ille
3479 2556 3564 2603 est

1984 2620 2151 2692 igitur
2177 2623 2339 2681 Israel
2359 2624 2449 2695 qui
2472 2635 2651 2682 mente
2673 2629 2851 2683 cernit
2876 2627 3063 2695 Deum,
3088 2632 3202 2686 sive
3230 2633 3565 2691 rectissimus

1984 2712 2197 2770 Domini
2224 2724 2307 2771 est
2332 2733 2344 2768 :
2375 2726 2431 2772 et
2457 2716 2830 2786 hujuscemodi
2859 2720 3021 2776 Israel
3049 2723 3156 2778 erit
3190 2724 3420 2795 populus
3441 2727 3560 2783 Dei.

2056 2822 2075 2854 σ
2104 2803 2230 2859 Haec
2268 2805 2398 2865 dicit
2424 2805 2683 2863 Dominus
2711 2823 2726 2862 :
2759 2808 2967 2865 Invenit
2991 2813 3223 2881 gratiam
3263 2813 3319 2870 in
3346 2815 3563 2873 deserto

1988 2912 2008 2946 ι
2036 2894 2293 2965 populus,
2315 2897 2407 2965 qui
2437 2908 2770 2953 remanserat
2797 2900 3005 2971 gladio,
3037 2903 3198 2959 vadat
3225 2904 3291 2963 ad
3320 2906 3562 2976 requiem

1990 3006 2009 3039 ι
2040 3003 2193 3042 suam
2221 2988 2408 3044 Israel.
2433 3009 2450 3041 I
2471 2988 2820 3061 Septuaginta
2839 3011 2851 3046 :
2887 3011 2909 3043 ι
2927 2992 3018 3049 Sic
3034 2994 3466 3052 dicitDominus:
3480 2998 3564 3054 In-

305 3054 405 3140 sed
527 3098 636 3154 quo
661 3054 843 3139 coram
887 3099 1014 3140 arca
1053 3085 1263 3140 Domini
1289 3084 1416 3140 lusit
1444 3054 1611 3141 David
1636 3084 1721 3159 (II
1909 3054 1952 3116 Ο
1990 3095 2009 3128 ι
2054 3078 2174 3133 veni
2198 3079 2429 3134 calidum
2458 3080 2510 3134 in
2535 3054 2754 3137 deserto
2784 3099 2906 3138 cum
2934 3084 3018 3139 his
3041 3086 3131 3155 qui
3154 3087 3432 3157 perierant
3450 3091 3564 3161 gla-
3630 3146 3639 3151 _

302 3171 410 3244 τι).
442 3191 466 3224 ‹
499 3172 565 3228 Et
594 3172 887 3243 mulplicati
913 3182 1037 3231 sunt
1063 3182 1121 3229 et
1144 3189 1249 3229 non
1276 3174 1567 3239 imminuti,
1599 3193 1619 3227 ι
1652 3186 1709 3229 ut
1736 3184 1881 3233 totus

307 3264 461 3319 orbis
483 3266 730 3320 crederet
755 3265 809 3320 in
840 3265 1006 3320 Deum
1039 3266 1380 3323 salvatorem.
1423 3265 1719 3323 Gloritlcati
1757 3277 1884 3324 sunt

310 3362 373 3408 ut
409 3354 720 3425 impleretur
758 3356 903 3425 quod
954 3357 1214 3428 scriptum
1240 3365 1320 3412 est
1360 3376 1373 3411 :
1413 3376 1432 3410 σ
1466 3356 1711 3413 Gloriosa
1738 3359 1882 3416 dicta

308 3456 439 3503 sunt
458 3448 528 3503 de
561 3456 637 3513 te,
666 3449 858 3504 civitas
884 3448 980 3504 Dei
1009 3448 1182 3521 (Paul.
1205 3448 1446 3522 Lxxxvt).
1487 3468 1507 3502 ι
1538 3450 1885 3522 Fuerimtque

306 3537 411 3593 ﬁlii
435 3536 574 3606 ejus,
601 3538 705 3592 hoc
729 3545 810 3593 est
846 3538 1094 3608 apostoli,
1144 3539 1283 3593 sicut
1307 3538 1525 3594 fuerunt
1554 3556 1583 3594 a
1622 3541 1885 3611 principio

307 3628 604 3691 Abraham,
629 3628 803 3693 Isaac,
838 3636 895 3684 et
913 3627 1100 3693 Iacob,
1131 3628 1403 3699 principes
1427 3630 1643 3701 generis
1668 3630 1883 3685 Israeli-

310 3718 428 3773 tici.
460 3717 613 3771 Tunc
653 3718 892 3773 visitavit
931 3718 1191 3773 Dominus
1247 3719 1535 3774 adversum
1564 3735 1754 3776 omnes
1792 3721 1887 3790 qui

313 3808 707 3862 tribulaverunt
734 3808 988 3879 populum
1012 3809 1130 3875 Dei,
1157 3809 1494 3864 adversarias
1518 3810 1765 3866 videlicet
1791 3826 1888 3881 po-

315 3904 563 3954 testates.
590 3897 659 3951 Et
687 3896 788 3953 fuit
827 3898 936 3952 dux
965 3895 1080 3966 ejus
1113 3912 1309 3964 ex-eo,
1334 3898 1478 3953 haud
1503 3899 1725 3955 dubium
1756 3900 1885 3970 quin

312 3973 577 4044 Dominus
601 3997 657 4044 et
707 3987 955 4044 Salvator
994 3988 1288 4046 secundum
1334 4003 1553 4044 carnem
1595 4005 1661 4044 ex
1690 4004 1887 4059 genere

308 4077 502 4144 Israel,
528 4088 585 4135 et
614 4080 866 4153 princeps
893 4080 959 4135 de
981 4080 1156 4135 medio
1183 4077 1319 4147 ejus,
1335 4078 1630 4148 productus
1648 4088 1750 4135 est.
1777 4078 1889 4151 Αρο

311 4172 534 4243 plicavit
557 4187 679 4229 eum
702 4171 862 4228 Pater
883 4171 951 4227 ad
974 4185 1054 4238 se,
1079 4178 1137 4227 et
1163 4171 1393 4227 accessit
1412 4170 1480 4226 ad
1502 4184 1646 4236 eum,
1667 4179 1728 4225 ut
1744 4170 1892 4226 dice-

310 4269 401 4319 ret
439 4260 608 4318 Filius
657 4261 822 4332 ejus:
878 4279 899 4315 ι
950 4260 1068 4332 Ego
1123 4261 1179 4316 in
1228 4260 1410 4325 Patre,
1438 4268 1494 4316 et
1514 4259 1677 4315 Pater
1722 4260 1779 4314 in
1802 4276 1891 4317 me

1985 3187 2005 3220 ι
2056 3167 2166 3223 dio.
2209 3169 2285 3224 Ite
2313 3179 2370 3224 et
2394 3170 2562 3226 nolite
2604 3172 2910 3227 interﬁcere
2938 3175 3120 3230 Israel.
3155 3195 3174 3227 ι
3224 3176 3471 3234 Ridicule
3506 3180 3560 3236 in

1982 3259 2087 3314 hoc
2121 3260 2239 3314 loco
2262 3259 2440 3314 Latini
2462 3262 2676 3316 codices
2703 3263 3052 3334 ambiguitate
3079 3265 3226 3321 verbi
3247 3267 3443 3334 Graaci,
3465 3285 3565 3339 pro

1982 3350 2176 3417 calido,
2194 3353 2424 3424 lupinos,
2442 3353 2779 3424 interpretati
2798 3364 2949 3409 sunt.
2972 3355 3217 3413 Graecum
3229 3359 3374 3413 enim
3386 3362 3565 3439 θερμὸν

1940 3524 1949 3529 ,
1983 3450 2272 3513 utrumque
2303 3444 2572 3516 signiﬁcat
2599 3463 2611 3499 :
2646 3447 2789 3514 quod
2826 3455 2882 3501 et
2909 3448 3083 3517 ipsum
3112 3464 3221 3505 non
3251 3451 3482 3508 habetur
3506 3453 3563 3508 in

1984 3534 2231 3629 Hebraeo.
2262 3536 2542 3629 Estmenim
2585 3547 2845 3608 scriptum
2869 3548 2930 3629 qn
2963 3544 3105 3610 quod
3146 3542 3359 3612 Aquila,
3402 3545 3565 3616 Sym—

1985 3627 2209 3681 machus
2242 3634 2298 3680 et
2337 3626 2632 3684 Theodotio
2662 3633 2840 3709 χάριν,
2874 3626 2975 3687 hoc
2995 3641 3097 3699 est,
3131 3634 3359 3702 gratiam
3389 3636 3563 3691 inter-

1984 3715 2179 3784 pretati
2205 3724 2350 3770 sunt.
2384 3715 2495 3772 Soli
2524 3716 2873 3789 Septuaginta
2910 3735 3139 3790 posuere
3174 3722 3428 3790 calidum,
3457 3739 3562 3795 pu-

1986 3816 2161 3863 tantes
2191 3809 2435 3865 ultimam
2466 3810 2704 3867 litteram
2730 3823 2774 3871 t:
2803 3828 2946 3869 esse.
2970 3813 3027 3869 Si
3044 3816 3187 3870 enim
3217 3815 3461 3887 legamus
3497 3827 3564 3905 qn

1985 3913 2085 3967 per
2122 3897 2404 3987 litteram}
2434 3901 2606 3969 gratia
2644 3901 2840 3955 dicitur
2868 3919 2882 3955 :
2920 3901 2977 3957 Si
3006 3918 3104 3972 per
3132 3913 3174 3961 ω
3209 3904 3356 3957 calor
3393 3897 3564 3960 inter-

1984 3995 2253 4058 pretatur.
2283 3989 2379 4043 Est
2406 3999 2586 4045 autem
2622 4006 2813 4046 sensus
2833 3989 2986 4059 juxta
3026 3991 3350 4048 Hebraicum
3379 4011 3393 4047 :
3425 3994 3558 4050 Cum

1985 4078 2215 4149 populus
2242 4078 2568 4146 Iudaeorum,
2599 4082 2688 4150 qui
2723 4080 2967 4136 Romano
3012 4093 3349 4138 remanserat
3383 4085 3561 4155 gladio

1986 4169 2072 4224 vel
2105 4178 2253 4225 certe
2279 4170 2417 4225 iram
2446 4170 2646 4227 furoris
2679 4171 2887 4227 Domini
2918 4182 3167 4245 potuerat
3192 4176 3445 4243 evadere,
3473 4178 3559 4232 in-

1986 4263 2136 4316 venit
2162 4263 2391 4332 gratiam
2433 4264 2486 4317 in
2517 4263 2732 4319 deserto
2759 4264 2996 4335 gentium
3020 4306 3035 4331 ,
3069 4275 3129 4319 ut
3161 4266 3303 4322 inter
3345 4270 3561 4323 turbam

309 4354 499 4425 (Iona.
561 4356 675 4426 xiv)
701 4395 717 4422 ,
762 4373 781 4406 ι
836 4354 963 4423 quia
1026 4353 1203 4410 nullus
1249 4359 1426 4422 potest
1466 4352 1547 4407 sic
1583 4367 1740 4408 suum
1792 4368 1887 4409 cor
1911 4395 1964 4456 Β
1990 4352 2265 4406 nationum
2300 4351 2355 4406 in
2385 4352 2623 4408 Ecclesia
2647 4352 2903 4408 salvetur.
2945 4354 3098 4410 Unde
3126 4356 3286 4411 vadet
3313 4366 3368 4413 et
3406 4359 3558 4415 inve-

308 4446 583 4517 applicare
613 4447 860 4513 Domino,
902 4461 1003 4502 nec
1036 4446 1112 4501 ita
1152 4457 1215 4499 ut
1247 4444 1415 4500 Filius
1439 4443 1587 4499 Patri
1610 4459 1733 4502 esse
1756 4460 1879 4501 con-

303 4538 550 4606 iunctus.
578 4536 837 4609 Quodque
855 4537 1052 4593 dicitur
1064 4537 1221 4606 juxta
1240 4534 1414 4592 LXX:
1438 4556 1457 4588 ι
1480 4536 1549 4593 Ει
1563 4536 1721 4593 eritis
1746 4538 1878 4595 mihi

308 4629 366 4682 in
388 4626 666 4697 populum,
677 4637 733 4683 et
744 4643 841 4683 ero
855 4642 955 4698 ego
968 4626 1119 4682 vobis
1134 4626 1186 4681 in
1202 4628 1368 4682 Deum
1378 4667 1394 4692 ,
1405 4627 1705 4684 icernimus
1715 4642 1880 4697 opere

306 4719 637 4787 completum
677 4735 745 4779 ex
790 4727 946 4789 parte
995 4718 1053 4773 iu
1086 4718 1274 4785 Israel,
1310 4726 1366 4776 et
1399 4734 1467 4775 ex
1506 4727 1620 4775 toto
1661 4719 1715 4774 in
1743 4733 1878 4791 gen-

311 4813 447 4867 tium
486 4812 848 4869 multitudine.

386 4921 407 4953 s
453 4902 593 4958 Ecce
636 4903 789 4960 turbo
837 4902 1070 4969 Domini,
1100 4901 1252 4958 furor
1291 4904 1597 4975 egrediens,
1645 4904 1879 4974 procella

312 5013 333 5045 ε
382 5009 547 5049 ruens
591 4994 644 5049 in
696 4994 872 5064 capite
918 4994 1204 5064 impiorum
1246 4996 1611 5065 conquiescet.
1655 4995 1725 5050 Et
1774 5011 1878 5051 non

312 5104 336 5139 ι
378 5092 591 5142 avertet
614 5086 749 5140 iram
786 5084 1168 5156 indignationis
1193 5086 1470 5151 Dominus,
1517 5087 1689 5141 donec
1717 5084 1881 5142 faciat

308 5194 335 5233 ί
377 5186 439 5235 et
460 5176 727 5247 compleat
754 5177 1131 5248 cogitationem
1158 5176 1339 5232 cordis
1366 5176 1469 5232 sui.
1498 5175 1554 5230 In
1585 5176 1880 5232 novissimo

310 5290 334 5327 ι
378 5271 587 5329 dierum
613 5270 919 5340 intelligetis
943 5285 1029 5324 ea.
1068 5288 1087 5323 ι
1124 5269 1304 5325 Turbo
1328 5267 1529 5325 furoris
1560 5268 1790 5331 Domini,
1823 5275 1877 5325 et

305 5362 546 5435 procella
574 5376 738 5418 ruens
763 5369 927 5431 atque
956 5368 1246 5430 tempestas
1272 5358 1576 5428 requiescet
1602 5358 1657 5413 in
1697 5358 1876 5428 capite

304 5467 518 5516 eorum,
538 5452 624 5507 vel
638 5452 965 5515 daemonum,
981 5450 1065 5505 vel
1080 5464 1289 5515 eorum,
1305 5448 1397 5518 qui
1413 5448 1510 5503 Dei
1523 5446 1719 5504 Filium
1734 5448 1877 5504 blas-

306 5543 720 5611 phemaverunt,
740 5559 760 5592 ‹
782 5548 957 5598 etnon
969 5548 1179 5597 avertet
1192 5540 1326 5596 iram
1342 5539 1727 5610 indignationis
1740 5554 1872 5607 suae,

309 5634 484 5689 donec
501 5632 664 5689 faciat
687 5645 743 5690 et
763 5633 1029 5705 compleat
1046 5633 1428 5705 cogitationem
1445 5631 1628 5688 cordis
1650 5631 1757 5700 sui,
1780 5649 1801 5685 ι
1821 5640 1879 5687 et

1988 4444 2097 4499 niet
2123 4444 2361 4515 requiem
2392 4458 2542 4499 suam
2568 4443 2752 4511 Israel,
2787 4460 2948 4516 quam
2989 4461 3203 4519 semper
3227 4457 3557 4518 speraverat,

1985 4553 2146 4608 quam
2177 4538 2224 4591 ei
2251 4538 2633 4607 prophetarum
2676 4538 3040 4607 promiserant
3072 4540 3342 4595 vaticinia.
3390 4540 3561 4597 Porro

1977 4629 2133 4701 juxta
2182 4628 2533 4701 Septuaginta
2589 4629 2706 4684 hzec
2744 4628 3101 4700 intelligentia
3135 4638 3220 4686 est
3252 4649 3267 4685 :
3300 4631 3560 4689 Dominus

1985 4720 2194 4773 invenit
2220 4718 2425 4773 calidos
2468 4726 2630 4789 atque
2668 4718 2913 4774 viventes
2958 4720 3249 4790 apostolos,
3300 4731 3357 4776 et
3382 4722 3561 4778 socios

1984 4825 2172 4865 eorum
2202 4809 2257 4864 in
2302 4809 2515 4864 deserto
2549 4809 2809 4880 gentium,
2838 4808 2980 4865 inter
3006 4824 3100 4865 eos
3126 4811 3217 4880 qui
3246 4810 3561 4867 inﬁdelitate

1988 4916 2085 4956 sua
2122 4899 2389 4955 interfecti
2435 4897 2672 4965 fuerant,
2700 4914 2802 4954 nec
2835 4900 3108 4956 habebunt
3133 4900 3371 4956 calorem
3410 4901 3554 4955 vitae.

1988 4990 2141 5047 Unde
2167 4991 2477 5061 prmeipitur
2503 4990 2724 5063 angelis,
2754 5000 2809 5046 et
2831 4991 2916 5046 his
2943 4992 3033 5061 qui
3060 4992 3114 5046 in
3139 4990 3439 5046 ministerio
3458 4991 3555 5046 Dei

1986 5089 2133 5146 sunt,
2168 5095 2237 5135 ne
2264 5095 2451 5135 omnes
2482 5080 2829 5145 interﬁciant,
2856 5094 2923 5135 ne
2947 5079 3107 5134 Israel
3132 5077 3346 5147 penitus
3372 5077 3553 5131 delea-

1985 5186 2095 5243 tur,
2139 5178 2442 5248 diciturque
2506 5179 2606 5243 eis,
2653 5197 2673 5230 ‹
2715 5174 2793 5231 Ite
2840 5184 2895 5231 et
2931 5176 3094 5230 nolite
3133 5172 3435 5227 interﬁcere
3471 5171 3553 5227 Is-

1985 5271 2117 5337 rael,
2146 5290 2166 5325 »
2200 5270 2309 5326 sint
2331 5270 2520 5339 aliqui,
2541 5270 2631 5339 qui
2655 5269 2858 5331 vivant.
2881 5268 2989 5322 sint
3012 5265 3101 5336 qui
3129 5263 3338 5319 caleant
3361 5265 3558 5323 ardore

1986 5361 2131 5427 ﬁdei,
2171 5359 2278 5413 sint
2299 5360 2391 5430 qui
2420 5358 2587 5429 frigus
2619 5358 2951 5413 inﬁdelitatis
2970 5365 3026 5411 et
3052 5356 3241 5411 mortis
3276 5354 3553 5427 eﬂ'ugiant,

1984 5466 2123 5522 quos
2140 5449 2400 5504 Dominus
2429 5448 2671 5504 inveniat
2692 5448 2749 5502 in
2778 5449 3010 5503 deserto.

2059 5560 2079 5592 ι
2120 5539 2303 5607 Longe
2330 5538 2589 5594 Dominus
2626 5538 2875 5608 apparuit
2922 5538 3056 5594 mihi
3106 5537 3230 5607 (sive
3274 5536 3370 5610 ei),
3396 5547 3453 5594 et
3495 5538 3552 5594 in

1989 5650 2009 5686 ι
2052 5630 2315 5688 charitate
2339 5636 2595 5701 perpetua
2624 5628 2784 5684 dilexi
2815 5638 2868 5687 te
2898 5648 2911 5686 :
2941 5631 3061 5689 ideo
3086 5631 3284 5687 attraxi
3310 5638 3361 5686 te
3390 5630 3546 5686 misco
