4022 6186
464 244 592 300 1051

1079 231 1142 286 Β.
1179 227 1436 286 RABANI
1475 224 1696 283 MAURI
1733 222 2055 280 ARCIIIEP.
2096 216 2406 277 MOGUN'I‘.
2448 213 2737 274 OPEIIUM
2779 211 2958 269 PARS
2995 211 3078 271 Ill.

3605 209 3638 264 ι
3650 207 3780 264 0ὖί

463 373 482 406 ι
528 363 676 406 rans.
706 346 944 402 Rursum
973 343 1254 398 aediﬁcabo
1305 349 1377 404 te,
1412 348 1468 394 et
1499 337 1855 393 :ediﬁcaberis
1892 335 2045 405 virgo
2072 336 2123 394 Α
2151 339 2254 394 tos,
2293 349 2312 382 ι
2346 329 2400 384 in
2429 328 2694 386 Hebraico
2733 342 2844 383 non
2871 326 3121 392 habetur,
3149 322 3242 380 sed
3271 323 3324 378 in
3365 321 3508 378 LXX
3533 334 3785 380 tantum

464 461 482 495 ι
529 437 911 497 lsrael.Adhue
933 432 1282 491 coronaberis
1310 429 1577 503 tympanis
1609 429 1714 484 tuis
1740 427 1864 499 (sire
1890 442 2048 482 assu-

465 553 484 586 ι
541 547 655 588 mes
691 539 946 602 tympana
991 529 1193 599 tua),et
1225 521 1523 590 egredieris
1570 521 1623 574 in
1664 521 1834 574 choro
1868 517 2054 572 luden-

467 646 485 679 ι
535 626 687 681 tium.
715 622 906 677 Adhuc
944 615 1216 688 plantabis
1243 615 1432 668 vineas
1466 611 1520 666 in
1567 610 1840 665 montibus
1869 607 2058 662 Sama-

469 739 490 770 ι
518 717 630 772 riae.
656 714 902 768 Plantate
923 708 1183 781 plantaria
1209 714 1264 761 et
1289 704 1635 767 vindemiate,
1653 701 1759 755 erit
1776 698 1917 753 enim
1941 697 2058 751 dies

466 829 485 862 ‹
529 811 584 863 in
605 823 711 878 qua
733 804 1043 861 clamabunt
1064 799 1316 857 custodes
1339 798 1393 851 in
1417 802 1598 850 monte
1621 791 1900 864 Ephraim,
1926 788 2060 843 Sur-

467 921 486 954 ‹
534 902 645 971 gite
687 908 742 954 et
794 895 1151 952 ascendamus
1196 893 1250 946 in
1292 890 1422 944 Sion
1460 890 1527 942 ad
1568 888 1858 942 Dominum
1887 883 2056 937 Deum

468 1014 486 1046 ι
533 1001 803 1048 nostrum.
847 1009 864 1040 ι
916 987 1053 1054 Quia
1096 985 1394 1040 offenderat
1434 979 1598 1036 Israel
1646 976 1958 1041 Dominum,
2004 981 2059 1028 et

464 1085 716 1138 dixerat:
751 1081 894 1134 «Non
924 1079 1186 1132 habemus
1209 1089 1410 1142 regem,
1436 1073 1538 1127 nisi
1571 1071 1838 1126 Caesarem
1874 1067 2055 1140 (Joan.

465 1174 600 1246 xix),
633 1192 653 1225 ι
679 1181 735 1228 et
760 1190 778 1224 ς
814 1172 1001 1225 Venite
1029 1177 1084 1224 et
1105 1166 1495 1222 interﬁciamus
1521 1179 1667 1228 eum,
1692 1168 1943 1216 etnostra
1957 1157 2063 1212 erit

466 1267 752 1323 luet-editas
781 1263 975 1336 (Marc.
1018 1262 1139 1334 xu),
1175 1281 1193 1312 ι
1241 1269 1296 1315 et
1345 1263 1500 1329 longe
1531 1264 1833 1312 recesserat
1870 1269 1900 1307 a
1928 1253 2060 1316 Deo,

465 1371 752 1431 propterea
801 1357 1060 1411 Dominus
1105 1363 1227 1425 post
1272 1353 1501 1407 multum
1556 1359 1767 1420 tempus
1816 1344 2063 1418 apparuit

466 1455 536 1520 ei,
564 1468 667 1508 non
700 1461 945 1520 tempore
984 1446 1305 1511 Zorobabel,
1333 1454 1387 1500 et
1414 1445 1592 1509 Ezrze,
1620 1449 1906 1512 postquam
1944 1452 2066 1491 rur-

468 1563 585 1603 sum
606 1546 746 1616 capti
773 1552 920 1607 sunt,
945 1543 1041 1597 sed
1064 1541 1115 1596 in
1137 1539 1401 1595 charitate
1426 1543 1684 1607 perpetua
1708 1531 1895 1587 dilexit
1917 1543 2060 1592 eum,

469 1653 588 1707 qua:
620 1636 765 1690 nullo
812 1634 918 1688 ﬁne
940 1631 1235 1692 delebitur,
1279 1638 1335 1682 et
1361 1625 1584 1680 attraxit
1614 1640 1738 1678 eum
1777 1621 2064 1676 miserans.

2156 420 2374 491 legitur.
2407 420 2513 474 Pro
2542 434 2650 489 quo
2682 418 2823 488 apud
2849 416 3107 473 Hebraeos
3127 416 3385 484 scriptum
3408 424 3492 470 est
3521 433 3536 469 :

2234 534 2251 565 ε
2276 513 2422 568 Inter
2448 517 2586 582 quos
2618 522 2777 566 erunt
2801 525 2995 576 caecus,
3012 517 3068 564 et
3095 507 3338 573 claudus,
3365 516 3418 563 et
3436 523 3789 578 praegnans,

2165 625 2184 656 ‹
2208 614 2262 660 et
2276 605 2492 676 pariens
2505 603 2686 665 simul,
2705 602 2943 657 Ecclesia
2961 614 3155 672 magna
3170 599 3554 654 revertentium
3570 601 3735 652 lmc.
3765 618 3785 648 ι

2160 699 2572 768 Congregantur
2619 695 2860 764 reliquiae
2906 692 3091 764 populi
3135 690 3301 746 Israel
3346 707 3442 762 per
3474 691 3794 760 apostolos

2160 796 2216 844 et
2244 787 2570 858 apostolicos
2596 786 2764 851 viros,
2793 786 2858 839 de
2887 783 3084 854 quibus
3102 797 3267 852 supra
3290 781 3518 851 legimus
3545 799 3558 834 :
3598 801 3622 832 ι
3647 779 3794 834 Cla-

2161 878 2387 934 mabunt
2409 877 2661 932 custodes
2683 875 2738 931 in
2768 882 2972 939 monte,
3009 894 3029 928 ›
3073 881 3130 929 et
3169 873 3366 943 quibus
3394 872 3789 943 prascipitur:

2167 989 2185 1020 α
2233 969 2528 1024 Personate
2567 977 2623 1022 et
2648 967 2827 1022 canite
2855 976 2904 1022 et
2931 966 3120 1031 dicite,
3157 984 3175 1016 ι
3210 972 3271 1018 ιιι
3298 963 3457 1018 salvae
3486 963 3638 1018 ﬁant
3691 978 3796 1019 re-

2162 1059 2342 1130 liquize
2391 1059 2574 1114 Israel.
2614 1058 2840 1129 Ipseque
2860 1056 3124 1112 Dominus
3167 1054 3452 1126 pollicetur
3491 1068 3552 1108 se
3599 1053 3794 1107 redu-

2163 1160 2376 1206 cturum
2402 1166 2497 1205 eos
2522 1151 2589 1205 de
2626 1158 2768 1204 terra
2797 1147 3102 1218 Aquilonis,
3137 1147 3228 1217 qui
3252 1154 3335 1202 est
3359 1155 3553 1200 ventus
3570 1143 3786 1199 duris-

2163 1243 2354 1309 simus,
2409 1243 2628 1298 nomine
2658 1251 2838 1296 autem
2885 1240 3075 1295 dexter
3110 1248 3358 1306 vocatur,
3409 1240 3474 1294 de
3504 1237 3789 1292 incl-edn-

2163 1335 2338 1399 litate,
2368 1335 2433 1390 de
2460 1333 2660 1405 frigore
2681 1332 2977 1388 Dominica:
3005 1332 3310 1396 cbaritatis,
3341 1340 3396 1387 et
3422 1346 3791 1403 congregare

2164 1440 2258 1480 eos
2285 1426 2354 1480 ab
2377 1426 2636 1479 extremis
2667 1432 2845 1489 terrae,
2883 1439 2990 1486 non
3029 1423 3083 1477 in
3111 1423 3216 1476 alio
3256 1430 3517 1492 tempore,
3563 1423 3678 1476 sed
3727 1422 3787 1476 in

2165 1515 2507 1571 solemnitate
2525 1514 2762 1586 paschae,
2793 1514 2895 1568 hoc
2925 1521 3030 1578 est,
3054 1513 3202 1567 feriis
3227 1512 3519 1566 Dominicae
3546 1513 3790 1582 passio-

2170 1609 2255 1663 nis
2277 1608 2491 1677 quando
2517 1605 2810 1662 cruciﬁxus
2829 1618 2914 1661 est
2948 1606 3210 1660 Dominus
3234 1622 3247 1657 :
3283 1602 3685 1673 impletumque
3718 1602 3790 1656 il-

469 1689 819 1796 IIquuaquam
848 1724 991 1778 enim
1022 1689 1236 1784 merito,
1260 1719 1354 1773 sed
1385 1715 1670 1772 clementia
1695 1713 1934 1768 salvatus
1955 1717 2056 1764 est.
2092 1689 2136 1748 Β
2167 1699 2257 1753 Iud
2293 1697 2437 1768 Quod
2464 1697 2578 1767 ipse
2607 1697 2661 1751 in
2696 1696 2984 1768 Evangelio
3015 1695 3325 1766 repromisit
3355 1712 3368 1746 :
3399 1713 3416 1744 ι
3446 1692 3582 1748 Cum
3616 1692 3789 1747 exal-

470 1819 813 1886 Rursumque
836 1816 927 1879 ait,
954 1833 972 1864 ι
1002 1811 1305 1866 Ᾱζύὶῐίοίὼο
1331 1819 1402 1873 te,
1423 1817 1480 1864 et
1507 1805 1880 1871 aediﬁcaberis,
1907 1803 2062 1872 virgo

471 1908 654 1964 Israel.
683 1928 700 1958 ι
725 1907 836 1960 lloc
850 1903 1066 1974 preprie
1092 1901 1451 1970 intelligamus
1468 1899 1521 1952 in
1542 1895 1801 1952 Ecclesia.
1818 1891 2064 1948 Delirant

470 2002 615 2057 enim
640 2000 733 2069 qui
757 2012 977 2052 auream
1007 2003 1168 2064 atque
1195 1999 1520 2064 gemmatam
1547 1988 1845 2059 suscipiant
1870 1984 2064 2039 Hieru-

475 2095 660 2156 salem,
706 2107 857 2147 suam
905 2087 1192 2143 avaritiam
1245 2085 1298 2139 in
1351 2081 1610 2154 mysterio
1651 2079 1800 2134 urbis
1851 2075 2062 2131 Domini

473 2190 878 2240 consecrantes.
908 2179 1099 2234 Adhuc
1121 2175 1403 2232 ornaberis
1435 2171 1707 2244 tympanis
1738 2170 1864 2233 tuis,
1891 2175 1952 2222 ut
1974 2180 2065 2220 ca-

476 2291 575 2332 nas
598 2274 822 2329 Domino
846 2273 899 2326 in
930 2269 1188 2325 Ecclesiis
1209 2266 1354 2322 omni
1384 2266 1438 2319 in
1466 2274 1518 2318 te
1549 2262 1813 2317 malorum
1840 2271 2064 2328 operum

478 2382 642 2424 carne
664 2371 1004 2432 consumpta.
1052 2359 1120 2413 Et
1157 2357 1454 2431 egredieris
1487 2356 1540 2410 in
1570 2355 1740 2409 choro
1767 2351 2066 2407 ludentium

479 2474 601 2516 eum
644 2458 886 2528 gentium
933 2453 1143 2508 turbis:
1177 2451 1445 2522 plantabis
1469 2449 1657 2503 vineas
1702 2447 1757 2501 in
1796 2444 2068 2499 montibus

478 2550 762 2613 Samariae,
795 2560 1133 2616 nequaquam
1167 2544 1220 2598 in
1256 2542 1486 2597 vallibus
1512 2547 1567 2594 et
1589 2537 1884 2594 humilibus
1913 2535 2067 2599 locis,

476 2640 570 2694 sed
599 2639 654 2692 in
683 2635 958 2691 montibus
991 2632 1252 2689 Samaria:
1289 2632 1380 2702 qui
1421 2637 1544 2701 post
1579 2627 1948 2699 captivitatem
1975 2639 2072 2696 po-

476 2727 587 2801 puli
624 2727 788 2782 Israel
832 2726 901 2780 ab
933 2723 1142 2795 alienis
1170 2723 1405 2794 possessi
1446 2729 1593 2786 sunt,
1624 2719 1822 2790 quibus
1849 2717 2070 2780 dicitur,

486 2839 506 2872 ‹
548 2819 798 2874 Plantate
824 2817 1094 2888 plantaria
1125 2825 1185 2870 et
1208 2813 1553 2870 vindemiate.
1595 2831 1614 2863 ι
1650 2811 1803 2866 Tunc
1830 2807 1931 2863 fuit
1957 2808 2072 2864 dies

481 2910 718 2976 Domini,
751 2910 803 2965 in
845 2925 951 2980 qua
993 2909 1369 2964 clamaverunt
1403 2904 1688 2968 custodes,
1729 2900 1958 2972 apostoli
1988 2899 2066 2954 vi-

478 3003 675 3060 delicet
713 3012 768 3058 et
797 3001 1077 3073 apostolici
1120 3000 1221 3056 viri
1266 2999 1321 3053 in
1366 3005 1551 3052 monte
1593 2993 1875 3058 Samarite,
1913 3000 1969 3048 et
2015 2991 2069 3046 in

481 3105 665 3151 monte
703 3095 983 3166 Ephraim,
1030 3108 1262 3164 quorum
1294 3091 1526 3146 alterum
1564 3088 1888 3152 custodiam,
1930 3085 2069 3140 alte-

482 3203 600 3241 rum
628 3187 931 3240 ubertatem
954 3193 1129 3239 sonat.
1155 3183 1296 3250 Quid
1325 3197 1452 3237 vero
1481 3182 1668 3235 dicunt
1696 3178 1948 3234 custodes
1970 3175 2074 3232 Sa-

480 3281 667 3334 maria:
692 3297 705 3333 :
739 3279 847 3332 imo
876 3278 1005 3346 quid
1034 3277 1270 3332 clamant
1298 3276 1352 3329 in
1390 3283 1573 3328 monte
1608 3271 1913 3342 Ephraim?
1941 3269 2074 3324 Sur-

486 3371 596 3440 gite
623 3369 712 3439 qui
737 3369 952 3438 jacetis,
985 3366 1210 3422 humilia
1256 3365 1566 3433 relinquite,
1606 3362 1951 3416 victimarum
1978 3361 2076 3414 ho-

482 3461 618 3515 stias
649 3460 888 3531 spernite
918 3477 930 3511 :
962 3477 980 3510 ι
1007 3456 1346 3512 Sacriﬁcium
1371 3456 1482 3510 Deo
1503 3453 1728 3524 spiritus
1747 3450 2076 3508 contribula-

486 3560 575 3606 tus
605 3551 776 3624 (Psal.
804 3551 892 3623 1.);
923 3570 940 3602 i
973 3548 1332 3604 ascendamus
1364 3548 1418 3601 in
1449 3546 1602 3613 Sion,
1632 3547 1736 3601 hoc
1771 3553 1853 3600 est
1892 3545 1946 3600 in
1969 3543 2077 3600 Ec-

491 3644 736 3710 clesiam,
767 3643 858 3697 ubi
896 3650 982 3696 est
1009 3639 1309 3711 speculatio
1335 3647 1389 3695 et
1421 3638 1646 3692 intuitus
1686 3636 1802 3692 Dei.
1835 3635 2079 3706 Cumque

486 3735 751 3790 fuerimus
773 3734 826 3789 in
850 3732 1014 3799 Sion,
1045 3733 1154 3786 imo
1178 3731 1584 3786 ascendet-imus
1612 3728 1819 3798 pariter
1845 3726 1913 3782 ad
1931 3741 2076 3794 eam,

487 3827 844 3883 ascendemus
889 3825 956 3880 ad
993 3823 1278 3879 Dominum
1311 3823 1476 3878 Deum
1509 3829 1776 3876 nostrum.

565 3981 584 4014 ‹
622 3961 755 4029 Quia
796 3961 913 4016 hac
951 3958 1083 4014 dicit
1131 3956 1431 4012 Dominus:
1466 3954 1744 4011 Exsultate
1784 3952 1835 4007 in
1870 3951 2076 4017 Iretitia,

495 4072 513 4103 ε
559 4050 748 4117 Jacob,
770 4063 824 4105 et
839 4049 1047 4104 binnite
1075 4056 1264 4102 contra
1286 4055 1448 4118 caput
1475 4045 1735 4116 gentium.
1762 4043 2079 4108 Personate,

495 4162 514 4195 ι
556 4143 733 4196 canite
760 4141 888 4195 tuba
914 4148 971 4195 et
999 4139 1199 4194 dicite:
1246 4137 1462 4192 Salvum
1496 4135 1582 4190 fac
1622 4133 1876 4205 populum
1906 4142 2078 4197 tuum,

496 4251 514 4283 ι
562 4231 809 4295 Domine,
849 4227 1106 4298 reliquias
1143 4225 1327 4281 Israel.
1375 4244 1394 4276 ι
1429 4223 1811 4294 Signiﬁcanter
1841 4236 1946 4276 non
2003 4230 2083 4275 to-

490 4331 578 4377 tus
607 4321 852 4376 salvatur
875 4316 1058 4380 Israel,
1090 4315 1188 4370 sed
1220 4313 1464 4384 reliquias
1504 4311 1669 4368 Israel
1689 4352 1703 4377 ,
1734 4310 2082 4382 prmcipiente

494 4416 723 4470 Domino
767 4421 929 4483 atque
964 4411 1214 4467 dicente:
1253 4427 1270 4460 ‹
1308 4405 1588 4463 Exsultate
1637 4405 1691 4460 in
1721 4403 1941 4470 lmtitia,
1989 4403 2079 4473 qui
2108 4417 2158 4476 ι)

493 4507 626 4561 estis
675 4509 741 4560 de
788 4497 996 4568 Jacob,
1054 4510 1110 4557 et
1158 4500 1385 4566 hinnite,
1441 4518 1461 4551 ι
1519 4499 1585 4552 ad
1634 4504 1797 4566 caput
1837 4495 2080 4567 gentium

499 4606 693 4652 cuncta
744 4595 1042 4651 referentes
1079 4610 1092 4646 :
1129 4592 1254 4662 quia
1302 4590 1475 4647 cauda
1509 4588 1781 4660 quondam
1822 4601 2084 4642 conversa

498 4696 583 4742 est
633 4689 687 4741 in
717 4695 897 4757 caput.
933 4707 950 4738 ‹
985 4687 1282 4742 Personate
1325 4692 1380 4738 et
1407 4682 1584 4737 canite
1615 4689 1670 4736 et
1713 4680 1876 4737 dicite
1908 4698 1920 4734 :
1955 4679 2083 4748 quid

498 4786 583 4835 est
620 4778 745 4832 illud
785 4777 926 4846 quod
962 4777 1222 4846 jubentur
1262 4773 1487 4829 dicere?
1530 4792 1547 4823 ι
1588 4771 1807 4826 Salvum
1844 4771 1952 4835 l‘ac,
1982 4769 2084 4826 Do-

501 4874 667 4936 mine,
694 4869 946 4942 populum
968 4878 1138 4923 tuum.
1163 4889 1181 4920 ›
1212 4866 1382 4933 Quem
1404 4863 1694 4935 populum?
1725 4863 1930 4932 utique,
1951 4881 1968 4911 ‹
1994 4876 2082 4915 re-

504 4967 700 5036 liquias
752 4960 953 5027 Israel,
1008 4980 1025 5012 »
1061 4975 1182 5030 quae
1225 4958 1522 5015 secundum
1567 4954 1885 5010 electionem
1925 4955 2088 5008 salva:

505 5058 660 5113 factae
690 5063 817 5111 sunt
847 5071 860 5108 :
895 5054 961 5109 de
990 5052 1188 5122 quibus
1214 5059 1270 5106 et
1306 5049 1508 5104 Paulus
1535 5062 1818 5104 assumens
1848 5046 2090 5101 testimo-

503 5151 652 5205 nium
679 5148 830 5203 Isaia:
845 5147 1113 5217 loquitur:
1139 5166 1156 5195 ί
1178 5143 1292 5200 Nisi
1316 5143 1578 5200 Dominus
1598 5139 1822 5198 sabaoth
1848 5139 2092 5209 reliquis-

503 5250 587 5296 set
604 5241 759 5296 nobis
781 5254 987 5304 semen,
1016 5238 1155 5293 sicut
1175 5234 1407 5291 Sodoma
1437 5232 1562 5290 facti
1586 5248 1848 5296 essemus,
1873 5240 1928 5287 et
1951 5231 2093 5286 sicut

503 5330 812 5387 Gomorrlia
837 5330 1038 5386 similes
1066 5328 1357 5383 fuissemus
1382 5325 1515 5398 (Isa.
1549 5341 1588 5391 ι,
1623 5323 1770 5379 Rom.
1805 5321 1948 5392 1x).i

586 5484 605 5517 ε
651 5466 789 5521 Ecce
818 5480 948 5536 ergo
991 5465 1252 5520 adducam
1296 5479 1390 5519 eos
1420 5462 1487 5517 de
1525 5469 1669 5516 terra
1703 5459 2006 5530 Aquilonis.
2036 5467 2092 5514 et

517 5573 536 5605 ι
565 5556 902 5627 cengregabo
915 5571 1008 5610 eos
1029 5556 1096 5610 ab
1117 5556 1376 5611 extremis
1401 5564 1579 5609 teme.
1594 5573 1611 5602 ι
1638 5551 1790 5619 Quod
1805 5551 2049 5622 sequitur
2073 5569 2086 5605 :

515 5663 532 5694 ι
572 5645 622 5698 in
679 5647 1019 5701 solemnitate
1071 5645 1261 5709 Phase,
1309 5655 1364 5701 et
1421 5643 1701 5715 generabit
1761 5641 1898 5699 ﬁlios
1949 5641 2090 5698 mul-

2167 1798 2313 1844 tatus
2336 1789 2510 1854 fuero,
2535 1788 2717 1844 omnia
2747 1789 2958 1841 traham
2988 1787 3055 1840 ad
3080 1800 3167 1840 me
3196 1784 3377 1857 (Joan.
3400 1783 3524 1854 xu).
3563 1802 3581 1833 ι
3610 1782 3786 1836 Tune

2165 1885 2444 1956 generavit
2493 1883 2722 1937 multum
2769 1881 3026 1952 populum
3059 1920 3074 1944 ,
3134 1887 3196 1934 ut
3255 1877 3382 1932 illud
3446 1875 3785 1945 impleretur

2164 1977 2351 2032 Isaiae:
2393 1993 2412 2026 ι
2449 1973 2585 2042 Quia
2615 1982 2739 2029 nata
2771 1982 2854 2029 est
2899 1987 3033 2044 gens
3080 1969 3248 2027 semel
3294 1969 3430 2041 (lsa.
3460 1983 3609 2031 vai,
3663 1985 3780 2021 sec.

2167 2068 2362 2141 LXX).
2415 2087 2435 2122 ι
2464 2068 2582 2124 Una
2615 2067 2759 2122 enim
2790 2066 2876 2121 die
2909 2066 3011 2120 tria
3041 2063 3208 2118 millia
3237 2071 3291 2117 et
3321 2061 3561 2131 quinque
3592 2059 3779 2113 millia

2168 2157 2447 2212 hominum
2493 2156 2840 2212 crediderunt
2880 2156 3019 2226 (Act.
3077 2169 3115 2207 ιι
3173 2161 3222 2206 et
3261 2151 3360 2222 iv).
3400 2149 3672 2220 Quodque
3725 2150 3780 2203 in

2168 2245 2436 2301 Hebraico
2464 2245 2753 2301 scribitur:
2780 2262 2798 2295 ι
2829 2243 2976 2298 Inter
3001 2256 3139 2312 quos
3165 2248 3328 2296 erunt
3351 2254 3528 2294 caecus
3551 2247 3608 2292 et
3627 2239 3785 2292 clau-

2170 2336 2290 2402 dus,
2333 2344 2391 2392 et
2422 2350 2726 2406 praegnans,
2757 2341 2813 2390 et
2839 2333 3059 2403 pariens
3099 2331 3282 2396 simul,
3311 2329 3544 2385 ecclesia
3575 2345 3780 2400 magna

2170 2427 2559 2483 revertentium
2598 2426 2724 2490 huc,
2761 2445 2779 2477 ι
2815 2436 3122 2494 quanquam
3148 2431 3203 2476 et
3226 2420 3379 2490 juxta
3408 2419 3650 2473 litteram
3683 2419 3784 2472 im-

2171 2519 2372 2591 pletum
2409 2518 2502 2584 sit,
2530 2518 2674 2588 quod
2694 2517 2820 2572 caeci
2849 2515 3103 2580 viderint,
3131 2513 3310 2568 claudi
3344 2511 3780 2578 ambulaverint,

2174 2622 2354 2667 tamen
2398 2611 2594 2668 melius
2619 2610 2774 2681 juxta
2803 2622 3077 2679 anagogen
3116 2604 3338 2675 intelligi
3371 2611 3552 2674 potest
3579 2616 3596 2656 :
3623 2602 3778 2679 quod

2172 2704 2264 2775 qui
2293 2703 2446 2774 prius
2465 2702 2595 2758 caeci
2618 2709 2774 2755 erant
2792 2700 3043 2770 perﬁdia,
3069 2706 3260 2769 postea
3284 2696 3635 2752 crediderunt
3653 2693 3786 2751 Sal-

2173 2798 2392 2854 vatori:
2429 2805 2483 2852 et
2518 2795 2610 2866 qui
2655 2793 2849 2857 claudi,
2903 2793 3100 2862 quibus
3135 2790 3406 2860 quondam
3445 2788 3785 2858 loquebatur

2175 2888 2320 2944 Elias
2345 2902 2360 2942 :
2401 2906 2422 2941 ι
2460 2887 2756 2957 Usquequo
2775 2883 3094 2942 claudicatis
3119 2891 3353 2952 utroque
3376 2882 3558 2953 pede?
3594 2902 3615 2935 ο
3649 2879 3782 2952 (III

2175 2979 2306 3052 Reg.
2329 2977 2487 3051 xvm)
2513 2987 2697 3049 postea
2719 2974 3133 3032 ambulaverint.
3162 2973 3230 3028 Et
3261 2991 3280 3024 ‹
3308 2971 3547 3043 Populus
3571 2973 3665 3042 qui
3690 2987 3784 3028 se-

2176 3074 2340 3130 debat
2362 3072 2414 3126 in
2439 3071 2679 3127 tenebris
2699 3068 2958 3126 etumbra
2983 3067 3174 3123 mortis
3199 3081 3456 3136 maguum
3483 3065 3666 3121 lumen
3688 3081 3786 3122 as-

2177 3164 2388 3235 pexerit
2437 3161 2576 3233 (Isa.
2616 3162 2716 3232 ix),
2755 3180 2774 3214 ι
2809 3158 3099 3229 claudique
3148 3157 3516 3222 cucurreriut,
3553 3166 3609 3213 et
3636 3173 3786 3227 prae-

2175 3273 2349 3330 gnans
2361 3255 2630 3328 pepererit
2644 3255 2802 3322 ﬁlios,
2819 3254 3104 3310 ecclesiam
3121 3265 3370 3324 magnam
3386 3253 3778 3308 revertentium

2176 3349 2245 3403 ad
2271 3349 2458 3403 ﬁdem.
2481 3344 2652 3402 Judaei
2681 3353 2878 3418 putant
2900 3346 3002 3400 hoc
3030 3359 3151 3401 esse
3180 3343 3508 3414 completum
3537 3345 3780 3414 quando,

2177 3440 2278 3494 sub
2300 3439 2435 3493 Ezra
2458 3445 2578 3509 post
2602 3437 2743 3493 diem
2767 3435 3001 3508 paschae,
3025 3435 3227 3506 egressi
3248 3444 3375 3490 sunt
3393 3435 3460 3490 de
3479 3435 3780 3507 Babylone,

2178 3545 2239 3590 ut
2269 3541 2675 3590 reverterentur
2695 3531 2747 3586 in
2775 3529 3096 3592 Jerusalem,
3123 3530 3176 3584 in
3200 3544 3306 3599 quo
3323 3536 3485 3600 typus
3511 3528 3638 3595 fuit,
3666 3545 3778 3584 non

2178 3625 2408 3680 veritas.
2446 3621 2634 3693 Neque
2659 3621 2806 3676 enim
2843 3621 2898 3674 in
2945 3619 3036 3675 illo
3067 3627 3312 3690 tempore
3353 3619 3614 3675 universa
3656 3635 3778 3690 qua:

2179 3715 2429 3787 legimus,
2465 3723 2521 3770 et
2561 3713 2757 3769 lecturi
2788 3728 2999 3779 sumus,
3025 3710 3192 3767 fuisse
3232 3711 3503 3782 completa
3527 3720 3776 3783 poterant

2180 3808 2500 3880 approbare.

2257 3916 2276 3949 ι
2323 3898 2378 3952 In
2418 3895 2544 3953 ﬁetu
2573 3896 2793 3952 venient
2842 3896 2974 3970 (sive
3017 3893 3411 3967 egredientur),
3442 3903 3500 3950 et
3533 3895 3587 3950 in
3617 3895 3786 3950 mise-

2187 4008 2206 4042 ε
2254 3988 2490 4045 ricordia
2517 3991 2776 4044 reducam
2802 4003 2917 4052 eos,
2949 3997 3005 4042 et
3031 3987 3296 4042 adducam
3318 4000 3414 4040 eos
3437 4000 3539 4056 per
3563 3993 3775 4040 torren-

2190 4101 2210 4134 ε
2255 4090 2340 4138 tes
2379 4097 2640 4152 aquarum
2680 4081 2735 4136 in
2777 4081 2864 4136 via
2900 4089 3065 4145 recta,
3111 4089 3166 4135 et
3197 4096 3304 4135 non
3332 4078 3782 4150 impingent(sies

2189 4195 2208 4227 α
2249 4190 2356 4230 non
2398 4173 2680 4246 errabant)
2709 4173 2764 4228 in
2788 4189 2873 4240 ea,
2896 4168 3020 4243 quia
3044 4173 3221 4228 factus
3246 4186 3364 4226 sum
3392 4170 3580 4225 Israeli
3603 4179 3777 4240 pater.

2191 4283 2210 4317 ι
2256 4273 2313 4322 et
2337 4264 2594 4335 Ephraim
2619 4263 3014 4335 primogenitus
3033 4277 3187 4318 meus
3213 4269 3316 4316 est.
3353 4279 3374 4312 ι
3410 4259 3470 4316 Si
3487 4259 3646 4330 juxta
3677 4257 3780 4314 IIe-

2186 4357 2433 4412 braicum
2448 4355 2757 4426 legerimus,
2780 4373 2798 4406 ‹
2821 4355 2874 4409 in
2897 4352 3022 4409 ﬁetu
3045 4354 3282 4420 venient,
3307 4374 3326 4408 ι
3343 4353 3450 4409 hoc
3467 4353 3614 4408 enim
3639 4352 3779 4408 indi-

2185 4454 2275 4502 cat
2291 4455 2432 4506 -ικιν
2457 4462 2472 4510 ;
2502 4444 2745 4500 dicemus
2765 4444 2907 4515 quod
2930 4443 3198 4499 interdum
3222 4451 3278 4497 et
3301 4442 3454 4497 nimii
3484 4441 3666 4515 gaudii
3686 4439 3782 4496 lle-

2187 4548 2274 4595 tus
2299 4539 2557 4594 indicium
2586 4537 2677 4603 sit,
2709 4536 2866 4609 juxta
2896 4536 3025 4592 illud
3056 4555 3070 4590 :
3102 4536 3371 4606 lacrymor
3408 4535 3648 4606 gaudio;
3697 4533 3778 4586 sin

2186 4639 2368 4685 autem
2406 4630 2563 4701 juxta
2619 4626 2972 4698 Septuaginta
3010 4627 3102 4696 qui
3155 4626 3453 4681 dixerunt:
3498 4644 3518 4676 α
3561 4625 3618 4678 In
3655 4622 3776 4677 ﬁetu

2185 4721 2553 4793 egredientur,
2587 4728 2644 4776 et
2673 4720 2726 4774 in
2754 4717 3148 4782 misericordia,
3179 4737 3196 4770 ι
3225 4716 3358 4782 sive,
3390 4735 3410 4767 ί
3453 4716 3509 4770 in
3536 4712 3779 4772 consolav

2189 4814 2334 4869 tione
2374 4812 2630 4867 reducam
2661 4826 2756 4867 eos
2797 4828 2811 4865 :
2853 4830 2871 4863 ι
2908 4809 3058 4864 illum
3101 4823 3319 4864 sensum
3362 4821 3653 4878 ponemus,
3690 4802 3778 4875 qui

2189 4906 2316 4959 etin
2354 4903 2582 4958 Psalmis
2603 4902 2800 4958 dicitur
2828 4919 2840 4954 :
2874 4919 2891 4952 ι
2926 4899 3129 4955 Euntes
3165 4899 3316 4954 ibant
3347 4905 3402 4953 et
3429 4896 3632 4952 ﬁebant
3660 4894 3777 4949 mit-

2191 5006 2364 5052 tentes
2392 4995 2598 5052 semina
2631 4993 2944 5048 :venientes
2976 5001 3155 5046 autem
3201 4991 3418 5045 venient
3447 4990 3502 5044 in
3543 4987 3778 5044 exsulta-

2191 5090 2339 5144 tione
2360 5095 2638 5159 portantcs
2661 5084 2965 5154 manipulos
2985 5099 3112 5139 suos
3138 5080 3292 5154 (Psal
3315 5081 3499 5153 cxxv).
3543 5100 3561 5133 ι
3595 5080 3779 5135 Flere-

2191 5190 2318 5234 runt
2342 5179 2485 5234 enim
2519 5178 2734 5248 quando
2773 5176 2970 5247 captivi
3001 5175 3145 5230 ducti
3184 5183 3331 5238 sunt,
3370 5182 3426 5227 et
3459 5170 3779 5229 consolatio.

2194 5283 2318 5324 nem
2341 5268 2631 5324 maximam
2663 5276 3011 5337 receperunt,
3039 5265 3255 5335 quando
3279 5262 3651 5319 misericordia
3680 5260 3782 5314 Do-

2191 5361 2324 5416 mini
2343 5359 2551 5416 reducti
2578 5368 2723 5415 sunt.
2749 5358 2817 5412 Et
2833 5357 3159 5412 adduxiteos
3172 5356 3436 5412 Dominus
3452 5369 3553 5425 per
3570 5362 3783 5423 aposto-

2196 5453 2274 5508 los
2296 5460 2351 5507 et
2373 5451 2698 5522 apostolicos
2721 5452 2889 5513 viros,
2909 5451 3095 5520 plenos
3131 5465 3395 5521 aquarum
3419 5460 3474 5504 et
3496 5444 3783 5504 lareissimi

2195 5544 2449 5608 ﬂuminis,
2474 5544 2528 5597 in
2563 5543 2671 5607 via,
2695 5551 2858 5598 rectae
2889 5543 3140 5598 videlicet
3163 5542 3310 5609 ﬁdei,
3351 5559 3457 5598 non
3484 5543 3538 5597 in
3561 5538 3784 5611 perﬁdia

2195 5638 2524 5694 Judzeornm.
2571 5653 2590 5688 ι
2621 5634 2688 5690 Et
2711 5652 2840 5704 non,
2875 5636 3067 5707 inquit,
3103 5634 3472 5707 impingentin
3497 5648 3580 5697 ea,
3612 5652 3629 5682 ι
3656 5633 3778 5695 Quia
