4022 6186
264 356 285 412 l
300 352 407 412 033

1165 347 1532 404 EXPOSITIO
1571 344 1791 400 SUPER
1833 344 2198 400 JEltEMIAM.
2239 360 2309 387 -ι
2344 348 2471 402 LIB.
2514 349 2623 403 ΧΠ.

3397 351 3530 405 ιοδι

258 465 392 522 czeci
430 478 554 519 esse
593 469 895 526 cessarunt,
940 461 1136 530 quibus
1177 462 1446 531 quondam
1476 460 1676 514 dictum
1720 469 1845 515 est:
1879 466 1926 523 Λ
1954 462 2223 532 mogenita
2256 460 2519 523 Manasse,
2550 462 2638 529 qui
2684 470 2873 515 natura
2907 462 3214 532 priniitivns
3237 474 3353 520 erat
3377 466 3539 538 (Gen.

244 574 286 603 .‹
323 554 380 607 Si
403 552 531 608 ca‘ci
553 551 766 615 essetis,
792 564 899 605 non
924 548 1198 605 haberetis
1221 557 1537 619 peccatum;
1562 565 1704 603 nunc
1721 564 1851 603 vero

259 646 392 715 quia
415 644 617 709 dicitis,
633 644 1197 711 videmus,peccatnm
1213 650 1448 696 vestrum
1470 640 1847 713 manct(loan.

261 742 365 806 ix).
400 735 695 789 Possumus
720 733 864 787 viam
899 739 1103 787 rectam
1136 730 1411 787 Christum
1446 730 1768 800 intelligere,
1797 730 1849 784 in

261 843 371 898 qua
402 827 712 896 quicunque
741 823 1112 893 ambulaverit,
1144 838 1252 879 non
1280 823 1558 893 impinget.
1595 839 1614 872 ι
1656 821 1853 876 Factus

264 934 411 980 smn,
448 916 545 979 ait,
581 916 762 970 lsraeli
791 924 948 985 pater
972 915 1062 984 qui
1091 913 1345 969 reductus
1372 922 1483 977 est,
1511 920 1566 967 et
1592 912 1848 981 Ephraim

263 1006 658 1078 primogenitus
705 1019 858 1060 meus
911 1013 1015 1059 est.
1065 1024 1083 1056 ι
1138 1022 1157 1055 ι
1214 1004 1314 1059 Ubi
1379 1004 1522 1057 enim
1572 1001 1847 1073 quondam

263 1097 560 1152 abundavit
601 1105 903 1166 peccatum,
949 1093 1404 1165 superabundavit
1451 1094 1625 1164 gratia
1670 1091 1844 1164 (Rom.

263 1188 341 1256 v).
390 1208 409 1239 ι
441 1187 697 1256 Ephraim
727 1194 905 1241 autem
929 1187 985 1240 in
1013 1195 1137 1256 typo
1156 1200 1277 1240 esse
1299 1185 1482 1255 populi
1511 1184 1577 1240 de
1598 1185 1849 1255 gentibus

265 1278 598 1348 congregati,
632 1275 912 1346 Scriptura
943 1285 1188 1331 testatur.

339 1368 462 1421 Fuit
491 1368 632 1422 enim
660 1368 927 1437 posterior
949 1367 1090 1422 filius
1108 1366 1328 1438 Josieph,
1372 1376 1428 1423 et
1450 1364 1720 1436 subripuit
1740 1365 1849 1435 pri-

1954 551 2167 622 x:.vm).
2196 549 2302 606 Sed
2333 551 2386 604 in
2432 551 2693 621 mysterio
2730 553 2907 608 crucis
2936 553 3235 608 decussatis
3264 558 3532 621 manibus,

1953 640 2045 711 qui
2091 641 2273 695 stabat
2298 642 2365 695 ad
2395 641 2671 695 sinistram
2698 640 2881 703 Jacob,
2939 644 3175 699 dexterae
3201 660 3394 700 manus
3418 647 3537 717 ejus

1953 731 2189 800 suscepit
2210 729 2661 797 benedictionem,
2694 740 2749 787 et
2774 733 2863 803 qui
2898 742 3124 789 steterat
3158 735 3225 789 ad
3254 736 3536 792 dexteram

1953 821 2171 876 sinistra
2185 820 2518 884 benedictus,
2541 821 2589 874 in
2608 823 2899 875 secundum
2916 822 3168 878 redactus
3179 833 3261 878 cst
3276 826 3499 896 gradum
3520 845 3533 880 :

1952 912 2022 967 Et
2042 911 2312 982 quomodo
2351 908 2517 966 Jacob
2562 911 2723 975 Esau,
2771 913 2850 966 sic
2876 913 3132 984 Ephraim
3166 914 3410 970 Manasse
3454 932 3540 971 ra-

1952 1007 2070 1074 puit
2089 1003 2465 1074 primogenita.
2497 1002 2792 1073 Omnisque
2820 1003 3047 1075 populus
3077 1007 3261 1061 decem
3298 1006 3536 1062 tribuum

1953 1104 2178 1149 vocatus
2202 1102 2286 1149 est
2312 1093 2589 1165 prraim,
2618 1094 2744 1165 quia
2778 1092 3029 1149 Jerobam
3050 1094 3199 1171 filius
3229 1094 3437 1150 Nabatb
3469 1113 3537 1151 ex

1950 1186 2056 1240 hac
2086 1185 2226 1239 tribu
2268 1198 2491 1256 regnum
2520 1186 2727 1256 primus
2753 1184 2988 1240 obtinuit
3010 1185 3061 1238 in
3092 1182 3337 1240 Samaria
3380 1184 3533 1257 (Gen.

1957 1276 2152 1344 xxvtt).

1353 1580 1651 1661 LIBER
1710 1538 2409 1661 DUODECIMUS.

1697 1729 2104 1749 ﬂ

340 1806 546 1861 Partim
589 1805 870 1877 prophetia
914 1804 1192 1870 Jercmite,
1238 1805 1453 1876 quando
1491 1805 1856 1861 reversionem
1885 1813 1932 1871 Β
1960 1815 2065 1872 est,
2098 1807 2151 1862 in
2181 1807 2458 1862 Ecclesia:
2493 1825 2515 1860 ‹
2546 1807 2615 1862 Ει
2652 1807 2922 1865 c0nfluent
2953 1811 3020 1865 ad
3048 1812 3188 1868 bona
3228 1813 3475 1881 Domini,
3510 1830 3535 1870 ι

266 1897 579 1953 Judmorum
625 1897 902 1966 praedicit,
948 1896 1265 1955 hiatoricum
1311 1895 1544 1952 reditum
1583 1896 1703 1966 ejus
1734 1905 1860 1966 post

270 1987 641 2058 captivitatem
669 1988 722 2042 in
751 1995 949 2042 terram
974 1986 1112 2042 Juda
1139 1987 1511 2049 demonstrat:
1535 1987 1732 2058 partim
1754 1986 1861 2057 spi-

271 2077 489 2133 ritalem
520 2068 928 2133 conversionem
956 2076 1073 2146 ejus
1100 2077 1168 2132 ad
1212 2076 1369 2133 fidem
1408 2088 1532 2148 post
1567 2077 1859 2132 adventum

271 2166 501 2232 Christi,
527 2166 741 2235 quando
771 2166 1008 2237 reliquis:
1038 2166 1203 2221 salva:
1225 2164 1383 2221 factae
1401 2174 1550 2231 sunt,
1574 2165 1855 2236 designat:

270 2257 474 2328 partim
500 2257 661 2310 etiam
690 2264 1015 2311 conventum
1047 2255 1287 2326 gentium
1308 2255 1382 2309 ab
1417 2269 1603 2310 errore
1634 2252 1857 2309 idolola-

276 2346 398 2401 triae
424 2346 491 2400 ad
521 2344 680 2400 fidem
708 2344 932 2410 Christi,
968 2353 1024 2399 et
1047 2360 1231 2400 veram
1262 2344 1575 2415 religionem
1605 2358 1860 2414 prtenun-

276 2438 406 2494 tiat.
438 2437 591 2494 Unde
624 2453 769 2493 nunc
794 2446 1080 2508 postquam
1123 2436 1322 2507 prioris
1358 2435 1538 2506 populi
1576 2433 1863 2490 credulita-

278 2540 392 2587 ιειι
410 2530 1055 2595 ustenderat,scrmoncm
1081 2529 1344 2584 convertit
1360 2529 1426 2582 ad
1441 2536 1630 2598 gentes
1645 2567 1660 2593 ,
1678 2540 1864 2582 earum

280 2621 512 2676 salutem
532 2620 801 2676 veraciter
818 2620 870 2674 in
891 2619 1107 2675 Christo
1122 2619 1237 2674 fieri
1258 2629 1619 2689 pmconatur,
1634 2617 1860 2673 dicens:

357 2730 378 2763 ι
407 2712 604 2767 Audite
634 2711 854 2766 verbum
885 2710 1119 2775 Domini,
1155 2719 1362 2780 gentes,
1385 2716 1443 2764 et
1467 2708 1783 2764 annuntiate
1811 2707 1865 2761 in

287 2823 309 2859 ι
348 2804 541 2860 insulis
583 2819 703 2876 qua:
742 2802 927 2873 procul
975 2810 1133 2868 sunt,
1159 2810 1217 2857 et
1248 2802 1448 2858 dicite:
1487 2799 1590 2868 Qui
1614 2798 1869 2870 dispersit

288 2915 311 2948 ι
345 2895 511 2952 lsrael
560 2895 909 2966 congregabit
954 2908 1114 2959 eum,
1154 2900 1211 2948 et
1247 2892 1519 2949 custodiet
1561 2906 1685 2946 eum
1728 2882 1869 2945 sicut

289 3007 310 3039 ι
342 2994 530 3057 pastor
553 2999 769 3055 gregem
793 2998 970 3038 suum.
993 2981 1128 3049 Quia
1147 2980 1377 3037 redemit
1404 2980 1663 3036 Dominus
1680 2977 1866 3044 Iacob,

291 3096 313 3130 ι
340 3085 394 3134 et
419 3076 668 3132 liberavit
686 3090 812 3130 eum
833 3074 899 3129 de
921 3089 1080 3128 manu
1099 3062 1423 3144 potentioris
1437 3071 1562 3145 (sive
1582 3069 1865 3141 fortioris),

1962 1906 2145 1953 rerum
2175 1898 2417 1952 omnium
2448 1897 2854 1965 abundantiam,
2887 1916 3004 1969 quze
3032 1915 3139 1955 non
3177 1902 3229 1955 in
3262 1902 3539 1973 frugibus,

1960 1997 2014 2043 et
2040 1988 2175 2044 cibis
2200 1986 2382 2044 carnis
2408 1988 2583 2053 istius,
2616 1989 2709 2044 sed
2748 1989 2803 2043 in
2831 1989 3092 2043 virtutum
3122 1992 3381 2046 varietate
3410 2008 3538 2048 sen-

1961 2078 2112 2133 titur.
2151 2095 2170 2129 ι
2202 2078 2377 2147 Super
2404 2077 2707 2145 frumento,
2741 2079 2945 2151 inquit,
2996 2087 3051 2134 et
3090 2081 3216 2135 vino
3246 2090 3300 2135 et
3324 2081 3473 2146 oleo;
3515 2102 3533 2133 ι

1959 2168 2027 2224 de
2054 2183 2162 2237 quo
2185 2167 2470 2223 conficitur
2491 2170 2645 2238 panis
2664 2168 2898 2232 Domini,
2922 2176 2978 2222 et
3000 2169 3278 2238 sanguinis
3296 2170 3412 2241 ejus
3434 2171 3538 2225 im-

1960 2259 2137 2328 pletur
2167 2265 2325 2328 typus
2354 2274 2367 2310 :
2401 2266 2455 2312 et
2495 2255 2800 2313 benedictio
2832 2256 3276 2314 sanctificationis
3305 2261 3539 2315 ostendi-

1963 2358 2072 2413 tur,
2120 2346 2334 2402 dicente
2379 2345 2696 2417 Scriptura:
2732 2363 2751 2398 ι
2781 2345 2949 2401 Unxit
2995 2356 3046 2403 te
3083 2345 3226 2403 Deus
3268 2357 3391 2403 tuus
3420 2348 3543 2403 oleo

1962 2438 2160 2494 laetitia:
2178 2454 2287 2509 pra:
2306 2438 2646 2495 consortibus
2669 2440 2774 2495 tuis
2796 2437 2966 2511 (Psal.
2998 2438 3166 2513 xuv).
3211 2460 3231 2492 ι
3270 2460 3288 2493 ι
3324 2442 3386 2495 Et
3409 2440 3541 2497 fietu

1962 2542 2244 2598 pecorum,
2279 2546 2298 2579 ι
2329 2527 2420 2597 qui
2468 2528 2521 2582 in
2559 2528 2799 2582 Ecclesia
2835 2527 3107 2598 simplices
3132 2537 3276 2583 sunt.
3316 2546 3335 2580 ι
3367 2528 3434 2583 Ει
3457 2543 3541 2582 ar-

1966 2628 2296 2685 mentorum,
2327 2638 2346 2671 ›
2371 2634 2491 2689 qua:
2519 2627 2744 2674 cornuta
2776 2627 2902 2675 sunt
2927 2626 2981 2676 et
3004 2621 3347 2676 adversarios
3374 2621 3541 2674 venti«

1966 2709 2098 2764 lant.
2117 2709 2189 2765 Ut
2212 2718 2386 2764 autem
2410 2711 2645 2765 sciamus
2665 2709 3065 2767 benedictiones
3086 2712 3184 2766 has
3206 2722 3542 2782 nequaquam

1968 2801 2035 2856 ad
2081 2816 2305 2871 corpus,
2356 2802 2450 2857 sed
2497 2801 2564 2856 ad
2613 2802 2848 2857 animam
2897 2803 3205 2872 pertinere,
3254 2804 3542 2873 sequitur:

1975 2911 1993 2943 ι
2026 2892 2251 2963 Eritqne
2291 2893 2470 2948 anima
2499 2908 2688 2948 eorum
2734 2894 2886 2963 quasi
2915 2893 3108 2948 hortus
3135 2893 3403 2964 irriguus,
3433 2893 3548 2949 sive

1969 2984 2125 3053 quasi
2156 2984 2355 3054 lignum
2382 2981 2760 3056 fructifernm),
2802 3001 2821 3033 )
2852 2982 2994 3053 quod
3024 2982 3326 3052 plantatum
3348 2991 3432 3037 est
3456 2997 3545 3037 se-

1971 3087 2070 3128 cus
2102 3073 2363 3128 decursus
2391 3087 2674 3141 aquarum,
2695 3080 2750 3125 et
2774 3072 3060 3141 paradisus
3088 3070 3298 3125 Domini
3324 3070 3552 3127 dilectus

294 3188 313 3221 ι
348 3177 405 3224 ει
432 3167 650 3222 venient
676 3175 732 3222 et
748 3164 1041 3221 laudabunt
1067 3164 1121 3219 in
1146 3172 1328 3221 monte
1352 3163 1506 3229 Sion,
1527 3172 1582 3219 et
1601 3162 1871 3218 conflueut
1896 3174 1941 3236 ρ
1974 3166 2053 3240 [in
2084 3164 2338 3239 deliciis].
2374 3185 2392 3217 ι
2424 3166 2489 3220 Et
2517 3166 2681 3230 ultra,
2711 3166 2817 3227 ait,
2849 3180 2956 3218 non
2991 3164 3250 3219 csurient.
3288 3183 3305 3216 ι
3340 3161 3554 3235 Nequa-

296 3278 316 3311 ι
350 3256 421 3313 ad
450 3257 592 3312 bona
617 3255 829 3312 Domini
859 3269 1021 3326 super
1045 3253 1348 3319 frumento,
1372 3254 1530 3318 vino,
1563 3261 1620 3308 et
1640 3252 1791 3316 oleo,
1819 3259 1873 3306 et

294 3370 313 3403 ι
348 3350 461 3406 fetu
489 3364 743 3420 pecorum
772 3354 828 3403 et
855 3355 1244 3401 armentorum.
1292 3344 1516 3415 Eritqne
1563 3344 1740 3397 anima
1779 3355 1873 3395 eo-

298 3457 318 3488 ι
353 3454 475 3493 rum
501 3437 655 3508 quasi
685 3436 875 3490 hortus
901 3435 1161 3504 irriguus,
1202 3434 1317 3489 sive
1349 3433 1505 3503 quasi
1529 3432 1730 3503 lignum
1758 3430 1872 3485 fru-

297 3549 318 3582 ι
356 3528 676 3602 ctiferum),
706 3537 761 3584 et
800 3527 942 3582 ultra
990 3541 1097 3581 non
1127 3525 1389 3581 esurient.
1420 3524 1571 3580 Tunc
1608 3524 1876 3579 laztabitur

299 3642 319 3674 ι
355 3625 513 3693 virgo
559 3622 613 3675 in
649 3621 817 3675 choro
855 3619 981 3691 (sive
1017 3618 1297 3689 virgines),
1337 3616 1598 3687 juvenes,
1628 3630 1693 3670 ac
1720 3629 1877 3671 senes

302 3735 322 3766 ι
359 3713 521 3769 simul
546 3731 561 3766 :
592 3720 646 3766 et
670 3719 982 3768 convertam
1006 3710 1210 3766 luctum
1230 3724 1416 3766 eorum
1439 3709 1494 3764 in
1518 3708 1794 3782 gaudium,
1821 3715 1880 3763 et

304 3824 323 3855 ο
358 3802 679 3859 consolabor
710 3817 827 3867 eos,
858 3808 914 3857 et
948 3800 1263 3856 lmtificabor
1290 3817 1323 3856 a
1348 3800 1532 3856 dolore
1555 3815 1676 3865 suo,
1704 3808 1761 3855 et
1794 3800 1879 3854 in-

304 3914 324 3945 σ
356 3893 579 3949 ebriabo
610 3893 843 3948 animam
890 3891 1229 3947 sacerdotum
1284 3890 1410 3963 (sive
1454 3891 1687 3947 filiorum
1724 3890 1877 3963 Levi)

304 4002 324 4035 ι
362 3982 704 4052 pinguedine,
728 3990 783 4035 et
803 3981 1031 4053 populus
1055 3995 1209 4036 meus
1228 3980 1385 4035 bonis
1406 3979 1541 4035 meis
1560 3978 1879 4048 adimplebi-

304 4093 324 4124 ι
359 4084 478 4137 tur,
520 4073 595 4126 ait
639 4072 914 4125 Dominus.
953 4089 973 4123 ι
1020 4068 1310 4142 (meram)
1338 4068 1628 4139 Perspicue
1666 4066 1881 4123 vocatio

299 4160 542 4232 gentium
573 4162 1003 4226 demonstratur,
1035 4160 1248 4215 dicente
1277 4160 1555 4229 Scriptura
1583 4176 1596 4213 :
1640 4177 1659 4210 ι
1687 4158 1881 4213 Audite

298 4253 525 4308 verbum
561 4249 797 4316 Domini,
827 4259 1032 4321 gentes,
1051 4259 1105 4305 et
1125 4250 1439 4305 annuntiate
1468 4251 1523 4305 in
1551 4248 1741 4305 insulis
1761 4263 1883 4318 qua:

300 4340 490 4412 procul
517 4348 662 4406 sunt,
683 4348 737 4393 et
757 4340 939 4394 dicite.
977 4360 994 4390 ι
1027 4339 1163 4406 Quid
1186 4341 1505 4395 annuntient
1532 4340 1742 4404 insulis,
1764 4354 1885 4410 quae

299 4433 493 4505 procul
519 4433 635 4486 sita:
657 4432 823 4486 sunt?
849 4430 994 4501 quod
1021 4430 1281 4486 Dominus
1304 4431 1395 4500 qui
1423 4430 1673 4501 dispersit
1694 4430 1876 4494 lsrael,

1972 3272 2135 3327 quam
2182 3270 2248 3310 ea
2294 3255 2471 3310 esurie
2516 3255 2583 3309 de
2629 3268 2732 3323 qua
2778 3255 3036 3323 scriptum
3066 3262 3184 3308 est:
3228 3271 3246 3304 ι
3281 3253 3429 3308 Beati
3458 3251 3553 3324 qui

1972 3348 2218 3404 esuriunt
2244 3353 2299 3400 et
2320 3345 2508 3400 sitiunt
2528 3344 2792 3416 justitiam
2819 3343 3035 3414 (Matth.
3064 3343 3140 3417 v),
3177 3365 3196 3397 ι
3226 3346 3320 3399 sed
3347 3360 3411 3400 ea
3431 3360 3553 3415 qua:

1974 3436 2263 3492 saturitate
2291 3443 2550 3500 mutatur,
2578 3442 2634 3489 et
2659 3450 2837 3489 rerum
2864 3436 3102 3489 omnium
3127 3435 3363 3491 excludit
3388 3451 3554 3506 penu—

1974 3530 2132 3584 riam.
2163 3546 2182 3581 ‹
2208 3528 2363 3583 Tunc
2391 3527 2662 3583 laetabitur
2682 3528 2834 3598 virgo
2856 3528 2909 3581 in
2932 3527 3096 3583 choro
3129 3548 3176 3593 ι,
3207 3528 3273 3583 de
3295 3544 3398 3599 qua
3420 3529 3553 3583 scri-

1974 3619 2055 3675 bit
2078 3618 2406 3689 Apostolus:
2444 3637 2462 3669 ι
2500 3617 2769 3687 Despondi
2802 3618 2947 3671 enim
2979 3632 3073 3671 vos
3116 3617 3208 3671 uni
3248 3617 3365 3671 viro
3391 3617 3554 3687 virgi-

1974 3724 2100 3764 nem
2130 3714 2336 3764 castam
2363 3706 2620 3763 exhibere
2639 3704 2855 3762 Christo
2877 3705 2963 3778 (II
2989 3704 3111 3759 Cor.
3139 3704 3235 3776 xi).
3268 3726 3285 3757 ι
3317 3706 3383 3759 Et
3401 3706 3554 3775 juve-

1977 3813 2075 3854 nes
2106 3798 2174 3853 ad
2198 3812 2335 3868 quos
2355 3794 2883 3866 loquitur'loannes:
2923 3814 2942 3846 ι
2975 3794 3167 3850 Scribo
3197 3794 3368 3859 vobis,
3393 3796 3551 3866 juve-

1977 3904 2097 3953 nes,
2127 3888 2381 3958 quoniam
2424 3886 2631 3941 vicistis
2668 3885 2961 3961 malignum
3007 3883 3073 3955 (1
3098 3885 3259 3937 Joan.
3291 3884 3406 3957 n);
3447 3905 3465 3936 ι
3501 3895 3554 3942 et

1978 3992 2169 4043 senes,
2219 3977 2286 4032 ad
2332 3990 2468 4046 quos
2512 3975 2660 4030 idem
2710 3974 2937 4045 mistic'o
2985 3990 3234 4031 sermone
3286 3982 3549 4031 testatur:

1984 4085 2004 4119 ι
2043 4066 2238 4123 Scribo
2259 4066 2434 4131 vobis,
2458 4072 2666 4136 patres,
2685 4064 2937 4135 quoniam
2963 4064 3292 4135 cognovistis
3315 4081 3437 4119 eum
3461 4066 3552 4136 qui

1980 4160 2049 4215 ab
2079 4160 2234 4215 initio
2260 4166 2341 4214 est
2374 4150 2583 4231 (ηὸτι).
2608 4175 2627 4209 ›
2663 4175 2681 4207 ι
2704 4156 2770 4210 Et
2794 4158 3126 4221 convertam,
3146 4155 3555 4225 inquit,luetum

1982 4266 2171 4309 eorum
2195 4251 2248 4305 in
2272 4249 2524 4321 gaudiutn
2552 4267 2572 4300 ι
2601 4265 2616 4315 ;
2648 4255 2709 4303 ιιι
2726 4262 2865 4317 quos
2895 4248 3164 4302 torruerat
3188 4262 3338 4312 crux,
3378 4247 3555 4303 hutili-

1983 4351 2071 4396 cet
2096 4339 2444 4395 resurrectio.
2486 4356 2507 4388 ι
2541 4338 2612 4392 Et
2647 4336 2968 4393 consolabor
3010 4350 3136 4403 eos,
3171 4348 3226 4393 et
3272 4338 3556 4395 laetifi‘cabo

1984 4452 2016 4491 a
2043 4435 2226 4491 dolore
2250 4448 2367 4500 suo,
2406 4454 2424 4487 ι
2446 4434 2603 4504 'juxta
2632 4432 2762 4487 illud
2790 4430 2932 4502 quod
2976 4431 3237 4486 Dominus
3277 4430 3516 4501 loquitur
3540 4448 3555 4483 :

304 4527 424 4596 ipse
452 4524 797 4595 congregabit
820 4538 964 4578 eum.
1001 4521 1350 4593 Nequaquam
1390 4538 1549 4595 ergo,
1582 4532 1644 4578 ut
1669 4523 1879 4593 disper-
1908 4518 1960 4577 D
1991 4546 2010 4578 ι
2039 4526 2192 4581 Beati
2221 4522 2755 4595 lugentes,quoniam
2781 4522 2881 4593 ipsi
2905 4518 3556 4593 consolabunturwauh.

304 4623 587 4686 gerentur,
618 4612 874 4683 potentiae
914 4610 1017 4667 fuit
1060 4614 1522 4677 adversariorum,
1551 4614 1645 4669 sed
1673 4613 1883 4668 Domini

306 4703 596 4759 voluntas:
632 4722 650 4753 ί
687 4702 753 4756 Ει
798 4704 1065 4758 custodiet
1100 4719 1225 4759 eum
1270 4703 1411 4757 sicut
1448 4712 1634 4774 pastor
1667 4719 1886 4775 gregem

306 4808 487 4849 suum.
518 4812 537 4845 ›
562 4791 758 4847 Pastor
777 4793 920 4847 enim
946 4792 1116 4849 bonus
1137 4793 1317 4869 posuit
1345 4793 1578 4848 animam
1609 4809 1763 4848 suam
1784 4808 1884 4864 pro

308 4886 501 4939 ovibus
522 4886 635 4940 suis
651 4883 830 4957 (Joan.
848 4885 927 4955 χ).
950 4905 969 4936 ι
992 4885 1129 4954 Quia
1150 4887 1377 4940 redemit
1392 4886 1649 4943 Dominus
1671 4887 1837 4943 Jacob
1859 4908 1878 4940 ι

308 4977 491 5045 pretio
512 4977 787 5048 sanguinis
809 4978 921 5042 sui,
955 4997 973 5029 ι
1001 4988 1057 5032 ει
1077 4979 1325 5035 liberavit
1348 4996 1469 5035 eum
1501 4981 1567 5035 de
1602 4968 1763 5035 manu
1791 4995 1886 5051 po—

310 5066 557 5121 tentioris
572 5066 696 5138 (sive
724 5066 1036 5141 fortioris):
1054 5068 1158 5124 Per
1179 5086 1298 5141 qua:
1322 5070 1681 5127 ostenduntur
1701 5072 1887 5128 fortio-

311 5173 404 5214 res
433 5160 756 5215 adversariaz
780 5168 1108 5229 potestates,
1138 5170 1328 5217 natura
1359 5162 1664 5233 fragilitatis
1698 5164 1888 5218 humao

316 5254 491 5314 nm,et
516 5258 774 5317 quantum
806 5250 861 5303 in
884 5251 1126 5321 utrisque
1150 5253 1343 5307 virium
1372 5262 1473 5316 est,
1493 5253 1609 5307 illas
1639 5253 1890 5323 fortiores

311 5350 439 5393 esse
461 5346 652 5395 natura
676 5354 690 5392 :
732 5339 828 5396 sed
860 5356 960 5396 nos
988 5341 1235 5397 fortiores
1265 5343 1389 5406 fide,
1412 5342 1455 5397 si
1482 5351 1659 5397 tamen
1685 5356 1891 5398 merea-

317 5444 441 5484 mur
480 5429 698 5486 liberari
747 5433 816 5487 ab
857 5448 955 5498 eo,
985 5433 1073 5502 qui
1108 5441 1283 5503 potest
1327 5432 1549 5504 alligare
1596 5432 1811 5500 fortem,
1837 5441 1894 5489 et

315 5520 537 5575 domum
567 5521 683 5590 ejus
730 5523 977 5594 diripere.
1031 5543 1049 5577 ι
1082 5524 1146 5577 Ει
1175 5525 1410 5588 venient,
1449 5542 1467 5576 ι
1510 5523 1713 5593 inquit,
1747 5524 1892 5579 haud

319 5607 543 5665 dubium
588 5614 715 5684 quin
758 5612 967 5667 liberati
1000 5613 1064 5667 de
1100 5630 1256 5667 manu
1286 5614 1604 5683 potentium,
1642 5631 1660 5664 ι
1697 5622 1752 5668 ει
1781 5613 1895 5667 lau-

320 5694 531 5755 dabunt
563 5722 577 5753 ι
612 5704 950 5757 liberatorem
996 5720 1151 5757 suum
1184 5724 1201 5753 ι
1237 5704 1288 5757 in
1332 5713 1513 5758 monte
1542 5703 1693 5768 Sion,
1733 5722 1752 5756 ι
1792 5702 1895 5758 hoc

648 5796 917 5855 PATROL.
976 5794 1138 5855 CXI.

1987 4616 2062 4688 v).
2100 4634 2119 4668 ι
2156 4633 2176 4667 ι
2208 4615 2278 4670 Ει
2304 4612 2585 4669 inebriabo
2627 4613 2862 4667 animam
2908 4609 3248 4667 sacerdotum
3286 4629 3306 4663 ι
3335 4610 3427 4680 qui
3456 4610 3560 4664 ha-

1986 4709 2115 4762 bent
2142 4704 2421 4761 scientiam
2462 4700 2578 4767 Dei',
2605 4703 2672 4757 de
2699 4708 2930 4771 quarum
2960 4715 3055 4755 ore
3101 4698 3435 4770 interrogant
3478 4698 3558 4755 le-

1990 4813 2108 4869 gem
2135 4796 2348 4855 Domini
2374 4795 2464 4865 qui
2492 4795 2719 4851 credunt
2746 4794 2800 4848 in
2824 4808 2949 4849 eum
2969 4833 2984 4858 ,
3016 4788 3085 4848 ad
3112 4808 3270 4864 quem
3292 4791 3558 4860 Propheta

1990 4889 2172 4943 canit:
2214 4906 2234 4939 ι
2277 4888 2357 4942 Τιι
2391 4902 2453 4943 es
2481 4886 2734 4942 sacerdos
2774 4883 2829 4938 in
2857 4892 3120 4939 :eternum
3147 4881 3436 4938 secundum
3469 4895 3560 4934 or-

1990 4978 2170 5034 dinem
2208 4978 2599 5034 llelchisedecb
2628 4974 2799 5049 (Psal.
2837 4975 2972 5043 cur).
3025 4993 3047 5026 ι
3078 4973 3228 5040 Quod
3266 4978 3443 5025 autem
3473 4984 3560 5024 se-

1991 5071 2177 5142 quitur
2193 5069 2350 5139 juxta
2382 5069 2547 5134 LXX,
2580 5089 2598 5121 ι
2633 5068 2861 5123 filiorum
2883 5064 3013 5120 Levi
3044 5082 3064 5115 ι
3092 5064 3144 5117 in
3167 5061 3429 5115 Hebraico
3450 5074 3557 5114 non

1992 5159 2243 5223 habetur,
2272 5167 2328 5212 et
2351 5162 2693 5227 perspicuum
2727 5164 2812 5211 est
2854 5165 3189 5223 nequaquam
3215 5150 3305 5233 hic
3328 5150 3431 5204 dici
3450 5189 3465 5214 ,
3495 5149 3562 5203 de

1993 5248 2079 5302 his
2119 5246 2490 5302 sacerdotibus
2513 5246 2604 5314 qui
2644 5255 2771 5299 sunt
2798 5244 2891 5299 filii
2936 5240 3100 5305 Levi,
3144 5240 3239 5295 sed
3267 5237 3334 5294 de
3373 5238 3458 5293 his
3506 5239 3559 5293 in

1994 5352 2221 5407 quorum
2250 5345 2433 5406 typum
2461 5337 2737 5412 pragcessit
2756 5331 3165 5389 Melchisedech.
3189 5331 3439 5387 Ebrietas
3465 5346 3562 5385 au-

2001 5440 2109 5486 tem
2134 5429 2473 5485 sacerdotum
2494 5428 2624 5485 etin
2643 5426 2913 5496 Apostolis
2937 5424 3564 5494 comprobatur,quando

2000 5520 2281 5575 fervebant
2313 5518 2417 5573 fide
2443 5528 2500 5573 et
2536 5525 2715 5571 musto
2749 5514 2891 5585 pleni
2937 5513 3255 5569 dicebantur
3291 5510 3438 5582 (Act.
3471 5512 3566 5583 ιι).

2001 5611 2155 5667 Unde
2197 5619 2253 5665 et
2291 5610 2439 5664 locus
2481 5609 2535 5664 in
2579 5622 2687 5677 quo
2712 5607 3137 5676 comprehensus
3162 5612 3248 5660 est
3274 5605 3565 5670 Dominus,

2000 5707 2224 5754 vocatur
2248 5698 2617 5764 Gethsemani,
2637 5698 2780 5767 quod
2811 5696 2987 5768 lingua
3022 5703 3207 5750 nostra
3235 5690 3415 5750 vallem
3450 5702 3562 5760 pm.

3057 5785 3134 5845 33
