4022 6186
478 214 610 274 ιιιπὸ

1115 208 1177 266 Β.
1216 206 1469 265 RABANI
1507 200 1725 262 MAURI
1763 198 2061 257 ARCHIEP
2124 199 2432 257 MOGUNT.
2474 200 2759 260 OPERUM
2796 203 2977 260 PARS
3008 186 3099 257 ‘lll.

3605 201 3766 261 i036

470 329 707 395 quedim's
746 332 921 382 sonat.
963 323 1204 392 Cumque
1234 320 1542 377 sacerdotes
1576 318 1803 388 pingues
1850 312 2053 369 fuerint
2079 314 2129 374 Α
2162 333 2180 364 ι
2212 315 2427 372 minus:
2460 326 2514 371 et
2541 318 2882 372 revertentur
2912 316 3006 369 filii
3030 317 3096 370 ad
3126 318 3386 372 terminos
3407 334 3552 374 suos.
3582 339 3600 372 ι
3638 319 3765 379 Hoc

472 411 718 472 dictrina
766 412 1010 479 Domini,
1055 419 1111 469 et
1168 409 1419 465 inebriati
1458 409 1512 463 in
1556 406 1804 463 convivio
1852 402 2053 471 Joseph
2153 405 2308 475 juxta
2336 407 2572 462 litteram
2621 407 2853 463 necdum
2881 406 3083 462 factum
3108 416 3233 463 est:
3272 411 3611 478 nequeenim
3654 411 3767 467 de-

474 508 710 564 dixerint
745 524 759 560 :
799 524 817 556 ι
852 503 1002 576 calix
1044 511 1168 559 tuus
1214 500 1519 565 inebrians,
1548 513 1710 568 quam
1760 495 2055 568 prmelarus

477 594 647 668 (Psal.
682 593 816 665 χιιι)
840 595 853 647 !
901 612 919 644 ι
962 598 1089 647 tunc
1114 586 1217 646 erit
1242 597 1298 644 et
1325 589 1427 643 hoc
1455 586 1597 657 quod
1629 600 1772 641 nunc
1797 584 2056 639 Dominus

474 687 759 760 pollicetur
784 704 796 739 :
834 704 852 736 ‹
888 684 954 739 Et
980 681 1206 755 populus
1234 696 1387 736 meus
1413 678 1569 734 bonis
1594 675 1993 748 adimplebitur.
2029 694 2048 728 ι

476 779 605 847 Quae
630 775 811 833 omnia
846 790 992 829 nunc
1026 784 1091 829 ex
1118 780 1272 841 parte
1298 766 1646 825 tribuuntur:
1698 774 1828 821 tunc
1872 774 2054 820 autem

479 871 750 927 dabuntur
785 868 836 922 in
867 865 1057 937 pleno,
1085 862 1299 934 quando
1338 859 1636 915 viderimus
1678 854 1815 911 facie
1860 856 1927 911 ad
1969 854 2055 909 fa-

479 961 640 1026 ciem,
664 966 718 1014 et
754 970 950 1027 corpus
994 950 1313 1009 humilitatis
1359 957 1559 1004 nostra:
1598 942 1763 1002 fuerit
1814 959 2056 1001 resurre-

480 1049 676 1106 ctionis
698 1047 866 1120 gloria
887 1050 1296 1101 commutatum.

557 1158 577 1192 ι
611 1137 738 1193 Hmc
770 1135 900 1193 dicit
932 1134 1227 1190 Dominus:
1266 1128 1382 1186 Vox
1412 1129 1467 1184 in
1495 1127 1713 1185 excelso
1753 1125 1937 1182 audita
1974 1135 2060 1181 est

487 1250 504 1282 ‹
542 1224 969 1291 lamentationis,
999 1224 1178 1279 luctus
1216 1229 1273 1278 et
1309 1220 1499 1285 lletus,
1547 1214 1750 1273 Rachel
1795 1216 2057 1287 plorantis

489 1340 507 1373 σ
542 1321 680 1375 filios
700 1334 847 1384 suos,
863 1324 917 1371 et
940 1315 1116 1370 noluit
1142 1311 1410 1369 consolari
1436 1326 1598 1382 super
1625 1307 1751 1364 filiis
1777 1307 1913 1372 suis,
1932 1321 2060 1377 quo-

489 1433 507 1465 ι
544 1413 691 1468 niam
719 1426 827 1466 non
855 1418 999 1465 sunt.
1034 1426 1053 1460 ι
1084 1404 1435 1476 Septuaginta
1461 1421 1474 1458 :
1530 1422 1549 1454 ‹
1602 1400 1694 1456 Sic
1718 1400 1847 1456 dicit
1874 1399 2060 1453 Domi-

490 1524 507 1556 ι
536 1519 637 1559 nus
662 1521 675 1557 :
703 1501 822 1558 Vox
854 1500 906 1555 in
933 1494 1107 1553 Rama
1132 1496 1315 1551 audita
1344 1501 1451 1559 est,
1485 1490 1799 1546 lamentatio
1824 1497 1878 1543 et
1905 1486 2061 1542 ﬂetus

488 1615 507 1648 ι
540 1602 595 1650 et
641 1593 820 1648 luctus
851 1589 1058 1645 Rachel
1104 1585 1368 1658 plorantis
1413 1582 1552 1637 ﬁlios
1597 1594 1754 1645 suos,
1803 1585 1859 1633 et
1890 1577 2062 1632 noluit

2158 514 2276 554 cem
2310 499 2485 555 tribus
2508 515 2629 569 qua:
2650 501 2703 554 in
2728 499 3035 555 civitatibus
3053 499 3333 556 Medorum
3361 501 3636 567 exsulant,
3671 509 3768 558 at-

2158 603 2264 657 que
2291 588 2605 654 Persarum,
2634 603 2884 659 reversos
2912 589 2965 644 in
2996 597 3199 644 terram
3229 589 3472 645 Iudaeam
3498 590 3767 661 legimus.

2161 678 2265 734 Sed
2282 672 2437 748 juxta
2466 679 2735 750 spiritum,
2761 689 2817 735 et
2838 679 2892 734 in
2915 679 3165 749 passione
3186 679 3397 734 Domini
3424 680 3771 751 completum

2159 777 2262 835 est,
2299 778 2356 824 et
2390 772 2671 841 hucusque
2715 769 3055 841 completur:
3098 771 3315 840 quando
3358 771 3427 827 de
3471 781 3589 828 toto
3617 776 3773 830 orbe

2160 859 2400 916 salvatur
2433 860 2622 916 Israel.
2663 862 2731 917 Et
2768 862 2993 918 Racheli
3039 862 3277 917 dicitur:
3310 881 3331 914 r
3366 863 3627 931 Quiescat
3659 882 3773 920 v01

2162 960 2252 1005 tua
2283 967 2314 1005 a
2338 951 2572 1021 ploratu,
2597 960 2653 1007 et
2700 952 2842 1009 oculi
2871 953 2947 1007 tui
2982 968 3011 1006 a
3050 952 3325 1024 lacrymis.
3358 972 3377 1006 ι
3410 954 3481 1009 Ει
3512 966 3601 1011 est
3629 971 3772 1011 sen-

2160 1058 2289 1096 sus:
2324 1041 2544 1097 Plorare
2586 1042 2824 1098 desiste:
2866 1044 3050 1113 priora
3078 1044 3225 1099 enim
3250 1058 3417 1114 opera
3447 1052 3536 1098 tua
3570 1061 3772 1115 respe-

2161 1133 2240 1187 xit
2272 1132 2570 1187 Dominus:
2614 1153 2634 1184 ι
2671 1133 2738 1188 Ει
2765 1142 3108 1190 revertentur
3143 1134 3242 1189 lilii
3270 1136 3344 1190 tui
3383 1136 3451 1191 de
3477 1144 3631 1190 terra
3664 1138 3767 1190 ini-

2163 1223 2310 1286 mici,
2349 1243 2368 1276 ι
2405 1238 2473 1278 ne
2495 1224 2746 1294 praesenti
2776 1224 2963 1280 dolore
2988 1225 3257 1280 tenearis:
3293 1243 3312 1277 ‹
3347 1237 3433 1282 est
3454 1227 3607 1297 enim
3640 1242 3774 1296 spes

2162 1313 2470 1369 novissimis
2509 1315 2632 1379 tuis,
2663 1313 2740 1369 ait
2772 1313 3067 1369 Dominus:
3099 1322 3156 1369 et
3180 1322 3526 1370 revertentur
3550 1314 3657 1369 ﬁlii
3691 1315 3773 1369 tui

2162 1404 2229 1458 ad
2260 1404 2521 1461 terminos
2562 1420 2721 1471 suos,
2756 1425 2774 1458 ι
2807 1420 2944 1475 quos
2973 1405 3281 1462 habuerunt
3313 1415 3501 1476 patres
3527 1421 3769 1472 eorum,

2161 1494 2433 1549 Abraham
2456 1537 2472 1562 ,
2507 1494 2659 1551 lsaac
2687 1504 2741 1552 et
2769 1494 2955 1552 Jacob.
2986 1496 3176 1553 Melius
3217 1505 3399 1552 autem
3423 1496 3494 1553 de
3514 1500 3773 1569 parvulis

2164 1586 2532 1659 intelligimus,
2561 1590 2704 1658 quod
2725 1589 3031 1645 mercedem
3052 1588 3290 1644 habeant
3308 1588 3463 1645 ell‘usi
3482 1605 3588 1660 pro
3609 1592 3773 1648 Chri-

486 1706 505 1736 ί
542 1683 956 1753 conquiescere:
982 1678 1107 1748 (luia
1136 1691 1242 1732 0011
1274 1683 1417 1729 ευηι·
1455 1692 1474 1725 ³
1506 1670 1616 1726 Nec
1644 1669 1799 1740 lux“!
1837 1665 2062 1721 Ηθδτδί·
2089 1684 2134 1744 Β
2163 1684 2248 1732 sto
2278 1678 2585 1749 sanguinis,
2619 1688 2673 1735 et
2696 1694 2797 1749 pro
2841 1688 2987 1734 terra
3034 1679 3261 1736 Herodis
3297 1681 3503 1736 inimici
3535 1689 3770 1737 teneant

483 1789 629 1839 cum,
662 1786 762 1827 nec
789 1771 944 1842 juxta
973 1765 1359 1837 Septuaginta,
1401 1761 1685 1817 Matthaeus
1722 1756 1950 1827 sumpsit
1976 1763 2059 1809 te-

482 1864 813 1919 stimonium.
843 1860 1097 1932 Legimus
1124 1856 1270 1912 enim
1311 1854 1367 1908 in
1400 1867 1466 1907 eo
1498 1858 1621 1922 post
1646 1847 2062 1918 descriptionem

482 1951 768 2008 infantium
793 1949 973 2004 necis:
1018 1965 1037 1999 ι
1069 1944 1221 2000 Tunc
1247 1941 1524 2014 impletum
1564 1946 1649 1994 est
1680 1938 1825 2008 quod
1861 1936 2063 1991 dictum

481 2053 565 2101 est
584 2059 682 2115 per
701 2041 991 2099 Jeremiam
1009 2037 1329 2110 prophetam
1355 2033 1651 2089 dicentem:
1676 2027 1793 2085 Vox
1814 2029 1867 2083 in
1892 2027 2063 2081 Rama

482 2137 665 2193 audita
686 2141 795 2203 est,
819 2133 1062 2206 ploratus
1081 2137 1134 2184 et
1156 2127 1388 2183 ululatus
1426 2123 1625 2179 multus
1659 2119 1862 2176 Rachel
1887 2118 2063 2175 flentis

483 2230 625 2286 ﬁlios
653 2242 802 2294 suos,
831 2234 887 2283 et
915 2223 1086 2280 noluit
1112 2218 1378 2277 consolari
1404 2218 1530 2288 quia
1560 2231 1668 2271 non
1700 2223 1825 2271 sunt
1846 2211 2059 2287 (Matth.

484 2322 569 2395 ιι).
608 2343 627 2374 ι
659 2320 741 2375 Ex
771 2333 879 2388 quo
903 2315 1247 2387 perspicuum
1277 2319 1362 2366 est
1385 2306 1742 2379 evangelistas
1768 2312 1823 2360 et
1849 2312 2065 2374 aposto-

484 2392 564 2468 los
594 2423 935 2481 nequaquam
963 2422 1030 2463 ex
1057 2404 1283 2461 Hebrreo
1316 2397 1815 2468 interpretationem
1839 2392 2064 2464 alicujus

483 2512 728 2568 secutos,
770 2499 864 2556 sed
895 2496 1053 2570 quasi
1078 2494 1333 2551 Hebrzeos
1367 2506 1436 2547 ex
1465 2488 1705 2545 Hebraeis
1740 2487 1884 2557 quod
1919 2485 2065 2556 lege-

483 2595 615 2651 bant
650 2590 913 2648 Hebraice
954 2587 1068 2645 suis
1104 2583 1445 2642 sermonibus
1480 2578 1831 2650 expressisse.
1862 2574 2065 2631 Rachel

484 2692 657 2740 mater
677 2678 876 2751 Joseph
917 2693 1041 2735 cum
1079 2675 1290 2733 veniret
1328 2672 1639 2737 Bethleem,
1671 2668 1850 2726 subito
1876 2677 2065 2738 partus

484 2773 670 2831 dolore
693 2779 944 2843 correpta
971 2767 1181 2840 peperit
1207 2767 1395 2831 filium,
1419 2778 1578 2834 quem
1609 2760 1874 2818 obstetrix
1891 2800 1907 2826 ,
1938 2761 2065 2829 quia

485 2862 817 2920 moriebatur
842 2861 1078 2933 pariens,
1107 2857 1319 2914 vocavit
1344 2854 1585 2912 Bennoni
1608 2894 1624 2920 ,
1651 2853 1756 2908 hoc
1792 2859 1895 2916 est,
1922 2850 2066 2920 ﬁlius

485 2954 683 3010 doloris
705 2955 839 3021 mei;
854 2960 1008 3023 pater
1028 2959 1209 3007 autem
1236 2947 1403 3005 Jacob
1426 2947 1653 3002 mutavit
1671 2943 1990 3001 vocabulum
2010 2951 2066 2998 et

2165 1784 2329 1841 regna
2352 1770 2612 1826 caelorum
2639 1789 2652 1824 :
2677 1779 2733 1826 et
2755 1771 3023 1826 reversuri
3040 1771 3150 1827 sint
3168 1772 3222 1826 in
3245 1772 3426 1828 sedem
3443 1773 3764 1843 pristinam,

2164 1860 2404 1929 quando,
2435 1875 2536 1931 pro
2572 1875 2811 1931 corpore:
2840 1860 3195 1928 humilitatis,
3220 1875 3415 1932 corpus
3445 1861 3767 1932 receperint

2164 1952 2479 2024 gloriosum;
2510 1948 2619 2009 Ista
2643 1961 2727 2009 est
2754 1968 2877 2025 spes
2905 1953 3223 2020 novissima,
3248 1953 3465 2024 quando
3490 1951 3635 2022 justi
3661 1953 3767 2008 ful-

2164 2044 2367 2114 gebunt
2393 2044 2528 2100 sicul
2557 2045 2636 2100 sol
2667 2043 2816 2117 (Sap.
2846 2044 2949 2115 ιιι).
2978 2044 3046 2099 Et
3070 2042 3306 2099 infantes
3330 2043 3606 2115 quondam
3640 2059 3767 2114 par-

2164 2133 2273 2188 vuli
2324 2142 2487 2205 atque
2519 2134 2784 2190 lactantes
2814 2135 3019 2205 absque
3061 2143 3281 2190 aetatum
3321 2134 3668 2189 incremento
3713 2141 3769 2187 et

2165 2220 2379 2291 injuriis
2408 2239 2473 2279 ac
2499 2223 2683 2279 labore
2708 2238 2971 2293 corporeo
2998 2232 3283 2295 resurgent
3304 2223 3359 2277 in
3385 2224 3563 2277 virum
3587 2222 3768 2293 perfe-

2166 2319 2331 2377 ctum,
2364 2316 2418 2367 in
2451 2328 2762 2368 mensuram
2789 2313 3141 2384 plenitudinis
3177 2312 3379 2368 Christi
3412 2311 3637 2384 (Ephes.
3665 2309 3761 2383 tv).

2243 2424 2261 2457 ι
2304 2405 2544 2460 Audiens
2587 2405 2765 2460 audivi
2810 2405 3064 2476 Ephraim
3107 2403 3585 2475 transmigrantem
3621 2403 3765 2474 (sive

2171 2517 2190 2549 ι
2225 2496 2661 2570 lamentantem):
2686 2497 2972 2568 castigasti
2993 2506 3167 2561 me,et
3185 2496 3430 2552 eruditus
3451 2510 3572 2551 sum
3600 2496 3764 2566 quasi

2171 2608 2190 2641 ι
2218 2590 2482 2659 juvencus
2507 2588 2799 2644 indomitus
2826 2586 2952 2659 (sive
2988 2588 3129 2643 sicut
3157 2585 3415 2657 vitulus).
3452 2592 3506 2641 et
3535 2602 3648 2641 non
3685 2587 3766 2640 di-

2173 2697 2192 2731 ι
2231 2678 2338 2734 dici
2363 2697 2376 2732 :
2405 2686 2660 2734 converte
2685 2693 2772 2735 me
2801 2685 2856 2734 et
2883 2687 3190 2743 convertar,
3231 2677 3356 2747 quia
3398 2689 3484 2741 tu,
3530 2675 3766 2731 Domine

2173 2788 2193 2823 ι
2229 2771 2373 2826 Deus
2404 2786 2577 2827 mens.
2609 2770 2901 2841 Postquam
2935 2770 3080 2825 enim
3119 2768 3435 2825 convertisti
3487 2782 3575 2822 me
3622 2766 3765 2837 (sire

2173 2879 2192 2912 ι
2228 2869 2417 2932 captus
2438 2861 2604 2931 sum),
2619 2861 2704 2933 egi
2725 2861 3197 2932 paenitentiam,et
3216 2867 3503 2930 postquam
3528 2857 3764 2929 cognovi

2172 2971 2191 3005 ι
2230 2951 2354 3023 (sive
2381 2951 2667 3007 ostendisti
2690 2949 2869 3022 mihi),
2906 2951 3151 3022 percussi
3186 2950 3366 3006 femur
3406 2964 3592 3005 meum
3634 2949 3765 3021 (sire

485 3046 771 3118 appellavit
792 3059 918 3100 eum
940 3041 1362 3114 Benjamin,hoc
1385 3038 1646 3107 est,/ilius
1669 3036 1895 3090 dextera:
1909 3032 2064 3105 (Gen.
2094 3035 2140 3097 C
2176 3060 2195 3094 ι
2232 3041 2493 3114 ingemui)
2524 3060 2537 3095 :
2591 3040 2847 3097 confusus
2876 3057 3017 3108 sum,
3069 3050 3125 3097 et
3171 3040 3363 3096 erubui
3396 3038 3525 3112 (sive
3567 3054 3635 3094 ex
3677 3040 3764 3094 die

484 3134 947 3205 xxxv).Qu:eritur
960 3132 1141 3200 itaque
1153 3127 1423 3198 quomodo
1438 3126 1717 3181 Mattbacus
1728 3123 2067 3194 Evangelista

486 3223 855 3280 testimoniqu
880 3221 1166 3290 Propheta:
1186 3218 1254 3272 ad
1277 3216 1708 3271 interfectionem
1731 3210 2069 3268 transtulerit

485 3313 854 3385 parvulorum,
893 3326 1016 3365 cum
1046 3307 1331 3380 perspicue
1359 3306 1427 3360 de
1454 3304 1640 3359 decem
1667 3302 1913 3357 tribubus
1935 3301 2069 3356 scri-

485 3414 640 3474 ptum
670 3403 742 3458 sit
767 3420 780 3456 :
809 3416 1038 3471 quarum
1064 3398 1318 3470 princeps
1355 3395 1458 3450 fuit
1497 3394 1758 3465 Ephrata,
1785 3400 1840 3447 et
1864 3407 2069 3461 nequa-

483 3508 647 3564 quam
672 3493 744 3547 sit
770 3491 824 3546 in
864 3489 1007 3545 tribu
1032 3488 1288 3559 Ephraim
1310 3527 1326 3552 ,
1355 3485 1449 3541 sed
1477 3486 1533 3540 in
1571 3484 1714 3539 tribu
1747 3481 1917 3537 Juda:
1951 3482 2069 3552 ipsa

484 3595 571 3643 est
602 3585 748 3641 enim
788 3593 846 3639 et
890 3582 1164 3637 Bethleem
1189 3580 1508 3653 δνωνύμωςε
1544 3595 1564 3629 ‹
1600 3577 1743 3633 unde
1767 3585 1822 3632 et
1847 3575 2069 3631 nomina

488 3678 769 3748 utriusque
800 3674 1151 3731 concordant.
1194 3672 1471 3729 Bethleem
1510 3678 1736 3726 vocatur
1761 3669 1946 3723 domus
1977 3685 2070 3739 pa-

487 3772 601 3838 nis;
624 3770 859 3841 Ephrata
881 3766 1227 3845 καρποφορία,
1258 3779 1423 3836 quam
1445 3778 1544 3818 nos
1573 3762 1861 3816 ubertatem
1880 3775 2070 3831 possu-

486 3881 607 3935 mus
632 3865 829 3920 dicere.
863 3861 1000 3929 Quia
1029 3861 1193 3931 igitur
1218 3856 1423 3915 Rachel
1460 3856 1516 3912 in
1537 3854 1797 3926 Ephrata,
1829 3854 1936 3909 hoc
1962 3859 2069 3922 est,

486 3956 544 4011 in
563 3953 838 4010 Bethleem
869 3950 1083 4008 condita
1112 3957 1196 4004 est
1214 3988 1230 4015 ,
1257 3947 1397 4003 sicut
1418 3945 1698 4015 Scriptura
1720 3951 1906 3999 sancta
1928 3951 1984 3997 et
2002 3941 2070 4025 ti-

486 4045 630 4101 tulus
659 4041 890 4114 sepulcri
925 4040 1042 4112 ejus
1069 4038 1336 4109 hodieque
1377 4045 1647 4093 testantur
1672 4050 1687 4090 :
1722 4035 1852 4091 flere
1874 4033 2072 4090 dicitur

484 4153 713 4210 pueros,
745 4137 842 4208 qui
854 4132 1016 4205 juxta
1054 4148 1113 4189 se
1146 4131 1283 4187 etin
1311 4130 1423 4187 suis
1451 4129 1762 4201 regionibus
1801 4128 2072 4185 interfecti
2116 4170 2124 4177 .

486 4220 629 4285 sunt.
664 4226 893 4296 Quidam
926 4224 1238 4281 Judaaorum
1280 4224 1426 4279 hunc
1461 4221 1643 4277 locum
1685 4221 1766 4277 sic
1806 4220 2072 4292 interpre-

485 4329 701 4386 tantur,
749 4318 893 4389 quod
927 4324 1081 4386 capta
1123 4313 1463 4370 Hierusalem
1493 4313 1593 4369 sub
1614 4312 1948 4383 Vespasiano
1972 4325 2071 4381 per

486 4411 627 4466 hanc
643 4382 788 4465 viani
803 4382 1009 4464 Gazam
1020 4413 1074 4462 et
1090 4403 1475 4461 Alexandriam
1494 4403 1827 4475 captivorum
1839 4401 2068 4458 Romam
2091 4382 2148 4444 Ῑ)

487 4502 690 4555 directa
732 4500 860 4555 sint.
894 4498 1001 4553 Alii
1039 4512 1168 4553 vero
1206 4496 1350 4567 quod
1382 4493 1573 4552 ultima
1614 4496 1924 4567 captivitate
1967 4494 2068 4550 sub

487 4592 750 4655 Adriano,
795 4591 1009 4659 quando
1046 4596 1102 4644 et
1137 4589 1268 4644 urbs
1312 4589 1573 4644 subversa
1613 4595 1697 4643 est
1732 4586 2069 4643 Hierusalem

487 4679 896 4737 innumerabilis
928 4679 1157 4751 populus
1190 4680 1418 4736 div'ersae
1463 4678 1640 4733 aetatis
1684 4687 1740 4736 et
1787 4679 2070 4748 utriusque

487 4789 651 4830 sexus
685 4773 740 4827 in
770 4779 1012 4828 mercato
1041 4770 1331 4827 terebinthi
1362 4769 1703 4826 venundatus
1748 4770 1855 4825 sit:
1898 4778 1953 4826 et
1989 4770 2071 4826 id-

487 4867 635 4923 circo
662 4861 995 4920 exsecrabile
1039 4875 1161 4918 esse
1203 4860 1403 4917 Judaeis
1443 4868 1741 4916 mercatum
1785 4860 2073 4917 celeberri-

489 4977 635 5018 mum
664 4960 861 5015 visere.
886 4956 1078 5013 Dicant
1105 4955 1182 5011 illi
1208 4956 1351 5026 quod
1371 4955 1580 5023 volunt,
1616 4971 1715 5013 nos
1741 4966 1889 5013 recte
1915 4958 2069 5014 testi-

492 5055 729 5110 monium
754 5050 1051 5120 sumpsisse
1073 5050 1315 5106 dicemus
1334 5048 1728 5119 Evangelistam
1755 5049 2066 5106 Matthaaum

490 5161 586 5214 pro
612 5143 731 5199 loco
755 5143 811 5198 in
836 5155 945 5213 quo
982 5137 1186 5196 Rachel
1225 5139 1441 5196 condita
1467 5148 1570 5205 est,
1600 5150 1663 5197 ut
1684 5141 1983 5197 vicinarum
2011 5141 2065 5196 in

485 5237 718 5293 circuitu
741 5234 990 5290 villarum
1016 5233 1157 5290 tilios
1178 5234 1335 5303 quasi
1361 5248 1487 5289 suos
1514 5232 1738 5290 fleverit.

565 5344 583 5377 ι
617 5324 743 5381 llaec
769 5324 900 5382 dicit
926 5323 1222 5381 Dominus:
1253 5322 1509 5391 Quiescat
1526 5338 1631 5399 vox
1658 5333 1749 5380 tua
1777 5340 1808 5380 a
1829 5324 2065 5395 ploratu,

496 5437 513 5468 ι
546 5423 602 5471 et
629 5416 769 5473 oculi
800 5417 877 5471 tui
901 5432 932 5472 a
952 5416 1232 5487 laerymis,
1258 5416 1387 5487 quia
1408 5425 1494 5473 est
1529 5431 1740 5473 merces
1776 5419 1927 5488 operi
1954 5427 2065 5485 tuo,

496 5524 514 5557 ι
545 5507 622 5561 ait
646 5505 940 5562 Dominus:
981 5513 1037 5561 et
1061 5514 1401 5562 revertentur
1429 5506 1496 5563 de
1524 5516 1670 5563 terra
1698 5508 1901 5564 inimici
1930 5508 2070 5581 (sive

497 5616 517 5650 ι
552 5598 953 5672 inimicorum),
979 5608 1050 5656 et-
1070 5608 1155 5654 est
1191 5615 1313 5669 spes
1348 5602 1660 5658 novissimis
1689 5602 1827 5668 tuis,
1860 5603 1937 5657 ait
1965 5603 2069 5658 Do-

2178 3149 2197 3185 ‹
2231 3132 2608 3203 confusionis),
2637 3142 2693 3190 et
2728 3134 2942 3190 ostendi
2976 3143 3049 3200 te,
3093 3133 3350 3204 quoniam
3390 3132 3626 3187 sustinui
3668 3147 3765 3201 op-

2177 3240 2197 3274 ι
2229 3224 2509 3293 probrium
2559 3223 2630 3279 ab
2671 3224 3034 3280 adolescentia
3080 3239 3223 3279 mea.
3260 3243 3279 3276 ι
3314 3222 3583 3292 Loquitur
3614 3222 3762 3277 Deus

2170 3314 2314 3382 quod
2344 3314 2600 3384 Ephraim
2648 3314 2915 3370 dicentem
2966 3313 3202 3369 audierit
3241 3321 3299 3369 et
3343 3311 3757 3367 lamentantem.

2172 3402 2313 3460 Nulli
2333 3415 2510 3462 autem
2535 3405 2756 3461 dubium
2778 3406 2909 3475 quin
2933 3405 3121 3461 decem
3151 3405 3321 3460 tribus
3341 3404 3630 3476 signiticet.
3647 3404 3763 3473 qni-

2169 3494 2272 3550 bus
2296 3496 2505 3565 primus
2539 3496 2825 3566 imperavit
2868 3495 3153 3551 Jeroboam
3201 3494 3343 3551 filius
3388 3494 3634 3560 Nabath,
3670 3494 3762 3565 qui

2171 3595 2227 3641 et
2262 3586 2463 3642 vitulos
2492 3602 2688 3643 aureos
2713 3587 2845 3644 fecit
2884 3588 2939 3643 in
2966 3588 3081 3642 Dan
3122 3596 3192 3643 et
3217 3587 3429 3655 Bethel,
3452 3597 3513 3643 ut
3538 3589 3645 3645 hoc
3666 3605 3762 3660 po-

2170 3678 2327 3749 pulus
2350 3693 2538 3733 errore
2563 3680 2838 3745 seductus,
2867 3679 3035 3734 Deum
3059 3678 3225 3734 Israel
3254 3679 3435 3734 colere
3454 3687 3511 3735 et
3531 3679 3761 3734 adorare

2171 3770 2475 3826 desisteret.
2494 3791 2513 3823 ι
2542 3770 2829 3844 Castigasti
2858 3788 2969 3837 me,
2998 3772 3194 3841 inquit,
3218 3780 3272 3826 et
3297 3772 3545 3827 eruditus
3568 3787 3711 3826 sum.
3736 3791 3755 3823 ι

2170 3864 2359 3922 Omnis
2382 3866 2653 3938 correptio
2680 3867 2894 3937 proﬁcit
2921 3866 2975 3920 in
3006 3866 3256 3932 salutem,
3286 3881 3407 3936 quae
3429 3867 3497 3921 ad
3519 3881 3761 3937 prtesens

2170 3955 2386 4011 videtur
2416 3972 2535 4014 esse
2562 3957 2816 4039 tristitiae,
2847 3966 2902 4013 et
2926 3964 3112 4028 postea
3153 3957 3364 4039 fructus
3406 3956 3566 4012 affert
3594 3972 3759 4028 paca-

2172 4044 2430 4101 tissimos.
2461 4031 2741 4117 Quodque,
2767 4049 2859 4112 ait,
2895 4067 2914 4099 ι
2949 4048 3105 4119 quasi
3126 4031 3390 4117 juvencus
3411 4047 3710 4104 indomitus
3737 4067 3754 4099 ι

2172 4138 2286 4194 sive
2314 4138 2543 4206 vitulus,
2580 4159 2599 4191 ι
2635 4149 2690 4195 et
2734 4156 2843 4196 non
2888 4141 3083 4206 didici,
3116 4160 3134 4193 ι
3169 4139 3272 4195 hoc
3307 4139 3584 4210 significat
3614 4138 3760 4209 quod

2171 4231 2343 4286 multo
2389 4232 2574 4289 labore
2623 4243 2785 4303 atque
2831 4233 3146 4290 verberibus
3186 4234 3430 4290 eruditus
3470 4234 3573 4299 sit,
3605 4244 3666 4290 ut
3692 4234 3759 4288 ad

2172 4325 2545 4395 paenitentiam
2573 4334 2877 4383 verteretur
2899 4368 2914 4393 ,
2951 4335 3008 4382 et
3050 4342 3156 4382 non
3202 4326 3514 4398 profecerit.
3557 4346 3576 4378 ι
3612 4326 3757 4383 Con-

2172 4426 2343 4482 verte,
2371 4418 2567 4487 inquit,
2597 4433 2685 4474 me
2705 4427 2759 4475 et
2782 4426 3088 4475 convertar.
3121 4438 3139 4472 ι
3158 4418 3303 4491 Ergo
3327 4429 3383 4473 et
3414 4420 3589 4489 ipsum
3614 4419 3755 4489 quod

2173 4508 2384 4579 agimus
2412 4508 2809 4578 paenitentiam,
2846 4508 2951 4564 nisi
2991 4508 3088 4563 Dei
3133 4509 3372 4563 nitamur
3400 4508 3623 4575 auxilio,
3651 4509 3758 4563 inn-

2171 4598 2319 4669 plere
2346 4614 2451 4654 non
2480 4614 2785 4670 possumus.
2808 4599 3101 4669 Postquam
3120 4599 3264 4655 enim
3291 4599 3630 4655 converteris
3650 4615 3755 4662 me,

2173 4699 2228 4746 et
2258 4692 2326 4747 ad
2356 4700 2409 4748 te
2443 4707 2734 4748 conversus
2778 4690 2960 4757 fuero,
3002 4699 3129 4745 tunc
3154 4706 3475 4761 cognoscam
3507 4692 3636 4760 quia
3671 4700 3755 4754 tu,

2174 4784 2402 4840 Domine
2421 4826 2435 4850 ,
2464 4784 2607 4840 Deus
2636 4799 2788 4840 meus
2816 4798 2909 4848 es,
2939 4790 2997 4839 et
3033 4798 3372 4853 nequaquam
3403 4798 3624 4838 errores
3653 4782 3755 4837 mei

2174 4886 2337 4948 atque
2363 4886 2585 4948 peccata
2627 4875 2954 4932 iuterllcient
2995 4889 3123 4930 me:
3164 4893 3183 4925 ι
3227 4882 3284 4928 et
3309 4880 3600 4945 postquam
3630 4888 3755 4929 con-

2172 4968 2381 5025 vertisti
2399 4984 2505 5034 me,
2527 4967 2612 5037 egi
2634 4966 3023 5038 paenitentiam.
3038 4963 3200 5019 iVide
3222 4972 3486 5035 quantum
3515 4964 3590 5021 sit
3603 4964 3754 5019 anxi-

2170 5057 2300 5115 lium
2328 5058 2444 5125 D'ei,
2472 5067 2526 5113 et
2549 5073 2709 5128 quam
2739 5056 2947 5127 fragilis
2970 5056 3207 5111 humana
3250 5054 3491 5111 conditio
3509 5095 3526 5121 ,
3565 5064 3626 5109 ut
3654 5054 3752 5108 hoe

2170 5152 2345 5221 ipsum
2378 5149 2522 5219 quod
2550 5150 2759 5221 agimus
2785 5148 3160 5219 paenitentiam
3178 5188 3193 5212 ,
3221 5146 3328 5201 nisi
3368 5147 3630 5201 Dominus
3655 5159 3750 5199 nos

2171 5248 2330 5296 antea
2382 5239 2740 5305 converterit,
2789 5253 3129 5308 nequaquam
3179 5237 3403 5307 implere
3454 5236 3745 5292 valeamus.

2176 5349 2195 5382 ι
2228 5331 2297 5386 Et
2322 5339 2632 5402 postquam,
2655 5330 2749 5395 ait,
2779 5327 3064 5384 ostendisti
3084 5327 3239 5395 mihi,
3274 5346 3293 5379 ι
3324 5327 3411 5384 vel
3439 5328 3612 5399 ipsam
3638 5340 3746 5396 pa:-

2169 5425 2477 5489 nitentiam,
2513 5421 2599 5478 vel
2633 5421 2710 5476 tui
2751 5419 3019 5487 notitiam,
3056 5419 3170 5476 sive
3196 5418 3425 5491 cognovi
3456 5428 3543 5485 te,
3579 5436 3599 5471 ι
3630 5432 3748 5488 per-

2169 5515 2313 5572 cussi
2336 5516 2510 5570 femur
2530 5528 2732 5579 meum,
2762 5531 2781 5564 ι
2808 5511 2955 5582 quod
2979 5510 3208 5568 dolentis
3227 5519 3281 5565 et
3309 5508 3632 5582 plangentis,
3659 5522 3745 5562 su-

2169 5621 2268 5675 per
2293 5619 2483 5662 errore
2504 5602 2736 5676 pristino
2761 5600 3027 5672 plorantis
3054 5600 3308 5659 indicium
3343 5609 3431 5658 est
3446 5639 3465 5672 ,
3489 5598 3746 5673 utiemur
