4022 6186
296 245 317 299 Ι
326 242 433 297 057

1206 229 1564 289 EXPOSITIO
1605 226 1829 285 SUPER
1863 226 2227 285 JEREMIAM.
2267 259 2337 270 -—
2374 230 2496 285 LIB.
2542 228 2652 285 XII.

3417 233 3437 285 l
3447 231 3553 288 038

290 367 463 406 manu
489 345 772 420 percutiat,
808 352 858 398 et
892 343 1117 397 multum
1148 358 1206 396 se
1237 350 1364 396 ante
1408 341 1573 396 fuisse
1620 341 1874 394 fateatur.
1912 343 1949 401 Α
1978 338 2228 407 plurimis
2256 340 2530 396 beneficiis
2573 351 2628 396 et
2662 342 2818 396 donis
2864 342 3105 396 mirificis
3149 342 3287 397 inter
3330 355 3553 403 emteras

291 439 502 512 (Greg.)
550 437 690 505 Quid
734 435 877 489 enim
921 434 973 488 in
1018 433 1255 497 femore,
1295 432 1397 486 nisi
1426 432 1668 500 voluptas
1696 429 1876 485 carnis

289 530 581 600 accipitur.
614 526 682 580 Et
708 524 834 594 quid
860 532 943 578 est
977 521 1121 592 quod
1144 522 1256 575 ait:
1298 540 1318 573 ι
1359 520 1650 589 Postquam
1692 527 1871 574 osten-

289 619 422 676 disti
466 615 626 680 mihi,
656 612 896 684 percussi
926 611 1103 666 femur
1137 625 1354 674 meum;
1395 628 1414 662 ι
1450 609 1554 663 nisi
1589 617 1875 678 postquam

288 721 528 778 superna
554 702 873 775 spiritaliter
896 700 1061 765 vidit,
1089 700 1273 767 omnia.
1302 701 1446 770 quod
1476 697 1700 754 inferius
1731 698 1782 752 in
1813 711 1874 752 se

291 784 590 857 carnaliter
611 796 830 850 vivebat
850 792 1137 848 exstinxit:
1161 800 1219 848 ut
1244 799 1445 862 quanto
1466 790 1638 861 magis
1664 804 1872 843 summa

290 898 658 966 patescerent,
686 896 839 942 tanto
877 884 1107 956 amplius
1149 885 1258 939 ima
1302 898 1422 953 quae
1452 889 1739 937 tenuerant
1764 895 1872 935 non

292 980 569 1039 Iiberent?
606 977 741 1033 Nam
787 985 988 1046 quanto
1017 975 1188 1044 magis
1219 973 1407 1045 incipit
1449 972 1674 1041 quisque
1712 984 1873 1038 supe-

292 1076 412 1129 rius
439 1074 650 1136 vivere,
701 1076 852 1123 tanto
900 1067 1119 1121 inchoat
1163 1064 1388 1120 inferius
1426 1064 1669 1119 interire.
1714 1061 1876 1116 Juxta

293 1163 550 1218 affectum
588 1170 819 1228 namque
856 1155 1091 1211 carnalis
1135 1154 1491 1224 operationis,
1537 1155 1714 1208 omnis
1751 1168 1878 1207 caro

294 1255 448 1309 Pauli
493 1252 652 1308 simul
694 1248 974 1305 interierat
1014 1262 1136 1301 cum
1175 1242 1421 1301 dicebat:
1468 1264 1485 1296 ι
1536 1246 1673 1299 Vivo
1698 1246 1878 1299 autem

289 1344 405 1412 jam
430 1357 540 1397 non
574 1355 705 1411 ego,
738 1337 873 1392 vivit
911 1351 1041 1391 vero
1079 1336 1132 1389 in
1176 1349 1261 1388 me
1292 1333 1537 1387 Christus
1563 1329 1703 1403 (Gal.
1733 1331 1814 1404 ιι).
1854 1351 1872 1382 ι

297 1432 548 1504 Hieron.)
590 1451 609 1483 ι
639 1429 907 1487 Confusus
935 1443 1076 1493 sum,
1124 1426 1328 1495 inquit,
1359 1434 1413 1479 et
1434 1423 1623 1478 erubui
1656 1423 1781 1495 (sive
1810 1437 1878 1477 ex

292 1526 384 1581 die
397 1520 773 1593 confusionis).
799 1542 817 1573 ι
836 1518 988 1586 Quod
1006 1518 1149 1574 enim
1164 1526 1372 1586 tempus
1389 1531 1493 1571 non
1509 1524 1593 1570 est
1610 1513 1881 1570 confusio-

294 1616 385 1671 nis
405 1612 637 1668 nostrte?
653 1610 710 1666 Si
727 1609 1071 1665 recordemur
1082 1608 1297 1678 antiqua
1311 1615 1557 1676 peccata,
1570 1614 1626 1659 et
1636 1602 1878 1659 omnium

1979 439 2167 499 gentes
2194 430 2402 493 extulit,
2427 440 2591 502 atque
2613 435 2679 488 de
2709 431 2942 504 Egypto
2977 432 3031 486 in
3069 433 3255 489 multis
3278 436 3554 493 miraculis

1958 520 2184 576 eduxit.
2230 520 2308 576 De
2330 536 2437 591 quo
2464 536 2563 592 per
2584 520 2719 576 Osee
2748 523 2944 580 dicitur
2970 542 2982 576 :
3020 540 3038 572 ι
3072 522 3207 589 Quia
3230 539 3365 594 puer
3388 524 3553 583 Israel

1979 610 2141 670 dilexi
2167 629 2316 679 eum,
2343 621 2398 667 et
2425 628 2493 668 ex
2517 613 2752 685 rEgypto
2778 615 2962 670 vocavi
2998 613 3166 669 tilium
3199 630 3379 670 meum
3400 617 3556 688 (Osee

1980 706 2087 776 ιιι),
2130 723 2149 756 ι
2176 719 2335 773 quem
2363 700 2479 774 lege
2513 719 2607 758 sua
2637 713 2690 758 et
2718 702 3103 774 prephetarum
3144 705 3378 761 oraculis
3419 708 3556 765 satis

1979 793 2272 849 instruxit:
2312 794 2406 848 sed
2433 793 2558 863 quia
2590 807 2840 862 perversa
2878 809 3092 863 semper
3124 797 3209 849 via
3247 804 3434 852 contra
3462 813 3557 854 vo-

1977 883 2242 940 luntatem
2270 879 2389 956 ejus
2411 885 2756 956 gradiebatur
2774 926 2788 949 ,
2815 900 2880 939 ac
2921 900 3061 954 saepe
3094 886 3401 944 admonitus
3423 889 3556 945 obe-

1979 974 2096 1030 dire
2129 974 2180 1031 ei
2217 974 2423 1030 noluit:
2471 970 2761 1029 novissime
2789 971 2981 1028 Filium
3018 991 3173 1030 suum
3219 977 3555 1048 unigenitum

1981 1060 2148 1130 misit,
2174 1061 2266 1135 qui
2300 1080 2423 1120 eum
2453 1065 2520 1119 ad
2544 1060 2914 1134 paenitentiam
2940 1076 3273 1133 provocaret,
3300 1067 3439 1124 etab
3466 1084 3555 1124 er-

1981 1171 2104 1212 rore
2130 1153 2456 1227 corrigeret,
2498 1155 2591 1226 qui
2629 1153 2683 1210 in
2726 1160 2930 1209 tantum
2956 1154 3072 1227 ejus
3102 1156 3331 1212 miseria:
3358 1160 3559 1215 condo-

1980 1245 2098 1310 luit,
2128 1255 2187 1300 ut
2214 1255 2269 1301 et
2283 1245 2394 1314 jam
2422 1244 2635 1301 ﬂevisse
2660 1261 2823 1315 super
2862 1244 2979 1314 ejus
3012 1245 3268 1301 duritiam
3299 1249 3352 1303 in
3382 1249 3557 1307 Evan—

1980 1336 2119 1406 gelio
2143 1336 2380 1407 legatur,
2410 1335 2596 1391 dicens
2623 1336 2690 1390 ad
2718 1334 2906 1389 illum:
2941 1355 2959 1387 ι
2994 1332 3313 1401 Jerusalem,
3341 1335 3560 1394 Jerusa-

1980 1424 2103 1489 lem,
2132 1442 2251 1495 qutc
2275 1425 2477 1482 occidis
2503 1426 2816 1496 prophetas,
2843 1436 2897 1481 et
2936 1426 3141 1498 lapidas
3164 1444 3256 1484 eos
3283 1428 3374 1500 qui
3402 1430 3471 1485 ad
3509 1441 3561 1487 te

1980 1520 2132 1575 missi
2180 1528 2342 1575 sunt:
2393 1518 2603 1590 quoties
2649 1518 2795 1574 volui
2839 1535 3166 1592 congregare
3220 1521 3358 1578 filios
3403 1531 3558 1588 tuos,

1980 1608 2431 1678 quemadmodum
2458 1603 2655 1679 gallina
2676 1620 2967 1680 congregat
2984 1610 3157 1680 pullos
3178 1627 3305 1667 suos
3330 1610 3430 1668 sub
3449 1612 3562 1671 alas

294 1720 419 1777 qua:
457 1702 594 1757 male
636 1701 882 1772 egimus:
924 1700 1200 1768 capiamus
1225 1697 1585 1752 memoriam?
1622 1696 1883 1764 Quodque
1910 1689 1955 1748 B
1984 1714 2131 1765 suas,
2163 1709 2218 1755 et
2244 1699 2502 1755 noluisti?
2538 1698 2677 1755 Ecce
2716 1696 3049 1769 relinquetur
3072 1700 3225 1756 vobis
3251 1701 3440 1757 domus
3465 1719 3561 1760 ve-

294 1795 489 1849 dixere
516 1791 896 1862 Septuaginta:
933 1808 951 1839 ι
983 1789 1049 1843 Et
1069 1786 1276 1843 ostendi
1304 1795 1373 1852 te,
1407 1805 1424 1836 ι
1450 1785 1719 1856 signiﬁcat
1741 1786 1885 1854 quod

294 1896 586 1957 postquam
612 1883 892 1955 ingemuit,
918 1889 973 1936 et
1011 1895 1107 1936 sua
1137 1879 1330 1934 delicta
1359 1879 1642 1949 cognovit,
1677 1878 1805 1932 tunc
1830 1876 1883 1931 in

298 1987 509 2032 tantum
530 1974 829 2047 profectum
854 1973 1192 2029 venerit....a
1220 1970 1362 2041 quod
1388 1971 1460 2024 illi
1489 1969 1732 2025 fecerunt
1756 1967 1884 2024 irri-

297 2081 437 2137 tum,
453 2078 508 2124 et
522 2077 804 2140 propterea
816 2066 1075 2120 Dominus
1092 2063 1327 2135 neglexit
1338 2078 1451 2118 eos.
1468 2061 1621 2116 Nunc
1634 2071 1811 2116 autem
1828 2058 1883 2115 itt

295 2161 591 2235 Evangelio
617 2169 740 2232 post
764 2157 1213 2215 resurrectionem
1253 2164 1310 2211 et
1348 2155 1721 2210 ascensionem
1753 2154 1885 2210 dare

296 2268 359 2308 se
392 2260 609 2323 pactum
638 2265 743 2305 non
765 2249 821 2304 in
846 2247 1042 2304 tabulis
1069 2246 1314 2316 lapideis,
1341 2246 1434 2301 sed
1460 2246 1514 2300 in
1540 2243 1736 2300 tabulis
1757 2259 1884 2301 cor-

298 2342 386 2402 dis
430 2340 737 2396 carnalibus
776 2339 1082 2410 pollicetur.
1131 2337 1374 2406 Cumque
1418 2336 1676 2406 scriptum
1723 2334 1886 2390 fuerit

297 2431 514 2488 Domini
545 2438 923 2486 testamentum
945 2428 1000 2483 in
1023 2435 1204 2483 mente
1230 2426 1585 2489 credentium,
1610 2425 1783 2494 ipsum
1805 2424 1885 2480 eis

296 2525 502 2581 essein
542 2523 738 2589 Deum,
778 2532 835 2577 et
862 2521 981 2577 illos
1011 2536 1133 2575 esse
1159 2520 1211 2573 in
1256 2517 1541 2589 populum,
1581 2525 1641 2571 ut
1683 2530 1887 2586 nequa-

298 2629 466 2684 quam
509 2611 760 2667 Judaicos
787 2616 1032 2682 quaerant
1058 2608 1344 2681 magistros
1384 2616 1438 2662 et
1485 2605 1803 2661 traditiones
1830 2612 1887 2659 et

298 2705 557 2760 mandata
577 2704 854 2759 hominum
872 2743 889 2767 ,
914 2701 1010 2757 sed
1034 2702 1330 2756 doceantur
1357 2714 1386 2752 a
1425 2696 1630 2768 Spiritu
1657 2705 1845 2752 sancto
1869 2715 1882 2750 :

297 2796 344 2850 si
372 2803 553 2849 tamen
579 2794 766 2849 audire
795 2799 1140 2847 mereantur:
1174 2810 1193 2842 ι
1222 2788 1502 2859 Templum
1529 2787 1623 2843 Dei
1648 2786 1804 2854 estis,
1833 2797 1887 2843 et

296 2886 526 2957 spiritus
543 2884 637 2940 Dei
660 2885 869 2940 habitat
890 2884 944 2938 in
958 2883 1114 2940 vobis
1129 2880 1181 2954 (ι
1203 2880 1326 2936 Cor.
1355 2879 1461 2954 ιιι).
1490 2901 1509 2933 ι
1532 2879 1768 2951 Spiritus
1792 2895 1889 2934 au-

297 2986 411 3032 tem
436 2976 524 3031 ubi
545 2976 659 3030 vult
684 2976 854 3047 spirat
878 2993 900 3026 )
933 2983 988 3030 et
1016 2974 1258 3030 diversas
1295 2973 1459 3029 habet
1486 2973 1707 3044 gratias,
1742 2971 1885 3026 noti-

299 3068 485 3139 tiaque
508 3066 669 3122 unius
693 3066 788 3121 Dei
810 3065 1335 3121 omnium'virtutum
1350 3064 1623 3134 possessio
1646 3071 1749 3118 est.
1777 3082 1796 3114 ι
1818 3060 1887 3117 Ει

298 3161 423 3222 hoc,
452 3156 648 3228 inquit,
681 3155 791 3221 fiet,
815 3156 940 3226 quia
967 3154 1231 3227 propitius
1254 3169 1350 3209 ero
1379 3153 1653 3223 iniquitati
1673 3168 1885 3217 eorum,

297 3263 354 3308 et
391 3252 597 3323 peccati
626 3267 815 3307 eorum
844 3266 951 3305 non
983 3249 1311 3306 recordabor
1336 3247 1586 3318 amplius.
1617 3268 1635 3300 ι
1670 3247 1750 3301 Ex
1780 3261 1888 3317 quo

296 3343 642 3413 perspicuum
678 3349 796 3406 est,
838 3340 1132 3395 secundum
1172 3338 1334 3409 hujus
1373 3344 1652 3413 περικοπῆς
1688 3333 1888 3390 intelli-

298 3434 559 3504 gentiam,
594 3431 869 3502 superiora
910 3429 964 3484 in
993 3429 1170 3500 primo
1209 3427 1554 3498 intelligenda
1591 3424 1888 3481 Salvatoris

298 3525 536 3579 adventu
553 3564 568 3588 ,
602 3522 816 3593 quando
841 3528 1069 3589 uterque
1094 3518 1197 3572 sibi
1224 3516 1454 3588 populus
1482 3515 1650 3571 Israel
1674 3523 1728 3569 et
1752 3511 1887 3568 Iuda

300 3614 587 3683 copulatus
624 3622 726 3668 est.
770 3612 828 3667 Si
868 3612 953 3666 cui
1001 3618 1183 3666 autem
1223 3608 1532 3678 scrupulum
1566 3606 1695 3662 facit
1720 3622 1889 3677 quare

302 3705 542 3760 dixerit:
576 3722 594 3754 ι
615 3703 905 3773 Disponam
931 3702 1112 3757 domui
1134 3700 1322 3765 Israel,
1347 3708 1401 3755 et
1421 3699 1602 3755 domui
1625 3698 1761 3754 Juda
1788 3715 1887 3769 pa-

303 3804 477 3859 etum,
508 3793 622 3848 sive
647 3799 1028 3848 testamentum
1059 3806 1255 3845 novum
1276 3829 1291 3855 ,
1328 3805 1436 3844 non
1466 3789 1759 3844 secundum
1790 3805 1885 3859 pa-

303 3896 476 3949 ctum,
508 3885 649 3955 quod
670 3881 846 3954 pepigi
873 3897 993 3938 cum
1020 3881 1266 3951 patribus
1293 3881 1526 3935 vestris:
1574 3899 1592 3931 ι
1631 3878 1890 3948 intelligat

302 3978 536 4048 primam
562 3966 846 4033 ecclesiam
885 3972 1088 4029 Christi
1124 3988 1193 4028 ex
1225 3971 1447 4035 Iudaeis,
1473 3979 1525 4026 et
1553 3972 1621 4025 ad
1649 3970 1768 4025 illos
1797 3986 1888 4036 ve_—

304 4068 455 4124 uisse
486 4066 768 4123 Dominum
797 4064 1122 4120 salvatorem
1149 4068 1311 4133 atque
1334 4060 1567 4116 dixisse:
1590 4080 1607 4110 ι
1627 4057 1743 4114 Non
1770 4059 1890 4114 veni

307 4161 415 4224 nisi
446 4160 514 4216 ad
538 4174 665 4214 oves
694 4156 931 4229 perditas
967 4155 1159 4210 domus
1198 4152 1361 4209 Israel
1386 4150 1600 4223 (Matth.
1625 4149 1748 4223 xv);
1791 4173 1807 4199 ι
1837 4156 1893 4203 et

304 4252 363 4306 id
388 4250 563 4321 ipsum
584 4247 854 4318 apostolos
874 4244 1252 4301 conﬁrmasSe:
1276 4261 1293 4294 ι
1314 4241 1477 4297 Vobis
1498 4241 1712 4310 quidem
1734 4253 1890 4309 opor-

308 4340 461 4395 tebat
492 4338 724 4409 primum
749 4335 895 4407 loqui
922 4336 1147 4390 verbum
1170 4333 1294 4388 Dei:
1325 4333 1417 4388 sed
1441 4330 1694 4401 quoniam
1721 4327 1891 4399 repel-

1985 1801 2095 1846 stra
2120 1789 2334 1862 (Matth.
2363 1789 2543 1863 xxm).
2572 1809 2591 1840 ι
2628 1790 2799 1857 Quem
2832 1797 3008 1846 tamen
3034 1792 3247 1861 penitus
3281 1808 3311 1847 a
3354 1806 3412 1849 se
3452 1810 3560 1849 non

1984 1882 2202 1954 repulit,
2228 1884 2320 1939 sed
2351 1883 2669 1939 electionem
2695 1897 2761 1938 ex
2787 1897 2853 1938 eo
2877 1884 3114 1939 servavit
3139 1904 3153 1938 :
3193 1902 3257 1940 ex
3296 1902 3401 1957 qua
3440 1897 3565 1944 sunt

1983 1973 2210 2044 apostoli
2253 1980 2310 2029 et
2354 1971 2714 2043 evangelistze,
2755 1983 2811 2029 et
2855 1970 3129 2045 primitiva
3172 1976 3226 2030 in
3268 1972 3561 2034 Jerusalem

1983 2064 2261 2120 Ecclesia:
2310 2083 2329 2116 ‹
2379 2060 2683 2118 Novissime
2717 2078 2931 2134 quoque
2974 2071 3258 2134 postquam
3288 2063 3562 2136 plenitudo

1972 2152 2219 2226 gentium
2246 2149 2650 2217 subintraverit,
2670 2162 2797 2207 tunc
2809 2152 2986 2207 omnis
3006 2150 3166 2208 Israel
3188 2153 3368 2209 salvus
3388 2153 3511 2210 erit.
3541 2178 3557 2208 ο

2059 2264 2076 2297 ι
2111 2243 2299 2300 Statue
2331 2244 2426 2300 tibi
2451 2244 2722 2316 speculam
2743 2287 2758 2310 ,
2790 2261 2931 2316 pone
2969 2244 3063 2302 tibi
3110 2247 3522 2307 amaritudinem
3545 2293 3559 2316 ,

1990 2356 2008 2388 ‹
2044 2337 2214 2408 dirige
2252 2352 2348 2392 cor
2383 2346 2532 2392 tuum
2583 2337 2638 2391 in
2678 2337 2821 2391 viam
2862 2347 3099 2404 rectam,
3130 2338 3185 2394 in
3228 2338 3331 2410 qua
3374 2343 3564 2397 ambu-

1990 2443 2009 2476 ι
2047 2424 2191 2479 lasti.
2217 2443 2235 2475 ι
2253 2424 2518 2479 Provocat
2541 2424 2608 2478 ad
2632 2424 3157 2492 satisfactionem,ut
3178 2427 3483 2485 consideret
3509 2432 3561 2486 ia

1985 2517 2202 2587 quantis
2230 2515 2554 2586 deliquerit:
2588 2525 2642 2571 et
2672 2530 2838 2589 agens
2870 2519 3243 2587 pcenitentiam
3280 2520 3347 2575 ad
3382 2518 3566 2592 pristi«

1986 2626 2112 2665 nam
2144 2611 2373 2681 gratiam
2397 2612 2891 2680 revertatur,juxta
2934 2612 3061 2667 illud
3086 2615 3231 2683 quod
3267 2613 3322 2670 in
3360 2616 3566 2686 Apoca-

1986 2697 2123 2772 lypsi
2147 2701 2413 2771 scriptum
2442 2708 2559 2755 est:
2586 2718 2606 2752 ι
2637 2700 2906 2757 Memento
2930 2702 3095 2774 igitur
3128 2705 3268 2760 unde
3300 2704 3568 2762 excideris

1986 2798 2041 2845 et
2066 2806 2165 2862 age
2186 2790 2584 2861 paenitentiam,
2614 2799 2672 2847 et
2696 2792 2875 2861 prima
2903 2807 3064 2863 opera
3093 2793 3180 2849 fac
3208 2793 3391 2865 (Apoc.
3422 2797 3505 2861 ιι).
3543 2818 3561 2848 ι

1989 2880 2192 2956 (Greg.)
2216 2878 2375 2938 Juxta
2405 2882 2758 2954 tropologiam
2792 2900 2923 2941 vero
2961 2883 3381 2955 uniuscujusque
3409 2885 3568 2941 electi

1989 2973 2226 3027 animam
2253 2974 2517 3044 propheta
2546 2972 2833 3041 admonet,
2880 2986 2941 3030 ut
2984 2977 3209 3046 provida
3248 2979 3572 3034 discretione

1913 3033 1959 3096 Ο
1989 3056 2217 3116 sollicite
2242 3033 2669 3133 circumquaque
2699 3033 3003 3133 conspiciat
3031 3083 3044 3118 :
3072 3075 3129 3120 et
3162 3065 3317 3136 quasi
3360 3066 3414 3121 in
3444 3033 3573 3121 arce

1987 3151 2455 3222 contemplationis
2484 3153 2691 3224 posita,
2733 3156 3048 3226 priusquatu
3085 3156 3239 3228 culpa
3276 3158 3457 3214 veniat
3482 3159 3575 3215 tle-

1987 3242 2319 3312 prehendat:
2350 3258 2579 3314 eamque
2613 3260 2720 3313 quo
2743 3245 3030 3316 vigilanter
3058 3256 3340 3318 pramotat,
3371 3264 3436 3304 eo
3463 3249 3572 3304 for-

1990 3330 2117 3386 titer
2136 3332 2387 3388 declinet.
2413 3332 2699 3403 Speculam
2725 3336 2921 3406 quippe
2944 3334 3045 3391 sibi
3075 3346 3432 3403 statuere,cst
3452 3354 3575 3393 ven-

1990 3432 2107 3476 tura
2130 3422 2383 3479 vitiorum
2412 3425 2711 3480 certamina
2736 3440 2802 3480 ex
2840 3424 2949 3481 alta
2977 3424 3409 3482 consideratione
3438 3443 3574 3497 pra:-

1989 3530 2254 3572 noscere:
2304 3515 2514 3586 sibique
2563 3515 2721 3571 electi
2764 3531 2919 3572 mens
2963 3516 3349 3573 amaritudines
3388 3518 3573 3587 ponit,

1990 3609 2206 3678 quando
2227 3617 2282 3662 et
2310 3608 2364 3661 in
2386 3607 2643 3662 virtutum
2666 3622 2798 3677 pace
2828 3610 3141 3675 constituta,
3168 3610 3295 3664 dum
3325 3608 3462 3664 mala
3492 3608 3575 3663 itt-

1991 3698 2244 3753 sidiantia
2269 3699 2554 3768 conspicit,
2590 3713 2781 3754 secura
2824 3700 3105 3770 quiescere
3146 3717 3253 3757 non
3283 3703 3572 3757 consentit.

1991 3787 2173 3843 Primo
2200 3796 2380 3843 autem
2421 3804 2491 3843 ne
2527 3789 2668 3843 mala
2705 3790 2956 3859 quzel'rbet
2996 3800 3151 3862 agat:
3183 3793 3418 3847 secundo
3445 3808 3576 3847 vero

1993 3877 2111 3932 loco
2142 3878 2467 3941 considerat,
2498 3894 2566 3932 ne
2592 3879 2733 3933 bona
2756 3878 2969 3933 incaute
2993 3876 3187 3935 faciat:
3216 3890 3269 3935 et
3290 3893 3574 3952 postquam

1993 3983 2157 4037 prava
2192 3967 2489 4039 subegerit,
2522 3969 2633 4038 ipsa
2662 3969 2827 4023 etiam
2861 3967 2962 4025 sibi
2988 3969 3255 4039 subjicere
3281 3981 3426 4026 recta
3448 3987 3576 4025 eon-

1995 4057 2199 4114 tendit:
2239 4075 2305 4115 ne
2328 4060 2373 4115 si
2399 4061 2595 4115 mentis
2621 4059 2917 4115 dominium
2940 4069 3217 4117 transeant
3241 4063 3294 4117 in
3321 4063 3570 4119 elationis

1995 4148 2205 4219 culpam
2229 4156 2529 4204 vertantur.
2560 4150 2695 4218 Quia
2729 4150 2875 4205 enim
2914 4153 3054 4207 sicut
3081 4154 3329 4224 superius
3367 4154 3573 4211 dictum

1994 4248 2077 4294 est
2100 4256 2114 4293 :
2152 4241 2468 4312 plerumque
2494 4257 2560 4297 ex
2591 4242 2763 4308 bonis,
2792 4258 2857 4297 ex
2881 4244 3103 4300 incuria:
3130 4247 3284 4313 vitio,
3310 4248 3450 4303 mala
3475 4264 3573 4302 na-

1996 4341 2237 4400 scuntur,
2268 4333 2509 4404 vigilanti
2546 4336 2726 4390 studio
2756 4336 3181 4406 contemplatur,
3211 4342 3481 4416 quomodo
3507 4357 3576 4397 ex

305 4431 421 4486 litis
446 4393 575 4484 illud
600 4438 657 4484 et
677 4393 926 4499 indighos
950 4441 1046 4481 vos
1067 4422 1326 4496 judicatis
1347 4432 1564 4479 aeterna:
1590 4421 1736 4487 vitae,
1762 4434 1891 4476 ecce
1922 4393 1969 4453 υ
1996 4393 2242 4478 doctrina
2263 4393 2595 4493 arrogantia,
2618 4439 2684 4478 ex
2706 4424 2915 4495 justitia
2944 4393 3256 4495 crudelitas,
3279 4393 3578 4502 ex'pi—e'ta'te

304 4520 677 4578 convertimur
705 4519 775 4574 ad
798 4527 983 4590 gentes
1011 4516 1150 4588 (Act.
1183 4514 1316 4585 xw).
1361 4533 1379 4565 ι
1414 4513 1530 4568 Non
1551 4513 1697 4568 enim
1732 4528 1890 4582 opor-

311 4613 461 4669 tebat
480 4627 672 4683 panem
701 4611 933 4666 filiorum
961 4610 1091 4664 dare
1116 4606 1341 4663 canibus
1378 4605 1592 4678 (Matth.
1621 4604 1713 4676 xv)
1739 4622 1753 4670 ;
1796 4607 1891 4661 sed

309 4704 437 4774 quia
472 4704 568 4758 lilii
607 4712 814 4774 patrem
851 4703 905 4757 in
934 4716 1032 4757 sua
1062 4700 1367 4755 venientem
1407 4697 1680 4766 suscipere
1706 4697 1891 4752 nolue-

310 4801 470 4857 runt,
505 4793 653 4848 dedit
692 4793 942 4848 omnibus
982 4799 1340 4862 potestatem,
1367 4797 1429 4843 ut
1469 4787 1561 4858 qui
1593 4788 1895 4857 receperint

310 4898 437 4939 eum
476 4883 606 4939 ﬁant
634 4882 729 4937 filii
758 4882 872 4938 Dei.

388 4992 409 5024 ι
438 4971 495 5028 Si
520 4972 662 5028 Illius
680 4972 1009 5028 honorabilis
1034 4972 1162 5043 (sive
1185 4969 1432 5042 dilectus)
1459 4970 1593 5024 mihi
1614 4968 1889 5039 Ephraim,

320 5084 340 5116 ι
376 5065 424 5121 si
453 5080 590 5135 puer
612 5064 909 5120 delicatus:
940 5066 1067 5134 quia
1096 5079 1164 5120 ex
1202 5080 1309 5133 quo
1345 5062 1555 5118 locutus
1588 5076 1708 5116 sum
1736 5061 1804 5116 de
1827 5074 1895 5115 eo

315 5173 336 5205 ι
377 5152 506 5224 (sive
525 5153 688 5208 verba
708 5169 830 5209 mea
851 5154 907 5208 in
933 5153 1019 5224 eo)
1041 5153 1355 5216 recordans,
1378 5150 1554 5204 adhuc
1573 5149 1896 5204 recordabor

316 5263 336 5295 ι
378 5242 537 5311 ejus:
568 5244 773 5299 idcirco
816 5245 1133 5300 conturbata
1180 5250 1308 5298 sunt
1341 5242 1549 5297 viscera
1590 5255 1709 5294 mea
1735 5254 1891 5310 super

318 5354 337 5386 α
372 5350 539 5390 eum:
573 5337 857 5403 miserans,
902 5335 1202 5392 miserebor
1243 5336 1395 5405 ejus,
1442 5332 1517 5387 ait
1559 5330 1835 5385 Dominus.
1869 5350 1889 5383 ι

314 5423 488 5480 Filius
515 5426 850 5483 honorabilis
873 5425 1022 5496 prior
1047 5424 1275 5496 populus
1302 5423 1405 5478 fuit
1429 5421 1656 5476 Domino
1674 5461 1688 5485 ,
1732 5433 1892 5490 quem

1996 4515 2267 4581 remissio,
2294 4530 2362 4570 ex
2393 4513 2509 4571 zelo
2535 4515 2614 4569 ira
2632 4557 2646 4580 ,
2674 4530 2741 4570 ex
2780 4517 3189 4574 mansuetudine
3223 4527 3407 4590 torpor
3428 4524 3577 4580 oria-

1999 4613 2105 4662 tur.
2145 4605 2390 4677 Cumque
2439 4608 2579 4663 bona
2625 4607 2740 4664 hare
2777 4605 2925 4679 agit,
2969 4616 3100 4678 quot
3127 4610 3257 4665 hinc
3294 4621 3483 4668 contra
3521 4628 3582 4668 se

2000 4697 2182 4750 hostes
2222 4711 2319 4765 per
2357 4696 2473 4752 haec
2513 4712 2804 4768 exsurgere
2834 4695 3082 4765 valeant,
3110 4701 3415 4771 conSpicit:
3451 4717 3579 4757 nam

1999 4800 2123 4840 cum
2152 4786 2520 4856 adipiscendis
2560 4788 2819 4843 doctrina:
2870 4788 3060 4845 studiis
3104 4789 3377 4857 elaborat,
3432 4806 3581 4846 meu-

2000 4882 2109 4929 tem
2136 4875 2366 4933 sollicite
2393 4884 2582 4932 contra
2612 4885 2888 4932 certamen
2929 4879 3252 4949 arrogantia:
3292 4885 3577 4950 praeparat.

2001 4965 2136 5021 Cum
2172 4968 2361 5039 culpas
2398 4968 2822 5039 delinquentium
2853 4972 3001 5041 juste
3047 4969 3237 5025 ulcisci
3278 4970 3580 5035 desiderat,

2003 5060 2349 5130 sagacissime
2366 5058 2555 5125 evitat,
2581 5077 2650 5116 ne
2675 5061 2891 5117 modum
2909 5059 3137 5129 justitia:
3154 5059 3445 5115 crudelitas
3465 5058 3584 5112 vin-

2003 5150 2159 5205 dicta:
2191 5152 2534 5206 transcendat
2574 5171 2586 5206 :
2624 5167 2746 5207 cum
2772 5151 2975 5221 pietate
3000 5146 3217 5205 frenare
3262 5164 3322 5203 se
3366 5149 3581 5207 nititur.

2017 5239 2243 5295 solerter
2266 5242 2543 5311 prospicit,
2563 5256 2629 5296 ne
2653 5257 2760 5312 qua
2773 5239 3072 5309 disciplina:
3086 5237 3436 5293 dissolutione
3458 5237 3580 5291 vin-

1997 5340 2170 5388 catur.
2195 5330 2332 5387 Cum
2352 5347 2410 5387 se
2436 5334 2570 5388 recti
2601 5334 2701 5388 zeli
2739 5331 2969 5388 stimulis
2993 5331 3216 5395 excitat,
3243 5342 3590 5400 summopere

1998 5419 2264 5492 providet,
2279 5438 2347 5477 ne
2369 5422 2651 5493 plusquam
2679 5435 2899 5478 necesse
2923 5430 3008 5476 est
3026 5422 3121 5476 irae
3140 5435 3199 5477 se
3218 5419 3432 5475 flamma
3463 5430 3586 5475 Suc-

389 5553 416 5581 -
445 5541 577 5609 Qua:
606 5539 698 5596 hic
724 5541 920 5597 desunt
949 5539 1211 5609 invenies,
1238 5534 1602 5609 lectorLapud
1631 5531 1826 5609 Euseb.
1852 5532 2684 5609 Hieronymum,_Cotnment._in
2717 5530 2944 5600 Jerem.,
2972 5530 3068 5588 lib.
3099 5546 3177 5597 γι,
3207 5545 3326 5601 cap.
3357 5529 3447 5602 3!,
3478 5532 3578 5592 ra.

315 5600 562 5684 trologia:
588 5619 787 5691 nostra:
812 5620 943 5667 tom.
973 5608 1162 5705 191W,
1190 5600 1221 5662 a
1252 5607 1367 5663 col.’
1387 5600 1514 5670 879,
1544 5603 1638 5656 lin.
1669 5600 1724 5667 4,
1759 5617 1931 5673 usque
1954 5604 2021 5658 ad
2050 5600 2152 5661 col.
2187 5605 2312 5673 884,
2343 5606 2441 5663 lin.
2470 5604 2554 5658 ll.
2587 5603 2751 5659 Eutr.
