4022 6186
530 272 548 324 l
562 273 663 330 059

1136 273 1194 326 Β.
1239 273 1489 326 IIABANI
1529 275 1742 329 MAUIII
1785 277 2098 332 ARCIIIEI’.
2133 281 2440 337 MOUUN‘T.
2483 285 2764 343 OPEIIUM
2808 287 2987 342 PARS
3024 289 3107 342 III.

3647 294 3793 348 Ιυῑξυ

521 385 750 447 cendat;
781 397 900 437 cum
934 397 1126 452 magna
1167 385 1594 438 mansuetudinis
1630 387 2014 454 tranquillitate
2043 403 2100 440 se
2128 403 2173 456 Α
2206 392 2467 450 habitabit
2497 410 2666 464 usque
2704 397 2756 450 in
2787 397 2967 451 linem.
3002 415 3020 446 ι
3055 397 3344 454 Bcnedicat
3375 403 3472 456 tibi
3526 400 3794 460 Dominus

526 482 805 548 temperat,
848 474 1132 544 vigilanter
1159 475 1433 541 observat,
1467 493 1532 530 ue
1571 486 1782 546 torpore
1825 477 2097 544 frigescat.

529 584 546 616 ι
589 566 784 636 Dirige,
821 567 1016 636 inquit,
1047 582 1142 620 cor
1183 575 1332 620 tuum
1374 567 1427 620 in
1460 567 1600 621 viam
1648 577 1882 636 rectam,
1915 570 2100 640 inqua

521 658 826 712 ambulasti.
861 678 879 710 ι
909 657 1198 730 (Μιιιιιυδ.)
1226 657 1325 712 Via
1355 667 1502 714 recta
1529 669 1610 715 est
1651 661 1844 716 semita
1875 664 2098 716 manda-

522 760 697 805 torum
724 749 851 814 Dei,
885 749 936 802 in
969 765 1074 818 qua
1105 749 1454 804 incedendum
1479 791 1492 815 ,
1537 758 1592 805 et
1632 766 1808 822 neque
1855 753 1923 806 ad
1971 753 2100 807 sini-

522 855 691 896 stram
727 849 814 896 est
853 841 1244 896 declinandum.
1294 840 1486 912 Dirigit
1527 857 1655 912 ergo
1702 858 1796 898 cor
1840 839 2097 898 suum'in

521 933 662 986 viam
691 941 894 985 rectam
929 931 980 984 in
1009 945 1113 1001 qua
1158 930 1480 995 ambulavit,
1528 932 1617 1000 qui
1663 941 1896 987 mentem
1945 948 2096 987 suam

521 1024 574 1078 iu
604 1024 745 1077 viam
779 1022 1034 1091 iustitiae,
1074 1036 1235 1091 quam
1273 1021 1328 1074 in
1370 1021 1712 1092 baptismatis
1751 1022 2098 1092 perceptione

521 1130 578 1171 se
609 1115 1001 1170 ambulaturum
1030 1111 1298 1182 promisit,
1323 1113 1619 1169 secundum
1641 1113 1943 1168 doctrinam
1977 1129 2099 1168 san-

519 1216 604 1262 cta
613 1222 728 1260 rum
752 1204 1150 1272 Seripturarum
1172 1219 1396 1275 pergere
1409 1205 1654 1260 decernit
1678 1223 1690 1258 :
1709 1214 1876 1260 etnec
1891 1220 1990 1276 per
2001 1205 2096 1259 de-

517 1299 604 1353 via
631 1296 851 1359 erroris,
883 1312 981 1350 nec
1002 1311 1099 1365 per
1123 1296 1304 1350 saaculi
1329 1295 1485 1350 luxus
1514 1294 1786 1350 declinare
1807 1296 2094 1351 consentit.

595 1407 613 1438 ι
633 1387 949 1449 Revertere,
973 1385 1125 1456 virgo
1152 1384 1340 1452 Israel,
1356 1394 1627 1442 revertere
1650 1386 1718 1441 ad
1739 1386 1989 1441 civitates
2021 1387 2098 1442 is-

521 1490 640 1536 tas:
672 1493 954 1550 usquequo
987 1478 1194 1534 deliciis
1251 1478 1580 1546 dissolveris,
1614 1479 1720 1535 filia
1747 1482 1918 1552 vaga?
1959 1481 2095 1548 Quia

518 1573 724 1628 creavit
749 1571 1011 1626 Dominus
1054 1585 1252 1625 novum
1285 1585 1448 1641 super
1494 1579 1697 1627 terram
1727 1589 1739 1625 :
1765 1570 1966 1626 femina
1991 1573 2101 1627 cir-

520 1663 798 1722 cumdabit
823 1665 1018 1719 virum.
1033 1682 1050 1714 ι
1079 1661 1369 1734 (Maenas)
1392 1661 1543 1718 Licet
1563 1663 1680 1719 btet:
1697 1663 1916 1734 quidam
1937 1661 2092 1732 juxta

2204 483 2548 552 pulchritudo
2571 485 2816 555 justitize,
2851 505 3008 543 tuens
3039 501 3290 554 sanctus;
3343 511 3362 541 ι
3390 492 3456 552 de
3483 508 3592 562 que
3617 495 3790 548 etiam

2203 575 2368 632 Isaias
2387 578 2461 634 ait
2487 597 2498 632 :
2531 579 2776 646 «Venite,
2801 581 3156 636 ascendamus
3178 581 3247 636 ad
3267 591 3505 639 montem
3547 583 3788 648 Domini.

2201 674 2257 718 et
2301 667 2368 720 ad
2395 667 2616 722 domum
2646 667 2740 722 Dei
2796 667 2990 733 Iacob,
3020 679 3076 724 et
3113 669 3330 727 docebit
3361 688 3462 727 nos
3489 673 3603 728 vias
3629 689 3788 741 suas,

2203 762 2258 807 et
2300 755 2692 813 ambulavimus
2740 758 2792 812 iti
2841 760 3052 816 semitis
3077 759 3238 828 ejus:
3265 763 3389 832 quia
3429 763 3495 819 de
3520 763 3652 820 Sion
3694 782 3790 822 ex-

2200 843 2299 898 ibit
2328 843 2432 908 lex,
2458 858 2514 900 et
2537 848 2758 902 verbum
2787 847 3002 904 Domini
3023 849 3089 904 de
3119 849 3453 908 Hierusalem
3475 851 3609 924 (Isa.
3644 854 3732 923 ιι).
3761 874 3783 907 ι

2203 933 2267 986 Et
2291 933 2416 1003 quia
2445 933 2560 1004 ipse
2598 944 2682 990 est
2733 935 3077 1006 pulchritudo
3125 946 3180 993 et
3212 938 3291 994 sol
3311 939 3538 1009 justitia:
3567 959 3581 993 :
3619 961 3638 992 ¢
3665 943 3788 1010 jus-

2201 1022 2320 1076 titia
2347 1023 2490 1077 enim
2532 1033 2615 1078 est
2640 1024 2914 1094 cingulum
2937 1025 3244 1082 lumborum
3269 1028 3406 1096 ejus,
3436 1038 3491 1084 et
3519 1026 3653 1084 ﬁdes
3673 1032 3785 1084 ciu-

2200 1112 2428 1166 cterium
2457 1128 2647 1168 renum
2673 1113 2790 1182 ejus
2815 1113 2950 1186 (Isa.
2975 1116 3072 1187 ιιι).
3109 1135 3128 1167 ι
3160 1116 3494 1190 Habitabant
3513 1119 3566 1172 in
3595 1134 3660 1176 eo
3691 1117 3786 1173 Ju-

2199 1203 2316 1272 das,
2367 1207 2470 1260 hoc
2499 1213 2602 1271 est,
2633 1207 2733 1261 rite
2765 1206 2936 1261 Deum
2971 1208 3253 1274 confitens,
3286 1227 3306 1260 ι
3349 1220 3404 1264 et
3426 1225 3619 1265 omnes
3645 1213 3783 1267 civi-

2201 1307 2340 1353 tates
2360 1295 2476 1366 ejus
2499 1296 2678 1352 simul.
2703 1318 2721 1350 ι
2745 1295 2946 1354 Omnes
2963 1299 3217 1354 videlicet
3237 1301 3495 1356 Ecclesize
3515 1305 3784 1374 gentium,

2199 1400 2336 1454 quas
2367 1393 2513 1440 tenet
2546 1401 2650 1438 una
2671 1387 2934 1442 catholica
2957 1396 3011 1442 et
3051 1388 3360 1459 Apostelica
3392 1390 3635 1446 Ecclesia
3663 1407 3787 1462 qua

2199 1485 2279 1532 est
2321 1477 2512 1532 civitas
2547 1477 2690 1550 regis
2717 1479 2896 1550 magni
2926 1493 3089 1548 super
3133 1491 3373 1536 montem
3402 1483 3564 1538 istum
3608 1483 3780 1539 aditi-

2199 1580 2343 1634 cata,
2385 1579 2441 1625 et
2463 1569 2580 1624 ideo
2601 1569 2858 1624 abscondi
2900 1586 3006 1626 non
3032 1579 3209 1642 potest
3233 1591 3246 1626 :
3285 1573 3376 1627 ubi
3410 1571 3532 1630 fons
3552 1575 3709 1629 vivus
3727 1584 3784 1630 e:

2199 1660 2434 1716 fluminis
2461 1661 2693 1731 impetus
2713 1661 2952 1718 ltetilieat
2981 1663 3120 1720 bane
3154 1665 3429 1720 civitatem
3455 1674 3514 1720 et
3546 1667 3780 1721 inebriat

517 1757 800 1813 historiam
825 1755 893 1810 ad
923 1755 1290 1810 reversionem
1316 1751 1624 1809 Judzeerum
1651 1753 1716 1810 de
1735 1753 2008 1825 Babylone
2038 1753 2092 1807 in
2123 1747 2168 1806 B
2197 1753 2430 1807 animam
2455 1751 2671 1816 lassam,
2719 1753 2822 1808 hoc
2841 1765 2945 1821 est,
2989 1753 3244 1810 alimento
3287 1757 3534 1828 corporis
3577 1759 3678 1821 sui,
3722 1767 3776 1813 et

520 1863 718 1906 terram
760 1847 1034 1918 propriam
1059 1845 1264 1901 referre
1322 1852 1608 1912 conantur,
1656 1851 1718 1900 ut
1768 1843 2094 1900 retedilicent

521 1940 772 1997 civitates
828 1937 1054 2003 dirutas,
1121 1944 1177 1991 et
1237 1934 1393 1990 sedes
1464 1944 1770 1990 restaurent
1825 1936 2090 2004 antiquas,

515 2036 664 2108 juxta
693 2029 748 2086 id
776 2029 917 2101 quod
939 2028 1030 2082 hic
1059 2026 1325 2097 Propheta
1351 2025 1408 2080 in
1436 2025 1784 2096 sequentibus
1805 2025 1933 2081 dicit
1953 2045 1966 2079 :
1985 2024 2092 2079 IIe-

515 2121 692 2176 chite
714 2120 780 2176 de
807 2118 984 2174 medie
1012 2115 1322 2188 Babylonis,
1349 2124 1405 2171 et
1439 2113 1508 2170 de
1551 2123 1696 2170 terra
1720 2111 2090 2169 Chaldaeorum

517 2209 895 2283 egrediemini;
919 2215 974 2262 et
997 2207 1128 2266 item
1156 2224 1170 2261 :
1212 2223 1231 2257 ι
1267 2204 1689 2276 Fugite,inquit,
1718 2201 1786 2258 de
1799 2203 1974 2259 medie
1995 2203 2096 2258 Ba—

518 2302 748 2375 bylonis,
801 2309 856 2355 et
906 2299 1080 2357 salvet
1133 2297 1503 2368 unusquisque
1552 2297 1786 2350 animam
1836 2310 2028 2360 suam;
2068 2313 2087 2347 ι

517 2393 648 2449 mihi
678 2400 856 2446 tamen
885 2390 1099 2444 videtur
1127 2389 1304 2460 aptius
1330 2388 1407 2447 ad,
1422 2387 1556 2443 Novi
1601 2387 1932 2444 Testamenti
1960 2395 2096 2443 tem-

517 2499 618 2552 pus
661 2489 855 2538 cuncta
895 2479 1200 2544 referenda,
1242 2475 1296 2532 in
1344 2493 1450 2548 quo
1485 2477 1721 2549 Virginis
1753 2484 1940 2547 partus
1974 2475 2095 2530 uni-

517 2585 674 2625 verso
727 2567 929 2623 mundo
971 2567 1138 2622 edidit
1193 2566 1565 2622 Salvatorem:
1607 2576 1668 2622 ut
1709 2567 1860 2638 virgo
1905 2565 2090 2631 Israel,

517 2674 678 2730 quam
707 2658 808 2712 sibi
835 2657 1094 2712 Dominus
1115 2655 1269 2724 juxta
1294 2655 1432 2715 Osee
1458 2653 1632 2726 (Osee,
1672 2653 1754 2726 ιιι)
1805 2657 2093 2726 desponsa-

516 2750 627 2814 bat,
673 2748 728 2801 in
745 2746 976 2818 justitia,
1005 2745 1300 2816 etjudicio,
1352 2753 1406 2800 et
1433 2745 1826 2809 misericordia,
1853 2754 1906 2799 et
1932 2745 2094 2800 mise-

517 2839 860 2904 rationibus:
892 2844 1014 2908 post
1061 2835 1386 2908 pollutiones
1435 2836 1692 2906 pristinas
1723 2876 1736 2900 ,
1792 2835 1990 2905 quibus
2036 2835 2091 2890 in

520 2926 1036 3000 transgressionibus
1063 2927 1230 2982 variis
1259 2926 1460 3000 polluta
1512 2936 1618 2992 est,
1675 2935 1978 2982 revertatur
2027 2925 2093 2981 ad

517 3019 764 3076 civitates
784 3015 1056 3084 Ecclesiae,
1089 3024 1142 3072 et
1160 3017 1368 3072 desinet
1392 3017 1551 3072 luxus
1571 3017 1751 3071 surculi
1779 3017 2092 3088 vagabunda

517 3109 690 3180 sequi.
725 3129 743 3161 ι
772 3107 906 3176 Quia
940 3108 1146 3163 creavit
1171 3107 1430 3164 Dominus
1458 3123 1655 3163 novum
1683 3121 1847 3177 super
1867 3114 2085 3174 terram,
2117 3093 2160 3156 C

515 3203 714 3258 femina
736 3199 1091 3260 circumbabit
1111 3200 1326 3266 virum;
1370 3217 1388 3252 ι
1421 3207 1476 3255 et
1499 3201 1794 3256 secundum
1817 3200 1966 3256 Isaiae
2001 3215 2093 3254 va-

518 3295 760 3350 ticinium
788 3312 802 3350 :
839 3313 858 3348 ι
891 3295 1055 3366 Virgo
1090 3289 1338 3360 concepit
1373 3298 1427 3346 et
1462 3291 1672 3361 peperit
1699 3291 1887 3356 lilium,
1917 3298 1974 3346 et
1998 3307 2093 3346 vo-

515 3387 661 3441 cavit
699 3403 896 3442 nomen
931 3385 1048 3456 ejus
1085 3381 1402 3440 Emmanuel
1440 3381 1574 3454 (Isa.
1609 3382 1730 3456 vn).
1779 3402 1798 3436 ι
1835 3382 1936 3450 Qui
1980 3392 2092 3436 mc—

517 3477 620 3532 rito
647 3477 730 3532 vir
757 3477 978 3542 dicitur,
1004 3476 1162 3547 juxta
1213 3474 1344 3528 illud
1395 3473 1672 3528 Zachariae
1700 3492 1712 3528 :
1747 3491 1766 3525 ι
1819 3473 1959 3528 Ecce
1987 3472 2087 3536 vir,

515 3569 708 3624 Oriens
736 3583 930 3622 nomen
957 3565 1095 3634 ejus,
1126 3573 1181 3619 et
1208 3564 1502 3620 :eJilicabit
1527 3564 1788 3635 templum
1839 3561 2087 3626 Domino,

521 3672 574 3712 et
612 3658 728 3729 ipse
759 3657 996 3727 pertabit
1017 3656 1266 3728 gloriam,
1297 3664 1352 3712 et
1391 3656 1620 3720 sedebit,
1657 3664 1708 3709 et
1727 3651 2093 3708 dominabitur

517 3762 678 3818 super
717 3747 852 3802 solio
882 3761 980 3802 sue
1027 3743 1210 3818 (Zach.
1255 3745 1366 3819 vr);
1407 3765 1425 3797 ι
1459 3763 1477 3795 ι
1518 3744 1642 3814 quia
1668 3744 1720 3798 in
1767 3742 1878 3797 sole
1915 3741 2094 3812 posuit

520 3834 922 3893 tabernaculum
967 3851 1144 3900 suum,
1195 3843 1252 3890 et
1280 3836 1392 3906 ipse
1422 3843 1676 3904 tanquam
1704 3848 1933 3904 sponsus
1959 3847 2088 3902 pre-

515 3929 680 3985 cessit
716 3929 782 3984 de
813 3927 1048 3984 thalamo
1077 3943 1175 3983 suo
1205 3944 1218 3981 :
1251 3927 1542 3984 exsultavit
1589 3934 1648 3980 ut
1666 3917 1815 3998 gigas
1840 3925 1908 3980 ad
1962 3940 2088 3981 cur-

516 4019 738 4075 rendum
759 4019 900 4074 viam
927 4037 939 4072 :
963 4033 992 4072 a
1014 4033 1225 4074 summo
1251 4017 1389 4072 coelo
1421 4016 1658 4087 egressio
1677 4017 1815 4086 ejus,
1831 4024 1879 4070 et
1904 4031 2092 4072 occur-

516 4127 608 4168 sus
621 4111 738 4182 ejus
751 4127 920 4182 usque
941 4111 1006 4166 ad
1023 4124 1290 4165 summum
1301 4109 1416 4178 ejus
1429 4107 1599 4182 (Psal.
1616 4108 1792 4180 xvm).
1817 4128 1834 4160 ι
1853 4108 1952 4176 Qui
1969 4125 2090 4164 cum

518 4203 701 4261 mundi
746 4204 988 4276 principe
1037 4201 1300 4269 conﬂixit,
1351 4211 1408 4258 et
1459 4202 1716 4258 Dominus
1779 4200 1932 4258 fortis
1978 4202 2088 4258 fer-

520 4309 628 4356 tem
657 4299 926 4354 diabolum
950 4297 1080 4354 vicit
1110 4299 1162 4353 in
1191 4297 1400 4368 praelio,
1438 4305 1494 4353 et
1529 4297 1753 4370 alligans
1779 4312 1923 4364 eum,
1971 4295 2091 4351 uni-

517 4404 670 4453 versa
699 4389 865 4459 spolia
887 4387 1004 4457 ejus
1033 4397 1088 4444 et
1105 4403 1232 4444 vasa
1257 4387 1496 4458 diripuit.

593 4497 612 4529 ι
656 4475 783 4533 Haec
835 4479 965 4534 dicit
1017 4479 1274 4534 Dominus
1307 4479 1640 4534 exercituum
1691 4478 1832 4534 Deus
1875 4477 2040 4532 Israel
2070 4495 2080 4530 :
2116 4441 2164 4500 D

525 4584 541 4617 ι
586 4567 775 4621 Adhuc
815 4569 994 4637 dicent
1031 4569 1252 4624 verbum
1307 4568 1452 4624 istud
1486 4568 1541 4622 in
1590 4574 1734 4622 terra
1765 4567 1919 4633 Iuda,
1951 4578 2007 4622 et
2033 4569 2085 4621 in

525 4676 542 4708 ι
589 4657 811 4712 urbibus
834 4657 970 4725 ejus,
1001 4675 1126 4714 cum
1145 4669 1462 4716 convertere
1485 4660 1849 4729 captivitatem
1877 4675 2081 4716 eorum.

523 4767 541 4800 ι
583 4747 873 4804 Benedieat
895 4747 989 4803 tibi
1016 4749 1274 4822 Dominus
1298 4749 1641 4818 pulchritudo
1660 4749 1907 4820 justitite,
1933 4765 2089 4805 meus

523 4859 542 4892 ι
589 4843 828 4901 sanctus,
859 4844 912 4892 et
943 4835 1258 4891 habitabunt
1289 4838 1341 4891 in
1383 4852 1447 4892 co
1473 4835 1660 4900 Judas,
1688 4847 1743 4892 et
1787 4852 1976 4894 omnes
2017 4840 2088 4894 ci-

523 4947 542 4980 ‹
589 4929 780 4982 vitates
827 4926 942 4995 ejus
969 4925 1148 4990 simul,
1183 4925 1431 4997 agricola:
1479 4935 1534 4980 et
1577 4905 1846 4982 minantes
1873 4942 2082 4998 greges.

524 5041 539 5069 I
589 5019 724 5088 Quia
780 5017 1041 5082 inebriari
1080 5017 1311 5089 animam
1342 5017 1562 5082 lassam,
1605 5026 1660 5074 et
1704 5034 1918 5074 omnem
1965 5020 2084 5075 ani-

523 5132 540 5161 ι
589 5123 730 5165 mam
782 5108 1108 5163 esurientem
1157 5105 1418 5161 saturavi.
1476 5125 1494 5158 ι
1527 5105 1781 5162 Prredicit
1823 5107 2084 5179 prepheta

489 5212 492 5216 '
520 5201 698 5255 futura
723 5199 1042 5256 Christianae
1063 5195 1334 5268 religionis
1359 5205 1622 5268 tempora,
1659 5199 1712 5254 in
1761 5199 1956 5269 quibus
1997 5215 2086 5256 ca-

519 5294 816 5362 ptivitatem
847 5290 1024 5362 pepuli
1055 5290 1136 5345 sui
1160 5289 1416 5346 Dominus
1437 5291 1720 5355 convertit,
1739 5297 1793 5344 et
1816 5291 2088 5346 revocavit

519 5381 790 5450 dispersos
817 5379 870 5433 in
893 5388 1091 5458 terram
1136 5391 1310 5432 suam.
1344 5376 1494 5431 Tunc
1529 5377 1670 5432 enim
1697 5379 1875 5432 dicent
1901 5378 2086 5435 fideles

521 5473 586 5524 ad
619 5479 852 5524 montem
879 5469 994 5533 Dei,
1025 5479 1260 5524 mentem
1289 5469 1530 5534 uberem,
1572 5479 1808 5524 mentem
1837 5469 2085 5540 coagula-

519 5570 658 5624 tum,
699 5570 936 5615 tuentem
963 5562 1238 5630 pinguem,
1291 5547 1528 5615 montem
1557 5562 1610 5614 in
1649 5577 1757 5632 quo
1809 5562 1944 5616 bene
1969 5559 2082 5631 pla-

521 5651 686 5704 citum
729 5661 832 5714 est,
871 5650 980 5702 Deo
1027 5648 1276 5702 habitare
1317 5650 1369 5702 in
1420 5663 1486 5702 eo
1519 5667 1532 5679 ·
1567 5650 1779 5704 etenim"
1821 5650 2082 5704 Dominus

2193 1842 2490 1912 sanguinis,
2534 1841 2718 1898 fideles
2739 1841 2908 1899 reficit
2935 1853 2988 1900 et
3017 1861 3231 1900 omnem
3269 1849 3506 1902 animam
3533 1851 3778 1906 esurien—

2195 1941 2300 1986 tem
2340 1933 2502 1986 satiat
2535 1951 2548 1986 :
2581 1953 2598 1984 ι
2627 1933 2777 1988 Beati
2809 1937 2953 1989 enim
2984 1936 3076 2005 qui
3113 1937 3362 1991 esuriunt
3385 1948 3440 1992 et
3483 1939 3676 1995 sitiunt
3688 1939 3777 2009 ju-

2194 2023 2395 2077 stitiam
2416 2063 2432 2089 ,
2465 2024 2719 2094 quoniam
2753 2025 2856 2095 ipsi
2886 2025 3271 2081 saturabuutur
3291 2027 3506 2100 (Matth.
3549 2029 3627 2102 v).
3657 2050 3676 2082 ι
3702 2031 3778 2086 Ibi

2193 2124 2318 2170 sunt
2367 2115 2615 2187 agricolae
2661 2124 2716 2172 et
2777 2117 3046 2174 minantes
3090 2132 3326 2189 greges:
3365 2119 3493 2189 quia
3541 2121 3776 2178 cultores

2194 2207 2308 2278 agri
2332 2207 2619 2272 Dominiei,
2636 2215 2690 2263 et
2701 2217 2946 2280 pastores
2967 2207 3147 2264 ovium
3171 2223 3413 2276 suarum,
3436 2210 3528 2282 qui
3548 2221 3776 2282 pascunt

2193 2315 2286 2354 eos
2313 2299 2478 2354 verbo
2497 2298 2698 2366 divine,
2721 2306 2776 2354 et
2797 2298 3090 2354 secundum
3111 2300 3352 2368 pastoris
3375 2303 3574 2358 summi
3597 2317 3779 2358 exem-

2192 2391 2338 2462 plum
2367 2391 2543 2462 parati
2565 2401 2689 2446 sunt
2726 2405 2928 2460 ponere
2949 2391 3159 2446 animas
3179 2407 3306 2446 suas
3323 2407 3426 2462 pro
3443 2393 3644 2448 ovibus
3667 2396 3776 2448 suis

2196 2483 2374 2556 (Jomt.
2417 2473 2498 2554 x),
2525 2482 2738 2538 assidue
2787 2491 3198 2537 convcrsantur.
3249 2482 3374 2540 Ilzec
3411 2499 3543 2554 ergo
3593 2485 3650 2538 in
3677 2484 3775 2556 spi-

2199 2573 2300 2626 ritu
2327 2572 2630 2644 przevidens
2649 2571 2932 2642 propheta,
2956 2573 3208 2642 protinus
3228 2565 3524 2643 subjungit,
3545 2573 3735 2630 dicens
3757 2591 3770 2626 :

2269 2685 2288 2716 ι
2325 2665 2449 2720 Ideo
2487 2664 2643 2734 quasi
2687 2665 2754 2720 de
2793 2680 2984 2720 somno
3027 2667 3323 2722 suscitatus
3364 2683 3484 2720 sum
3513 2675 3569 2722 et
3612 2667 3720 2722 vidi
3755 2682 3772 2720 :

2194 2766 2250 2810 et
2299 2771 2522 2811 somnus
2561 2770 2714 2812 meus
2755 2754 3054 2811 dulcis‘fuit
3105 2755 3257 2812 mihi.
3289 2775 3308 2806 ι
3337 2756 3479 2823 Quid
3517 2768 3601 2814 est
3633 2759 3774 2828 quod

2193 2845 2327 2900 dicit
2371 2845 2442 2902 de
2469 2861 2659 2902 somno
2704 2847 3044 2912 suscitatum,
3079 2855 3134 2902 et
3177 2846 3400 2921 vidisse,
3431 2857 3488 2903 et
3533 2862 3592 2903 se
3632 2864 3772 2904 sem-

2195 2951 2325 2990 nnm
2374 2951 2529 2992 suum
2571 2935 2726 2992 dulce
2755 2936 2856 2992 sibi
2886 2935 3088 2990 factum
3122 2936 3291 2992 esse?
3343 2936 3456 2992 Nisi
3485 2939 3630 3010 quod
3675 2955 3772 3010 per

2193 3026 2424 3098 gratiam
2464 3025 2689 3090 Christi,
2745 3027 2837 3096 qui
2887 3027 2956 3083 de
2996 3042 3194 3098 sopore
3237 3028 3432 3084 mortis
3471 3030 3769 3086 resurrexit

2193 3116 2248 3170 in
2298 3115 2486 3187 gloria,
2519 3117 2633 3186 ipse
2657 3115 2924 3187 Pr0pheta
2955 3118 3020 3172 de
3041 3133 3232 3174 somno
3265 3119 3406 3173 taedii
3436 3128 3493 3174 et
3534 3119 3768 3176 tristitite

2191 3205 2612 3261 revelationihus
2657 3205 2856 3260 divinis
2916 3207 3228 3273 suscitatus,
3273 3224 3527 3266 somnum
3572 3211 3768 3280 quietis

2193 3304 2248 3350 et
2314 3295 2464 3365 pacis
2509 3295 2764 3351 suavibus
2810 3296 2905 3351 Dei
2953 3296 3404 3366 promissionibus
3461 3300 3768 3355 consolatus

2193 3385 2440 3442 invenit?
2486 3385 2624 3441 Hinc
2651 3387 2788 3442 etin
2837 3385 3146 3442 Proverbiis
3187 3389 3450 3458 scriptum
3497 3397 3584 3444 est
3613 3407 3628 3442 :
3661 3409 3680 3440 ι
3710 3389 3764 3444 Si

2193 3477 2498 3545 dormieris,
2523 3493 2631 3534 non
2666 3478 2899 3543 timebis,
2933 3480 3180 3549 quiesces
3208 3489 3264 3535 et
3288 3481 3472 3536 suavis
3495 3482 3602 3536 erit
3629 3497 3766 3536 sem-

2191 3585 2294 3625 nus
2321 3577 2462 3634 tuus,
2496 3588 2516 3622 ι
2550 3577 2606 3625 et
2632 3569 2837 3637 reliqua
2876 3567 3056 3640 (Prov.
3097 3571 3201 3642 ιιι).
3251 3567 3590 3638 Patetjuxta
3630 3571 3764 3625 litte-

2193 3672 2334 3724 ram,
2375 3657 2504 3726 quia
2534 3672 2761 3713 securus
2789 3667 2838 3712 el
2869 3657 3087 3725 dormit,
3113 3668 3170 3714 et
3189 3659 3395 3730 vigilat,
3428 3669 3483 3716 et
3519 3661 3761 3731 quiescit,

2193 3759 2252 3805 et
2278 3749 2534 3814 ambulat,
2566 3749 2657 3820 qui
2707 3764 2767 3805 se
2807 3749 3125 3806 innocenter
3153 3757 3281 3804 ante
3329 3749 3524 3816 Deum,
3555 3761 3608 3806 et
3626 3751 3763 3821 juste

2191 3842 2377 3900 vivere
2408 3839 2674 3895 meminit.
2725 3839 2832 3896 Sed
2869 3847 2924 3895 et
2947 3840 3125 3910 justus
3167 3856 3289 3896 cum
3321 3841 3376 3896 in
3422 3850 3598 3906 morte
3640 3841 3764 3895 dor-

2192 3931 2394 3997 mierit,
2423 3945 2530 3986 non
2554 3930 2726 3986 solum
2771 3930 3040 4001 potentias
3083 3929 3441 4002 malignorum
3479 3929 3759 4000 spirituum

2193 4037 2299 4078 non
2341 4021 2552 4088 metuit,
2604 4021 2696 4076 sed
2737 4027 2793 4075 et
2844 4021 2898 4075 in
2944 4035 3079 4091 pace
3129 4019 3381 4090 quiescit,
3433 4035 3499 4074 ac
3548 4035 3763 4076 securus

2193 4111 2335 4166 diem
2377 4111 2793 4167 resurrectionis
2833 4117 3128 4180 exspectat,
3178 4111 3304 4180 quia
3353 4110 3522 4166 Deum
3571 4112 3764 4182 ubique

2192 4207 2550 4270 protectorem
2575 4199 2740 4255 habet
2779 4208 2836 4254 et
2881 4199 3188 4266 custodem,
3240 4198 3398 4269 quale
3433 4209 3520 4256 est
3557 4201 3611 4254 in
3634 4199 3764 4271 psal-

2192 4304 2318 4344 mo:
2355 4309 2374 4340 ι
2401 4287 2535 4343 Nam
2583 4298 2638 4345 et
2664 4289 2707 4344 si
2732 4289 3002 4346 ambulem
3026 4289 3077 4343 in
3107 4289 3283 4345 medie
3323 4289 3532 4346 umbra:
3555 4290 3760 4352 mortis,

2195 4395 2298 4435 non
2315 4379 2512 4436 timebo
2533 4380 2964 4450 mala,queniam
2978 4389 3033 4435 tu
3057 4395 3266 4436 mecum
3283 4379 3528 4452 cs(Psnl.
3557 4396 3710 4452 nn).
3745 4401 3762 4434 ι

2267 4490 2285 4522 ι
2327 4469 2469 4526 Ecce
2507 4471 2622 4526 dies
2646 4472 2884 4538 veniunt,
2929 4472 3060 4528 dicit
3095 4469 3373 4538 Dominus,
3399 4483 3456 4528 et
3487 4475 3768 4528 seminale

2197 4581 2214 4610 ι
2261 4561 2478 4617 domum
2504 4560 2698 4628 Israel,
2728 4570 2784 4616 et
2807 4561 3022 4618 domum
3051 4561 3185 4619 Juda
3225 4563 3431 4619 semine
3463 4565 3762 4626 hominum,

2198 4671 2214 4700 ι
2259 4660 2314 4707 et
2343 4653 2547 4708 semine
2562 4651 2950 4720 jumentorum.
2989 4654 3050 4708 Et
3079 4655 3222 4708 sicut
3242 4654 3457 4726 vigilavi
3488 4671 3654 4726 super
3680 4671 3764 4708 eos

2198 4762 2214 4794 ι
2261 4740 2646 4808 utevellerem,
2675 4751 2732 4798 et
2766 4743 3075 4809 demelirer,
3118 4751 3171 4797 et
3199 4745 3550 4814 dissiparem,
3570 4755 3625 4802 et
3657 4747 3759 4800 dis-

2199 4851 2217 4884 ι
2263 4833 2564 4902 perderem,
2593 4840 2650 4886 et
2694 4832 2980 4904 allligerem
3015 4853 3026 4887 :
3057 4833 3136 4888 sic
3183 4833 3413 4906 vigilabo
3457 4849 3620 4904 super
3652 4850 3759 4900 eos,

2197 4939 2215 4971 ι
2260 4929 2320 4976 ιιι
2345 4921 2625 4986 aediﬁcem,
2659 4930 2715 4977 et
2740 4922 2996 4994 plantem,
3025 4923 3102 4978 ait
3125 4923 3402 4979 Dominus.
3443 4944 3462 4976 ι
3500 4925 3627 4982 Dies
3677 4927 3757 4982 isti

2191 5013 2303 5068 dies
2332 5022 2457 5068 sunt
2490 5011 2625 5068 Novi
2667 5011 3018 5080 Testamenti,
3051 5015 3106 5069 in
3145 5015 3342 5088 quibus
3369 5015 3630 5072 Dominus
3683 5032 3758 5071 se-

2181 5104 2360 5176 minat
2405 5103 2622 5158 domum
2667 5103 2856 5170 Israel,
2922 5111 2977 5159 et
3015 5103 3232 5160 domum
3285 5103 3444 5168 Iuda,
3501 5105 3605 5160 hoc
3653 5115 3748 5168 est,

2187 5192 2486 5248 Ecclesiam
2516 5193 2838 5264 catholicam
2867 5193 3038 5264 replet
3059 5193 3266 5248 semine
3300 5193 3559 5260 hominis,
3593 5202 3648 5248 et
3671 5207 3748 5247 se-

2191 5285 2338 5340 mine
2371 5285 2780 5356 jumenterum:
2812 5284 2984 5340 turbis
3004 5285 3255 5340 videlicet
3284 5281 3595 5340 Iudaeorum
3638 5282 3746 5352 lege

2167 5378 2368 5434 .divina
2393 5377 2784 5444 institutorum,
2825 5387 2881 5433 et
2916 5378 3197 5449 gentilium
3237 5379 3520 5434 bruterum
3547 5377 3742 5432 anima-

2187 5467 2318 5522 lium
2350 5483 2499 5523 more
2531 5469 2828 5524 viventium
2859 5486 2873 5521 :
2904 5469 3020 5524 sive
3045 5468 3370 5540 generaliter
3413 5465 3739 5522 multitudine

2185 5559 2588 5629 ingeniosorum
2650 5560 2960 5626 hominum,
3015 5559 3098 5616 vel
3149 5560 3314 5614 etiam
3385 5548 3732 5631 simplicium:

2183 5651 2308 5720 quia
2367 5667 2470 5705 non
2529 5659 2611 5706 est
2661 5666 3016 5722 personarum
3067 5662 3321 5724 acceptor
3368 5651 3528 5720 Deus,
3563 5648 3648 5706 sed
3684 5647 3728 5698 in
