4022 6186
265 276 400 332 1041

1187 262 1549 320 EXPOSITIO
1590 260 1812 317 SUPER
1848 258 2320 314 JEREMIAM.~—
2353 260 2480 316 LIB.
2523 261 2636 318 XII.

3404 263 3545 322 10-12

260 387 418 445 OllllII
456 390 618 456 gente
662 381 756 453 qui
795 380 951 435 timet
977 377 1172 443 Deum,
1205 387 1261 433 et
1290 383 1546 447 operatur
1563 374 1854 445 justitiam,
1886 375 1930 434 Α
1961 378 2164 427 scente.
2216 370 2407 429 Solent
2433 368 2645 442 quoque
2674 373 2727 427 in
2783 373 2887 429 hoc
2923 374 3041 429 loco
3072 375 3311 431 haeretici
3337 378 3543 447 quive-

260 485 528 547 acceptus
582 482 669 530 est
724 471 819 527 illi.
859 490 878 523 ι
907 470 1024 526 Non
1064 469 1210 525 enim
1237 476 1323 524 est
1360 466 1638 523 distinctio
1688 462 1857 519 Judaei

261 577 325 621 et
364 566 561 631 Graeci,
598 562 826 617 Barbari
873 568 929 616 et
983 559 1199 631 Scythi,
1225 558 1366 613 servi
1406 564 1473 611 et‘
1497 556 1652 612 liberi
1681 554 1856 625 (Rom.

263 662 332 733 ιι)
364 681 382 711 ι
417 677 431 714 :
462 660 561 714 sed
589 657 772 711 omnia
793 663 851 710 et
870 655 925 709 in
947 653 1199 710 omnibus
1219 660 1305 709 est
1330 650 1599 707 Christus.
1628 651 1697 705 Et
1717 650 1861 705 sicut

263 752 545 824 quondam
588 748 831 820 vigilavit
868 746 1151 809 Dominus,
1180 753 1241 799 ut
1265 744 1521 821 evelleret
1546 750 1602 799 et
1630 741 1862 812 dissipa-

264 852 378 909 ret,
424 850 481 897 et
527 841 885 910 disperderet,
931 845 988 893 et
1014 836 1276 907 afﬂigeret
1303 851 1493 892 omnes
1521 843 1707 907 gentes
1735 850 1861 906 pro-

266 948 395 1008 pter
415 933 911 1006 praevaricationem
930 930 1090 1001 primi
1119 929 1372 992 hominis,
1396 936 1453 984 et
1492 927 1696 983 scelera
1724 925 1862 982 mul-

270 1038 324 1083 ta
374 1043 496 1097 qua:
534 1026 665 1095 ipsa:
690 1022 1058 1078 addiderunt:
1100 1020 1180 1077 sic
1212 1034 1355 1075 nunc
1400 1028 1575 1075 morte
1631 1017 1856 1083 Christi,

265 1131 325 1172 et
387 1116 651 1173 ell’usione
699 1112 980 1184 sanguinis
1040 1109 1156 1178 ejus
1207 1109 1451 1181 placatus
1512 1107 1699 1176 vigilat
1767 1122 1858 1163 su-

268 1225 368 1277 per
394 1223 513 1273 eos,
567 1213 625 1261 ut
666 1204 913 1268 aediﬁcet,
963 1210 1018 1257 et
1070 1201 1295 1271 plantet,
1338 1207 1394 1255 et
1442 1206 1709 1269 praeparet
1757 1197 1859 1252 sibi

265 1297 526 1367 populum
553 1292 961 1364 acceptabilem,
978 1298 1304 1346 sectatorem
1327 1290 1591 1344 bonorum
1610 1300 1858 1357 cperum.

348 1409 367 1439 ι
396 1387 453 1441 In
473 1387 661 1441 diebus
695 1385 799 1439 illis
827 1398 932 1439 non
962 1383 1141 1437 dicent
1167 1381 1306 1435 ultra
1346 1398 1362 1435 :
1395 1379 1583 1435 Patres
1608 1379 1860 1433 comede-

275 1499 296 1530 ‹
341 1488 472 1532 runt
527 1490 686 1531 uvam
723 1476 997 1538 acerbam,
1054 1480 1109 1527 et
1161 1472 1352 1526 dentes
1390 1469 1624 1524 ﬁliorum
1670 1470 1859 1524 obstu-

274 1588 296 1620 ι
342 1574 576 1638 puerunt
610 1586 622 1620 :
655 1566 748 1621 sed
774 1563 1145 1634 unusquisque
1178 1563 1230 1616 in
1270 1562 1553 1631 iniquitate
1602 1577 1699 1617 sua
1747 1577 1855 1615 mo—

275 1680 296 1710 ι
344 1660 535 1713 rietur.
593 1677 612 1708 ι
662 1655 798 1711 Iluic
824 1654 1108 1710 sententia:
1137 1653 1436 1709 concordat
1464 1651 1595 1706 illud
1636 1652 1858 1720 quodin

272 1747 558 1803 Ezechiele
604 1746 821 1817 legitur,
855 1744 944 1800 ubi
971 1744 1043 1798 ita
1078 1743 1338 1812 scriptum
1368 1752 1454 1798 est
1486 1761 1498 1795 :
1541 1760 1560 1793 ι
1594 1742 1661 1796 Ει
1690 1741 1863 1797 factus

269 1848 358 1894 est
407 1853 587 1892 sermo
632 1835 847 1891 Domini
890 1835 959 1890 ad
1011 1849 1099 1890 me
1140 1834 1326 1889 dicens
1356 1851 1371 1887 :
1399 1833 1537 1901 Quid
1579 1843 1662 1889 est
1721 1833 1862 1903 quod

272 1932 420 1984 inter
447 1944 542 1983 vos
584 1926 896 1997 parabolam
924 1926 1135 1981 vertitis
1163 1925 1218 1979 in
1239 1923 1589 1994 proverbium
1616 1923 1781 1989 istud,
1807 1923 1861 1977 in

271 2029 424 2074 terra
466 2018 664 2083 Israel,
711 2018 1016 2085 dicentcsn
1061 2016 1252 2070 Patres
1301 2016 1654 2071 comederunt
1704 2029 1862 2068 uvam

270 2113 549 2175 acerbam,
572 2120 627 2164 et
654 2110 847 2167 dentes
868 2107 1100 2163 ﬁliorum
1123 2107 1553 2177 obstupuerunt?
1588 2104 1717 2161 Vivo
1738 2120 1861 2178 ego,

273 2203 407 2257 dicit
432 2202 710 2264 Dominus,
768 2200 812 2255 si
858 2200 965 2254 erit
989 2198 1139 2253 vobis
1178 2198 1322 2253 ultra
1368 2197 1626 2268 parabola
1670 2197 1786 2253 haec
1812 2197 1866 2252 in

271 2291 623 2363 proverbium
649 2291 705 2346 in
753 2290 936 2346 Israel.
979 2288 1119 2343 Ecce
1137 2304 1327 2345 omnes
1344 2289 1538 2344 animat
1561 2304 1693 2344 meae
1717 2297 1862 2355 sunt,

277 2392 340 2437 ut
363 2382 543 2435 anima
567 2381 759 2450 patris,
799 2380 875 2433 ita
904 2387 960 2433 et
1004 2378 1184 2432 anima
1219 2377 1312 2431 ﬁlii
1364 2393 1485 2433 mea
1520 2385 1625 2433 est.
1670 2377 1866 2431 Anima

272 2489 397 2542 quae
421 2472 749 2544 peccaverit,
791 2472 907 2541 ipsa
960 2470 1223 2525 morietur
1256 2469 1473 2542 (Ezeclt.
1499 2468 1673 2539 xvtu).
1710 2489 1728 2520 ι
1756 2469 1868 2524 Me-

277 2573 371 2619 net
406 2571 586 2618 autem
614 2562 894 2632 Scriptura
922 2560 1102 2614 divina
1129 2559 1257 2613 illud
1286 2559 1429 2628 quod
1478 2559 1530 2613 in
1558 2559 1745 2616 Exodo
1788 2559 1868 2614 di-

275 2664 427 2709 ctum
476 2662 601 2708 est:
639 2673 658 2705 ‹
690 2653 802 2723 Ego
823 2668 942 2708 sum
991 2651 1131 2705 Deus
1182 2660 1326 2714 tuus,
1384 2651 1525 2705 Deus
1563 2650 1865 2716 aemulator,

275 2748 369 2817 qui
402 2747 566 2801 reddo
594 2754 818 2817 peccata
844 2753 1059 2816 patrum
1092 2759 1254 2813 super
1280 2742 1436 2808 ﬁlios,
1469 2758 1639 2811 usque
1661 2743 1729 2797 ad
1755 2750 1870 2797 ter-

277 2838 411 2893 tium
439 2844 494 2893 et
532 2846 781 2907 quartam
809 2837 1210 2907 generationem
1238 2835 1324 2890 bis
1358 2834 1448 2904 qui
1475 2835 1707 2889 oderunt
1735 2850 1823 2889 me
1848 2852 1863 2889 :

274 2935 335 2982 et
361 2925 499 2980 facio
528 2925 953 2980 misericordiam
981 2924 1035 2978 in
1074 2924 1240 2978 millia
1278 2924 1363 2979 his
1391 2924 1482 2993 qui
1508 2923 1737 2994 diligunt
1757 2938 1862 2990 me,

276 3027 333 3073 ct
363 3017 965 3087 custodiuntpmscepta
989 3031 1106 3070 mea
1130 3015 1328 3088 (Exod.
1354 3015 1476 3086 xx);
1502 3035 1522 3067 ι
1549 3024 1603 3069 et
1629 3016 1824 3070 iterum
1849 3032 1863 3069 :

1964 470 2050 517 tus
2078 477 2187 516 non
2212 462 2510 532 suscipiunt
2532 461 2977 528 Instrumentum,
3013 473 3202 519 contra
3227 465 3543 525 Creatorem

1959 557 2140 614 dicere
2171 556 2383 624 :Quam
2426 555 2599 611 bonus
2638 564 2695 611 et
2731 557 2909 626 justus
2960 557 3103 613 Deus
3141 558 3275 629 legis
3323 570 3379 614 et
3411 561 3545 617 Pro-

1957 648 2268 720 phetarum,
2298 647 2389 717 qui
2443 647 2733 719 quiescens
2764 647 2831 701 ad
2860 657 3081 717 peccata
3113 659 3330 719 patrum
3370 652 3548 708 reddit

1961 740 2046 796 his
2073 743 2166 811 qui
2196 754 2303 795 non
2321 748 2687 810 peccaverunt
2712 759 2725 793 :
2757 740 2867 796 imo
2890 752 3097 811 quanta
3120 723 3178 797 in
3200 759 3266 799 eo
3310 745 3547 801 crudeli-

1961 842 2064 900 tas,
2114 843 2174 889 ut
2223 834 2360 889 iram
2393 849 2546 889 suam
2591 850 2761 904 usque
2797 835 2865 888 ad
2918 835 3133 891 tertiam
3171 836 3445 903 extendat,
3492 848 3549 894 et

1959 934 2210 994 quartam
2241 939 2439 996 genera
2450 924 2685 979 tionem?
2709 924 2916 991 Quibus
2941 941 3041 981 nos
3076 928 3547 997 respondebimus,

1958 1027 2016 1074 et
2053 1018 2106 1073 in
2155 1018 2257 1073 hoc
2307 1017 2403 1073 Dei
2447 1017 2713 1073 creatoris
2765 1016 3112 1072 clementiam
3156 1019 3547 1075 demonstrari.

1962 1109 2078 1165 Non
2102 1111 2248 1165 enim
2292 1109 2633 1186 truculentia:
2678 1117 2837 1164 estet
2860 1110 3165 1166 severitatis
3199 1112 3335 1167 iram
3363 1120 3553 1171 tenere

1960 1216 2132 1270 usque
2176 1200 2247 1255 ad
2300 1202 2516 1256 tertiam
2563 1210 2618 1256 et
2665 1209 2913 1271 quartam
2963 1204 3411 1273 generationem:
3456 1206 3547 1261 sed

1960 1291 2173 1361 signum
2198 1290 2580 1346 misericordim
2597 1305 2816 1360 poenam
2839 1291 3057 1348 differre
3072 1294 3301 1364 peccati.
3319 1293 3545 1361 Quando

1962 1383 2104 1437 enim
2131 1382 2260 1437 dicit
2290 1400 2303 1437 :
2332 1402 2351 1435 ι
2388 1383 2648 1439 Dominus
2670 1385 2812 1440 Deus
2829 1385 3117 1441 miserator
3136 1396 3189 1442 et
3213 1388 3543 1453 misericors,

1960 1471 2191 1539 patiens,
2223 1482 2280 1526 et
2314 1472 2495 1526 multa:
2523 1473 2907 1540 miserationis,
2946 1495 2964 1526 ι
2984 1484 3056 1530 ‘et
3081 1476 3244 1532 infert
3268 1494 3296 1530 'c
3316 1477 3549 1535 reddens

1964 1560 2307 1631 iniquitatem
2336 1571 2550 1633 patrum
2580 1579 2743 1635 super
2787 1565 2945 1632 ﬁlios,
2974 1576 3025 1621 et
3053 1568 3190 1623 ﬁlios
3217 1569 3448 1625 ﬁliorum
3472 1587 3485 1634 ;
3524 1590 3541 1622 s

1963 1653 2066 1708 hoc
2117 1654 2320 1710 indicat
2362 1656 2506 1725 quod
2558 1664 2727 1711 tanta:
2776 1658 3161 1714 misericordia:
3200 1660 3289 1727 sit,
3340 1670 3400 1716 ut
3445 1678 3547 1716 non

1967 1744 2150 1800 statim
2196 1747 2405 1816 puniat,
2429 1747 2524 1802 sed
2554 1749 2877 1804 sententiam
2905 1750 3118 1805 differat
3142 1752 3419 1822 puniendi.
3451 1751 3544 1807 Sin

1966 1846 2146 1892 autem
2175 1837 2410 1893 vindicta
2461 1840 2797 1908 peccantium
2839 1840 3087 1896 differtur
3125 1843 3178 1897 in
3230 1845 3444 1899 tertiam
3495 1854 3551 1899 et

1966 1934 2213 1994 quartam
2247 1926 2646 1996 generationem
2678 1945 2692 1979 :
2730 1943 2852 1981 cum
2879 1927 3042 1996 justis
3083 1930 3394 2000 sanctisque
3421 1931 3546 2000 quid

1970 2017 2202 2087 amplius
2258 2016 2422 2072 facit?
2470 2016 2769 2088 Sequitur:
2801 2037 2820 2069 ε
2851 2019 2919 2073 Ει
2950 2029 3133 2075 servat
3179 2020 3447 2091 justitiam
3492 2031 3548 2076 et

1968 2108 2391 2163 misericordiam
2452 2109 2506 2163 in
2545 2109 2711 2163 multa
2747 2110 2936 2175 millia,
2995 2111 3079 2165 his
3119 2112 3211 2181 qui
3241 2113 3549 2167 custodiunt

1968 2196 2221 2250 mandata
2246 2196 2386 2267 ejus,
2409 2205 2463 2252 et
2490 2196 2692 2251 faciunt
2720 2208 2992 2270 prmcepta
3024 2199 3186 2255 illius.
3222 2219 3239 2252 ι
3270 2200 3542 2271 Scriptum

1967 2298 2051 2345 est
2097 2290 2151 2344 in
2175 2288 2483 2345 Proverbiis
2513 2306 2526 2344 :
2563 2309 2582 2342 ς
2623 2290 2777 2346 Sicut
2814 2307 2918 2347 uva
2954 2292 3150 2347 acerba
3177 2293 3429 2348 dentibus
3452 2309 3548 2348 no-

1968 2378 2056 2430 xia
2086 2385 2187 2443 est,
2220 2387 2275 2432 et
2308 2376 2485 2433 fumus
2508 2379 2701 2444 oculis,
2751 2380 2830 2435 sic
2864 2380 3122 2450 iniquitas
3144 2382 3228 2437 his
3274 2383 3364 2451 qui
3396 2390 3550 2436 utun-

1971 2474 2060 2520 tur
2103 2481 2167 2521 ea
2215 2465 2397 2538 (Prov.
2441 2467 2519 2537 κ).
2581 2487 2599 2518 ι
2649 2467 2727 2521 Ex
2766 2482 2875 2537 quo
2917 2469 3263 2539 perspicuum
3296 2477 3397 2532 est,
3440 2486 3547 2524 non

1968 2560 2198 2616 aliorum
2229 2560 2411 2615 dolere
2459 2561 2671 2628 dentes,
2711 2570 2766 2615 et
2795 2560 3198 2633 obstupescere,
3225 2562 3319 2618 sed
3359 2577 3547 2616 eorum

1968 2650 2060 2720 qui
2109 2666 2266 2705 uvam
2297 2651 2549 2706 acerbam
2581 2650 2950 2707 comederunt.
2988 2652 3084 2708 Est
3125 2660 3305 2707 autem
3336 2652 3438 2706 loci
3476 2652 3548 2706 is-

1970 2740 2077 2795 tius
2104 2739 2192 2794 hie
2220 2755 2411 2794 sensus
2438 2780 2453 2804 ,
2492 2742 2762 2810 quomodo
2790 2742 2835 2797 si
2872 2741 2995 2812 quis
3020 2742 3149 2797 velit
3191 2742 3374 2797 dicere
3403 2759 3417 2795 :
3449 2740 3552 2795 Pa-

1971 2840 2082 2888 tres
2112 2848 2271 2888 uvam
2326 2835 2587 2890 acerbam
2606 2836 2978 2903 comederunt,
3009 2844 3065 2890 ct
3090 2837 3278 2892 dentes
3314 2835 3546 2891 ﬁliorum

1972 2924 2367 2992 obstupuerunt
2403 2941 2417 2977 :
2450 2924 2763 2979 Ridiculum
2804 2935 2911 2989 est,
2972 2934 3028 2981 et
3089 2927 3289 2981 nullam
3341 2928 3547 2982 habens

1971 3015 2419 3084 consequentiam
2461 3033 2474 3068 :
2510 3017 2589 3071 sic
2629 3017 2870 3085 iniquum
2922 3027 3007 3071 est
3030 3026 3193 3088 atque
3233 3032 3553 3088 perversum

282 3128 303 3161 ι
341 3108 628 3163 Descendit
663 3106 920 3161 Dominus
943 3106 996 3160 in
1048 3107 1211 3173 nube,
1248 3114 1301 3160 et
1328 3106 1500 3161 astitit
1534 3104 1690 3175 juxta
1722 3104 1869 3177 Moy—
1894 3088 1941 3152 C
1971 3118 2200 3175 peccare
2225 3113 2429 3175 patres,
2455 3113 2509 3160 et
2538 3106 2676 3161 ﬁlios
2711 3115 3039 3176 nepotesque
3086 3109 3339 3163 cruciari.
3377 3128 3397 3161 ι
3423 3108 3554 3165 0m-

279 3215 378 3253 sen
411 3217 424 3251 :
463 3208 518 3253 et
543 3198 817 3252 invocavit
837 3196 1049 3268 Moyses
1071 3212 1267 3252 nomen
1292 3196 1529 3263 Domini,
1564 3204 1621 3252 et
1653 3197 1869 3253 transiit

279 3290 545 3344 Dominus
573 3298 700 3344 ante
723 3286 920 3345 faciem
942 3287 1080 3358 ejus,
1107 3296 1162 3345 et
1184 3289 1458 3344 invocavit
1484 3304 1606 3343 eum
1634 3289 1822 3348 dicens
1849 3306 1865 3345 :

281 3381 546 3435 Dominus
573 3380 716 3436 Deus
764 3380 1054 3436 misaator
1097 3387 1152 3435 et
1191 3380 1526 3447 misericors,
1554 3382 1767 3451 patiens
1814 3388 1871 3437 et

283 3466 470 3524 multa:
503 3469 910 3537 misericordiae,
943 3476 998 3524 et
1032 3484 1221 3534 verax,
1250 3476 1304 3523 et
1329 3466 1593 3538 justitiam
1621 3484 1866 3535 servans,

281 3571 340 3615 et
381 3559 808 3615 misericordiam
837 3561 891 3614 in
913 3559 1082 3613 millia
1127 3558 1379 3614 auferens
1432 3559 1767 3629 iniquitates,
1816 3567 1870 3615 et

283 3649 598 3718 iujustitias,
635 3660 689 3704 et
735 3657 978 3720 peccata,
1006 3658 1060 3704 et
1083 3666 1189 3704 non
1212 3650 1527 3706 emundabit
1554 3666 1728 3717 reum,
1755 3650 1872 3707 red-

285 3742 422 3795 dens
448 3741 763 3810 iniquitatcs
813 3749 1026 3809 patrum
1055 3757 1220 3811 super
1251 3742 1412 3808 ﬁlios,
1442 3750 1497 3799 et
1526 3758 1690 3813 super
1730 3742 1870 3798 ﬁlios

286 3830 525 3885 ﬁliorum
557 3832 609 3885 in
632 3832 846 3885 tertiam
886 3839 941 3885 et
960 3842 1212 3901 quartam
1232 3833 1637 3903 generationem
1666 3831 1863 3904 (Exod.

288 3921 504 3991 xxxrv),
569 3940 588 3973 ι
633 3923 712 3976 sic
761 3922 934 3993 accipi
984 3922 1200 3989 debere,
1245 3924 1401 3993 quasi
1443 3925 1754 3994 parabolam
1815 3933 1871 3979 et

286 4013 658 4084 proverbium,
682 4023 740 4068 ut
779 4013 924 4067 aliud
945 4014 998 4068 in
1024 4015 1204 4068 verbis
1235 4022 1408 4079 sonet,
1451 4015 1596 4069 aliud
1628 4016 1680 4068 in
1712 4029 1871 4069 sensu

289 4112 495 4158 teneat.
530 4103 599 4159 Et
632 4119 732 4159 nos
758 4119 931 4173 usque
962 4105 1013 4158 in
1054 4113 1373 4183 praesentem
1414 4105 1736 4176 putabamus
1766 4106 1874 4161 duo

290 4197 600 4252 testimonia
652 4196 844 4262 Exodi,
903 4213 1021 4266 qute
1069 4212 1229 4266 supra
1278 4200 1576 4268 posuimus,
1609 4214 1715 4253 non
1750 4212 1871 4254 esse

287 4287 624 4358 parabolam,
679 4288 774 4344 sed
827 4288 1128 4358 simplicem
1171 4288 1443 4358 explicare
1502 4290 1869 4344 sententiam:

286 4394 345 4436 et
385 4394 696 4449 quanquam
742 4394 851 4435 non
878 4380 1201 4435 auderemus
1232 4380 1510 4450 quippiam
1564 4380 1745 4435 dicere
1774 4395 1873 4435 nec

294 4498 313 4529 ι
359 4492 457 4532 vas
484 4475 649 4531 ﬁctile
673 4475 819 4546 loqui
845 4483 1036 4531 contra
1071 4473 1311 4545 ﬁgulum,
1346 4475 1524 4541 Quare
1575 4474 1651 4529 ita
1677 4473 1761 4529 vel
1801 4474 1875 4528 ita

291 4568 469 4625 fecisti
508 4568 628 4622 me?
659 4588 677 4619 ι
709 4567 882 4638 (Rom.
914 4567 1017 4637 Ix),
1045 4574 1225 4621 tamen
1283 4565 1593 4620 scandalum
1626 4566 1872 4636 patieba-

289 4676 417 4715 mur
464 4657 754 4723 occultum,
801 4658 947 4728 quod
982 4656 1244 4727 injustitia
1268 4656 1545 4710 videretur
1570 4656 1686 4720 Dei,
1709 4656 1873 4711 alium

287 4763 545 4820 peccare,
602 4756 659 4802 et
705 4747 868 4801 alium
913 4749 1061 4803 luere
1118 4756 1361 4815 peccata.
1402 4745 1460 4800 Si
1507 4747 1652 4800 enim
1700 4745 1875 4802 reddit

288 4847 520 4911 peccata
560 4846 777 4907 patrum
821 4852 981 4907 super
1015 4836 1152 4892 ﬁlios
1180 4836 1234 4891 in
1267 4836 1480 4890 tertiam
1526 4844 1581 4890 et
1626 4844 1874 4905 quartam

290 4930 725 5002 generationem,
784 4922 839 4984 εἲ
896 4928 1154 4998 injustqu
1214 4930 1451 4995 videtur,
1493 4939 1551 4983 ut
1582 4930 1724 4983 a'ius
1752 4945 1877 4998 pec-

290 5032 407 5087 cet,
437 5031 495 5076 et
530 5022 670 5079 alius
699 5022 973 5091 puniatur.
1022 5021 1129 5077 Sed
1174 5037 1239 5076 cx
1285 5036 1350 5074 eo
1397 5022 1539 5090 quod
1588 5018 1873 5090 sequitur:

297 5136 316 5167 ι
350 5113 448 5169 llis
487 5114 578 5183 qui
610 5130 697 5168 me
746 5115 997 5178 oderunt,
1035 5134 1052 5165 ι
1089 5113 1528 5169 comminationis
1583 5114 1699 5168 sive
1748 5129 1881 5182 pra:—

292 5206 439 5277 cepti
472 5207 784 5263 scandalum
818 5207 1062 5261 solvitur.
1094 5205 1211 5262 Non
1246 5206 1391 5260 enim
1435 5205 1554 5260 ideo
1586 5205 1881 5274 puniuntur

295 5301 350 5354 in
405 5300 562 5354 tertia
604 5308 662 5354 et
715 5309 911 5369 quarta
966 5299 1334 5368 generatione,
1383 5297 1509 5366 quia
1542 5296 1883 5366 deliquerunt

294 5396 486 5460 patres
504 5403 710 5453 eorum,
742 5404 869 5443 cum
904 5397 1086 5458 patres
1106 5387 1285 5458 potius
1311 5386 1405 5456 qui
1450 5385 1670 5441 fuerunt
1693 5401 1882 5455 pecca-

296 5489 448 5535 tores
488 5479 668 5549 puniri
717 5480 1044 5535 debuerint:
1089 5479 1184 5533 sed
1228 5478 1357 5547 quia
1388 5485 1602 5547 patrum
1658 5477 1885 5531 exstite-

299 5580 429 5627 runt
483 5571 849 5637 aemulatores,
916 5579 972 5627 ct
1023 5569 1256 5626 oderunt
1324 5569 1491 5625 Deum
1540 5568 1885 5647 lnereditario

302 5662 444 5719 maio
473 5669 525 5714 ct
554 5661 847 5733 impietate,
880 5661 933 5716 in
978 5676 1155 5715 ramos
1177 5674 1389 5730 quoque
1427 5659 1493 5714 de
1542 5657 1721 5715 radice
1769 5674 1889 5715 crc-

1907 4433 1954 4491 D

1967 3209 2087 3259 nes,
2137 3194 2332 3264 inquit,
2385 3195 2579 3250 anima:
2616 3206 2749 3251 mea:
2783 3204 2931 3261 sunt,
2970 3217 2988 3247 ι
3015 3198 3169 3267 juxta
3218 3207 3551 3264 creaturam,

1972 3304 2078 3344 non
2134 3289 2291 3359 juxta
2355 3289 2629 3353 meritum,
2685 3297 2746 3344 ut
2798 3288 3009 3362 Moyses
3049 3289 3348 3360 appellatur
3395 3292 3556 3347 homo

1970 3379 2088 3445 Dei,
2137 3380 2204 3435 de
2247 3394 2355 3448 quo
2386 3378 2648 3449 scriptum
2702 3389 2786 3436 est
2824 3399 2838 3434 :
2873 3401 2889 3432 ι
2940 3383 3118 3436 oratio
3167 3382 3334 3453 Moysi
3379 3383 3552 3437 homi-

1968 3470 2055 3524 nis
2085 3471 2210 3535 Dei;
2264 3488 2282 3520 ι
2342 3477 2400 3526 et
2448 3469 2591 3526 Elias
2640 3471 2731 3541 qui
2770 3472 2839 3525 ad
2882 3473 3277 3543 quinquaginta
3320 3472 3551 3526 militum

1970 3560 2268 3631 principem
2317 3561 2638 3636 IOquebatur
2666 3586 2679 3616 ;
2714 3581 2734 3615 ‹
2776 3563 2844 3617 Et
2869 3564 2914 3619 si
2945 3564 3105 3619 homo
3138 3565 3255 3627 Dei,
3283 3580 3385 3634 ego
3411 3578 3552 3628 sum,

1973 3651 2262 3707 descendat
2292 3653 2431 3723 iguis
2478 3668 2643 3723 super
2670 3661 2742 3719 te,
2773 3661 2828 3708 et
2862 3669 3026 3724 super
3053 3655 3444 3727 quinquaginta
3468 3656 3553 3709 vi-

1973 3761 2064 3801 ros
2112 3746 2218 3816 (IV
2270 3745 2397 3817 Reg.
2440 3746 2502 3818 1).
2535 3748 2753 3803 iﬂomo
2806 3763 2931 3803 vero
2978 3750 3184 3817 peccati
3211 3758 3265 3804 ct
3295 3750 3435 3805 ﬁlius
3458 3752 3551 3806 ini-

1973 3836 2196 3904 quitatis
2260 3852 2367 3890 non
2424 3845 2652 3891 vocatur
2692 3839 2851 3892 homo
2922 3838 3037 3902 Dei,
3090 3839 3231 3893 sicut
3270 3855 3460 3894 servus
3500 3850 3549 3895 et

1974 3924 2206 3979 famulus
2246 3924 2338 3980 Dei
2367 3925 2424 3980 hi
2459 3926 2816 3995 appellantur,
2860 3927 2927 3981 de
2958 3927 3153 3996 quibus
3182 3927 3283 3980 dici
3324 3944 3428 3983 non
3457 3945 3549 3998 po-

1976 4023 2100 4081 test,
2126 4016 2314 4073 Omnis
2358 4018 2451 4088 qui
2508 4017 2635 4072 facit
2681 4025 2985 4088 peccatum,
3039 4032 3225 4072 servus
3272 4027 3353 4073 est
3419 4036 3549 4090 pec-

1975 4107 2078 4162 cati
2104 4124 2118 4160 :
2146 4106 2213 4160 Et
2244 4107 2436 4162 iterum
2468 4126 2481 4161 :
2508 4107 2553 4162 A
2578 4123 2686 4178 quo
2718 4108 2861 4162 enim
2884 4109 3009 4179 quis
3034 4108 3288 4172 vincitur,
3324 4109 3444 4179 ejus
3496 4120 3548 4165 et

1975 4215 2166 4255 servus
2192 4198 2477 4282 est..Sicut
2524 4209 2747 4271 peccata
2794 4201 3026 4257 ﬁliorum
3075 4216 3181 4254 non
3212 4209 3407 4256 nocent
3448 4218 3550 4273 pa-

1978 4289 2175 4354 tribus,
2236 4289 2315 4344 sic
2360 4299 2582 4360 peccata
2651 4300 2861 4361 patrum
2935 4306 3043 4345 non
3105 4290 3410 4346 redundant
3482 4294 3551 4349 ad

1980 4380 2153 4445 ﬁlios;
2195 4383 2288 4436 sed
2335 4382 2514 4437 anima
2560 4398 2681 4453 qua:
2747 4384 3073 4454 peccaverit,
3127 4383 3243 4452 ipsa
3298 4385 3555 4441 morietur

1981 4486 2086 4525 non
2124 4471 2416 4526 abolitione
2438 4474 2775 4540 substantim,
2805 4475 2896 4529 sed
2926 4489 2990 4529 ex
3023 4473 3140 4541 ejus
3164 4477 3443 4533 consortio
3463 4477 3556 4546 qui

1982 4562 2130 4627 dicit,
2166 4582 2185 4613 ί
2222 4562 2334 4634 Ego
2361 4579 2481 4619 sum
2504 4563 2611 4619 vita
2639 4582 2653 4631 ;
2690 4585 2709 4616 ι
2740 4564 2836 4620 sed
2866 4564 2989 4620 alibi
3022 4563 3300 4634 loquitur:
3333 4584 3351 4616 ‹
3373 4565 3555 4621 Omnis

1982 4656 2073 4725 qui
2096 4656 2229 4709 vivit
2250 4664 2302 4713 et
2327 4657 2503 4712 credit
2522 4657 2577 4711 in
2599 4672 2701 4723 me,
2730 4672 2832 4712 non
2857 4657 3119 4712 morietur
3147 4657 3503 4712 inmternum.
3536 4676 3553 4708 ο

2059 4765 2078 4797 ι
2142 4744 2330 4802 Omnis
2375 4748 2538 4803 homo
2592 4747 2684 4816 qui
2734 4747 3031 4803 comederit
3082 4763 3244 4803 uvam
3283 4748 3561 4811 acerbam,

1988 4855 2007 4887 ε
2050 4837 2432 4908 obstupescent
2479 4839 2668 4894 dentes
2692 4839 2828 4908 ejus.
2880 4836 3084 4909 (Greg.)
3118 4858 3137 4890 ι
3169 4838 3307 4905 Quid
3331 4850 3561 4903 namque

1983 4929 2179 4983 acerba
2207 4945 2307 4983 uva
2330 4970 2345 4993 ,
2376 4930 2478 4984 nisi
2520 4939 2798 4999 peccatum
2820 4930 2944 4983 est?
2990 4929 3105 4984 Uva
3132 4929 3331 4998 quippe
3360 4925 3559 4980 acerba

1982 5029 2066 5074 est
2110 5020 2317 5077 fructus
2375 5030 2500 5076 ante
2537 5030 2766 5091 tempus.
2815 5021 3053 5089 Quisque
3080 5020 3225 5074 enim
3276 5016 3560 5087 praesentis

1984 5110 2106 5165 vitae
2134 5111 2578 5167 delectationibus
2608 5110 2795 5166 satiari
2817 5108 3104 5172 desiderat,
3152 5107 3307 5175 quasi
3357 5105 3563 5161 fructus

1984 5211 2111 5257 ante
2138 5210 2350 5271 tempus
2368 5203 2651 5258 comedere
2676 5202 2913 5257 festinat.
2931 5198 3030 5264 Qui
3058 5198 3222 5268 igitur
3241 5213 3398 5252 uvam
3419 5212 3568 5253 acer-

1985 5294 2109 5348 bam
2156 5293 2409 5358 comedit,
2461 5294 2650 5351 dentes
2688 5292 2806 5360 ejus
2840 5291 3229 5360 obstupescunt
3261 5308 3274 5344 :
3302 5290 3427 5360 quia
3473 5290 3563 5360 qui

1985 5384 2272 5454 praesentis
2310 5384 2493 5438 mundi
2524 5383 2886 5438 delectatione
2909 5381 3174 5450 pascitur,
3219 5381 3418 5437 intenti
3447 5383 3564 5451 ejus

1987 5489 2179 5530 sensus
2234 5474 2482 5545 ligantur,
2528 5484 2589 5528 ut
2624 5472 2737 5542 jam
2767 5473 3033 5543 spiritalia
3061 5474 3337 5539 mandere,
3383 5474 3435 5528 id
3483 5483 3570 5529 est

1990 5566 2286 5636 intelligere
2300 5574 2597 5634 nequeant:
2624 5565 2751 5634 quia
2776 5566 2917 5621 unde
2939 5564 2993 5619 in
3024 5564 3385 5620 exterioribus
3421 5562 3564 5619 dele-

1992 5658 2121 5713 ctati
2141 5666 2288 5723 sunt,
2321 5658 2444 5714 inde
2458 5658 2509 5712 iu
2530 5657 3151 5726 intimisobstupescunt.
3177 5655 3247 5710 Et
3286 5654 3413 5711 dum
3445 5665 3570 5725 pecr
