4022 6186
493 415 635 474 1045
1135 411 1197 466 Β.
1239 409 1491 468 RABANI
1530 407 1748 466 MAURI
1785 405 2101 463 ARClllEP.
2145 402 2455 460 MOGUN'f.
2497 397 2782 459 OPERUM
2820 397 3002 455 PARS
3030 396 3116 454 Ill.
3637 396 3796 452 1N1

491 538 616 584 cato
677 525 856 580 anima
911 523 1184 595 pascitur,
1249 538 1444 593 panem
1493 521 1718 591 iustitia:
1760 521 1923 577 edere
1967 533 2075 574 non
2103 525 2150 584 Α
2177 515 2319 586 pulis
2353 515 2460 570 ait:
2497 534 2516 566 ι
2551 513 2672 584 Ipse
2701 529 2794 569 vos
2841 511 3059 568 docebit
3099 511 3282 566 omnia
3331 511 3516 584 (locu.
3546 511 3679 580 ιη)
3708 529 3727 564 :
3769 533 3792 565 ι

491 619 635 672 valet
662 637 676 672 :
703 616 961 686 quoniam
981 615 1132 688 ligati
1153 615 1415 671 dentesex
1432 615 1638 684 peccati
1658 611 2074 676 consuetudine,
2177 607 2304 676 quia
2334 605 2439 661 nisi
2491 605 2664 660 isdem
2690 603 2914 674 spiritus
2955 601 3111 658 cordi
3134 599 3276 656 adsit
3297 600 3606 664 audientis,
3637 601 3802 655 otio-

487 709 693 782 justum
721 707 865 778 quod
887 709 1034 764 intus
1071 707 1245 779 sapiat
1276 707 1438 763 cdere
1460 722 1802 778 nequaquam
1827 711 2074 775 possunt.
2177 717 2272 758 sus
2296 708 2381 756 est
2422 713 2603 756 sermo
2632 696 2888 752 doctoris.
2929 691 3134 767 (Greg.)
3181 692 3350 750 Nemo
3375 709 3508 765 ergo
3553 694 3801 750 docenti

569 821 588 853 ι
619 801 761 856 Ecce
789 800 906 856 dies
938 800 1174 866 venient,
1217 799 1349 856 dicit
1371 800 1655 865 Dominus,
1687 807 1741 854 et
1765 797 1958 852 feriam
1984 795 2076 849 do-
2177 793 2383 849 homini
2426 792 2647 855 tribuat,
2672 789 2816 859 quod
2841 802 2910 842 ex
2937 801 3035 842 ore
3058 786 3303 841 docentis
3329 785 3633 856 intelligat:
3658 786 3800 855 quia

499 913 518 944 ι
563 892 674 947 mui
725 891 908 958 Israel,
943 898 998 946 et
1030 891 1210 946 domui
1234 890 1371 946 Jnda
1400 891 1578 946 foedus
1602 905 1822 954 novum,
1851 903 1960 944 non
1986 901 2076 942 sc—
2178 885 2282 940 nisi
2323 885 2470 940 intus
2513 883 2584 939 sit
2632 881 2724 951 qui
2752 881 2964 944 doceat,
3013 885 3069 932 et
3099 876 3339 934 doctoris
3389 875 3574 946 lingua
3631 885 3802 931 exte-

499 1004 518 1036 ι
567 983 802 1041 cundum
848 993 1090 1054 pactum,
1121 983 1266 1052 quod
1313 982 1492 1052 pepigi
1528 996 1652 1036 cum
1691 982 1937 1052 patribus
1987 993 2080 1033 ve-
2178 975 2296 1030 rius
2322 975 2374 1028 in
2421 987 2646 1028 vacuum
2682 970 2914 1026 laborat.
2953 967 3066 1023 Nec
3093 976 3273 1022 tamen
3323 967 3512 1021 doctor
3554 981 3802 1021 cessat

499 1095 517 1126 ς
565 1075 714 1140 stris,
754 1073 810 1129 in
841 1072 930 1129 die
969 1089 1076 1143 qua
1131 1071 1464 1143 apprehendi
1508 1087 1729 1127 manum
1781 1088 1994 1140 eorum,
2020 1081 2082 1129 ut
2179 1065 2362 1132 debet,
2389 1063 2519 1135 quin
2555 1062 2701 1134 quod
2742 1059 2888 1116 valet
2915 1057 3102 1124 faciat,
3121 1056 3282 1127 juxta
3311 1057 3366 1112 id
3395 1056 3542 1128 quod
3565 1056 3798 1111 Paulus

499 1188 516 1218 ι
564 1168 850 1224 educerem
899 1180 994 1220 eos
1045 1165 1111 1220 de
1159 1174 1302 1220 terra
1361 1163 1603 1236 Egypti,
1662 1174 1881 1234 pactum
1935 1167 2081 1238 quod

498 1276 517 1308 ι
559 1256 774 1312 irritum
797 1254 1065 1321 fecerunt,
1096 1262 1150 1310 et
1172 1269 1272 1325 ego
1297 1255 1605 1312 dominatus
1620 1272 1739 1312 sum
1765 1272 1976 1324 eorum,
2005 1259 2082 1312 ait

499 1365 519 1398 ι
563 1347 842 1402 Dominus.
896 1366 914 1398 ι
958 1345 1234 1401 Promittit
1277 1361 1337 1402 se
1376 1347 1637 1403 Dominus
1690 1349 1944 1404 daturum
1986 1364 2081 1420 po—

495 1441 620 1510 pulo
649 1454 748 1496 suo
797 1439 975 1495 foedus
1027 1455 1246 1504 novum,
1287 1439 1390 1495 hoc
1415 1450 1518 1506 est,
1565 1440 1741 1496 foedus
1781 1441 2080 1514 Evangelii,

494 1530 637 1601 quod
666 1545 765 1601 per
805 1527 1066 1600 Spiritum
1115 1537 1358 1584 sanctum
1405 1531 1768 1586 conscribitur
1797 1532 1850 1586 in
1898 1532 2078 1588 cordi-

495 1621 596 1677 bus
614 1622 970 1687 credentium,
990 1637 1096 1675 non
1126 1621 1304 1677 foedus
1320 1620 1453 1692 legis
1474 1621 1729 1691 antiquae,
1752 1623 1896 1692 quod
1923 1623 1976 1676 in
2001 1631 2082 1677 ta-

497 1712 634 1767 bulis
656 1711 882 1782 lapideis
910 1712 1272 1782 conscriptum
1301 1711 1449 1770 dura:
1479 1713 1686 1768 nationi
1709 1721 1765 1768 et
1792 1713 2082 1770 incredula:

495 1803 679 1856 datum
707 1811 810 1868 est,
834 1802 976 1873 quod
1012 1810 1066 1857 et
1093 1803 1194 1872 ipsi
1227 1802 1439 1857 irritum
1469 1802 1748 1868 fecerunt,
1778 1813 1833 1860 et
1859 1819 1958 1875 pro
1978 1806 2081 1860 hoc

495 1893 731 1948 debitam
755 1893 1046 1948 vindictam
1063 1901 1440 1962 susceperunt.
1461 1893 1615 1950 Unde
1638 1894 1770 1949 dicit
1794 1913 1808 1948 :
1839 1913 1859 1946 ί
1890 1895 1958 1950 Et
1983 1910 2082 1966 ego

495 1981 806 2036 dominatus
831 1996 948 2037 sum
979 1996 1191 2046 eorum,
1215 1981 1349 2036 dicit
1381 1981 1663 2048 Dominus,
1699 2004 1718 2036 ι
1747 1984 1850 2039 hoc
1875 1992 1979 2051 est,
2001 1983 2084 2040 ul-

496 2074 694 2128 tionem
707 2073 910 2144 justam
939 2074 990 2128 in
1016 2072 1116 2138 eis,
1135 2073 1290 2143 juxta
1315 2076 1458 2146 quod
1487 2084 1825 2142 meruerunt,
1849 2076 2077 2147 explevi.

569 2183 588 2214 ι
633 2164 703 2218 Et
743 2164 849 2220 hoc
887 2165 993 2219 erit
1056 2175 1274 2234 pactum
1318 2165 1462 2234 quod
1501 2165 1695 2221 feriam
1741 2182 1863 2222 cum
1920 2167 2082 2223 domo

499 2275 516 2306 ι
561 2253 748 2309 Israel.
777 2253 906 2310 Post
927 2255 1044 2310 dies
1071 2255 1210 2322 illos,
1256 2255 1388 2310 dicit
1433 2255 1718 2321 Dominus,
1743 2257 1881 2312 dabo
1907 2256 2078 2328 legem

501 2363 519 2397 ι
565 2361 740 2401 meam
782 2345 838 2401 in
877 2347 1174 2404 visceribus
1227 2363 1437 2414 eorum,
1469 2357 1525 2404 et
1569 2365 1624 2403 in
1671 2351 1834 2405 corde
1889 2365 2078 2406 eorum

499 2459 516 2488 ε
561 2437 794 2493 scribam
833 2453 986 2494 eam:
1037 2447 1094 2494 et
1125 2453 1222 2494 cro
1250 2439 1330 2494 eis
1367 2438 1419 2493 in
1456 2439 1647 2506 Deum,
1695 2449 1752 2496 et
1780 2441 1880 2510 ipsi
1920 2450 2076 2496 erunt

501 2549 517 2577 ι
561 2527 693 2582 mihi
738 2527 792 2582 in
837 2527 1116 2598 populum.
1147 2547 1166 2580 ι
1202 2527 1496 2602 (Marinus)
1525 2531 1600 2585 De
1631 2529 1735 2585 hac
1773 2533 1889 2603 lege
1921 2542 1977 2587 et
2023 2531 2080 2586 in

494 2616 632 2670 Isaia
679 2615 942 2686 scriptum
974 2625 1060 2673 est
1091 2635 1106 2671 :
1143 2637 1162 2668 ι
1217 2619 1290 2674 De
1326 2618 1458 2674 Sion
1507 2619 1680 2674 exibit
1706 2619 1813 2684 lex,
1856 2628 1912 2676 et
1951 2635 2078 2674 vcr-

495 2709 622 2764 bum
667 2709 882 2766 Domini
931 2711 998 2766 de
1042 2709 1374 2768 Hierusalem
1409 2711 1566 2786 (Isai.
1609 2711 1692 2783 ιι).
1743 2733 1762 2765 ι
1813 2713 1879 2767 Et
1911 2713 2075 2768 item:

501 2822 518 2852 ι
543 2801 737 2859 Audite
755 2817 843 2858 me
862 2803 954 2874 qui
975 2803 1128 2860 scitis
1143 2802 1372 2873 justum,
1393 2803 1623 2874 populus
1637 2819 1792 2860 meus
1817 2793 1933 2860 :lex
1958 2818 2078 2858 mea

497 2893 550 2946 in
591 2893 756 2949 corde
785 2907 1004 2949 eorum:
1055 2893 1220 2948 nolite
1253 2893 1444 2950 timere
1500 2892 1848 2966 opprobrium
1905 2892 2080 2948 homi-

497 2997 646 3047 num,
698 2993 754 3038 et
806 2982 1168 3053 blasphemias
1214 2997 1404 3038 eorum
1468 2999 1536 3040 ne
1601 2983 1877 3039 metuatis.
1939 2982 2075 3050 (Ira.

497 3073 628 3144 ιιιι).
680 3091 700 3126 ι
735 3072 1006 3145 (Ηὶει-οη.)
1044 3075 1156 3130 [loc
1204 3075 1588 3146 indicat‘quod
1629 3075 1856 3146 populus
1891 3091 2062 3132 novus

499 3179 836 3235 nequaquam
858 3164 999 3220 ultra
1014 3165 1163 3220 vivat
1179 3166 1335 3235 juxta
1360 3166 1616 3231 litteram,
1637 3164 1890 3233 sedjuxta
1914 3167 2077 3236 spiri-

499 3267 635 3320 tum,
658 3256 1027 3312 instaurantes
1057 3255 1356 3311 naturalem
1384 3255 1555 3326 legem
1575 3256 1628 3310 in
1657 3256 1914 3312 cordibus
1938 3257 2076 3323 suis,

497 3346 565 3401 de
621 3361 728 3416 qua
789 3345 979 3400 scribit
1011 3353 1066 3400 et
1102 3345 1430 3416 Apostolus:
1471 3363 1492 3396 ε
1537 3345 1672 3400 Cum
1701 3347 1845 3402 enim
1895 3355 2084 3418 gentes

499 3452 622 3508 quas
658 3452 762 3492 non
821 3437 1025 3494 habent
1068 3438 1242 3508 legem
1294 3439 1637 3504 naturaliter,
1675 3455 1741 3497 ea
1783 3456 1903 3512 quae
1949 3441 2083 3512 legis

503 3535 632 3582 sunt
691 3525 925 3582 faciunt:
959 3527 1048 3584 isti
1100 3527 1274 3598 legem
1325 3544 1433 3584 non
1488 3530 1772 3594 habentes,
1827 3531 1930 3586 sibi
1978 3533 2080 3604 ipsi

500 3625 626 3674 sunt
655 3619 768 3682 lex,
803 3618 894 3690 qui
931 3619 1225 3674 ostendunt
1267 3634 1402 3690 opus
1431 3619 1567 3692 legis
1595 3621 1856 3691 scriptum
1879 3623 1933 3677 in
1962 3637 2084 3678 cor-

497 3709 658 3766 dibus
691 3709 805 3765 suis
835 3709 1008 3781 (Rom.
1041 3710 1125 3782 ιι).
1163 3730 1182 3764 ι
1224 3710 1301 3766 De
1327 3726 1434 3780 qua
1481 3711 1597 3782 lege
1650 3711 1988 3782 signiﬁcatur
2030 3713 2084 3768 in

500 3801 748 3872 psalmo:
788 3819 807 3852 ι
841 3799 1069 3871 Osjusti
1125 3803 1476 3860 meditabitur
1529 3805 1877 3874 sapientiam,
1925 3806 2085 3862 alin-

499 3909 604 3966 gua
633 3893 750 3965 ejus
779 3893 1030 3964 loquetur
1061 3893 1324 3964 judicium
1355 3913 1368 3949 :
1411 3895 1494 3951 lex
1527 3895 1621 3950 Dei
1652 3893 1791 3964 ejus,
1841 3897 1897 3951 in
1921 3898 2087 3954 corde

499 3985 666 4052 illius,
715 3993 771 4042 et
803 4001 910 4040 non
952 3986 1440 4057 supplanlabuntur
1489 4001 1709 4058 gressus
1749 3986 1865 4056 ejus
1911 3985 2084 4061 (Psal.

501 4075 678 4148 thu).
727 4097 746 4128 ι
783 4075 922 4132 Huic
947 4077 1246 4133 concordat
1271 4079 1413 4148 quod
1461 4079 1515 4137 in
1545 4079 1830 4134 Ezechiele
1857 4080 2084 4152 legitur:

510 4187 530 4219 ι
577 4167 725 4223 Dabo
760 4167 912 4222 vobis
957 4183 1052 4223 cor
1088 4182 1305 4232 novum,
1352 4175 1408 4223 et
1445 4168 1696 4238 spiritum
1743 4185 1941 4224 novum
1992 4186 2089 4241 po-

503 4273 628 4313 nam
674 4257 728 4313 in
766 4257 946 4314 medio
985 4257 1172 4324 vestri,
1209 4267 1265 4312 et
1305 4257 1547 4314 auferam
1582 4274 1680 4314 cor
1723 4260 1998 4334 japideum
2023 4262 2089 4316 de

503 4365 668 4406 carne
698 4360 898 4418 vestra,
944 4359 1000 4407 et
1051 4351 1191 4407 dabo
1233 4352 1387 4408 vobis
1413 4368 1509 4408 cor
1549 4369 1828 4420 carneum,
1873 4363 1931 4410 et
1978 4354 2088 4424 spi-

507 4441 668 4496 ritum
703 4458 882 4498 mcum
935 4459 1131 4515 ponam
1164 4445 1216 4500 in
1245 4447 1420 4502 medio
1447 4447 1634 4512 vestri,
1673 4468 1692 4500 ι
1727 4456 1833 4503 etc.
1868 4447 2084 4521 (Ezech.

507 4533 714 4604 χχχιιι).
748 4533 1212 4592 Considerandum
1238 4537 1382 4606 quod
1411 4553 1506 4593 cor
1535 4554 1756 4604 novum,
1783 4546 1839 4592 et
1866 4539 2089 4610 spiritus
2119 4574 2169 4633 υ

505 4636 678 4677 novus
723 4624 880 4680 detur
918 4641 1018 4696 per
1061 4625 1402 4692 effusionem,
1433 4636 1488 4683 et
1511 4629 1881 4699 aspersionem
1910 4645 2084 4700 aquae.

501 4714 730 4782 Quando
757 4723 939 4770 autem
978 4733 1078 4774 cor
1107 4734 1305 4774 novum
1329 4719 1514 4774 datum
1541 4718 1724 4786 fuerit,
1762 4729 1818 4776 et
1867 4721 2089 4790 spiritus

506 4821 698 4872 novus,
727 4814 856 4862 tunc
878 4807 1158 4863 auferetur
1187 4809 1254 4864 de
1279 4810 1444 4866 corde
1478 4807 1706 4865 Judaico
1731 4811 1910 4865 omnis
1947 4810 2092 4866 duri-

506 4898 604 4964 tia,
649 4913 770 4968 qua:
809 4897 972 4967 lapidi
1026 4907 1392 4969 comparatur,
1438 4907 1494 4954 et
1522 4915 1620 4970 pro
1665 4899 1877 4970 lapideo
1925 4903 2090 4958 corde

505 4990 568 5045 tit
603 5002 699 5046 cor
746 5003 1006 5046 carneum
1051 4989 1211 5044 molle
1239 4997 1294 5046 et
1329 4997 1615 5048 tenerum:
1649 4993 1794 5063 quod
1834 4993 2090 5064 spiritum

507 5081 603 5138 Dei
633 5081 686 5136 in
717 5097 777 5138 se
819 5081 998 5157 possit
1019 5082 1282 5152 recipere,
1299 5091 1370 5138 .et
1413 5083 1632 5139 inscribi
1665 5085 1861 5141 litteris
1886 5085 2090 5140 saluta—

506 5174 674 5231 ribus.
705 5173 858 5230 Hanc
906 5175 1138 5247 gratiam
1168 5175 1404 5248 Spiritus
1433 5177 1605 5232 sancti
1647 5192 1812 5247 quam
1859 5177 2093 5234 infundit

506 5263 649 5320 Deus
691 5267 747 5320 in
793 5267 1051 5324 cordibus
1110 5269 1446 5324 credentium
1469 5309 1484 5333 ,
1523 5266 1762 5324 Joannes
1809 5269 2089 5339 apostolus

507 5357 560 5412 in
595 5356 835 5428 Epistula
887 5373 982 5414 sua
1034 5361 1342 5417 unctionem
1390 5361 1654 5426 nominat,
1686 5361 1914 5418 (licens:
1969 5381 1989 5414 ι
2026 5363 2095 5417 Et

511 5462 604 5504 vos
651 5449 960 5505 unctionem
1019 5467 1182 5521 quam
1237 5451 1523 5524 accepistis
1574 5453 1642 5508 ab
1687 5467 1754 5508 eo
1805 5460 1985 5507 manet
2036 5453 2090 5508 in

507 5540 692 5609 vobis;
744 5551 800 5598 et
845 5559 952 5599 non
993 5558 1214 5601 necesse
1259 5545 1512 5610 habetis,
1558 5554 1618 5600 ut
1665 5545 1860 5616 aliquis
1903 5547 2094 5601 doceat

507 5643 646 5696 vos;
707 5633 801 5688 sed
847 5635 992 5688 sicut
1039 5637 1225 5692 unctio
1253 5635 1372 5706 ejus
1391 5637 1561 5698 docet
1607 5653 1705 5692 vos
1745 5638 1812 5693 de
1839 5637 2093 5693 omnibus

508 5717 565 5786 (Ι
593 5717 865 5790 10am").
895 5741 914 5772 ι
952 5722 1144 5780 Merito
1171 5726 1318 5780 addit
1354 5727 1422 5781 de
1465 5727 1704 5782 omnibus
1729 5729 2001 5799 quomodo
2037 5729 2091 5784 in

512 5804 800 5876 Evangelio
829 5809 1086 5868 Dominus
1116 5814 1180 5868 de
1223 5815 1413 5872 eodem
1441 5815 1645 5890 Spiritu
1670 5817 1895 5892 loquens
1926 5819 2090 5874 disci-

2179 1157 2291 1212 ait:
2330 1175 2349 1208 ‹
2385 1156 2500 1227 Ego
2547 1153 2806 1226 plantavi,
2860 1149 3054 1222 Apollo
3107 1149 3330 1219 rigavit,
3381 1147 3530 1203 Deus
3591 1158 3797 1202 autem

2181 1203 2844 1316 incrementum
2860 1203 3013 1298 ﬁcto}.
3028 1203 3042 1206 Ἴ
3054 1241 3137 1314 ιιι)
3144 1203 3192 1294 μυ
3218 1203 3532 1313 [Bernari]
3587 1239 3682 1294 Po

2180 1349 2235 1393 et
2259 1337 2347 1394 hic
2374 1337 2527 1394 locus
2561 1337 2631 1392 ad
2671 1335 2862 1390 futura:
2892 1333 3016 1388 vitae
3057 1329 3566 1400 contemplationem
3594 1337 3810 1439 trans-1

2182 1428 2350 1485 ferri:
2395 1426 2488 1484 ubi
2536 1428 2702 1484 corda
2754 1425 2956 1480 munda
2999 1423 3296 1479 electorum
3344 1421 3400 1476 in
3450 1421 3636 1492 gloria
3689 1435 3794 1474 sua

2181 1520 2690 1590 contemplabuntur
2716 1517 2916 1574 Deum:
2953 1535 2972 1568 ι
3004 1515 3156 1571 Beati
3189 1517 3336 1571 enim
3361 1513 3560 1568 mundo
3579 1502 3808 1576 carde,‘

2182 1611 2438 1684 quoniam
2496 1609 2598 1680 ipsi
2651 1607 2820 1663 Deum
2867 1607 3125 1662 videbunt
3170 1605 3386 1675 (Matth.
3429 1603 3508 1676 v).
3546 1621 3564 1654 ι
3624 1603 3795 1658 Tunc

2181 1701 2328 1756 enim
2369 1700 2640 1757 veraciter
2674 1699 2771 1754 Dei
2801 1697 2889 1753 lex
2919 1697 2972 1752 in
3003 1695 3258 1753 cordibus
3299 1694 3535 1750 ﬁdeliora
3579 1694 3792 1750 scribi-

2186 1799 2275 1846 tur
2297 1831 2312 1858 ,
2369 1791 2585 1860 quando
2627 1787 2869 1860 perfecta
2919 1787 3015 1842 Dei
3057 1786 3248 1842 notitia
3298 1785 3406 1840 illis
3454 1785 3736 1839 tribuitur
3773 1801 3788 1838 :

2111 1875 2157 1934 B
2187 1891 2422 1952 tuncque
2453 1883 2568 1952 ipse
2615 1877 2720 1936 erit
2747 1879 2854 1935 illis
2895 1879 2950 1934 in
2979 1877 3170 1942 Deum,
3207 1885 3264 1932 et
3292 1877 3392 1948 ipsi
3421 1886 3583 1931 erunt
3613 1875 3701 1930 illi
3735 1876 3791 1929 in

2182 1974 2473 2045 populum:
2507 1973 2724 2043 quando
2765 1971 2898 2026 nihil
2925 1971 3030 2026 erit
3057 1968 3203 2040 quod
3231 1983 3328 2024 eos
3353 1975 3574 2038 separat
3601 1982 3640 2021 a
3673 1967 3790 2022 Deo

2183 2081 2314 2122 suo:
2369 2066 2464 2121 sed
2509 2064 2877 2135 implelmntur
2923 2062 3122 2134 gaudio
3173 2076 3296 2116 cum
3342 2061 3490 2115 vultu
3548 2075 3682 2127 suo,
3733 2070 3792 2115 et

2182 2157 2593 2214 delectabuntur
2641 2156 2694 2210 in
2722 2155 2944 2210 dextera
2993 2153 3114 2222 ejus
3154 2167 3331 2224 usque
3358 2153 3414 2208 in
3466 2152 3664 2208 linem.
3711 2152 3790 2208 De

2181 2267 2289 2322 quo
2317 2260 2372 2308 et
2412 2251 2587 2306 adhuc
2613 2249 2860 2304 subditur
2889 2265 2902 2302 :

2260 2381 2279 2414 ι
2322 2363 2388 2418 Et
2423 2377 2530 2418 non
2579 2361 2792 2416 docebit
2833 2359 2972 2414 ultra
3019 2358 3106 2413 vir
3140 2357 3450 2428 proximum
3495 2371 3702 2420 suum,
3732 2365 3789 2412 et

2187 2473 2206 2506 ι
2248 2453 2332 2508 vir
2367 2451 2610 2507 fratrem
2665 2465 2821 2506 suum
2866 2449 3078 2504 dicens:
3135 2447 3416 2519 Cognosce
3457 2444 3786 2513 Dominum,

2189 2561 2208 2592 ι
2250 2557 2440 2598 omnes
2485 2542 2630 2596 enim
2685 2534 3014 2612 c0gnoseent
3064 2553 3172 2604 me,
3228 2553 3261 2592 a
3310 2536 3540 2592 minimo
3581 2551 3786 2592 eorum

2186 2651 2205 2684 ι
2253 2647 2424 2703 usque
2469 2631 2537 2686 ad
2568 2631 2886 2696 maximum,
2915 2629 2990 2684 ait
3018 2629 3308 2684 Dominus:
3351 2627 3476 2697 quia
3501 2626 3786 2698 propitia-

2187 2740 2207 2774 ι
2248 2722 2349 2778 hor
2369 2721 2746 2792 iniquitatibus
2765 2735 2972 2786 eorum,
3001 2727 3056 2774 et
3069 2719 3280 2790 peccati
3306 2733 3499 2774 eorum
3523 2733 3632 2772 non
3656 2733 3775 2774 rne~

2189 2832 2206 2864 ι
2257 2811 2770 2882 moraboramplius.
2801 2831 2820 2864 ι
2841 2810 3262 2884 (ΜΑυιιυε.)Νοιι
3277 2811 3423 2865 enim
3435 2811 3618 2882 egebit
3643 2820 3786 2866 tunc

2179 2903 2303 2973 quis
2339 2903 2406 2957 ah
2437 2902 2542 2958 alio
2569 2902 2794 2967 erudiri,
2821 2902 3036 2972 quando
3063 2917 3254 2957 omnes
3299 2901 3458 2957 electi
3503 2909 3673 2956 erunt
3724 2901 3783 2956 in

2184 2993 2636 3064 contemplatione
2667 2993 2933 3060 veritatis,
2960 3002 3017 3050 et
3043 2993 3213 3048 Deum
3244 2993 3505 3048 videbunt
3531 2991 3676 3047 facie
3707 2992 3782 3046 ad

2186 3084 2403 3140 faciem.
2437 3083 2590 3140 Unde
2625 3083 2824 3140 Paulus
2853 3086 2928 3140 ait
2954 3103 2968 3140 :
3005 3105 3024 3137 ι
3062 3085 3318 3141 Videmus
3347 3101 3495 3140 nunc
3524 3100 3620 3156 per
3643 3099 3782 3154 spe-

2184 3177 2365 3233 culum
2395 3185 2451 3232 et
2477 3178 2530 3232 in
2559 3177 2867 3249 aanigmate,
2896 3187 3025 3236 tunc
3052 3188 3232 3236 autem
3262 3179 3400 3234 facie
3455 3181 3522 3236 ad
3552 3178 3779 3234 faciem.

2184 3268 2336 3324 Nunc
2357 3284 2624 3341 cognosco
2649 3285 2714 3324 ex
2732 3278 2905 3338 parte,
2935 3277 3062 3325 tunc
3082 3279 3261 3326 autem
3288 3286 3612 3340 cognoscant
3632 3272 3785 3327 sicut

2183 3369 2239 3412 et
2258 3358 2506 3429 cognitus
2528 3373 2646 3412 sum
2679 3357 2728 3429 (1
2759 3356 2882 3412 Cor.
2911 3358 3052 3428 xm).
3087 3378 3107 3410 ι
3138 3357 3277 3414 Hinc
3302 3368 3357 3414 et
3384 3357 3623 3415 Joannes
3651 3361 3774 3414 ait:

2191 3466 2208 3496 ι
2244 3446 2582 3511 Charissimi,
2612 3462 2757 3502 nunc
2779 3447 2874 3501 filii
2907 3446 3003 3502 Dei
3034 3462 3221 3502 sumus
3249 3457 3304 3503 ct
3331 3449 3572 3504 nondum
3605 3465 3776 3520 appa-

2187 3537 2297 3592 ruit
2322 3536 2450 3606 quid
2477 3537 2702 3592 erimus.
2737 3535 2954 3592 Scimus
2983 3537 3239 3608 quoniam
3273 3554 3397 3593 cum
3433 3539 3772 3608 apparuerit,

2189 3626 2395 3681 similes
2439 3627 2488 3681 ei
2535 3627 2777 3690 erimus,
2810 3627 3064 3697 quoniam
3115 3627 3415 3684 videbimus
3439 3646 3566 3686 eum
3611 3632 3774 3687 sicuti

2189 3728 2274 3772 est
2307 3717 2492 3788 (Joan.
2537 3717 2641 3790 ιιι).
2679 3738 2698 3770 ι
2731 3719 2798 3773 Ει
2837 3720 2940 3774 hoc
2967 3734 3181 3790 quoque
3209 3719 3409 3776 Paulus
3436 3722 3561 3777 aliis
3605 3723 3776 3794 expli-

2187 3807 2516 3862 cat-verbis:
2561 3825 2580 3859 ‹
2632 3807 2765 3864 Cum
2819 3809 3088 3874 Christus,
3142 3809 3412 3880 inquiens,
3460 3815 3778 3884 apparuerit

2193 3898 2301 3952 vita
2327 3907 2530 3963 vestra,
2569 3906 2696 3954 tunc
2724 3907 2780 3954 et
2803 3914 2898 3954 vos
2923 3900 3251 3970 apparebitis
3285 3917 3410 3956 cum
3435 3903 3552 3972 ipso
3582 3903 3635 3958 in
3659 3905 3773 3974 glo-

2192 3987 2292 4042 ria.
2327 3986 2566 4052 Similes,
2613 3988 2812 4059 inquit,
2857 3989 2908 4046 ei
2955 3991 3156 4046 erimus
3178 3989 3232 4061 (1
3260 3987 3387 4044 Cor.
3435 3991 3560 4064 tn):
3597 4011 3617 4044 ι
3647 3995 3778 4063 quia

2191 4095 2316 4134 cum
2343 4079 2706 4136 immutabiles
2729 4089 2806 4136 -et
2831 4089 3048 4136 aeternae
3096 4081 3396 4138 divinitatis
3443 4084 3778 4155 contempla-

2190 4169 2340 4222 tione
2374 4168 2738 4238 perl‘ruemur,
2787 4185 2888 4224 nos
2934 4185 3148 4241 quoque
3179 4171 3516 4226 immortales
3549 4172 3774 4238 erimus,

2191 4269 2246 4314 et
2299 4261 2501 4317 similes
2552 4261 2768 4332 quidem
2818 4263 3022 4318 erimus
3053 4303 3069 4328 ,
3113 4263 3240 4334 quia
3273 4263 3459 4318 beati:
3505 4272 3563 4320 et
3595 4273 3776 4320 tamen

2191 4353 2434 4409 Creatori
2474 4354 2682 4410 similes
2706 4371 2814 4409 non
2845 4354 3050 4410 erimus
3069 4395 3084 4421 ,
3113 4355 3239 4426 quia
3268 4365 3522 4410 creatura
3564 4371 3775 4412 sumus.

2193 4445 2326 4513 Quis
2348 4445 2492 4502 enim
2523 4445 2716 4502 similis
2750 4447 2857 4502 erit
2901 4445 3012 4502 Deo
3041 4445 3186 4501 inter
3219 4445 3357 4502 filios
3399 4446 3546 4501 Dei?
3592 4447 3777 4514 Quan-

2195 4555 2358 4612 quam
2418 4541 2589 4610 possit
2615 4541 2718 4595 hoc
2765 4540 2933 4594 etiam
2958 4539 3026 4594 de
3073 4539 3482 4595 immortalitate
3533 4540 3778 4609 corporis

2196 4630 2399 4686 dictum
2423 4630 2612 4686 videri.
2639 4629 2704 4684 Et
2729 4629 2782 4684 in
2812 4630 2913 4684 hac
2937 4629 3137 4700 quippe
3163 4629 3369 4684 similes
3399 4629 3608 4684 erimus
3629 4629 3771 4684 Deo:

2194 4720 2289 4776 sed
2336 4719 2708 4776 tantummodo
2736 4719 2868 4786 tilio,
2894 4720 2988 4791 qui
3029 4719 3260 4776 solus'in
3291 4719 3537 4774 trinitate
3581 4735 3778 4788 corpus

2196 4813 2404 4882 accepit
2435 4813 2488 4868 in
2533 4827 2642 4882 quo
2691 4827 2723 4864 a
2765 4814 2998 4867 mortuis
3031 4811 3348 4876 resurrexit,
3401 4821 3567 4882 atque
3613 4812 3669 4866 id
3709 4811 3777 4865 ad

2196 4923 2431 4978 superna
2488 4907 2753 4978 provexit.
2817 4906 2951 4963 Esse
3001 4905 3148 4962 enim
3201 4915 3286 4962 est
3341 4905 3458 4970 Dei,
3514 4914 3778 4961 aeternum

2198 5001 2343 5056 hunc
2373 5007 2536 5069 atque
2584 4998 3085 5054 incommutabilem
3113 5011 3454 5067 permanere.
3511 4994 3667 5052 Unde
3710 4995 3778 5051 ad

2197 5093 2415 5162 Moysen
2455 5089 2620 5146 dicit:
2656 5107 2676 5140 ι
2713 5088 2824 5159 Ego
2872 5104 2993 5144 sum
3029 5087 3122 5158 qui
3172 5102 3327 5152 sum,
3377 5094 3436 5142 et
3461 5086 3613 5142 dices
3656 5086 3780 5141 ﬁliis

2196 5181 2394 5239 lsrael:
2423 5180 2526 5248 Qui
2548 5187 2651 5246 est,
2689 5179 2836 5235 misit
2873 5193 2962 5235 me
2989 5177 3060 5233 ad
3085 5192 3202 5233 vos.
3242 5197 3262 5230 ι
3311 5176 3625 5232 Videbimus
3650 5192 3780 5246 ergo

2197 5288 2320 5329 eum
2372 5271 2512 5326 sicut
2545 5277 2650 5335 est,
2691 5269 2910 5340 quando
2943 5269 3088 5324 hunc
3139 5267 3194 5322 in
3241 5267 3358 5338 ipsa
3397 5267 3620 5323 deitatis
3667 5282 3780 5321 sa:

2199 5360 2497 5418 substantia
2522 5359 3027 5431 contemplabimur.
3063 5358 3219 5425 Quod
3271 5358 3326 5414 in
3371 5359 3476 5414 hac
3503 5357 3612 5412 vita
3647 5357 3781 5412 nulli

2198 5467 2422 5522 prorsus
2448 5449 2745 5506 electorum
2775 5448 3109 5514 conceditur,
3143 5462 3268 5502 cum
3293 5448 3460 5503 etiam
3491 5447 3604 5518 ipse
3628 5445 3784 5516 legisv

2198 5542 2337 5598 lator
2377 5541 2663 5596 Dominum
2719 5554 2881 5610 quem
2907 5539 2962 5594 in
3012 5537 3254 5610 angelica
3305 5539 3491 5610 specie
3535 5546 3782 5592 contem-

2197 5633 2334 5702 plari
2385 5631 2594 5687 solebat
2619 5671 2634 5693 ,
2683 5631 2974 5686 obsecrans
3000 5669 3016 5694 ,
3067 5629 3360 5700 diceusque
3395 5646 3409 5682 :
3458 5646 3478 5678 ι
3531 5627 3778 5688 Domine,

2199 5724 2424 5780 ostende
2471 5722 2604 5778 mihi
2651 5721 2995 5792 temetipsum
3037 5719 3234 5792 (Exod.
3280 5718 3402 5790 ιιι),
3461 5726 3520 5772 ιιι
3571 5717 3780 5770 videam

2202 5827 2280 5884 te,
2331 5838 2346 5870 ι
2385 5817 2450 5872 ab
2489 5814 2676 5871 eodem
2725 5814 2952 5870 Domino
3006 5813 3232 5870 audierit
3277 5830 3289 5866 :
3344 5829 3364 5863 ι
3415 5810 3584 5867 Nemo
3631 5807 3760 5864 vide
