4022 6186
362 415 503 472 1045

1271 417 1626 477 EXPOSITIO
1664 418 1889 476 SUPER
1926 419 2288 476 JEREMIAM.
2326 450 2397 462 --
2435 422 2563 478 LIB.
2607 422 2714 479 XII.

3492 427 3628 483 1046

354 530 443 585 bit
489 528 683 584 faciem
717 542 897 583 meam
925 535 984 583 et
1029 528 1173 583 vivet
1198 527 1412 601 (Ibid.).
1450 548 1469 580 ι
1505 527 1602 585 Cui
1633 539 1812 585 tamen
1843 544 1942 599 pro
1971 538 2019 596 Α
2051 549 2070 580 ι
2100 528 2178 583 Tu
2222 538 2404 586 autem
2454 531 2596 586 idem
2638 533 2754 601 ipse
2777 547 2861 598 es,
2886 541 2942 588 et
2970 534 3099 588 anni
3136 535 3207 590 tui
3238 552 3345 591 non
3376 537 3628 596 deﬁcient

355 620 554 675 merito
594 634 805 690 magna:
848 619 1172 684 sanctitatis,
1226 620 1339 674 ait:
1390 638 1409 672 ι
1441 618 1733 677 Ostendam
1780 636 1943 677 omne

351 709 558 765 bonum
613 709 741 773 tibi;
782 729 800 762 ι
834 709 964 764 hinc
1011 719 1067 764 et
1098 709 1301 765 Paulus
1350 711 1472 766 ait:
1527 728 1546 763 ι
1596 710 1751 766 Nunc
1795 711 1944 766 vide-

350 814 480 854 mus
502 813 600 868 per
619 797 919 868 speculum,
944 806 999 851 et
1024 798 1076 851 in
1098 799 1416 870 mnigmate:
1445 809 1574 855 tunc
1597 810 1775 855 autem
1804 800 1945 855 facie

352 889 427 943 ad
466 887 657 943 faciem
705 887 757 960 (I
785 887 909 942 Cor.
962 890 1106 959 xm).
1138 910 1157 942 ι
1222 891 1376 946 Unde
1427 893 1571 960 quod
1625 907 1940 960 responsum

350 986 445 1033 est
477 977 668 1049 Moysi,
698 993 887 1032 verum
917 987 1022 1043 est,
1053 980 1197 1048 quod
1220 995 1380 1036 nemo
1408 989 1589 1050 potest
1627 980 1821 1037 faciem
1847 983 1943 1039 Dei

352 1069 543 1124 videre
564 1078 620 1123 et
643 1069 847 1134 vivere,
864 1068 915 1123 id
943 1078 1048 1134 est,
1071 1084 1227 1129 nemo
1250 1080 1433 1142 potest
1457 1088 1584 1128 eum
1613 1074 1669 1127 in
1701 1074 1805 1130 hac
1831 1075 1941 1128 vita

351 1159 546 1213 vivens
575 1158 755 1214 videre
777 1157 939 1214 sicuti
974 1166 1104 1214 est:
1152 1175 1277 1215 nam
1324 1161 1477 1217 multi
1523 1163 1797 1229 viderunt,
1843 1164 1942 1218 sed

349 1249 505 1319 quod
532 1248 776 1304 voluntas
812 1249 907 1303 Dei
934 1248 1114 1321 elegit,
1147 1266 1253 1306 non
1281 1253 1423 1321 quod
1451 1260 1642 1307 natura
1671 1252 1938 1308 formavit.

347 1339 428 1395 Et
477 1338 606 1394 illud
648 1339 793 1409 quod
842 1336 1078 1395 Joannes
1110 1340 1217 1395 ait:
1262 1358 1282 1391 ι
1326 1340 1594 1409 Quoniam
1636 1343 1942 1399 videbimus

348 1444 483 1484 eum
516 1428 673 1483 sicuti
699 1436 801 1495 est,
836 1448 856 1482 ›
890 1445 997 1484 non
1046 1430 1188 1485 sicut
1213 1445 1337 1485 eum
1373 1432 1621 1488 homines
1646 1433 1934 1488 viderunt:

347 1521 611 1591 quoniam
631 1521 876 1592 apparuit
900 1523 955 1577 in
978 1523 1157 1607 specie
1176 1539 1281 1594 qua
1305 1524 1493 1590 voluit,
1522 1542 1626 1581 non
1652 1527 1704 1581 in
1724 1535 1935 1591 natura,

345 1628 521 1681 quam
560 1612 614 1666 in
654 1612 943 1681 semetipso
967 1613 1132 1667 etiam
1157 1628 1282 1669 cum
1324 1615 1598 1671 videretur
1626 1617 1817 1672 latuit:
1847 1619 1941 1673 sed

344 1703 500 1758 sicut
546 1711 650 1769 est,
695 1704 839 1773 quod
872 1704 943 1758 ab
971 1717 1038 1759 eo
1081 1720 1112 1758 a
1142 1705 1312 1776 Moysi
1360 1707 1669 1778 petebatur,
1717 1726 1842 1765 cum
1889 1709 1937 1765 ei

343 1796 682 1850 diceretur:
742 1814 761 1847 ι
821 1794 1058 1852 Ostende
1116 1797 1248 1852 mihi
1309 1800 1699 1870 temetipsum,
1767 1820 1786 1853 ι
1846 1800 1939 1871 qui

2050 615 2224 690 (Psal.
2248 619 2354 690 Cl);
2396 621 2667 689 quomodo
2708 637 2893 679 semen
2938 623 3103 680 Israel
3132 634 3307 694 potest
3356 642 3476 683 esse
3503 643 3624 698 per-

2047 708 2312 777 petuum?
2359 706 2469 763 Aut
2493 709 2639 763 enim
2683 710 3034 779 pereuntibus
3061 714 3214 769 caelis
3234 715 3432 783 peribit
3458 725 3516 770 et
3543 732 3626 772 se-

2046 812 2170 852 men
2196 796 2382 853 Israel.
2435 797 2543 852 Aut
2577 799 2622 854 si
2655 798 2817 856 fuerit
2842 812 3183 873 perpetuum,
3211 820 3341 876 ergo
3366 818 3467 860 nec
3503 807 3624 861 coeli

2046 890 2316 955 peribunt.
2362 890 2515 956 Quod
2555 890 2600 944 si
2632 890 2912 961 Scriptura
2953 895 3171 949 mentiri
3211 910 3318 950 non
3343 905 3540 966 potest,
3574 908 3627 952 et

2045 978 2273 1047 perituri
2314 987 2441 1034 sunt
2480 980 2624 1045 coeli,
2672 982 2871 1050 peribit
2920 982 3082 1052 igitur
3114 994 3171 1038 et
3211 1000 3393 1041 semen
3435 987 3623 1054 Israel,

2046 1068 2283 1123 maxime
2305 1084 2428 1124 cum
2459 1077 2513 1124 et
2532 1070 2702 1127 Jacob
2721 1070 2973 1141 loquatur
2998 1075 3066 1130 ad
3091 1074 3229 1131 filios
3254 1093 3267 1129 :
3299 1095 3317 1128 ‹
3352 1076 3542 1134 Venite
3569 1088 3625 1134 et

2046 1160 2376 1217 annuntiaho
2418 1162 2573 1218 vobis
2619 1163 2750 1233 quid
2800 1163 3042 1219 futurum
3093 1167 3166 1222 sit
3213 1169 3269 1223 in
3318 1171 3626 1226 novissimis

2047 1250 2235 1308 diebus
2260 1250 2413 1324 (Gen.
2438 1254 2610 1327 xux).
2640 1275 2658 1307 ι
2690 1255 2917 1323 Quando
2942 1267 3126 1314 autem
3150 1262 3368 1329 dicitur,
3407 1282 3426 1314 ι
3448 1264 3500 1319 in
3529 1281 3624 1319 no-

2043 1340 2281 1398 vissimis
2304 1344 2515 1410 diebus,
2554 1366 2573 1397 ι
2613 1361 2742 1417 ergo
2766 1348 2995 1403 mundus
3016 1364 3137 1406 esse
3159 1354 3411 1420 cessabit,
3438 1366 3495 1411 et
3517 1356 3621 1410 alia

2045 1433 2136 1488 fiet
2167 1451 2345 1490 rerum
2371 1437 2720 1508 dispensatio.
2780 1440 2894 1496 Hoc
2928 1443 3213 1499 adversum
3250 1445 3389 1501 illos.
3452 1447 3623 1504 Caete-

2045 1543 2165 1580 rum
2213 1528 2414 1583 nostris
2463 1531 2721 1585 mundum
2770 1532 2930 1588 istum
2967 1549 3073 1588 non
3116 1550 3238 1593 esse
3282 1547 3621 1608 perpetuum,

2042 1618 2206 1672 etiam
2231 1618 2580 1689 Evangelium
2620 1622 2975 1691 demonstrat,
3008 1626 3232 1682 dieens:
3280 1647 3298 1680 ‹
3332 1628 3539 1686 Caelum
3566 1640 3622 1688 et

2044 1715 2188 1762 terra
2220 1711 2621 1778 pertransibunt
2653 1713 2865 1784 (Matth.
2910 1716 3082 1788 xxxv).
3106 1735 3124 1769 ›
3164 1718 3232 1774 Et
3261 1738 3273 1773 :
3304 1738 3323 1771 ι
3351 1721 3491 1778 Ecce
3522 1738 3622 1795 ego

2044 1798 2320 1854 vobiscum
2367 1815 2487 1855 sum
2529 1803 2780 1859 omnibus
2835 1805 3024 1863 diebus
3068 1824 3240 1878 usque
3274 1811 3341 1865 ad
3371 1826 3623 1868 consum-

345 1902 479 1942 eum
509 1886 598 1941 illo
637 1886 773 1947 facie
809 1888 878 1943 ad
916 1887 1112 1945 faciem
1139 1888 1461 1959 loquebatur
1497 1910 1510 1946 :
1543 1907 1667 1948 nam
1698 1894 1792 1949 Dei
1821 1894 1937 1965 ple-
1971 1883 2014 1942 Β
2042 1889 2336 1945 mationem
2383 1891 2567 1947 saeculi
2607 1893 2823 1970 (Matth.
2857 1897 3074 1970 xxvm).
3113 1918 3133 1951 ι
3167 1900 3420 1957 Dicamus
3449 1911 3504 1958 et
3531 1903 3624 1959 ali-

342 1976 652 2032 nitudinem
703 1978 988 2049 quisquam
1050 1993 1157 2034 non
1220 1978 1425 2035 solum.
1458 1981 1629 2037 oculis
1676 1985 1939 2054 corporis,

337 2066 446 2121 sed
533 2082 634 2126 nec.
709 2069 826 2139 ipsa
895 2077 1077 2125 mente
1147 2069 1438 2139 aliquando
1508 2075 1939 2143 comprehendit.

338 2156 510 2211 Aliud
554 2165 642 2212 est
697 2158 843 2212 enim
894 2159 1118 2227 videre,
1168 2161 1314 2216 aliud
1365 2172 1450 2218 est
1482 2170 1654 2218 totum
1703 2165 1940 2224 videndo

258 2300 263 2303 .
337 2249 824 2319 comprehendere.
850 2249 1117 2317 Quoniam
1140 2253 1354 2322 quidem
1382 2254 1438 2310 id
1464 2255 1676 2312 videtur
1704 2272 1943 2327 praesens

337 2348 407 2395 ut
434 2341 790 2412 quodcunque
830 2343 1063 2398 sentitur
1087 2361 1102 2399 :
1155 2352 1328 2400 totum
1358 2354 1543 2402 autem
1571 2352 1939 2420 comprehen-

337 2435 494 2489 ditur
535 2435 789 2500 videndo,
817 2436 958 2505 quod
987 2436 1061 2490 ita
1094 2437 1338 2503 videtur,
1366 2447 1427 2493 ut
1456 2440 1591 2494 nihil
1615 2440 1733 2510 ejus
1756 2443 1942 2499 viden-

340 2532 459 2579 tem
481 2525 663 2587 lateat,
693 2532 787 2579 aut
813 2524 970 2596 cujus
996 2524 1129 2582 fines
1147 2526 1491 2598 circumspici
1522 2539 1766 2599 possunt.
1792 2532 1944 2589 Sicut

340 2624 405 2670 te
428 2615 558 2670 nihil
582 2615 713 2670 latet
736 2616 1015 2684 praesentis
1038 2612 1329 2673 voluntatis
1353 2626 1459 2673 tuae
1484 2636 1497 2673 :
1524 2620 1942 2693 circumspicere

340 2712 530 2759 autem
574 2713 728 2774 potes
768 2703 903 2759 lines
944 2705 1129 2760 annuli
1158 2706 1276 2761 tui:
1322 2707 1553 2779 exempli
1602 2710 1808 2780 gratia,
1835 2712 1942 2767 duo

340 2795 525 2865 posui,
558 2809 788 2864 quorum
818 2794 1046 2850 alterum
1079 2797 1149 2852 ad
1182 2799 1380 2878 mentis
1406 2799 1676 2867 obtutum,
1712 2802 1940 2860 alterum

342 2883 423 2937 ad
451 2883 760 2954 corporales
781 2884 968 2940 oculos
992 2886 1246 2954 pertinet.
1280 2886 1440 2945 Visus
1464 2891 1607 2945 enim
1634 2891 1701 2947 ad
1728 2901 1939 2950 utrum-

340 2987 456 3043 que
470 2972 783 3029 referendus
801 2982 906 3039 est,
940 2973 994 3029 id
1009 2983 1112 3041 est,
1130 2981 1186 3030 et
1205 2977 1275 3032 ad
1297 2978 1503 3045 oculos,
1521 2989 1576 3037 et
1590 2981 1658 3037 ad
1683 2991 1937 3039 mentem.

340 3063 506 3130 Quod
551 3070 729 3117 autem
761 3063 911 3128 dicit,
966 3081 984 3114 ι
1036 3066 1161 3134 quia
1191 3068 1523 3138 propitiabor
1563 3071 1941 3143 iniquitatibus

343 3168 561 3217 eorum,
592 3164 647 3208 et
673 3156 881 3224 peccati
911 3171 1096 3211 eorum
1125 3175 1232 3215 non
1264 3164 1609 3220 memorabor
1634 3168 1884 3238 amplius,
1913 3190 1933 3222 ι

342 3244 589 3298 ostendit
617 3243 913 3314 perfectam
962 3249 1296 3306 curationem
1349 3264 1684 3321 sanctorum,
1722 3260 1938 3328 quando

343 3333 421 3387 ab
439 3334 587 3388 omni
611 3334 731 3389 labe
744 3345 1091 3406 peccatorum
1104 3343 1371 3409 mundati,
1395 3353 1451 3399 et
1470 3354 1643 3403 morte
1664 3348 1802 3417 ipsa,
1817 3366 1937 3420 quae

343 3439 515 3481 causa
561 3438 909 3496 peccatorum
945 3432 1143 3493 evenit,
1187 3451 1206 3484 ι
1255 3431 1590 3503 Stipendium
1621 3439 1764 3493 enim
1813 3457 1938 3511 pee-

341 3515 457 3591 eati
489 3530 635 3570 mors
659 3515 847 3588 (Rom.
884 3520 994 3591 vn),
1032 3541 1049 3574 ι
1085 3522 1297 3590 penitus
1319 3534 1622 3596 assumpta,
1654 3528 1934 3586 immorta-

334 3588 505 3658 litate
532 3605 855 3675 vestiuntur,
893 3588 963 3662 et,
976 3588 1172 3681 gaudio
1215 3588 1569 3682 perfruuntur
1590 3588 1815 3674 mterno.

430 3715 449 3746 ι
494 3694 621 3752 Haec
660 3698 791 3754 dicit
833 3699 1114 3771 Dominus,
1162 3707 1254 3775 qui
1303 3707 1394 3763 dat
1439 3710 1606 3766 solem
1655 3712 1707 3766 in
1736 3712 1939 3770 lumine

354 3808 377 3841 ι
425 3788 554 3856 diei,
588 3792 834 3848 ordinem
882 3793 1022 3850 luna:
1070 3806 1126 3852 et
1153 3797 1430 3855 stellarum
1479 3803 1534 3857 in
1580 3803 1782 3860 lumine
1835 3821 1936 3861 no-

357 3900 379 3932 ι
425 3881 550 3947 etis,
582 3883 671 3952 qui
701 3884 882 3940 turbat
905 3901 1055 3942 mare
1082 3897 1136 3943 et
1165 3900 1359 3945 sonant
1376 3891 1570 3949 ﬂuctus
1591 3893 1731 3965 ejus,
1754 3897 1938 3953 Domi-

357 3992 382 4033 ι
429 3989 533 4031 nus
563 3976 898 4033 exercituum
937 3995 1132 4036 nomen
1181 3980 1298 4037 illi:
1340 3984 1385 4039 si
1414 3987 1749 4043 cessaverint
1789 3990 1936 4062 leges

356 4087 379 4118 ι
426 4067 548 4122 istae
573 4066 701 4138 (sive
733 4077 934 4125 statuta
965 4070 1102 4141 haec)
1130 4087 1312 4128 coram
1350 4090 1460 4138 me,
1491 4075 1624 4132 dicit
1647 4077 1935 4136 Dominus:

356 4176 378 4207 ε
427 4164 555 4211 tunc
573 4165 628 4213 et
646 4173 827 4213 semen
853 4159 1019 4216 Israel
1036 4161 1271 4229 deficiet,
1294 4172 1353 4218 ut
1376 4181 1483 4220 non
1505 4166 1576 4221 sit
1601 4183 1735 4238 gens
1754 4183 1938 4225 coram

356 4262 379 4295 ι
428 4259 514 4300 me
538 4247 747 4302 cunctis
766 4246 974 4305 diebus.
1005 4269 1024 4301 ι
1043 4249 1395 4322 (flieron.)Et
1410 4254 1464 4308 in
1489 4253 1720 4312 Genesis
1734 4258 1938 4329 princi-

353 4336 448 4406 pio
473 4336 723 4407 legimus,
752 4338 919 4394 solem
958 4339 1014 4394 in
1043 4340 1181 4396 caalo
1203 4343 1435 4413 positum
1483 4345 1536 4399 in
1569 4346 1769 4401 lumine
1799 4348 1934 4403 diei:

352 4427 541 4482 lunam
570 4443 783 4499 quoque
823 4438 880 4485 et
908 4431 1092 4486 stellas
1136 4433 1193 4487 in
1241 4435 1418 4490 noctis
1474 4435 1676 4493 lumine
1716 4454 1733 4493 :
1778 4445 1833 4492 et
1884 4439 1939 4493 in

350 4520 603 4591 psalmo:
637 4539 656 4571 ι
684 4521 811 4577 Dies
834 4521 942 4576 diei
967 4524 1253 4578 annuntiat
1280 4527 1506 4581 verbum
1528 4566 1544 4592 ,
1569 4536 1626 4582 et
1652 4542 1759 4583 nox
1794 4530 1938 4584 nocti

346 4609 558 4663 indicat
573 4608 852 4665 scientiam
871 4609 1044 4685 (Paul.
1060 4610 1237 4683 xvm),
1257 4630 1277 4664 ι
1298 4613 1439 4681 quod
1457 4614 1685 4670 invicem
1706 4616 1810 4672 sibi
1824 4615 1940 4673 dies

252 4750 257 4754 .
351 4712 571 4767 noxque
603 4698 915 4754 succedant.
961 4698 1260 4766 Quomodo,
1289 4701 1484 4773 inquit,
1514 4718 1695 4759 rerum
1736 4714 1791 4760 et
1818 4722 1935 4761 ma-

355 4787 502 4842 xime
520 4787 821 4843 caelestium
844 4798 1112 4844 astrorum
1142 4806 1248 4845 non
1275 4801 1454 4862 potest
1473 4795 1607 4850 ordo
1632 4798 1851 4862 mutari,
1883 4807 1938 4854 et

355 4876 604 4931 sonantis
626 4877 792 4933 maris
810 4876 1004 4933 fluctus
1019 4879 1308 4935 volvuntur
1327 4881 1396 4936 ad
1416 4881 1623 4950 littora,
1647 4884 1936 4957 fragorque

356 4966 632 5037 gurgitum
660 4974 715 5022 et
742 4968 1006 5023 undarum
1054 4969 1526 5028 intumescentium
1557 4975 1813 5032 terribilis
1843 4993 1938 5032 au-

357 5038 529 5109 ditur.
569 5054 682 5111 Nec
704 5065 881 5127 potest
905 5058 1042 5113 ultra
1068 5060 1380 5130 procedere,
1402 5077 1564 5132 quam
1584 5063 1675 5120 Dei
1692 5065 1937 5135 iussione

359 5152 692 5220 praeceptum
724 5154 827 5212 est,
867 5145 1026 5215 juxta
1069 5148 1198 5204 illud
1239 5167 1252 5203 :
1300 5167 1320 5200 ι
1352 5150 1662 5208 Terminum
1709 5158 1936 5226 posuisti

360 5251 526 5307 quem
580 5250 686 5293 non
725 5239 1034 5294 transibunt
1079 5255 1254 5311 neque
1303 5252 1686 5301 convertentur
1726 5251 1938 5319 operire

356 5333 566 5382 terram
598 5324 771 5397 (Psal.
798 5327 936 5399 cm).
968 5347 987 5379 ι
1048 5328 1159 5395 Sic,
1211 5331 1403 5401 inquit,
1453 5348 1635 5390 semen
1680 5345 1736 5391 et
1769 5354 1939 5410 genus

357 5411 528 5470 Israel
552 5413 765 5470 Domini
810 5417 914 5471 erit
954 5417 1226 5475 voluntate
1254 5429 1595 5491 perpetuum,
1622 5439 1798 5496 neque
1843 5429 1940 5484 ali-

362 5506 581 5581 quando
605 5505 837 5562 dcﬁclet.
884 5507 1054 5579 Leges
1080 5518 1262 5565 autem
1290 5512 1381 5567 hic
1419 5528 1527 5568 non
1561 5513 1809 5572 Mosaicae
1855 5519 1941 5573 in-

368 5595 671 5667 telligenda:
695 5605 845 5663 sunt,
876 5599 970 5653 sed
998 5599 1312 5656 constitutio
1336 5611 1391 5657 et
1418 5606 1553 5659 ordo
1577 5613 1802 5664 naturae.
1847 5610 1942 5666 ln-

368 5695 705 5757 tcrrogcmus
749 5687 963 5746 Iudaeos
1007 5706 1022 5743 :
1069 5690 1123 5744 Si
1173 5691 1298 5746 cteli
1343 5693 1616 5765 peribunt,
1660 5707 1711 5753 et
1756 5715 1944 5759 omnes

368 5776 523 5844 quasi
562 5776 937 5835 vestimentum
965 5788 1143 5838 vetera
1159 5794 1320 5851 secat,
1351 5792 1405 5840 et
1430 5785 1496 5840 ad
1521 5786 1687 5843 Deum
1716 5790 1940 5848 dicitur:

2043 1979 2434 2047 ueruandiu
2477 1982 2712 2041 mundus
2762 1985 2861 2042 iste
2900 1988 3065 2044 fuerit
3109 2007 3292 2048 semen
3334 1992 3521 2063 Israel,
3566 2005 3622 2052 et

2042 2077 2257 2140 gentem
2304 2069 2585 2128 Iudaicam
2631 2089 3039 2144 permansuram
3069 2121 3086 2147 ,
3145 2096 3253 2137 non
3299 2084 3354 2139 in
3398 2085 3483 2141 his
3528 2090 3619 2158 qui

2041 2174 2186 2215 nunc
2209 2160 2473 2218 increduli
2500 2174 2648 2230 sunt,
2674 2167 2767 2222 sed
2788 2168 2843 2223 in
2872 2170 2957 2225 his
2985 2172 3077 2227 oui
3102 2189 3224 2229 cum
3252 2175 3543 2246 Apostolis,
3566 2189 3623 2234 et

2041 2264 2137 2318 per
2166 2252 2434 2321 apostolos
2474 2257 2842 2326 crediderunt,
2873 2270 2934 2316 ut
2958 2264 3196 2335 reliquiae
3217 2266 3379 2323 salva:
3402 2268 3617 2327 flerent.

2117 2360 2136 2394 ι
2182 2340 2308 2398 Haec
2352 2344 2483 2400 dicit
2525 2346 2784 2406 Dominus
2818 2368 2833 2404 :
2885 2351 2943 2407 Si
2993 2358 3298 2413 mensurari
3343 2361 3620 2429 potuerint

2047 2450 2066 2483 ι
2111 2433 2234 2489 coeli
2279 2451 2490 2492 sursum
2519 2478 2535 2504 ,
2589 2448 2644 2495 et
2690 2440 3005 2515 investigari
3063 2446 3413 2506 fundamenta
3462 2460 3620 2510 terra:

2048 2542 2066 2574 ι
2111 2524 2363 2580 deorsum
2410 2543 2425 2581 :
2475 2536 2535 2584 et
2585 2543 2685 2601 ego
2741 2532 2990 2602 abjieiam
3053 2538 3366 2596 universum
3430 2558 3616 2599 semen

2047 2633 2066 2666 ι
2109 2614 2295 2683 Israel,
2333 2628 2554 2690 propter
2588 2623 2769 2678 omnia
2795 2640 2914 2694 qua:
2960 2626 3224 2697 fecerunt,
3264 2632 3396 2688 dicit
3431 2633 3619 2690 Domi-

2047 2724 2067 2757 ‹
2113 2722 2234 2762 nus.
2270 2728 2288 2760 ι
2325 2708 2468 2765 LXX
2492 2720 2514 2765 ς
2555 2732 2573 2765 ι
2605 2713 2729 2770 Haec
2769 2716 2901 2783 dicit
2926 2718 3223 2779 Dominus:
3267 2723 3325 2779 Si
3350 2726 3617 2783 elevatum

2047 2817 2066 2849 ‹
2110 2798 2479 2857 fucritcmlum
2503 2805 2806 2874 sublimius,
2827 2818 2883 2865 et
2909 2810 2954 2865 si
2981 2813 3319 2871 humiliatum
3345 2818 3620 2887 pavimen-
3716 2876 3721 2883 ,

2049 2907 2068 2939 ι
2116 2897 2228 2944 tum
2251 2900 2408 2948 terrae
2431 2894 2705 2964 deorsum,
2744 2910 2800 2954 et
2832 2914 2933 2972 ego
2970 2919 3078 2958 non
3119 2908 3419 2975 reprobabo
3447 2924 3619 2980 genus

2048 2999 2068 3033 ι
2107 2982 2291 3048 Israel,
2319 2986 2451 3042 dicit
2472 2986 2752 3057 Dominus,
2775 3008 2874 3063 pro
2897 2996 3147 3053 omnibus
3170 3014 3291 3068 quas
3307 2999 3571 3057 fecerunt.
3594 3022 3614 3055 ι

2041 3070 2265 3128 Multum
2310 3075 2363 3129 in
2408 3077 2513 3132 hoc
2549 3078 2668 3136 loco
2699 3082 2864 3138 distat
2906 3084 3228 3142 Hebraicum
3272 3091 3342 3145 ab
3383 3092 3620 3149 editione

2042 3162 2278 3233 vulgata.
2332 3165 2586 3224 Dicamus
2618 3171 2854 3240 primum
2894 3174 3050 3244 juxta
3081 3176 3447 3236 Hebraieum:
3494 3202 3514 3234 ι
3559 3183 3619 3239 Si

2042 3255 2349 3310 mensurari
2390 3259 2664 3327 potuerint
2697 3263 2820 3318 (εωιὶ
2862 3280 3098 3333 sursum,
3121 3287 3140 3319 ι
3174 3278 3231 3324 et
3265 3285 3456 3328 eorum
3492 3273 3617 3330 alti-

2041 3342 2171 3399 tudo
2205 3347 2476 3417 cognosci,
2514 3368 2532 3401 ‹
2561 3349 2644 3404 vel
2669 3350 2981 3424 investigari
3011 3354 3360 3414 fundamenta
3391 3371 3569 3430 terrae,
3593 3383 3612 3417 ι

2038 3440 2096 3488 et
2131 3442 2376 3492 extrema
2404 3452 2594 3493 eorum
2642 3441 2852 3499 ratione
2895 3449 3275 3517 comprehendi
3301 3469 3315 3506 :
3345 3471 3364 3504 ς
3395 3461 3452 3508 et
3493 3469 3615 3526 ego.

2039 3520 2235 3592 inquit,
2258 3524 2511 3596 abjiciam
2554 3530 2867 3589 universum
2912 3551 3094 3594 semen
3145 3540 3348 3609 Israel,
3399 3520 3620 3617 propter

2038 3613 2220 3668 omnia
2268 3630 2388 3685 qua:
2430 3618 2717 3689 fecerunt,
2771 3625 2901 3681 dicit
2945 3628 3225 3687 Dominus.
3266 3651 3285 3685 ι
3336 3613 3618 3703 Quomodo

2039 3703 2143 3761 hoc
2180 3705 2310 3762 illud
2355 3708 2685 3780 impossibile
2719 3726 2824 3784 est,
2856 3727 2916 3775 ut
2939 3722 3200 3779 cmlorum
3229 3730 3534 3797 summitas,
3562 3742 3620 3788 et

2042 3803 2199 3853 terra:
2234 3799 2581 3859 fundamenta
2619 3821 2907 3866 noscamus
2933 3829 2946 3865 :
2972 3814 3053 3869 sic
3075 3824 3129 3870 et
3155 3817 3260 3872 hoe
3287 3819 3618 3890 impossibile

2038 3891 2165 3954 erit,
2190 3900 2251 3946 ut
2280 3893 2528 3964 abjiciam
2555 3898 2864 3955 universum
2894 3917 3075 3959 semen
3105 3906 3290 3961 Israel.
3315 3908 3410 3965 Sin
3437 3921 3616 3967 autem

2040 3976 2289 4045 abjecero
2319 3983 2629 4039 universum
2655 4001 2837 4043 semen
2863 3989 3029 4046 Israel
3067 4011 3080 4048 :
3126 4010 3255 4067 ergo
3283 4003 3620 4057 mensurabi-

2042 4073 2131 4121 tur
2157 4068 2417 4126 caelorum
2464 4075 2769 4142 summitas,
2805 4087 2860 4133 et
2890 4088 3132 4139 extrema
3180 4094 3471 4147 terrarum.
3517 4092 3617 4148 llic

2040 4158 2381 4230 syllogismus
2406 4172 2461 4219 et
2488 4165 2542 4220 in
2556 4164 2848 4239 Evangelio
2875 4172 3092 4239 texitur,
3120 4178 3335 4245 quando
3364 4180 3614 4252 impossi-

2039 4248 2148 4307 bile
2166 4253 2484 4323 impossibili
2505 4268 2867 4329 comparatur.
2884 4262 3116 4321 Facilius
3136 4269 3373 4326 camelus
3395 4248 3618 4330 intrabit

2039 4355 2138 4411 per
2166 4341 2409 4401 foramen
2455 4363 2604 4414 acus,
2643 4365 2803 4420 quam
2849 4354 2999 4410 dives
3045 4356 3100 4412 in
3143 4373 3308 4430 regna
3355 4363 3615 4420 ctelorum

2044 4431 2258 4502 (Matth.
2285 4435 2419 4509 xxx).
2444 4436 2721 4504 Quomodo
2739 4444 2882 4497 enim
2912 4446 3238 4515 impossibile
3259 4450 3373 4506 lieri
3396 4469 3500 4509 non
3523 4472 3620 4527 po-

2046 4531 2170 4589 test,
2194 4524 2272 4580 sic
2291 4540 2393 4581 nec
2411 4528 2515 4584 hoc
2534 4528 2648 4586 fieri
2673 4534 2892 4601 poterit.
2906 4535 3059 4603 Quod
3083 4540 3129 4594 si
3159 4541 3261 4596 hoc
3286 4541 3486 4600 factum
3510 4524 3622 4605 fue-

2044 4614 2133 4681 rit,
2156 4629 2285 4687 ergo
2303 4617 2396 4674 fiet
2413 4619 2563 4687 illud,
2585 4625 2728 4692 quod
2749 4625 3076 4698 impossibile
3095 4635 3404 4702 putabatur.
3426 4636 3622 4695 Errant

2041 4717 2170 4775 ergo
2203 4706 2294 4776 qui
2324 4708 2468 4764 hunc
2508 4710 2686 4766 locum
2725 4714 2883 4771 aliter
2907 4718 3228 4787 edisserunt,
3263 4736 3529 4794 ponentes
3564 4740 3619 4783 et

2042 4794 2170 4851 illud
2194 4798 2581 4869 testimonium,
2599 4804 2739 4873 quod
2752 4810 2984 4875 potuerit
3002 4821 3186 4880 petere
3197 4814 3411 4873 Patrem
3426 4819 3616 4884 Filius,

2039 4894 2098 4942 et
2140 4888 2420 4946 duodecim
2449 4890 2688 4965 legiones
2719 4898 3031 4967 angelorum
3060 4904 3328 4962 adducere
3361 4908 3417 4962 in
3461 4922 3616 4963 suum

2043 4979 2304 5037 auxilium
2353 4982 2570 5056 (Matth.
2622 4988 2775 5060 xxv).
2843 4989 2981 5047 Huic
3030 4997 3214 5050 sensui
3269 4996 3618 5067 Septuaginta

2042 5071 2378 5127 contrarium
2412 5075 2818 5141 transtulerunt,
2853 5080 3132 5137 dicentes:
3178 5103 3197 5136 ‹
3228 5083 3285 5140 Si
3316 5086 3613 5143 exaltatum

2044 5156 2207 5214 fuerit
2233 5161 2429 5217 cmlum
2455 5164 2762 5234 sublimius,
2790 5176 2844 5223 et
2865 5169 3204 5235 humiliatum
3249 5176 3616 5245 pavimentum

2045 5253 2205 5303 terra:
2238 5248 2492 5305 deorsum
2530 5269 2544 5306 :
2574 5263 2630 5309 et
2662 5268 2784 5326 ego,
2827 5256 3024 5327 inquit,
3063 5273 3172 5316 non
3209 5264 3508 5334 reprobabo
3535 5282 3619 5325 se-

2045 5353 2170 5393 men
2212 5337 2397 5407 lsrael,
2427 5339 2559 5396 dicit
2588 5342 2846 5401 Dominus
2873 5355 3097 5417 propter
3118 5346 3299 5411 Omnia
3325 5368 3444 5423 qua:
3471 5356 3615 5413 fece-

2049 5432 2194 5479 runt.
2233 5444 2252 5478 ›
2298 5424 2449 5494 Quod
2496 5430 2542 5485 si
2588 5430 2662 5485 ita
2701 5444 2806 5497 est,
2847 5436 3224 5504 reprobabitur
3263 5456 3395 5512 gens
3429 5443 3614 5500 Israel.

2024 5514 2324 5587 ,Quomodo
2358 5515 2501 5571 enim
2529 5517 2725 5572 caelum
2762 5535 2870 5576 non
2903 5531 3080 5595 potest
3118 5541 3185 5583 eo
3208 5530 3351 5598 quod
3379 5540 3461 5587 est
3498 5548 3618 5589 esse

2047 5604 2350 5671 sublimius,
2388 5621 2488 5661 nec
2528 5616 2671 5663 terra
2696 5609 2957 5667 humilior
2989 5629 3113 5671 esse
3146 5631 3212 5673 eo
3238 5620 3382 5689 quod
3409 5629 3513 5689 est,
3537 5624 3617 5680 sic

2048 5707 2105 5752 et
2146 5713 2316 5768 genus
2381 5698 2546 5755 Israel
2606 5716 2947 5777 nequaquam
3007 5709 3204 5779 poterit
3256 5714 3615 5784 comprobari.

2052 5789 2107 5846 Si
2131 5790 2644 5853 viderimusludteos
2664 5792 2819 5864 juxta
2841 5795 3163 5854 Hebraicum
3190 5800 3293 5856 hoc
3315 5803 3617 5859 testimonio
