3970 6190
467 339 595 394 ΙΟΠ

1100 334 1162 390 Β.
1204 334 1456 390 RABANI
1491 333 1709 390 MAURI
1748 332 2068 390 ARCI-IIEP.
2112 333 2420 392 MOGUNT.
2460 332 2747 391 OPERUM
2785 333 2966 388 PARS
3002 334 3087 389 lll.

3579 335 3728 390 Ν)ὶὸ

460 449 678 521 gloriari
711 465 726 502 :
767 447 1130 504 assentiamur
1172 447 1253 503 eis
1300 446 1446 516 quod
1493 461 1599 501 non
1643 447 1716 500 sit
1758 444 2030 515 abjectum
2061 453 2106 509 Α
2135 461 2320 503 sumus
2354 447 2648 517 possidere,
2677 448 2770 503 sed
2791 447 2846 502 in
2875 447 3072 518 angulo
3099 454 3326 511 stamus,
3353 456 3408 502 et
3431 446 3616 504 fractis
3657 449 3730 502 li-

460 541 772 596 universum
800 552 981 593 semen
1025 536 1210 592 Israel.
1240 535 1428 606 Neque
1452 537 1597 592 enim
1621 549 1812 590 omnes
1836 535 2032 604 objecti

456 643 604 696 sunt,
630 632 724 687 sed
753 631 805 686 hi
835 638 1043 684 tantum
1075 631 1167 699 qui
1195 628 1409 684 fuerunt
1437 627 1716 684 increduli.

531 743 550 774 ε
573 721 712 778 Ecce
738 722 853 778 dies
877 721 1119 785 veniunt,
1146 720 1277 775 dicit
1296 719 1575 782 Dominus,
1599 727 1654 772 et
1681 717 2037 774 aedificabitur

457 835 478 866 ι
525 816 714 872 civitas
735 814 982 877 Domino,
1005 827 1035 866 a
1059 819 1204 865 turre
1224 807 1502 863 Ananehel
1541 823 1709 877 usque
1733 807 1799 861 ad
1823 813 2032 876 portam

458 925 478 960 ι
522 905 703 976 anguli
751 922 764 958 :
813 911 868 960 et
927 903 1096 960 exibit
1161 901 1302 956 ultra
1381 913 1571 954 norma
1650 898 1668 969 (
1712 899 1817 952 sive
1875 897 2034 967 juxta

453 1018 476 1050 ς
525 996 896 1068 Symmachum
945 991 1270 1063 funiculus)
1335 1005 1599 1046 mensura:
1650 990 1796 1060 ejus,
1843 998 2034 1043 contra

454 1115 475 1146 ι
519 1108 638 1148 eam
670 1105 832 1160 super
861 1089 1052 1145 collem
1079 1085 1282 1149 Gareb,
1307 1094 1362 1140 et
1389 1081 1638 1140 circuibit
1664 1081 1876 1138 Goatha
1908 1079 2034 1152 (sive

452 1205 474 1235 4
513 1181 670 1253 juxta
700 1179 1062 1252 Septuaginta,
1087 1179 1153 1232 de
1183 1175 1370 1231 electis
1390 1173 1698 1245 lapidibus).
1721 1172 1790 1228 Et
1815 1187 2032 1227 omnem

453 1305 471 1328 ι
519 1275 710 1332 vallem
737 1274 1015 1329 ruinarum
1045 1271 1158 1344 (pro
1185 1269 1369 1341 quibus
1399 1268 1684 1322 Theodotio
1712 1268 1884 1347 ipsum
1916 1282 2033 1321 ver-

455 1389 472 1419 ι
521 1368 639 1422 bum
655 1365 972 1420 Hebraicum
992 1363 1166 1432 pos’uit
1183 1361 1384 1432 εγω)
1405 1367 1461 1415 et
1481 1360 1712 1423 cineres,
1737 1367 2030 1414 et.omnem

455 1477 473 1506 ε
522 1454 839 1510 Asercmoth
871 1451 1030 1524 (quod
1052 1450 1238 1505 melius
1283 1449 1502 1522 legimus
1521 1458 1780 1513 mis-mn,
1804 1465 1898 1518 pro
1926 1465 2028 1518 quo

453 1570 473 1597 c
521 1543 712 1617 Aquila
740 1542 1051 1598 suburbana
1088 1543 1460 1610 interpretatus
1493 1537 1590 1609 est)
1620 1553 1792 1608 usque
1821 1538 1889 1592 ad
1923 1544 2032 1592 tor-

454 1660 473 1690 σ
520 1646 730 1694 rentem
756 1635 988 1700 Ccdron,
1014 1643 1069 1688 ct
1098 1649 1270 1704 usque
1296 1632 1362 1688 ad
1389 1633 1641 1703 angulum
1669 1637 1839 1702 portae
1867 1645 2032 1701 equo-

457 1751 475 1783 ι
524 1748 641 1786 rum
665 1729 966 1786 orientalis.
999 1727 1259 1784 Sanctum
1288 1727 1530 1791 Domini,
1555 1741 1662 1782 non
1691 1724 1954 1783 evelletur
1975 1733 2031 1780 et

2136 541 2272 604 neis,
2307 539 2526 610 exitque
2550 539 2688 594 ultra
2710 538 2980 594 funiculus
2997 529 3274 595 mensura:
3293 548 3480 596 contra
3500 556 3648 604 eam,
3673 541 3734 595 id

2135 637 2241 692 est,
2261 637 2473 699 portam
2499 629 2703 701 anguli,
2729 643 2890 700 super
2905 629 3098 686 collem
3121 628 3322 694 Gareb,
3343 631 3438 699 qui
3461 631 3516 685 in
3539 631 3732 702 lingua

2133 728 2320 774 nostra
2373 720 2624 784 vertitur,
2668 729 2762 775 aut
2805 719 3088 784 incolatus,
3133 728 3226 774 aut
3261 722 3482 784 scabies,
3521 730 3585 775 ut
3627 725 3735 774 do-

2133 819 2294 864 ceant
2319 824 2417 864 nos
2439 811 2674 865 advenas
2697 823 2817 865 esse
2839 818 3002 878 atque
3028 811 3366 880 peregrinos,
3390 819 3447 865 et
3472 827 3582 866 non
3621 829 3730 866 au-

2137 902 2288 957 ribus
2312 903 2636 972 prurientes,
2667 912 2723 958 et
2751 902 2821 958 ad
2854 903 3152 957 novitatem
3196 902 3509 970 dogmatum
3545 904 3733 974 pessi-

2137 1007 2366 1058 morum,
2397 993 2554 1047 facile
2595 1007 2701 1047 non
2741 993 2988 1062 praebere
3025 1007 3368 1048 consensum.
3425 991 3636 1065 (Greg.)
3669 993 3732 1049 In

2135 1081 2334 1152 angulo
2376 1091 2556 1136 autem
2601 1081 2796 1152 duplex
2837 1083 3016 1152 paries
3051 1081 3320 1152 jungitur,
3359 1083 3554 1139 civitas
3594 1099 3734 1155 ergo

2137 1171 2348 1226 Domini
2383 1187 2413 1226 a
2445 1180 2596 1226 turre
2618 1171 2898 1227 Ananehel
2945 1187 3118 1241 usque
3161 1173 3230 1228 ad
3277 1182 3492 1244 portam
3540 1174 3732 1245 anguli

2133 1260 2402 1316 aediﬁcare
2427 1261 2764 1330 perhibetur,
2789 1261 2916 1330 quia
2951 1269 3140 1317 sancta
3164 1261 3404 1318 Ecclesia
3437 1278 3470 1317 a
3499 1261 3730 1318 celsitu-

2131 1351 2260 1407 dine
2288 1367 2534 1422 supernte
2563 1351 2750 1422 gratim
2783 1352 3066 1413 inchoans.
3097 1367 3266 1422 usque
3296 1355 3363 1408 ad
3416 1355 3731 1424 ingressum

2133 1444 2642 1514 susceptionemque
2652 1445 2987 1499 construitur
3001 1453 3355 1516 utrorumque
3375 1445 3726 1515 pepulorum,

2132 1532 2342 1590 Iudaici
2377 1521 2623 1590 videlicet
2658 1543 2820 1604 atque
2847 1535 3083 1606 gentilis.
3135 1533 3242 1590 Sed
3271 1535 3400 1606 quia
3432 1535 3487 1590 in
3512 1551 3579 1591 ea
3609 1551 3733 1592 ere-

2135 1627 2326 1682 scente’
2353 1625 2698 1680 multitudine
2735 1625 2900 1681 etiam
2951 1627 3168 1696 reprobi
3217 1609 3570 1696 colliguntur,
3603 1635 3730 1697 apte

2133 1718 2424 1774 subditur:
2456 1735 2476 1769 ι
2507 1725 2564 1771 et
2587 1715 2759 1770 exivit
2787 1715 2927 1770 ultra
2965 1730 3156 1770 norma
3186 1729 3455 1770 mensurae
3487 1733 3501 1769 :
3539 1735 3558 1768 ι
3597 1717 3728 1786 quia

458 1843 476 1873 ι
522 1837 630 1877 non
675 1821 986 1877 destruetur
1037 1834 1208 1888 usque
1250 1818 1302 1872 in
1341 1827 1625 1872 internum.
1661 1835 1679 1868 ι
1732 1814 1834 1882 Qui
1881 1815 2029 1871 mille
2059 1796 2105 1855 Β
2133 1823 2304 1878 usque
2331 1809 2400 1862 ad
2426 1821 2524 1863 eos
2545 1821 2762 1877 quoque
2799 1805 3130 1872 extenditur,
3159 1805 3255 1876 qui
3288 1820 3537 1860 normam
3560 1805 3728 1874 justi-

447 1928 716 1968 aunorum
749 1912 801 1966 in
829 1919 972 1966 terra
1014 1909 1198 1964 Iudaea
1229 1923 1452 1980 regnum
1495 1907 1698 1962 Christi
1739 1904 2026 1977 recipiunt,

447 2003 616 2060 διτᾶωί
669 2003 958 2068 videlicet,
1015 2011 1069 2058 et
1122 2001 1293 2056 nostri
1351 1998 1698 2056 Judaizantes
1767 2005 2031 2054 conantur

448 2096 735 2151 ostendere
779 2103 980 2150 turrem
1026 2091 1304 2147 Ananehel
1331 2133 1346 2156 ,
1390 2099 1444 2146 et
1482 2098 1693 2161 portam
1743 2089 1944 2159 anguli,
1976 2095 2032 2144 et

448 2187 641 2243 collem
689 2184 868 2242 Gareb
905 2192 961 2241 et
1009 2181 1240 2248 Goatha,
1273 2190 1329 2237 et
1375 2179 1568 2236 vallem
1609 2179 1930 2250 Phagarim,
1976 2186 2030 2234 et

448 2293 666 2334 omnem
694 2275 1046 2342 AsedemOth,
1087 2285 1144 2331 et
1168 2283 1464 2331 torrentem
1494 2273 1729 2338 Ccdron,
1765 2282 1819 2328 et
1855 2271 2031 2327 locum

449 2367 632 2439 anguli
685 2375 855 2437 portat
902 2381 1165 2436 equorum
1217 2364 1494 2420 orientalis
1535 2379 1550 2418 :
1597 2372 1653 2419 et
1699 2363 1772 2418 ibi
1823 2362 2029 2428 dicunt,

450 2457 822 2516 sanctuarium
855 2455 1091 2521 Domini,
1121 2455 1178 2512 id
1207 2465 1313 2522 est,
1345 2455 1604 2526 templum
1647 2469 1768 2509 esse
1797 2453 2033 2508 conden-

448 2547 580 2603 dum
627 2561 1052 2616 mansurumque
1103 2547 1157 2600 in
1203 2551 1542 2616 perpetuum.
1575 2542 1730 2610 Quod
1757 2543 1884 2612 quia
1909 2551 2034 2614 post

449 2637 817 2708 captivitatem
869 2635 1198 2706 temporibus
1247 2634 1543 2691 Zorobabel
1610 2643 1666 2689 et
1732 2635 1885 2688 Ezrze
1925 2648 2031 2689 non

447 2735 676 2798 possunt
699 2733 1002 2782 monstrare
1037 2725 1386 2796 completum,
1419 2733 1704 2780 transerunt
1733 2725 1800 2778 ad
1827 2723 2031 2780 Christi

447 2827 714 2888 tempore,
737 2833 896 2888 quem
918 2819 972 2873 in
999 2817 1462 2874 consummatione
1491 2816 1673 2872 mundi
1708 2816 1892 2872 dicunt
1913 2831 2034 2872 esse

444 2920 751 2971 venturum.
798 2919 859 2966 ut
901 2926 1063 2966 aurea
1097 2920 1257 2980 atque
1297 2915 1561 2980 gemmata
1593 2907 1746 2977 juxta
1773 2907 2034 2978 Apocaly-

445 3003 586 3074 psim
628 3001 851 3057 Joannis
897 3001 1187 3074 descendat
1223 2999 1596 3054 Hierusalem:
1636 3007 1692 3052 et
1731 2999 1835 3053 hoc
1874 3005 2033 3052 terra:

445 3072 645 3162 spatio,
679 3092 780 3146 hoc
820 3101 925 3158 est,
965 3092 1033 3146 ab
1055 3072 1158 3146 'illo
1197 3089 1316 3162 loco
1350 3103 1522 3160 usque
1562 3091 1628 3144 ad
1667 3088 1813 3142 illum
1854 3086 2028 3142 locum

445 3160 745 3234 rediﬁcetur
770 3194 870 3248 per
904 3160 1400 3249 circuitmn'(Apoc.
1433 3177 1567 3247 χχι).
1607 3175 2029 3246 Suspicationis-

445 3281 554 3336 quo
615 3281 728 3321 suae
784 3268 924 3321 hanc
995 3267 1237 3320 aurulam
1306 3266 1522 3336 capiunt
1551 3307 1566 3330 ,
1608 3265 1751 3334 quod
1805 3280 1835 3318 a
1882 3272 2033 3319 turre

447 3357 704 3422 Anathot,
737 3373 857 3426 quae
897 3357 1056 3412 hodie
1085 3356 1384 3427 appellatur
1425 3355 1693 3421 Jeremite,
1748 3357 1922 3411 tribus
1963 3355 2033 3410 ab

449 3445 788 3502 Hierusalem
841 3444 1077 3500 millibus
1111 3454 1359 3516 separata
1409 3462 1578 3516 usque
1620 3447 1690 3502 ad
1738 3455 2031 3502 torrentem

449 3538 683 3602 Ccdron,
713 3537 808 3608 qui
835 3537 1094 3592 scribitur
1141 3537 1196 3592 in
1226 3537 1516 3606 Evangelio
1553 3537 1734 3608 (Joan.
1769 3537 1948 3608 xviu),
1979 3538 2031 3592 id

447 3634 556 3692 est,
601 3625 656 3680 in
706 3623 844 3680 valle
883 3622 1173 3694 Josaphat,
1215 3623 1306 3679 ubi
1353 3625 1542 3681 hortus
1584 3632 1720 3689 erat,
1767 3625 1821 3680 in
1849 3641 1954 3697 quo
1979 3633 2034 3680 et

447 3719 619 3775 Judas
652 3717 898 3788 proditor
931 3717 1156 3773 tradidit
1180 3715 1540 3784 Salvatorem,
1567 3717 1807 3774 civitatis
1841 3717 2034 3772 funda-

449 3817 628 3866 menta
654 3809 950 3878 jaciantur.
993 3807 1244 3874 Lecturi,
1276 3807 1560 3876 inquiunt,
1591 3823 1779 3864 sumus
1815 3808 1868 3862 in
1905 3823 2033 3862 con-

449 3908 798 3979 sequentibus
819 3906 1116 3962 Anamehel
1139 3905 1305 3960 lilium
1335 3903 1515 3960 Salom
1545 3904 1838 3984 patruelem
1869 3903 2034 3959 fuisse

445 3997 717 4063 Jeremite,
744 3997 898 4068 cujus
931 3996 1064 4052 emit
1096 4011 1304 4065 agrum.
1337 3995 1403 4050 Et
1429 3995 1545 4051 haec
1567 4003 1652 4053 est
1701 3994 1866 4051 turris
1891 3994 2035 4049 Ana-

451 4089 632 4157 nehel,
682 4089 993 4161 ignorantes
1041 4085 1364 4142 Hebraicam
1395 4087 1696 4143 veritatem.
1741 4086 1840 4142 llic
1886 4084 2030 4140 enim

443 4185 600 4254 juxta
639 4181 966 4238 chraicum
1002 4180 1259 4236 scribitur
1303 4195 1334 4234 a
1383 4188 1535 4235 turre
1569 4177 1845 4233 Ananehel
1882 4193 1979 4246 per
2002 4190 2028 4237 η

447 4274 700 4330 videlicet
729 4273 960 4328 mediam
1002 4271 1259 4335 litteram,
1294 4271 1369 4326 ibi
1416 4280 1596 4326 autem
1628 4287 1640 4323 :
1673 4287 1692 4320 ‹
1720 4268 1858 4324 Ecce
1883 4267 2022 4322 Ana-

447 4364 624 4420 mehel
677 4361 818 4418 illius
861 4361 1064 4418 Selium
1104 4361 1366 4432 patruelis
1410 4368 1533 4416 tuus
1563 4361 1746 4416 veniat
1793 4361 1862 4415 ad
1893 4367 1964 4424 te,
2001 4377 2020 4411 ι

2131 1903 2221 1958 tite
2275 1909 2619 1958 transeuntes
2643 1941 2659 1965 ,
2721 1899 2865 1955 intra
2915 1913 3188 1954 mensura:
3237 1895 3478 1954 caelestis
3526 1915 3723 1955 nume-

2130 2007 2251 2048 rum
2277 2005 2385 2047 non
2417 1997 2561 2046 sunt.
2593 1987 2864 2063 (Hieron)
2901 2007 2921 2041 ι
2950 1988 3018 2044 Et
3048 1988 3319 2053 circuibit,
3349 1989 3546 2060 inquit,
3581 1987 3726 2044 Goa-

2133 2083 2244 2149 tha,
2282 2102 2302 2136 ι
2331 2097 2433 2154 pro
2479 2096 2587 2154 quo
2615 2080 2954 2151 interpretati
2989 2088 3116 2135 sunt
3141 2079 3522 2150 Septuaginta,
3571 2098 3592 2130 ι
3627 2095 3727 2150 per

2131 2188 2346 2245 gyrum,
2379 2193 2398 2225 ι
2453 2171 2644 2226 electis
2677 2170 2964 2240 lapidibus.
2999 2170 3090 2238 qui
3118 2169 3414 2225 volvuntur
3447 2185 3616 2240 super
3646 2169 3724 2224 fa-

2131 2264 2268 2320 ciem
2309 2272 2492 2328 terrm,
2522 2270 2578 2318 et
2606 2257 2848 2332 angulari
2889 2259 3067 2330 lapide
3131 2261 3610 2330 constringuntur,
3641 2261 3724 2316 di-

2132 2365 2288 2414 cente
2321 2355 2566 2426 apostolo
2588 2355 2780 2410 Petro:
2811 2371 2830 2404 ι
2861 2353 2929 2408 Et
2954 2354 3055 2424 ipsi
3084 2363 3340 2426 tanquam
3366 2355 3576 2426 lapides
3611 2357 3722 2412 vivi

2131 2447 2634 2520 supermdillcamini
2659 2447 2851 2502 domos
2876 2446 3167 2516 spiritales,
3203 2447 3570 2501 sacerdotium
3599 2463 3726 2502 san-

2132 2549 2302 2606 ctum,
2339 2538 2628 2595 offerentes
2667 2538 2938 2609 spiritales
2977 2539 3216 2603 hostias,
3258 2547 3314 2592 ct
3357 2540 3724 2608 acceptabiles

2131 2633 2243 2688 Deo
2267 2645 2367 2702 per
2389 2629 2573 2685 Jesum
2599 2629 2872 2686 Christum
2924 2627 2976 2684 (1
2999 2627 3122 2682 Pet.
3152 2627 3236 2699 ιι).
3274 2647 3292 2680 ι
3355 2648 3375 2680 ι
3413 2625 3481 2683 Et
3501 2644 3724 2684 onmem

2131 2721 2348 2787 vallem,
2373 2721 2570 2790 inquit,
2595 2719 2908 2791 Phagarim,
2941 2739 2960 2772 ›
3000 2719 3145 2790 quod
3175 2719 3568 2788 interpretatur
3603 2719 3720 2772 rui-

2133 2829 2354 2880 narum;
2405 2819 2462 2869 et
2505 2813 2736 2877 cineres,
2760 2812 3083 2867 subauditur
3122 2810 3394 2866 circuibit.
3445 2811 3518 2867 Ut
3545 2827 3724 2882 quan-

2131 2917 2293 2974 quam
2344 2901 2503 2958 nobis
2545 2902 2827 2956 videamur
2872 2901 2926 2954 in
2975 2900 3226 2965 collibus,
3275 2908 3458 2954 tamen
3505 2914 3723 2970 semper

2131 2994 2418 3048 timeamus
2463 2991 2649 3047 ruinas
2673 2999 2727 3046 et
2761 2989 3166 3046 consideremus
3200 2989 3436 3053 cineres,
3467 2997 3524 3044 et
3547 2990 3724 3059 peni-

2135 3073 2311 3139 tentes
2353 3082 2597 3138 dicamus
2625 3096 2746 3136 cum
2773 3079 2941 3136 David
2985 3097 3000 3136 :
3047 3099 3065 3132 ‹
3113 3079 3249 3146 Quia
3289 3080 3530 3135 cinerem
3561 3080 3722 3150 quasi

2135 3190 2329 3247 panem
2360 3173 2677 3228 manducavi
2705 3180 2760 3228 et
2784 3172 3034 3242 poculum
3078 3187 3260 3226 meum
3299 3187 3424 3226 cum
3455 3169 3582 3225 ﬂetu
3619 3171 3724 3224 mi-

2133 3267 2350 3322 scebam
2397 3263 2568 3332 (Paul.
2617 3263 2715 3334 cx).
2759 3283 2777 3317 ι
2827 3263 2977 3320 Unde
3027 3271 3082 3317 et
3121 3263 3432 3334 jacentibus
3488 3263 3719 3318 dicitur:

2139 3375 2158 3407 σ
2202 3355 2452 3425 Nunquid
2473 3354 2564 3425 qui
2587 3354 2754 3417 cadit,
2783 3369 2890 3408 non
2917 3353 3168 3423 resurgit,
3202 3352 3335 3408 dicit
3363 3353 3673 3407 Dominus?
3696 3371 3715 3406 ι

2134 3446 2270 3517 (Jer.
2293 3444 2412 3517 vni)
2459 3461 2478 3496 ι
2516 3444 2581 3499 Et
2619 3443 2952 3507 universum,
2993 3441 3187 3511 inquit,
3220 3441 3543 3508 Sademoth,
3575 3443 3721 3512 quod

2135 3553 2232 3594 nos
2261 3539 2521 3593 vertimus
2563 3537 2618 3591 in
2663 3537 2923 3606 regionem
2965 3536 3166 3600 mortis,
3210 3550 3374 3590 unum
3420 3549 3616 3590 nomen
3667 3535 3720 3588 in

2132 3632 2238 3686 duo
2265 3629 2426 3685 verba
2455 3629 2755 3684 dividentes
2778 3637 2866 3686 “no
2901 3627 3044 3696 quod
3071 3625 3272 3681 dicitur
3309 3625 3478 3696 regio,
3509 3633 3565 3680 et
3601 3635 3722 3685 rm:

2133 3724 2278 3794 quod
2322 3723 2708 3790 interpretatur
2755 3719 2985 3781 mortis,
3031 3733 3128 3788 pro
3167 3733 3274 3787 quo
3315 3716 3512 3788 Aquila
3556 3717 3722 3771 vertit

2133 3811 2464 3878 suburbana,
2502 3810 2616 3865 sive
2648 3824 2780 3864 arva
2815 3817 2872 3864 et
2903 3825 3049 3863 rura.
3101 3807 3272 3879 Regio
3297 3817 3478 3863 autem
3505 3808 3717 3873 mortis,

2135 3902 2284 3973 regio
2315 3907 2658 3973 peccatorum
2688 3908 2793 3964 est,
2827 3907 2884 3954 et
2927 3899 3260 3963 suburbana,
3293 3900 3444 3969 regio
3469 3901 3718 3970 volupta-

2133 4004 2270 4061 tum,
2298 4011 2419 4066 qua:
2462 3994 2637 4066 pergit
2675 4007 2847 4062 usque
2894 3992 2962 4047 ad
3009 4000 3304 4047 torrentem
3347 3991 3581 4054 Ccdron,
3625 3993 3720 4046 ubi

2135 4089 2368 4142 traditus
2419 4094 2502 4141 cst
2551 4085 2846 4149 Dominus,
2890 4084 2982 4153 qui
3028 4083 3418 4152 interpretatur
3461 4083 3717 4138 lenelirm.

2133 4176 2267 4231 Vide
2294 4183 2494 4244 quanta
2519 4174 2714 4230 habeat
2742 4173 2857 4229 loca
2877 4172 3118 4228 Ecclesia
3157 4189 3170 4224 :
3209 4180 3264 4226 et
3289 4173 3563 4242 quomodo
3587 4172 3720 4228 illud

2132 4266 2494 4337 Apostolicum
2512 4307 2528 4331 ,
2560 4286 2577 4318 ι
2608 4274 2668 4320 ut
2695 4267 2765 4321 sit
2791 4265 2908 4320 sine
2935 4265 3142 4320 macula
3163 4305 3177 4330 ,
3202 4273 3259 4320 et
3287 4281 3417 4336 ruga
3437 4307 3452 4331 ,
3500 4285 3520 4318 ι
3554 4267 3606 4321 in
3634 4266 3722 4322 fu.

2134 4365 2284 4420 turo,
2319 4364 2374 4412 et
2416 4356 2472 4411 in
2518 4355 2830 4412 coelestibus
2877 4364 3208 4410 reservetur.
3254 4356 3424 4412 Audis
3467 4360 3717 4431 angulos,

445 4470 545 4524 per
589 4454 820 4510 mediam
880 4463 932 4514 ω
977 4451 1231 4507 litteram.
1279 4451 1598 4508 lnvocantcs
1640 4453 1803 4523 igitur
1841 4453 2023 4508 Domi-
2055 4476 2104 4535 ι)
2130 4445 2285 4501 audis
2313 4447 2573 4512 scabiem,
2596 4446 2751 4502 audis
2783 4447 2986 4511 ruinas,
3017 4454 3070 4502 et
3100 4446 3332 4514 cineres,
3363 4457 3419 4504 et
3442 4451 3717 4521 regionem

449 4557 576 4596 num
635 4541 996 4605 salvatorem,
1049 4541 1140 4610 qui
1201 4541 1362 4596 habet
1423 4541 1626 4596 clavem
1677 4541 1880 4604 David,
1931 4541 2022 4610 qui

449 4632 622 4701 aperit
649 4640 704 4686 et
733 4646 890 4686 nemo
917 4631 1136 4696 claudit,
1169 4639 1222 4687 et
1252 4632 1344 4702 qui
1372 4632 1592 4698 claudit,
1623 4641 1678 4687 et
1707 4647 1862 4687 nemo
1901 4645 2026 4701 ape-

450 4723 520 4777 rit
561 4721 744 4792 (Apoc.
775 4721 884 4792 ιιι),
937 4723 1028 4792 qui
1069 4725 1340 4794 signatum
1387 4738 1602 4792 quoque
1642 4722 1792 4778 Isaiae
1829 4724 2026 4777 librum

449 4823 503 4868 et
529 4812 768 4869 omnium
795 4813 1179 4883 prophetarum
1210 4813 1442 4883 aperuit,
1469 4821 1524 4867 et
1565 4813 1925 4866 adoravcrunt
1951 4813 2028 4866 vi-

449 4907 583 4978 ginti
608 4912 840 4976 quatuor
860 4904 1120 4970 seniores,
1149 4912 1393 4960 tenentes
1417 4906 1692 4976 cytharas,
1716 4905 1858 4973 quod
1883 4904 2028 4960 solus

449 4996 685 5071 potuerit
707 4994 888 5050 divina
913 5009 1164 5051 reserare
1189 4995 1470 5065 mysteria,
1505 4994 1881 5065 aggrediamur
1906 4995 2028 5050 tedi-

451 5087 630 5143 tlcium
667 5085 920 5150 civitatis,
950 5084 1018 5139 ad
1043 5099 1202 5155 quam
1248 5085 1594 5155 pmpheticus
1624 5099 1804 5139 sermo
1844 5085 2028 5157 dirigi-

447 5185 572 5232 tur:
603 5195 622 5228 ι
655 5173 900 5232 Gloriosa
940 5174 1084 5230 dicta
1129 5165 1263 5229 sunt
1283 5174 1351 5230 de
1381 5183 1452 5239 te,
1485 5173 1677 5230 civitas
1705 5175 1798 5229 Dei
1850 5173 2022 5247 (Psal.

449 5261 702 5340 tixxxvl);
737 5285 758 5320 ‹
787 5268 890 5322 Et:
916 5285 936 5320 ι
964 5265 1199 5322 ﬂuminis
1234 5267 1464 5337 impetus
1491 5265 1724 5322 lzetiﬁcat
1753 5265 2026 5320 civitatem

451 5359 542 5412 Dei
573 5357 744 5430 (Paul.
770 5358 916 5430 xcv).
947 5378 966 5410 ›
993 5355 1318 5412 Ᾰῦᾶὶῆραιωί
1345 5357 1526 5428 itaque
1548 5357 1785 5412 Ecclesia
1816 5372 1845 5410 a
1879 5365 2028 5412 turre

448 5439 753 5504 obedientic
777 5449 889 5504 sive
917 5449 1120 5520 gratim,
1147 5457 1202 5506 et
1225 5448 1482 5504 donorum
1529 5448 1654 5521 (hoc
1682 5449 1826 5504 enim
1857 5449 2025 5503 inter-

449 5545 690 5608 pretatur
716 5537 1036 5612 Anauehel),
1077 5555 1249 5612 usque
1283 5541 1351 5596 ad
1377 5547 1596 5611 portant
1634 5539 1811 5610 anguli
1847 5557 1861 5590 :
1903 5553 2023 5608 quae

449 5635 575 5682 licet
599 5629 844 5684 videatur
865 5629 1076 5686 initium
1095 5627 1296 5686 habere
1319 5632 1566 5698 sublime,
1583 5631 1814 5702 quandiu
1837 5629 1889 5684 in
1917 5629 2019 5686 ista

448 5729 614 5772 carne
634 5717 999 5804 consistimus,
1027 5728 1232 5774 rectam
1257 5721 1506 5778 veritatis
1539 5721 1734 5794 lineam
1762 5735 1866 5774 non
1896 5734 2021 5788 pos-

2132 4537 2324 4592 mortis
2339 4579 2352 4600 ,
2379 4546 2435 4591 et
2456 4535 2734 4602 tenebras,
2757 4543 2812 4592 et
2831 4537 2897 4592 de
2922 4545 3014 4592 tua
3032 4537 3234 4594 virtute
3249 4580 3266 4606 ,
3287 4547 3342 4595 et
3361 4540 3717 4612 impeccantia

2133 4627 2422 4698 gloriaris?
2455 4626 2696 4696 Denique
2723 4625 3006 4696 sequitur:
3037 4643 3058 4680 r
3084 4627 3153 4682 Et
3172 4644 3343 4700 usque
3365 4631 3434 4686 ad
3457 4633 3714 4702 angulum

2131 4729 2330 4790 portat:
2357 4737 2374 4771 ι
2401 4728 2455 4774 et
2473 4718 2562 4774 hic
2586 4717 2832 4790 angulus,
2852 4733 2920 4773 ne
2941 4717 3049 4774 ulla
3073 4736 3199 4776 vera
3217 4721 3445 4792 iustitia,
3481 4740 3549 4780 ne
3572 4737 3716 4781 certa

2132 4811 2357 4866 victoria
2408 4811 2462 4864 in
2506 4811 2612 4865 isto
2657 4809 2853 4865 saeculo
2878 4809 3296 4868 demonstretur.
3339 4813 3459 4885 Ipse
3499 4833 3714 4887 quoque

2137 4901 2364 4970 angulus
2397 4909 2568 4972 portae
2593 4917 2901 4974 quanquam
2935 4902 3006 4957 sit
3030 4903 3330 4969 orientalis,
3359 4906 3504 4960 unde
3533 4907 3710 4964 lumen

2132 4992 2422 5062 egreditur,
2468 4999 2648 5046 tamen
2687 5005 2949 5061 equorum
2995 4991 3314 5061 appellatur,
3367 5003 3428 5048 ut
3473 4995 3712 5068 indigere

2131 5097 2232 5138 nos
2271 5083 2462 5139 doceat
2501 5099 2663 5139 cursu
2709 5093 2872 5154 atque
2900 5083 3196 5140 certamine
3223 5102 3236 5137 :
3262 5093 3314 5140 et
3347 5087 3562 5142 tandem
3589 5105 3707 5144 cum

2132 5172 2357 5227 Domino
2395 5173 2582 5228 audire
2609 5185 2952 5227 mereamur:
2985 5190 3004 5224 ι
3031 5173 3334 5230 Ascendisti
3369 5189 3537 5245 equos
3568 5187 3707 5244 tuos,

2127 5273 2182 5318 et
2199 5264 2458 5334 equitatio
2471 5272 2558 5319 tua
2581 5264 2744 5320 salus.
2759 5284 2776 5316 ι
2793 5261 2851 5318 In
2867 5273 3022 5334 porta
3041 5264 3314 5334 orientali,
3331 5267 3383 5322 in
3401 5277 3558 5340 porta
3578 5285 3707 5340 qua-

2133 5353 2404 5423 drigarum
2451 5353 2806 5409 sanctificatio
2835 5355 3046 5410 Domini
3083 5363 3187 5421 est,
3219 5365 3278 5411 ut
3303 5365 3430 5414 tunc
3463 5373 3558 5414 nos
3583 5375 3704 5430 per-

2133 5443 2302 5499 fectos
2327 5443 2688 5509 arbitremur,
2709 5445 2925 5514 quando
2951 5435 3249 5502 diierimus
3275 5447 3344 5502 ad
3381 5443 3700 5506 Dominum:

2137 5552 2156 5583 «
2177 5533 2379 5590 Currus
2391 5533 2485 5588 Dei
2509 5535 2692 5590 decem
2707 5533 2872 5589 millia
2895 5535 3170 5607 multiplex
3193 5537 3356 5593 millia
3379 5539 3698 5604 laetantium;

2129 5624 2390 5680 Dominus
2415 5623 2471 5680 in
2503 5623 2581 5679 eis
2607 5621 2777 5695 (Psal.
2805 5623 2992 5688 vau).
3025 5645 3041 5677 ι
3072 5625 3375 5682 Istiusmodi
3423 5627 3700 5684 mdilicatlo

2127 5731 2246 5786 qua:
2283 5729 2445 5784 super
2485 5714 2891 5772 l'umlamentum
2924 5716 3120 5774 Christi
3161 5719 3335 5789 posita
3367 5727 3470 5784 est,
3501 5721 3565 5776 de
3590 5735 3692 5790 qua
