3970 6190
315 249 448 305 1οᾇ9

1229 245 1591 302 ΕΧΡΟΞΙΤΙΟ
1631 246 1858 303 SUPER
1893 248 2260 303 JEBEMIAM.
2296 279 2367 290 —
2403 238 2531 304 LIB.
2569 250 2682 305 XII.

3430 258 3452 312 1
3463 260 3568 313 050

306 363 549 433 loquitur
582 368 638 415 et
660 360 989 430 Apostolus:
1022 378 1038 412 ε
1073 358 1144 414 Ut
1171 361 1391 429 sapiens
1413 361 1742 416 architeCtus
1762 358 1889 413 fun-
1918 334 2113 424 A'sum
2139 360 2438 427 Chaldaeos,
2467 354 2599 416 nihil
2627 377 2944 433 prosperum
2980 364 3286 421 habebitis:
3317 388 3337 420 ›
3384 368 3439 423 in
3468 368 3567 425 Se-

307 457 625 510 damentum
642 444 795 520 posui
820 443 907 522 (ll
926 449 1050 505 Cor.
1070 450 1207 523 111),»
1234 466 1519 521 nunquam
1552 452 1883 515 destruetur,

304 544 403 601 sed
419 542 733 598 manebitin
761 549 1101 611 perpetuum.
1121 541 1363 598 Obscura
1384 550 1438 597 et
1457 541 1689 598 difﬁcilia
1726 543 1888 597 latius

303 624 624 690 disserenda
674 642 817 693 sunt.
850 642 909 687 ut
931 633 1218 688 manifesta
1244 633 1460 689 brevius
1483 647 1883 702 percurramus.

860 745 1087 803 CAPUT
1125 746 1341 802 XXXII.

298 860 584 931 laciniae
616 859 674 913 in
704 875 931 931 carcere
977 859 1250 930 prophetat
1306 860 1579 916 Sedeciam
1631 864 1889 931 captiuum

377 928 675 983 ducendum
696 928 750 982 in
766 927 1101 998 Babylonem,
1127 940 1174 982 et
1195 931 1314 984 emit
1340 947 1522 998 agrum
1545 931 1603 984 in
1625 927 1854 986 Anathot
1866 949 1887 997 ;

290 1056 293 1057 ν
376 1002 501 1052 orat
522 998 617 1067 pro
639 998 833 1068 populo
874 1013 894 1053 :
930 1015 1101 1053 sermo
1125 998 1337 1053 Domini
1361 998 1426 1054 de
1453 1000 1693 1054 incendio
1725 1000 1888 1055 Jeru-

290 1086 293 1087 '
378 1066 546 1124 autem
568 1076 619 1122 et
641 1066 946 1122 liberatione
972 1069 1312 1139 captivorum.

381 1197 402 1228 ε
452 1174 684 1232 Verbum
716 1175 859 1244 quod
906 1173 1109 1230 factum
1156 1184 1239 1231 est
1273 1177 1341 1231 ad
1378 1176 1672 1233 Jeremiam
1724 1193 1755 1232 a
1781 1178 1891 1233 Do-

307 1286 328 1318 ο
379 1267 551 1330 mino,
582 1266 634 1320 in
671 1280 814 1320 anno
849 1266 1065 1321 decimo
1113 1266 1355 1348 Sedecize
1402 1269 1542 1338 regis
1581 1254 1742 1332 Inﬂa,
1776 1268 1892 1338 ipse

307 1376 328 1409 ι
377 1366 465 1412 est
539 1370 713 1410 annus
778 1362 1004 1410 octavus
1063 1356 1331 1410 decimus‘
1373 1354 1887 1412 Nabuchodonosor.

308 1466 328 1498 ι
382 1445 537 1500 Tunc
563 1446 839 1499 exercitus
881 1445 1026 1515 regis
1057 1444 1347 1515 Babylonis
1375 1447 1660 1502 obsidebat
1700 1446 1893 1501 Hieru-

308 1555 328 1586 c
381 1534 571 1598 salem,
601 1542 658 1588 et
676 1531 939 1589 Jeremias
962 1535 1220 1605 prepheta
1251 1544 1371 1590 erat
1417 1535 1633 1592 clausus
1670 1537 1723 1591 in
1753 1537 1894 1592 atrio

309 1643 328 1675 ι
381 1623 637 1688 carceris,
662 1623 754 1691 qui
793 1632 911 1676 erat
955 1623 1008 1676 in
1045 1622 1207 1678 domo
1245 1625 1390 1695 regis
1415 1623 1573 1680 Juda.
1612 1624 1893 1680 Clauserat

308 1735 330 1766 ‹
379 1713 524 1770 enim
552 1714 808 1769 Sedecias
838 1729 934 1769 rex
954 1712 1091 1769 Juda
1121 1715 1345 1772 dicens:
1370 1715 1550 1783 Quare
1576 1717 1894 1772 vaticinaris
1924 1707 1967 1765 Β

309 1825 329 1856 ι
380 1804 593 1860 dicens:
619 1803 744 1859 Haec
772 1803 903 1859 dicit
924 1804 1198 1859 Dominus.
1230 1824 1249 1857 ι
1276 1804 1545 1877 (meram)
1573 1805 1689 1860 Non
1719 1806 1890 1861 solum

304 1898 498 1958 verba,
545 1893 639 1948 sed
683 1901 738 1946 et
776 1906 942 1962 opera
1005 1893 1390 1963 prophetarum
1450 1895 1605 1950 nobis
1647 1895 1894 1965 exempla

305 1995 441 2039 sunt
487 1984 554 2038 ad
578 1984 857 2039 virtutem.
894 1984 1112 2040 Poterat
1151 1982 1414 2040 Jeremias
1456 2001 1712 2056 prospera
1757 2001 1897 2041 nun-

304 2075 474 2140 tiare,
509 2080 566 2129 et
603 2073 745 2145 regis
790 2072 1031 2128 Sedecite
1078 2072 1183 2127 frui
1227 2074 1486 2139 amicitia,
1526 2074 1620 2130 sed
1664 2074 1897 2130 malebat

306 2165 425 2220 Deo
451 2163 623 2236 magis
651 2163 872 2219 obedire
892 2179 1053 2234 quam
1085 2164 1417 2230 hominibus,
1444 2173 1498 2220 et
1523 2166 1571 2219 ei
1598 2166 1691 2235 qui
1717 2172 1898 2235 potest

304 2266 366 2311 et
392 2257 629 2310 animam
658 2263 715 2310 et
741 2270 939 2325 corpus
967 2255 1218 2310 occidere
1255 2256 1309 2309 in
1336 2257 1598 2327 gehenna,
1631 2250 1794 2326 quam
1821 2255 1898 2312 illi

305 2348 405 2420 qui
451 2354 660 2401 tantum
713 2347 767 2400 in
807 2360 1004 2416 corpus
1050 2345 1251 2401 habere
1296 2332 1513 2417 poterat
1550 2354 1894 2417 potestatem.

307 2442 380 2496 Et
422 2441 528 2496 hoc
570 2439 1025 2496 considerandum
1072 2441 1218 2511 quod
1266 2441 1510 2496 decimus
1558 2456 1734 2515 annus
1781 2450 1901 2497 erat

311 2532 465 2604 regni
497 2531 736 2588 Sedeciaa
776 2530 999 2587 obsessa
1038 2531 1151 2600 jam
1197 2530 1554 2599 Hierusalem,
1597 2541 1653 2590 et
1698 2534 1897 2605 gladio,

309 2624 477 2689 fame,
515 2640 580 2680 ac
617 2632 770 2693 peste
796 2631 1139 2693 consumpta,
1182 2632 1239 2678 et
1266 2624 1578 2693 captivitate
1605 2624 1810 2691 vicina,
1845 2632 1900 2679 et

311 2726 498 2770 tamen
547 2713 801 2769 Sedecias
842 2721 1054 2783 perstat
1104 2714 1158 2768 in
1207 2712 1495 2781 sententia,
1543 2722 1600 2768 et
1644 2730 1710 2770 ex
1744 2726 1901 2785 parte

312 2807 497 2876 aliqua
528 2805 673 2860 illius
718 2805 1004 2860 clementia
1061 2805 1478 2869 demonstratur,
1525 2804 1668 2875 quod
1697 2820 1902 2875 nequa-

311 2912 479 2968 quam
510 2911 633 2952 eum
658 2895 721 2950 in
746 2908 988 2959 carcere,
1025 2894 1121 2949 sed
1167 2894 1221 2948 in
1251 2894 1517 2950 vestibulo
1551 2894 1756 2950 recludi
1778 2893 1899 2963 jus-

311 2982 450 3043 serit
477 2985 749 3051 carceris,
781 2983 950 3039 libera
974 2982 1225 3039 videlicet
1259 2983 1529 3049 custodia,
1559 2991 1617 3037 ut
1641 2998 1747 3037 non
1778 2999 1902 3052 pos-

312 3088 400 3133 set
443 3076 709 3147 effugere,
759 3074 914 3147 quasi
959 3091 1067 3130 non
1109 3076 1286 3129 omnis
1330 3075 1663 3131 Hierusalem
1714 3074 1900 3131 clausa
1927 3054 1972 3116 Ο

318 3169 732 3234 munitionibus,
768 3167 1071 3223 communis
1106 3183 1295 3222 carcer
1334 3166 1498 3222 fuerit
1520 3167 1899 3223 habitantium.

315 3259 435 3329 ipse
466 3266 550 3313 est
579 3273 753 3313 annus
782 3257 1248 3312 duodevicesimus
1293 3258 1445 3327 regni
1474 3257 1903 3313 Nabuchodono-

315 3366 431 3414 sor,
469 3348 560 3419 qui
583 3357 777 3419 quarto
801 3363 943 3402 anno
968 3349 1110 3418 regis
1135 3346 1380 3403 Joachim
1418 3348 1562 3418 cepit
1593 3347 1898 3417 imperium.

314 3441 523 3498 Omnes
561 3449 740 3494 autem
786 3454 964 3495 causa:
1011 3439 1107 3493 im
1153 3439 1296 3510 regis
1324 3448 1481 3495 erant
1517 3455 1615 3493 cur
1651 3438 1904 3509 liquatur

313 3548 384 3587 ex
414 3530 507 3585 Dei
542 3529 779 3594 nomine,
806 3543 927 3598 qua:
960 3530 1012 3585 ei
1040 3528 1260 3584 fuerant
1295 3530 1579 3600 imperata.

396 3641 415 3673 ι
462 3622 602 3677 Ecce
630 3636 729 3693 ego
759 3621 897 3676 dabo
926 3621 1203 3676 civitatem
1236 3620 1394 3676 istam
1438 3621 1491 3674 in
1524 3635 1716 3674 manus
1759 3619 1904 3690 regis

323 3736 342 3766 ι
392 3713 699 3784 Babylonis,
725 3722 781 3768 et
825 3713 1005 3784 capiet
1029 3727 1173 3769 eam.
1204 3713 1274 3767 Et
1303 3711 1596 3768 Sedechias
1637 3728 1731 3768 rex
1766 3712 1903 3767 Juda

324 3827 345 3857 ι
394 3821 501 3860 non
531 3804 745 3874 effugiet
795 3805 862 3859 de
889 3819 1051 3858 manu
1081 3803 1478 3869 Chaldreorum,
1522 3804 1618 3858 sed
1663 3803 1906 3857 tradetur

323 3918 345 3947 ‹
396 3896 449 3949 in
477 3910 668 3951 manus
692 3895 834 3965 regis
857 3892 1176 3968 Babylonis,
1194 3904 1250 3951 et
1269 3894 1518 3966 loquetur
1545 3909 1608 3950 os
1633 3893 1750 3961 ejus
1780 3908 1903 3948 cum

324 4011 344 4039 ι
393 4002 488 4042 ore
523 3986 697 4053 illius,
726 3996 781 4041 et
835 3987 976 4042 oeuli
1022 3986 1139 4057 ejus
1185 3986 1370 4043 oculos
1424 3985 1567 4042 illius
1623 3986 1900 4041 videbunt.

322 4098 343 4129 ι
394 4078 460 4132 Et
493 4079 547 4133 in
578 4078 902 4151 Babylonem
931 4079 1091 4135 ducet
1136 4079 1439 4145 Sedeciam,
1479 4088 1533 4135 et
1565 4079 1637 4135 ibi
1669 4080 1774 4134 erit
1803 4079 1903 4133 do—

328 4188 349 4220 ι
396 4184 496 4223 nec
525 4168 738 4223 visitem
775 4183 899 4224 eum
921 4209 937 4234 ,
968 4170 1043 4223 ait
1070 4170 1348 4225 Dominus.
1379 4169 1532 4237 Quod
1563 4169 1608 4224 si
1636 4182 1906 4240 pugnave-

326 4279 346 4309 ι
398 4258 518 4313 ritis
544 4267 733 4313 contra
755 4257 1058 4325 Chaldaeos,
1082 4259 1216 4314 nihil
1234 4275 1551 4330 prosperum
1580 4260 1899 4314 habebitis.»

325 4369 346 4399 ι
397 4347 522 4403 Haec
550 4356 667 4404 erat
691 4364 856 4404 causa
887 4349 981 4404 ira:
1010 4349 1198 4420 regiae,
1237 4365 1407 4420 quare
1444 4350 1727 4420 prmferret
1754 4364 1906 4403 men-

1985 452 2266 523 ptuaginta
2314 467 2423 507 non
2468 454 2717 508 habetur.
2788 453 3196 524 Prudenterque
3245 461 3569 515 sententiam

1987 541 2328 611 temperavit,
2355 556 2476 611 quae
2503 542 2571 595 ad
2596 542 2792 596 bonam
2819 551 2875 597 et
2913 543 2982 596 ad
3009 543 3206 597 malam
3230 553 3441 613 partem
3480 562 3564 601 re-

1988 629 2115 686 ferri
2166 638 2363 701 potest.
2404 630 2656 686 Visitatio
2701 633 2869 698 enim,
2917 641 2975 687 ut
3013 648 3154 703 smpe
3187 632 3301 702 jam
3342 635 3477 701 dixi,
3516 646 3573 691 et

1988 720 2409 776 consolationem
2435 721 2705 790 significat
2728 730 2783 776 et
2801 723 3142 793 supplicium.

2064 830 2084 863 ι
2130 811 2196 866 Et
2223 811 2360 867 dixit
2394 810 2658 866 Jeremias
2686 829 2699 865 :
2726 812 2950 868 Factum
2982 823 3066 869 est
3092 816 3317 870 verbum
3359 817 3569 872 Domini

1994 925 2013 959 ι
2058 906 2260 968 Ἆάσωε,
2294 905 2515 960 dicens:
2540 905 2681 960 Ecce
2707 902 3005 960 Anamehel
3032 906 3175 962 filius
3214 890 3416 962 Selium
3447 907 3573 979 (sive

1994 1016 2015 1049 ε
2057 994 2265 1067 Sallon)
2294 995 2552 1066 patruelis
2582 1004 2704 1050 tuus
2731 993 2890 1067 (quod
2918 994 3175 1051 flebraice
3201 997 3396 1052 dicitur
3421 998 3569 1080 Tm)

1997 1104 2015 1137 ι
2056 1086 2242 1142 veniet
2260 1086 2328 1140 ad
2351 1094 2422 1149 te,
2440 1085 2657 1140 dicens:
2681 1086 2812 1139 Eme
2834 1084 2928 1139 tibi
2952 1101 3140 1156 agrum
3167 1088 3473 1158 meum,qui
3490 1097 3573 1143 est

1997 1196 2016 1227 ι
2062 1177 2114 1230 in
2139 1176 2378 1231 Anathot
2414 1193 2427 1229 :
2474 1176 2567 1230 tibi
2610 1175 2752 1230 enim
2782 1177 3041 1246 competit
3068 1191 3135 1231 ex
3174 1177 3573 1245 propinquitate

1997 1288 2014 1319 ι
2061 1269 2280 1337 emptio.
2317 1288 2336 1320 ι
2372 1265 2651 1324 Occultum
2686 1265 2752 1320 ad
2779 1265 3069 1321 Jeremiam
3101 1265 3298 1322 factum
3331 1269 3423 1322 Dei
3454 1283 3576 1323 esse

1991 1373 2296 1414 sermonem
2345 1373 2502 1413 nemo
2542 1359 2684 1414 scire
2708 1366 2923 1429 poterat
2947 1400 2961 1424 ,
2994 1358 3098 1413 nisi
3134 1357 3252 1426 ipso
3282 1358 3573 1423 indicante,

1991 1450 2057 1504 ad
2084 1450 2244 1520 quem
2274 1449 2447 1505 factus
2477 1450 2676 1515 fuerat,
2782 1450 3093 1520 praedicitur
3118 1424 3189 1513 ei,
3214 1450 3359 1519 quod
3383 1438 3577 1504 ventu-

1993 1556 2084 1594 rus
2112 1541 2184 1595 sit
2214 1541 2281 1595 ad
2318 1554 2442 1595 eum
2463 1538 2760 1596 Auamehel
2785 1539 3045 1611 patruelis
3084 1556 3234 1606 suus,
3274 1548 3329 1595 et
3366 1556 3579 1611 posses-

1994 1635 2200 1689 sionem
2234 1634 2349 1706 agri
2380 1634 2471 1703 qui
2519 1649 2649 1689 suus
2693 1630 2869 1689 fuerat
2896 1633 3195 1687 delaturos.
3241 1633 3371 1688 Esse
3398 1639 3578 1686 autem

1996 1724 2170 1794 ipsum
2219 1723 2395 1779 locum
2441 1725 2494 1778 in
2524 1725 2800 1779 Anathoth
2843 1724 2908 1779 de
2953 1722 3295 1789 suburbanis,
3327 1738 3446 1793 quae
3482 1718 3579 1775 'sa-

1995 1816 2303 1870 eerdotibus
2334 1831 2433 1886 per
2476 1816 2715 1885 singulas
2747 1816 2919 1869 tribus
2958 1824 3013 1869 et
3040 1814 3290 1869 civitates
3314 1813 3582 1868 dabantur

1994 1922 2061 1961 ex
2092 1906 2207 1977 lege
2229 1902 2419 1979 (Num.
2444 1898 2655 1978 xxvn):
2681 1920 2783 1961 nec
2805 1905 3012 1961 licitum
3042 1912 3159 1961 erat
3186 1892 3580 1973 possessionem

1996 1997 2061 2052 de
2085 1997 2228 2051 tribu
2269 1995 2502 2051 transire
2529 1996 2598 2051 ad
2624 1995 2845 2067 tribum,
2873 2009 2974 2051 nec
2992 1990 3066 2049 'de
3096 1992 3295 2047 familia
3327 1993 3394 2048 ad
3421 1992 3583 2047 aliam

1996 2086 2278 2142 familiam.
2316 2086 2469 2145 Unde
2505 2096 2561 2142 et
2604 2086 2726 2143 filiae
2757 2084 3030 2158 Salphaad
3072 2086 3345 2157 accipiunt
3378 2095 3581 2141 sortem

1996 2181 2138 2235 inter
2180 2178 2379 2235 fratres
2404 2194 2533 2235 suos
2556 2179 2740 2254 (Lavit.
2766 2178 2893 2252 xxv)
2921 2196 2935 2232 :
2968 2179 3347 2251 pnecipueque
3389 2181 3584 2235 subur-

1995 2269 2136 2325 bana
2166 2270 2508 2325 sacerdotum
2539 2270 2669 2325 nulli
2700 2269 2790 2325 alii
2818 2264 3068 2340 poterant
3090 2266 3387 2324 venundari
3413 2266 3585 2340 usque

1998 2361 2065 2416 ad
2112 2376 2311 2415 annum
2358 2358 2695 2416 remissionis
2748 2361 2852 2415 nisi
2906 2362 2955 2415 ei
3002 2375 3163 2431 quem
3211 2361 3585 2432 propinquitas

1999 2449 2277 2518 sanguinis
2306 2451 2614 2519 expetebat.
2666 2450 2822 2506 Venit
2866 2465 2997 2522 ergo
3045 2449 3113 2505 ad
3159 2465 3283 2504 eum
3325 2449 3586 2520 patruelis

2000 2540 2170 2596 frater
2192 2555 2344 2607 suus,
2368 2549 2423 2595 et
2447 2538 2605 2596 offert
2630 2541 2980 2611 emptionem,
3011 2555 3132 2610 quae
3161 2540 3237 2595 illi
3269 2555 3337 2595 ex
3366 2539 3587 2611 propin-

2000 2633 2209 2703 quitate
2273 2631 2518 2696 debetur,
2560 2628 2812 2686 llelchias
2855 2639 2909 2686 et
2958 2630 3158 2686 Sellum
3193 2629 3391 2685 fratres
3436 2629 3586 2684 fuere

2000 2721 2265 2795 germani.
2297 2721 2535 2777 llelchize
2562 2721 2704 2776 ﬁlius
2719 2718 3017 2777 Jeremias:
3043 2720 3246 2791 Sellum
3267 2719 3584 2774 Anamehel.

1999 2813 2256 2869 llelehias
2292 2812 2682 2882 interpretatur
2703 2825 2831 2881 pars
2860 2810 3093 2875 Domini,
3124 2809 3387 2865 Jeremias
3423 2808 3589 2864 subli-

2000 2903 2165 2957 mitas
2209 2900 2443 2955 Domini.
2493 2900 2768 2970 Recteque
2820 2894 3046 2954 altitudo
3076 2898 3289 2954 Domini
3336 2898 3402 2954 de
3435 2907 3589 2969 parte

2004 2993 2218 3050 Domini
2261 2992 2520 3048 nascitur.
2571 2990 2773 3045 Selium
2812 3006 2943 3046 vero
2984 2986 3038 3045 in
3071 2990 3312 3061 linguam
3345 2996 3586 3044 nostram

2003 3085 2233 3140 vertitur
2275 3098 2401 3153 pax,
2452 3082 2567 3136 sive
2607 3066 3235 3151 pacificus;Anamehel
3277 3079 3475 3133 donum
3503 3077 3590 3131 vel

2003 3176 2178 3249 gratia
2208 3175 2324 3230 Dei.
2355 3173 2466 3230 Nec
2493 3173 2831 3236 mirabimur,
2870 3172 3015 3242 quod
3045 3170 3147 3226 sibi
3192 3184 3298 3239 pax
3324 3164 3592 3238 jungatur

2002 3276 2057 3322 et
2084 3264 2279 3337 gratia,
2304 3279 2426 3320 cum
2458 3263 2621 3316 etiam
2649 3260 3083 3331 Apostolicarum
3118 3258 3463 3330 epistolarum
3490 3257 3593 3312 hoc

2002 3355 2329 3425 principium
2370 3352 2479 3408 sit:
2511 3370 2528 3401 ε
2566 3350 2751 3406 Gratia
2798 3351 2951 3406 vobis
2998 3358 3053 3406 et
3096 3366 3201 3420 pax
3252 3347 3434 3421 (Rom.
3466 3348 3528 3418 ι).
3566 3367 3585 3400 ι

2002 3447 2244 3501 Primum
2274 3460 2404 3515 ergo
2442 3458 2627 3513 pacem
2678 3458 2952 3497 meremur
2994 3440 3110 3507 Dei,
3161 3450 3216 3497 et
3252 3449 3375 3511 post
3397 3455 3587 3510 pacem

2004 3532 2161 3592 nobis
2189 3537 2362 3609 gratia
2391 3536 2633 3589 nascitur
2659 3549 2778 3603 quae
2806 3548 2915 3588 non
2949 3534 3001 3587 in
3030 3533 3374 3602 possidentis,
3402 3531 3496 3587 sed
3537 3532 3588 3586 iu

2003 3627 2259 3682 donantis
2284 3624 2509 3678 arbitrio
2539 3631 2640 3677 est.
2674 3621 2861 3676 Defert
2887 3630 3069 3676 autem
3101 3621 3431 3691 emptionem
3468 3635 3591 3691 gra-

2004 3718 2135 3771 tiam
2177 3715 2273 3770 Dei
2318 3713 2415 3779 illi,
2458 3714 2549 3782 qui
2590 3712 2643 3766 in
2673 3712 2992 3767 sublimibus
3026 3710 3323 3766 collocatus
3351 3717 3436 3765 est
3480 3727 3492 3762 :
3534 3720 3595 3762 ut

2004 3807 2251 3877 quamvis
2285 3804 2532 3860 videatur
2570 3803 2836 3867 excelsus,
2883 3810 3063 3855 tamen
3107 3801 3277 3871 gratia
3307 3801 3401 3854 Dei
3451 3800 3592 3854 indi-

2004 3906 2146 3969 goat.
2176 3896 2306 3950 illud
2336 3895 2479 3964 quod
2518 3894 2572 3947 in
2597 3894 2823 3948 Cantico
2852 3908 2994 3961 sazpe
3020 3901 3269 3946 cantatur
3293 3907 3323 3945 a
3357 3906 3588 3960 sponsa:

2010 4011 2027 4040 ε
2052 3987 2348 4043 Fratruelis
2363 4000 2514 4040 meus
2534 3983 2800 4057 (Cent.v),
2826 4004 2844 4034 ι
2864 3983 2914 4037 id
2930 3982 3076 4049 ρεςμὸ
3098 3981 3374 4055 ἀδελφιδέος
3394 3989 3517 4054 μοῡ.
3538 3982 3591 4035 in

2005 4077 2231 4132 Hebraeo
2258 4083 2373 4135 ηπ
2402 4075 2619 4130 dicitur.
2651 4072 2792 4144 Ergo
2828 4087 2935 4127 non
2959 4071 3255 4137 fratruelis,
3284 4074 3378 4127 sed
3398 4073 3593 4147 πατρά-

2006 4169 2205 4240 δελφος,
2237 4168 2291 4223 id
2320 4176 2422 4233 est,
2465 4165 2723 4237 patruelis
2774 4164 3033 4220 dicendus
3061 4173 3164 4220 est.
3198 4162 3384 4219 Fuisse
3413 4172 3591 4217 autem

2006 4257 2296 4313 Jcremiam
2324 4257 2488 4311 lilium
2514 4255 2749 4311 Helchize
2775 4255 2843 4312 de
2883 4248 3275 4319 sacerdotibus,
3312 4242 3404 4325 qui
3434 4263 3594 4308 erant

2009 4353 2061 4407 in
2086 4352 2323 4405 Anathot
2369 4351 2421 4403 in
2471 4357 2614 4403 terra
2656 4347 2963 4419 Benjamin,
3007 4359 3063 4403 et
3099 4340 3387 4403 voluminis
3432 4344 3593 4417 hujus

318 4441 481 4495 dacio
520 4439 824 4505 veritatem,
868 4449 925 4494 et
968 4449 1076 4493 tam
1121 4440 1309 4494 urbem
1340 4439 1696 4504 Hierusalem,
1740 4454 1901 4509 quam
1931 4410 1982 4469 Β
2010 4454 2237 4501 testatur
2272 4443 2575 4499 exordium.

320 4533 607 4589 Sedeciam
640 4548 820 4605 regem
864 4533 1071 4588 diceret
1113 4548 1234 4588 esse
1280 4532 1622 4603 capiendum,
1655 4532 1904 4601 quodque

318 4625 545 4696 gravius
566 4635 671 4686 est.
701 4627 942 4680 visurum
977 4641 1100 4680 eum
1127 4639 1219 4679 ora
1250 4612 1391 4695 regis
1418 4620 1721 4696 Babylonis,
1749 4634 1804 4679 et
1828 4623 1906 4679 lo-

318 4725 578 4771 cuturum
624 4716 882 4771 humilem
938 4727 1099 4787 atque
1128 4717 1399 4786 captivum
1423 4757 1438 4782 ,
1468 4706 1903 4786 impotentissimi

325 4804 472 4875 regis
498 4804 726 4858 insania.
770 4804 1000 4861 Gravior
1026 4806 1169 4860 enim
1200 4816 1373 4860 terror
1403 4814 1486 4860 est
1514 4807 1696 4861 videre
1746 4822 1904 4875 quem

324 4898 545 4961 timeas,
574 4904 630 4952 et
657 4905 781 4951 ante
810 4897 1233 4964 increpationem
1256 4899 1565 4963 verborum,
1596 4914 1756 4967 quam
1794 4912 1908 4967 poe—

324 5003 519 5041 narum
542 4988 810 5042 sustinerc
839 4988 1159 5043 crueiatum.
1196 5007 1215 5040 ι
1251 4988 1316 5043 Ει
1353 4989 1406 5042 in
1430 4988 1775 5059 Babylonem,
1822 4989 1906 5043 in-

321 5080 464 5148 quit,
492 5080 651 5134 ducet
679 5079 982 5146 Sedeeiam,
1006 5088 1060 5136 et
1104 5081 1177 5136 ibi
1228 5082 1359 5137 erit:
1382 5102 1400 5132 ι
1434 5096 1531 5151 pro
1553 5097 1658 5152 quo
1685 5081 1909 5152 Septua-

323 5171 477 5243 ginta
524 5172 955 5228 transtulerunt:
1005 5191 1022 5223 ι
1063 5172 1132 5227 Et
1174 5173 1228 5228 in
1266 5173 1594 5246 Babylonem
1646 5174 1909 5245 ingredie-

327 5273 444 5327 tur,
472 5282 492 5315 ι
535 5279 762 5334 quorum
791 5263 1020 5319 alterum
1062 5265 1291 5319 invitum
1340 5266 1482 5320 trahi
1510 5284 1521 5318 :
1554 5264 1779 5319 alterum
1814 5279 1908 5318 vo-

324 5351 536 5408 luntate
580 5368 806 5425 peregre
849 5355 1134 5426 significat.
1185 5373 1202 5405 ι
1239 5355 1306 5410 Et
1342 5356 1435 5422 ibi,
1467 5354 1661 5424 inquit,
1706 5355 1847 5408 erit:
1881 5376 1898 5407 ι

321 5441 551 5498 verbum
579 5444 733 5515 ponit
777 5445 1105 5516 ambiguum,
1152 5462 1221 5502 ne
1257 5446 1504 5502 videatur
1532 5446 1824 5511 cruciatus,
1853 5456 1907 5500 et

321 5533 577 5590 miserias
618 5536 962 5607 prophetare.
1020 5536 1278 5608 Quodque
1335 5537 1621 5608 sequitur:
1676 5556 1694 5589 ι
1724 5536 1904 5594 Donec

325 5625 542 5681 visitem
568 5642 714 5686 eum.
745 5626 820 5682 ait
850 5626 1130 5683 Dominus.
1159 5628 1225 5684 Et
1249 5629 1291 5684 si
1324 5628 1687 5699 pugnaveritis
1716 5629 1905 5684 adver-

2086 4555 2105 4587 ι
2150 4535 2217 4590 Et
2257 4535 2406 4590 venit
2456 4535 2523 4589 ad
2559 4548 2645 4589 me
2692 4531 2991 4587 Anamehel
3045 4530 3186 4585 illius
3234 4529 3411 4599 patrui
3462 4529 3588 4592 mei,

2015 4648 2033 4680 ι
2079 4626 2374 4684 secundum
2414 4626 2638 4681 verbum
2680 4622 2934 4687 Domini,
2984 4621 3050 4677 ad
3091 4612 3414 4675 vestibulum
3469 4618 3595 4690 (sire

2015 4737 2033 4768 ‹
2081 4717 2327 4789 atrium)
2388 4716 2647 4781 carceris,
2699 4722 2756 4769 et
2787 4713 2865 4768 ait
2912 4712 2980 4767 ad
3026 4728 3154 4767 me:
3195 4709 3421 4766 Posside
3467 4710 3592 4781 (sire

2015 4830 2033 4862 ι
2079 4812 2220 4883 eme)
2261 4825 2450 4882 agrum
2490 4823 2694 4874 meum,
2737 4806 2828 4878 qui
2861 4807 3029 4862 estin
3062 4805 3303 4859 Anathot
3345 4803 3398 4856 in
3448 4813 3591 4855 terra

2015 4922 2032 4952 ε
2079 4902 2355 4973 Benjamin
2384 4916 2399 4955 :
2425 4900 2553 4972 quia
2576 4899 2672 4954 tibi
2700 4899 2955 4969 competit
2978 4897 3269 4953 haereditas
3296 4903 3353 4949 et
3378 4903 3430 4946 tu
3464 4907 3592 4961 pro-

2015 5015 2032 5045 ι
2080 4995 2311 5065 pinquus
2332 5009 2390 5049 es
2415 5004 2472 5047 ut
2494 4988 2905 5065 possideas(sive
2929 4988 3122 5057 emas).
3138 5007 3154 5037 ι
3173 4985 3325 5052 Quod
3351 4984 3587 5038 futurum

2008 5086 2285 5155 prophetae
2334 5085 2554 5138 verbum
2591 5082 2803 5137 Domini
2855 5080 3148 5142 nuntiarat,
3200 5077 3380 5131 statim
3429 5090 3592 5144 Opere

2011 5175 2335 5244 completum
2382 5180 2482 5227 est.
2536 5192 2554 5223 ι
2592 5172 2767 5235 Venit,
2812 5170 3008 5240 inquit,
3051 5168 3119 5225 ad
3167 5182 3253 5222 me
3292 5164 3588 5219 Auamehel

2011 5268 2183 5338 gratia
2213 5265 2328 5330 Dei,
2363 5264 2503 5319 filius
2529 5263 2706 5335 patrui
2737 5262 2863 5326 mei,
2904 5281 2922 5312 ι
2959 5261 3063 5315 hoc
3091 5267 3193 5326 est,
3233 5258 3377 5329 ﬁlius
3413 5256 3590 5327 pacis:

2008 5355 2158 5409 venit
2206 5362 2385 5408 autem
2432 5373 2450 5403 ι
2507 5353 2559 5406 in
2601 5350 2871 5406 vestibulo
2919 5351 3155 5405 carceris
3199 5368 3212 5404 :
3254 5348 3496 5417 dixitque
3524 5344 3591 5400 ad

2008 5463 2093 5500 me
2114 5466 2132 5498 ι
2158 5460 2222 5500 ea
2243 5459 2361 5515 quae
2380 5443 2634 5497 Dominus
2657 5441 2724 5494 ab
2752 5456 2817 5496 eo
2851 5440 3074 5497 dicenda
3097 5438 3593 5511 przedixerat.Ager

2005 5547 2187 5592 autem
2236 5536 2337 5591 iste
2394 5532 2764 5600 sacerdotalis,
2795 5526 2948 5605 cujus
3002 5532 3203 5604 emptio
3250 5541 3413 5603 atque
3465 5544 3593 5600 pos-

2005 5629 2176 5684 sessio
2211 5625 2455 5682 Ieremia:
2480 5622 2843 5693 deferebatur,
2875 5626 2927 5681 in
2958 5623 3195 5679 Anathot
3228 5630 3328 5692 cst,
3360 5621 3413 5677 in
3447 5628 3592 5676 terra
