3970 6190
402 373 530 432 1051

994 373 1054 426 Β.
1096 369 1344 425 RABANI
1382 367 1597 425 MAURI
1634 364 1951 421 ARCHIEP.
1989 363 2301 422 MOGUNT.
2342 364 2624 423 OPERUM
2659 364 2839 421 PARS
2876 363 2961 420 III.

3497 367 3639 430 1051·

397 480 715 550 Benjamin:
759 496 988 551 quorum
1030 480 1179 548 prius
1229 477 1616 539 obedientiam,
1666 474 1959 530 secundum
1988 478 2041 534 Α
2067 473 2451 545 interpretatur
2476 474 2691 529 lucerna
2720 492 2856 541 mea,
2905 474 3116 530 dicente
3140 475 3439 546 propheta:
3473 497 3493 530 ι
3533 478 3635 535 Ln-

397 575 562 628 ﬁlium
605 574 839 628 dextera:
884 582 1056 628 sonat.
1098 574 1165 627 Et
1191 579 1582 640 consequenter
1616 569 1733 638 ejus
1759 570 1964 639 appetit

395 665 739 733 emptionem,
770 664 824 717 in
850 672 956 733 quo
978 662 1279 718 obedientia
1298 669 1353 715 et
1363 661 1535 715 virtus
1547 658 1755 714 Domini
1778 673 1964 714 versa-

396 755 622 821 bantur,
652 771 751 826 pro
776 770 882 825 quo
909 753 1255 824 Septuaginta
1276 752 1644 825 πρεσϐύτιρον,
1684 750 1740 804 id
1765 760 1851 804 est
1873 764 1963 804 se-

396 844 602 898 niorem
618 843 952 913 interpretati
965 849 1109 905 sunt,
1122 841 1263 911 quod
1280 843 1401 898 loco
1411 840 1537 893 huic
1562 854 1668 893 non
1691 837 1962 893 convenit.

472 955 491 985 ι
527 934 765 989 Intellexi
795 941 975 989 autem
1027 932 1171 1002 quod
1188 930 1411 985 verbum
1440 929 1652 983 Domini
1696 935 1841 983 esset
1868 944 1881 979 :
1911 934 1967 981 et

400 1041 418 1073 ι
466 1024 570 1079 emi
610 1038 799 1094 agrum
841 1024 908 1077 ab
942 1018 1361 1077 Auameltelﬁlio
1400 1017 1577 1087 patrui
1603 1016 1733 1082 mei,
1763 1015 1856 1085 qui
1883 1023 1967 1069 est

399 1132 416 1165 ι
463 1113 518 1167 in
546 1113 801 1167 Anathot.
852 1111 918 1165 Et
945 1108 1174 1180 appendi
1200 1108 1250 1162 ei
1276 1115 1580 1178 argentum,
1623 1113 1857 1161 stateres
1880 1118 1967 1158 se-

398 1220 417 1251 ι
463 1210 610 1270 ptem
655 1209 709 1255 et
744 1201 928 1255 decem
980 1204 1281 1266 argenteos.
1313 1195 1381 1249 Et
1413 1193 1606 1263 scripsi
1650 1193 1703 1246 in
1730 1192 1866 1245 libro
1910 1199 1966 1245 et

400 1308 417 1340 ι
464 1289 690 1358 signavi,
739 1296 794 1342 et
819 1286 1037 1341 adhibui
1081 1292 1265 1340 testes.
1316 1283 1383 1337 Et
1421 1281 1648 1353 appendi
1684 1288 1962 1351 argentum

398 1396 417 1429 ι
464 1378 517 1431 in
542 1384 764 1440 statera,
793 1384 849 1429 et
869 1374 1053 1443 accepi
1081 1373 1276 1428 librum
1296 1370 1650 1441 possessionis
1677 1369 1963 1438 signatum,

402 1487 419 1517 ι
467 1466 840 1537 stipulationes
890 1472 946 1519 et
986 1470 1103 1517 rata
1154 1472 1206 1517 et
1246 1451 1397 1531 s’lgna
1427 1459 1747 1515 forinsecus.
1791 1478 1809 1509 ι
1858 1458 1966 1511 Du-

401 1572 519 1610 rum
550 1555 765 1625 quidem
793 1561 931 1619 erat,
983 1560 1038 1607 et
1075 1565 1241 1622 prope
1284 1552 1694 1619 inconsequens,
1745 1547 1965 1616 risuque

395 1644 617 1715 dignum
666 1658 787 1698 eum
826 1642 919 1712 qui
948 1639 1280 1712 jamjamque
1305 1637 1619 1708 capiendam
1671 1635 1963 1706 propheta-

396 1732 487 1786 bat
512 1730 831 1796 Jerusalem,
882 1740 937 1785 et
964 1743 1151 1784 omnes
1177 1726 1516 1783 deducendos
1551 1740 1669 1781 esse
1703 1724 1962 1794 captivos,

2065 578 2228 619 cerua
2262 565 2489 635 pedibus
2522 565 2657 620 meis
2700 565 2923 622 verbum
2969 574 3144 633 tuum,
3197 574 3257 620 et
3300 566 3395 622 lux
3430 570 3631 624 semitis

2063 655 2198 710 meis
2217 656 2412 710 ardens
2464 653 2637 727 (Psal.
2673 655 2882 726 cxvut).
2936 674 2955 707 ι
3016 654 3146 712 Neri
3183 671 3399 726 quoque
3424 656 3630 714 Baruch

2064 742 2203 798 ﬁlius
2227 742 2458 809 Maasiaa,
2489 744 2543 798 id
2580 751 2685 809 est,
2707 744 2926 814 factum
2949 752 2998 798 et
3021 746 3191 815 operis
3218 747 3450 801 Domini.
3500 747 3631 802 Aui-

2065 836 2463 889 madvertamus
2505 848 2635 906 ergo
2670 836 2888 906 quantis
2922 836 3184 890 virtutum
3230 836 3529 908 privilegiis
3557 839 3635 893 di—

2063 923 2301 992 scipulus
2370 923 2581 979 Baruch
2640 922 2889 979 Jeremia:
2952 924 3370 990 ministraverit,
3426 927 3635 982 dicente

2064 1012 2280 1069 David:
2314 1031 2334 1065 ι
2393 1012 2687 1068 Ambulaus
2746 1015 2801 1068 in
2842 1014 2927 1068 via
2973 1015 3320 1070 immaculata
3364 1016 3453 1071 hic
3506 1017 3635 1072 mihi

2066 1102 2405 1157 ministrabat
2435 1100 2617 1174 (Psal.
2647 1102 2733 1175 c).
2785 1121 2805 1156 ι
2865 1102 3016 1158 Unde
3050 1112 3108 1157 et
3143 1104 3368 1159 Elisteus
3391 1105 3636 1160 minister

2063 1191 2194 1247 Elite
2251 1191 2305 1247 in
2335 1200 2541 1247 tantum
2569 1192 2770 1262 placuit
2808 1193 2939 1258 Deo,
2985 1203 3046 1248 ut
3077 1203 3203 1263 post
3235 1195 3635 1250 translationem

2065 1279 2304 1348 magistri
2346 1280 2509 1334 etiam
2541 1280 2809 1351 duplicem
2833 1282 3082 1351 spiritum
3141 1292 3448 1339 mereretur
3499 1286 3639 1341 acci-

2065 1389 2194 1443 pere
2240 1373 2345 1446 (ιγ
2380 1373 2513 1445 Reg.
2551 1373 2635 1448 ιι).
2676 1394 2695 1428 ι
2746 1375 2861 1431 Hoc
2884 1376 3005 1432 dico
3056 1377 3125 1430 ad
3168 1378 3639 1433 commonitionem

2065 1478 2250 1517 eorum
2270 1464 2362 1533 qui
2389 1464 2652 1519 malorum
2676 1464 2951 1519 hominum
2979 1465 3277 1520 abutuntur
3300 1466 3635 1531 ministeriis,

2065 1562 2121 1606 et
2147 1568 2252 1608 non
2283 1554 2481 1608 audent
2516 1551 2749 1621 abjicere
2775 1568 2890 1618 eos,
2948 1570 3085 1624 quos
3111 1555 3267 1609 mala:
3299 1556 3640 1611 conscientia:

2067 1652 2266 1698 norunt
2304 1643 2405 1698 sibi
2435 1643 2639 1712 glutino
2671 1643 2967 1712 copulatas.
3001 1643 3255 1698 Traditur
3292 1656 3474 1698 autem
3509 1645 3640 1699 liber

2068 1731 2279 1787 Baruch
2296 1741 2446 1787 tanto
2470 1742 2524 1787 et
2545 1732 2636 1786 tali
2663 1733 2799 1797 viro,
2823 1732 3037 1787 vidente
3055 1733 3379 1796 Auamehel,
3402 1735 3492 1802 qui
3517 1749 3640 1789 ven-

398 1822 481 1877 vel
506 1822 705 1893 gladio,
749 1821 910 1887 fame,
938 1830 993 1877 et
1018 1829 1167 1891 peste
1195 1821 1488 1891 perituros,
1515 1835 1703 1890 agrum
1729 1820 1785 1873 iu
1814 1819 1960 1872 Ana-
1993 1814 2040 1873 B
2068 1822 2297 1887 diderat,
2371 1829 2428 1876 et
2449 1822 2672 1877 testibus
2719 1822 2811 1891 qui
2840 1822 3236 1891 suscripserant
3267 1840 3280 1874 :
3330 1831 3388 1876 et
3414 1838 3639 1891 quorum

396 1913 510 1967 tltot
533 1928 733 1978 emere,
763 1928 923 1983 quem
960 1927 1066 1966 non
1096 1919 1212 1966 erat
1239 1926 1607 1980 possessurus.
1654 1909 1761 1965 Sed
1805 1910 1964 1964 intel—
2062 1909 2277 1963 nomina
2303 1909 2357 1965 in
2385 1909 2672 1981 emptionis
2716 1909 2985 1964 volumine
3015 1910 3358 1964 tenebantur.
3415 1930 3433 1962 ι
3495 1912 3556 1965 Et
3588 1913 3641 1965 in

396 2003 522 2069 Iexi,
578 2004 769 2073 inquit,
807 2004 1029 2058 verbum
1054 2017 1192 2069 esse,
1236 2009 1291 2057 et
1320 2001 1645 2072 emptionem
1669 2016 1844 2056 meam
1875 2016 1963 2054 ar-
2063 2005 2375 2066 conspectu,
2410 1997 2606 2067 inquit,
2652 1999 2894 2052 omnium
2918 1996 3227 2052 Judacorum
3263 1999 3357 2068 qui
3388 1999 3645 2054 sedebant

396 2101 647 2163 gumento
686 2101 740 2147 et
773 2094 1025 2148 vaticiuio
1056 2093 1265 2148 Domini
1306 2093 1684 2163 coaptandam,
1734 2099 1790 2145 et
1841 2092 1962 2147 ideo
2063 2088 2119 2142 in
2145 2090 2284 2145 atrio
2319 2089 2576 2144 carceris.
2630 2108 2650 2142 ι
2707 2088 2810 2157 Qui
2837 2088 3087 2144 videlicet
3125 2089 3206 2144 vel
3237 2092 3306 2144 ad
3328 2092 3643 2160 prophetam

396 2183 657 2253 acquisivi
687 2191 954 2254 praecepto
992 2182 1109 2252 ejus
1133 2191 1191 2237 ut
1220 2196 1456 2238 emerem
1492 2201 1504 2236 :
1538 2198 1638 2238 nec
1671 2182 1871 2238 frustra
1897 2182 1967 2237 ad
2062 2187 2323 2234 venerant
2347 2179 2754 2244 consolandum,
2804 2178 2888 2233 vel
2913 2179 3090 2234 studio
3120 2179 3331 2235 timoris
3369 2180 3483 2247 Dei,
3534 2181 3643 2235 Do-

394 2288 480 2329 me
508 2289 668 2344 super
699 2273 1069 2343 hujuscemodi
1111 2288 1170 2328 re
1218 2273 1314 2328 Dei
1348 2271 1554 2328 factum
1594 2288 1714 2328 esse
1757 2286 1964 2328 sermo-
2065 2267 2196 2322 mini
2221 2268 2383 2322 verba
2404 2268 2591 2323 audire
2616 2268 2926 2337 cupiebant.

396 2378 539 2418 nem.
588 2364 655 2418 Et
679 2365 905 2435 appendi
939 2363 1147 2436 argenti
1191 2362 1380 2418 decem
1430 2372 1487 2417 et
1524 2370 1729 2433 septem
1782 2361 1962 2426 siclos,

399 2468 534 2523 quos
563 2469 661 2509 nos
690 2454 744 2508 in
778 2463 1008 2511 stateres
1032 2453 1310 2510 vertimus.
1359 2452 1536 2509 Siclus
1559 2462 1737 2509 autem
1780 2453 1968 2524 viginti

396 2546 583 2601 obolos
634 2547 819 2613 habet,
873 2555 930 2602 ut
977 2547 1031 2602 in
1073 2546 1375 2603 Ezechielis
1411 2556 1653 2602 extremo
1700 2545 1969 2601 volumine

394 2636 646 2691 scribitur
699 2636 925 2710 (Ezeclt.
974 2636 1130 2708 ιιι).
1179 2637 1429 2707 Emitque
1476 2637 1736 2707 propheta
1782 2636 1967 2690 decem

393 2735 449 2780 et
496 2736 700 2797 septem
747 2727 893 2784 siclis
940 2742 957 2783 :
1010 2728 1066 2782 in
1119 2742 1227 2799 quo
1282 2743 1506 2784 numero
1559 2728 1798 2784 cantavit
1836 2742 1968 2797 puer

396 2814 604 2869 Domini
642 2815 839 2884 David,
893 2817 950 2871 in
994 2816 1080 2871 die
1122 2832 1227 2888 qua
1265 2817 1405 2873 eruit
1446 2831 1570 2873 eum
1607 2816 1865 2872 Dominus
1903 2818 1967 2872 de

2142 2377 2161 2409 ι
2209 2358 2278 2412 Et
2307 2359 2538 2429 praecepi
2565 2359 2774 2413 Barnch
2798 2374 2978 2414 coram
3002 2359 3083 2415 eis
3103 2360 3290 2416 dicens
3318 2380 3331 2415 :
3361 2360 3487 2417 Hac
3516 2362 3647 2417 dicit

2072 2467 2092 2499 ι
2138 2449 2396 2504 Dominus
2435 2449 2788 2513 exercituum,
2848 2448 2988 2504 Deus
3016 2448 3225 2504 Israel:
3271 2449 3437 2506 Sume
3479 2450 3648 2507 libros

2073 2561 2091 2593 ι
2136 2542 2285 2606 istos,
2328 2541 2524 2597 librum
2549 2540 2839 2611 emptionis
2864 2541 3006 2597 hunc
3034 2541 3331 2613 signatum,
3368 2550 3426 2599 et
3446 2541 3643 2597 librum

2072 2651 2092 2685 ι
2134 2635 2278 2690 hunc
2303 2633 2396 2705 qui
2416 2643 2635 2704 apertus
2670 2644 2777 2701 est,
2832 2643 2888 2689 et
2916 2649 3055 2704 pone
3078 2634 3198 2690 illos
3222 2636 3277 2689 in
3315 2650 3443 2690 vase
3470 2634 3639 2696 ﬁctili,

2073 2744 2092 2776 ι
2136 2733 2197 2780 ιιι
2223 2741 2539 2796 permanere
2574 2727 2785 2797 possint
2822 2726 3014 2781 diebus
3054 2725 3256 2780 multis.
3320 2725 3448 2780 llaec
3500 2726 3641 2781 enim

2074 2836 2093 2870 ι
2138 2818 2271 2873 dicit
2302 2818 2559 2875 Dominus
2595 2818 2948 2883 exercituum,
2996 2817 3138 2873 Deus
3186 2816 3399 2872 Israel:
3454 2816 3648 2872 Adhuc

397 2920 558 2961 manu
601 2907 841 2962 omnium
882 2906 1224 2963 inimicorum
1247 2908 1384 2979 ejus,
1425 2916 1480 2963 et
1518 2908 1584 2963 de
1617 2923 1778 2962 manu
1818 2907 1966 2973 Saul,
2074 2929 2093 2961 ι
2138 2909 2554 2981 possidebuntur
2586 2911 2799 2976 domus,
2848 2920 2904 2966 et
2928 2910 3066 2984 agri,
3112 2919 3169 2966 et
3187 2911 3360 2966 vineae
3413 2911 3468 2965 in
3501 2919 3647 2965 terra

392 3002 450 3047 et
472 2993 608 3048 dixit
638 3013 651 3049 :
684 3012 703 3045 ι
728 2994 950 3067 Diligam
977 3004 1047 3061 te,
1074 2994 1319 3063 Domine,
1341 2994 1597 3051 fortitudo
1621 3010 1759 3062 mea,
1786 2996 1969 3051 Domi-
2074 3019 2104 3052 ιι
2135 3000 2259 3056 ista.
2300 3020 2320 3053 ι
2369 2999 2592 3057 Cunctis
2631 3018 2766 3072 quos
2813 3002 3121 3073 praeteritus
3175 3017 3359 3059 sermo
3406 3005 3648 3057 narravit

396 3099 496 3138 nus
526 3083 917 3141 ﬁrmamentum
946 3101 1125 3141 meum
1152 3094 1207 3142 et
1235 3086 1499 3159 refugiqu
1523 3102 1720 3150 meum,
1759 3095 1813 3141 et
1836 3086 1970 3142 libe—
2002 3152 2041 3164 _
2069 3092 2426 3160 praesentibus
2468 3102 2524 3148 et
2545 3094 2870 3160 videntibus,
2920 3093 3129 3150 Baruch
3166 3095 3416 3150 ministro
3462 3096 3649 3164 pmi-

400 3183 550 3229 rator
575 3190 745 3231 meus.
793 3177 933 3231 Deus
974 3191 1123 3233 meus
1148 3152 1383 3246 .adjuto;
1419 3192 1591 3241 meus,
1645 3176 1873 3246 sperabo
1913 3176 1969 3231 in
1996 3152 2042 3215 Ο
2070 3152 2239 3250 pitur,
2264 3190 2321 3236 et
2339 3183 2620 3252 discipulo,
2657 3199 2763 3239 non
2793 3152 3131 3241 sermonibus
3158 3152 3529 3255 praeceptoris,
3553 3185 3649 3240 sed

396 3278 519 3317 cum
552 3272 861 3333 :protector
896 3280 1047 3319 meus
1080 3272 1136 3319 et
1176 3280 1345 3320 cornu
1375 3265 1563 3320 salutis
1594 3279 1747 3329 mem,
1770 3273 1826 3320 et
1852 3280 1971 3319 sus-
2071 3270 2164 3325 Dei
2183 3270 2422 3341 jubentis
2450 3271 2694 3343 imperio,
2759 3281 2819 3328 ut
2845 3282 3083 3328 assumat
3111 3273 3277 3328 libros
3310 3291 3323 3326 :
3366 3289 3531 3327 unum
3578 3273 3650 3326 si-

397 3360 582 3421 ceptor
641 3368 793 3407 mens
823 3352 995 3424 (Psal.
1028 3352 1181 3425 xvu).
1238 3372 1256 3404 ο
1326 3355 1609 3409 Denarium
1638 3370 1758 3410 esse
1786 3370 1972 3411 nume-
2071 3370 2313 3432 gnatum,
2345 3360 2573 3416 alterum
2599 3370 2867 3433 apertum.
2914 3364 3044 3431 Quae
3070 3364 3401 3437 emptionum
3426 3378 3650 3418 consue-

402 3459 519 3497 ruln
555 3442 837 3512 mysticum
886 3443 1120 3499 ostendit
1146 3443 1441 3515 Decalogus
1483 3445 1575 3515 qui
1612 3445 1841 3515 scriptus
1873 3445 1972 3501 fuit
2074 3453 2201 3508 tudo
2222 3453 2329 3508 huc
2352 3466 2521 3523 usque
2546 3463 2795 3509 servatur
2827 3473 2841 3510 ;
2888 3464 2948 3510 ut
2972 3455 3114 3525 quod
3138 3456 3467 3511 intrinsecus
3496 3456 3647 3511 clau-

400 3535 455 3589 in
495 3533 687 3588 tabulis
718 3533 943 3605 lapideis
988 3535 1155 3607 digito
1197 3535 1328 3591 Dei:
1361 3554 1379 3587 ι
1432 3535 1501 3590 Et
1522 3534 1638 3591 dies
1688 3534 1877 3607 jejunii
1918 3546 1975 3592 et

399 3624 795 3695 propitiationis
843 3624 1043 3680 mensis
1098 3625 1313 3695 septimi
1355 3622 1548 3696 (Exod.
1582 3626 1702 3695 xm)
1742 3644 1756 3679 :
1800 3633 1975 3696 septe-

399 3717 583 3771 narius
627 3730 840 3786 quoque
867 3714 920 3770 in
946 3731 1053 3786 quo
1084 3732 1242 3772 verus
1268 3725 1351 3773 est
1378 3716 1757 3783 sabbatismus,
1786 3725 1841 3772 et
1884 3733 1972 3773 re—

404 3811 557 3880 quies
583 3824 703 3865 esse
723 3817 988 3876 sanctum,
1020 3809 1203 3863 multis
1233 3808 1630 3879 Scripturarum
1655 3809 1974 3865 testimoniis

399 3901 849 3971 comprobamus:
880 3901 948 3957 de
974 3901 1167 3971 quibus
1201 3901 1389 3957 saltem
1440 3915 1609 3971 pauca
1654 3901 1973 3972 potuissem,

401 3994 503 4049 nisi
539 3993 770 4049 otiosum
806 4001 949 4048 esset
996 3994 1209 4058 docere,
1253 4007 1373 4062 quae
1410 3999 1538 4047 nota
1562 3999 1704 4046 sunt.
1758 3991 1817 4046 In
1874 3993 1977 4047 hoc

409 4084 573 4154 igitur
602 4098 827 4139 numero
856 4098 887 4138 a
908 4083 1167 4154 propheta
1206 4090 1263 4138 et
1287 4082 1567 4138 sacerdote
1609 4081 1807 4136 emitur
1847 4096 1976 4152 pos-

399 4176 587 4243 sessio,
626 4174 985 4244 scribiturque
1010 4174 1063 4228 in
1101 4173 1238 4228 libro
1271 4179 1432 4242 atque
1453 4171 1717 4241 signatur,
1744 4180 1799 4226 et
1819 4171 1973 4226 adhi-

399 4266 594 4321 bentur
629 4272 813 4331 testes,
843 4271 1229 4334 argentumque
1248 4263 1530 4335 diligenter
1554 4262 1890 4333 appeuditur,
1918 4271 1979 4317 ut

400 4356 582 4409 omnia
631 4354 954 4410 venditionis
1005 4363 1061 4409 et
1096 4352 1383 4423 emptionis
1407 4352 1530 4422 jura
1573 4361 1874 4417 serventur,
1922 4362 1977 4408 et

401 4446 472 4498 sit
518 4452 664 4499 certa
708 4445 975 4515 possessio
1019 4444 1451 4514 stipulationibus
1497 4453 1554 4499 et
1599 4446 1978 4515 sponsionibus

402 4536 674 4589 roborata.
724 4535 822 4590 Vel
858 4535 961 4590 hoc
992 4537 1212 4592 audiant
1247 4538 1340 4607 qui
1367 4536 1500 4592 falsa
1529 4545 1874 4603 testamenta,
1921 4548 1977 4591 et

403 4625 671 4680 interdum
700 4639 766 4679 ne
808 4633 1130 4681 testamenta
1166 4627 1380 4696 quidem
1430 4626 1531 4682 sibi
1556 4627 1810 4683 adhibitis
1831 4628 1980 4684 testi-

403 4720 502 4774 bus
534 4717 812 4774 vindicare
838 4727 1121 4774 conantur.

478 4825 498 4857 ι
546 4807 613 4863 Et
646 4806 766 4863 dedi
810 4806 1005 4862 librum
1041 4809 1398 4879 possessionis
1420 4808 1631 4866 Baruch
1661 4810 1770 4867 ﬁlio
1808 4810 1975 4876 Neri,

410 4918 426 4949 ι
474 4899 564 4953 ﬁlii
622 4897 860 4964 Maasiat,
913 4896 969 4953 iu
1016 4897 1185 4954 oculis
1219 4898 1515 4955 Auamehel
1558 4900 1814 4971 patruelis
1851 4902 1977 4967 mei,

410 5012 425 5040 ι
474 4998 528 5044 et
556 4989 607 5043 in
629 4988 799 5044 oculis
827 4987 1043 5043 testium
1091 4987 1183 5058 qui
1208 4988 1394 5059 scripti
1421 4999 1594 5057 erant,
1625 4990 1678 5044 in
1704 4989 1842 5046 libro
1868 5007 1980 5047 cm-

415 5095 431 5132 ε
477 5080 695 5146 ptionis,
724 5078 777 5133 in
808 5076 980 5134 oculis
1006 5077 1247 5133 omnium
1265 5074 1570 5134 Iudaeorum
1596 5079 1687 5149 qui
1719 5080 1981 5135 sedebant

413 5186 432 5221 ι
478 5169 530 5223 in
554 5169 693 5223 atrio
720 5168 977 5223 carceris.
1022 5186 1041 5221 ι
1094 5165 1414 5238 Quanquam
1457 5168 1638 5223 statim
1679 5177 1825 5224 esset
1858 5183 1980 5238 pos-

406 5259 577 5314 sessio
608 5257 976 5327 relinquenda,
1016 5257 1124 5312 imo
1166 5257 1391 5313 emenda
1434 5257 1684 5328 posteris,
1726 5267 1781 5314 et
1822 5259 1888 5313 ab
1917 5274 1982 5313 eo

408 5348 651 5414 entenda,
714 5348 807 5417 qui
840 5347 978 5403 ﬁlios
1000 5363 1105 5402 non
1138 5347 1372 5402 habebat
1400 5365 1413 5401 :
1444 5363 1619 5418 neque
1642 5348 1787 5403 enim
1841 5364 1973 5403 uxo-

412 5453 522 5491 rem
546 5445 829 5507 acceperat
853 5455 865 5491 :
900 5445 1076 5491 tamen
1105 5437 1359 5493 obediens
1381 5438 1606 5509 imperio
1634 5439 1843 5493 Domini
1864 5455 1980 5493 om-

413 5524 500 5578 nia
537 5526 639 5580 rite
675 5525 951 5580 celebrat:
1001 5524 1378 5597 signatumque
1414 5526 1607 5580 librum
1629 5527 1980 5597 possessionis

416 5612 507 5667 dat
531 5612 740 5688 Baruclt
770 5612 878 5668 ﬁlio
900 5612 1047 5678 Neri,
1073 5613 1183 5667 ﬁlio
1221 5614 1451 5670 Maasiaa.
1485 5615 1695 5672 Baruch
1723 5617 1776 5670 in
1805 5616 1980 5687 lingua

410 5708 597 5761 nostra
644 5702 936 5756 benedictus
981 5702 1196 5767 dicitur,
1244 5706 1333 5774 qui
1362 5715 1481 5760 crat
1518 5706 1660 5762 ﬁlius
1692 5705 1839 5771 Neri,
1895 5710 1983 5777 qui

2008 4497 2055 4556 D

2071 3556 2191 3596 sum
2248 3541 2523 3613 signacula
2560 3544 2861 3609 continent,
2914 3545 3016 3601 hoc
3059 3545 3239 3615 legere
3289 3545 3649 3614 cupientibus,

2072 3643 2318 3705 apertum
2363 3636 2612 3691 volumen
2656 3636 2947 3692 exhibeat:
2978 3646 3266 3706 utrumque
3303 3637 3358 3690 in
3404 3652 3534 3691 vase
3559 3637 3655 3691 tic—

2077 3725 2174 3789 tili,
2191 3734 2252 3780 ut
2275 3740 2591 3796 permanere
2612 3728 2820 3796 possint
2847 3727 3037 3783 diebus
3055 3727 3257 3782 multis.
3278 3726 3461 3782 Firma
3493 3729 3651 3799 igitur

2074 3822 2214 3880 erat,
2254 3822 2309 3869 ct
2336 3815 2494 3886 longo
2515 3825 2637 3885 post
2661 3826 2901 3887 tempore
2946 3816 3126 3871 futura
3180 3817 3476 3886 possessio,
3534 3832 3652 3887 qua:

2076 3913 2227 3958 tanta
2265 3905 2505 3961 custodia
2564 3909 2902 3973 servabatur,
2944 3923 3012 3962 ne
3055 3907 3141 3963 vel
3184 3906 3318 3962 foris
3365 3907 3652 3977 emptionis

2075 3991 2198 4046 libri
2225 3994 2384 4063 positi
2437 4003 2683 4064 paterent
2711 3996 2932 4066 rapinae,
2981 3995 3063 4050 vel
3105 3997 3268 4051 humo
3298 3996 3499 4051 conditi
3555 3997 3653 4050 bu-

2075 4099 2225 4139 more
2271 4091 2430 4140 terrae
2481 4086 2836 4142 solverentur.
2903 4087 3018 4142 Iloc
3050 4097 3230 4142 autem
3281 4096 3454 4141 totum
3496 4085 3557 4139 ﬁt
3597 4094 3655 4138 ut

2076 4176 2372 4248 intelligant
2411 4177 2503 4247 qui
2539 4178 2813 4244 videbant,
2843 4192 3056 4233 rursum
3102 4176 3453 4233 habitandam
3495 4174 3650 4230 Jeru-

2075 4265 2267 4329 salem,
2304 4276 2359 4322 et
2380 4266 2728 4335 possidendas
2757 4282 2937 4340 agros,
2969 4282 3104 4338 quos
3124 4267 3251 4321 licet
3297 4267 3499 4335 absque
3541 4280 3654 4319 ser-

2078 4372 2238 4412 mone
2272 4356 2520 4413 .leremia:
2548 4357 2847 4414 debuerant
2890 4373 2987 4428 per
3016 4372 3074 4413 se
3104 4357 3423 4428 intelligere,
3478 4364 3653 4410 tamen

2082 4446 2290 4501 Domini
2316 4448 2657 4503 sermonibus
2677 4456 3102 4511 commouentur,
3127 4455 3183 4500 et
3203 4446 3402 4501 dicitur
3423 4445 3492 4500 ad
3518 4459 3614 4499 eos
3638 4457 3652 4496 :
3686 4504 3700 4527 ‘

2087 4530 2113 4588 ἶ
2146 4537 2273 4592 Haec
2328 4537 2458 4592 dicit
2503 4537 2764 4592 Dominus
2816 4538 3172 4598 exercituum,
3245 4536 3387 4590 Deus
3447 4533 3651 4589 Israel:

2080 4629 2256 4682 adhuc
2315 4627 2731 4696 possidebuntur
2791 4625 2984 4681 domus
3028 4634 3083 4680 et
3131 4624 3243 4694 agri
3281 4632 3337 4678 ct
3386 4624 3555 4678 vincte
3604 4624 3657 4678 in

2078 4725 2222 4772 terra
2254 4716 2375 4770 ista.
2433 4735 2452 4768 ι
2521 4715 2633 4771 Hoc
2675 4723 2758 4771 est
2809 4714 2934 4769 illud
2980 4715 3121 4785 quod
3144 4713 3410 4770 Jeremias
3459 4712 3657 4768 dudum

2080 4808 2292 4862 dixerat
2320 4820 2391 4861 τι
2442 4807 2682 4862 Intellexi
2711 4805 2935 4861 verbum
2965 4821 3084 4861 esse
3130 4804 3367 4868 Domini,
3411 4823 3429 4855 ι
3474 4812 3529 4857 et
3580 4804 3660 4857 id-

2082 4898 2228 4954 circo
2265 4898 2397 4952 emit
2419 4912 2608 4968 agrum
2634 4912 2792 4966 quem
2826 4910 3176 4966 possessurus
3199 4886 3304 4948 non
3333 4901 3469 4948 erat.

2162 5009 2181 5041 ι
2234 4990 2304 5044 Et
2329 4989 2562 5044 oraviad
2592 4988 2898 5050 Dominum,
2940 4996 3224 5057 postquam
3250 4985 3443 5038 tradidi
3467 4983 3659 5037 librum

2091 5101 2110 5134 ι
2152 5082 2509 5153 possessionis
2536 5080 2747 5136 Barnch
2776 5080 2884 5135 ﬁlio
2924 5080 3068 5145 Neri,
3114 5078 3298 5133 dicens
3326 5093 3342 5130 :
3368 5076 3495 5138 heu,
3537 5073 3657 5133 heu,

2091 5190 2111 5224 ι
2156 5173 2280 5239 heu,
2324 5171 2549 5227 Domine
2591 5170 2733 5226 Deus
2780 5170 2906 5242 (sive
2943 5170 3140 5238 quies,
3185 5167 3431 5231 Domine,
3478 5165 3656 5233 Deus),

2091 5278 2109 5310 ι
2153 5275 2280 5315 ecce
2317 5268 2375 5315 tu
2399 5258 2576 5314 fecisti
2603 5259 2797 5315 ccelum
2821 5268 2875 5313 et
2902 5266 3103 5313 terram
3149 5257 3202 5311 in
3232 5255 3545 5310 fortitudine
3575 5262 3659 5306 tua

2092 5372 2110 5403 ι
2168 5366 2386 5422 magna,
2445 5352 2580 5407 etin
2606 5351 2826 5407 brachio
2869 5359 2960 5404 tuo
2996 5355 3215 5404 extento
3252 5346 3378 5417 (sive
3407 5341 3657 5411 excelso).

2091 5459 2112 5493 ι
2158 5457 2263 5496 non
2291 5442 2394 5496 erit
2424 5440 2517 5495 tibi
2545 5439 2757 5496 difﬁcile
2810 5439 2935 5511 (sive
2970 5436 3318 5509 impossibile)
3361 5450 3517 5490 omne
3540 5449 3658 5486 ver-

2093 5550 2111 5582 ι
2158 5529 2283 5584 bum
2329 5529 2427 5598 (vel
2462 5529 2622 5598 juxta
2666 5526 3069 5598 Septuaginta):
3135 5523 3277 5579 Nihil
3308 5523 3450 5595 apud
3492 5531 3541 5576 te
3581 5527 3658 5574 est

2096 5641 2113 5671 ι
2155 5618 2543 5682 absconditum,
2593 5617 2682 5687 qui
2710 5619 2841 5671 facis
2876 5615 3300 5672 misericordiam
3325 5613 3379 5667 in
3417 5609 3654 5667 millibus.

2099 5729 2117 5761 ι
2159 5719 2213 5765 ct
2258 5709 2436 5764 reddis
2482 5707 2819 5775 iniquitatem
2889 5715 3101 5776 patrum
3158 5721 3210 5757 tu
3264 5704 3382 5756 sinu
3439 5699 3656 5754 ﬁliorqu
