3970 6190
383 432 520 490 1053

1295 435 1652 493 EXPOSITIO
1691 435 1912 492 SUPER
1953 435 2322 492 IEREMIAH.
2362 469 2433 478 —-
2468 439 2594 493 LIB.
2639 438 2753 495 XII.

3502 440 3639 496 1051

383 545 406 580 r
448 540 636 581 eorum
689 534 812 595 post
871 541 983 582 eos.
1043 527 1359 583 Fortissime
1383 569 1397 591 ,
1469 544 1660 599 magne
1688 569 1702 590 ,
1778 537 1966 596 potens
2000 531 2048 589 Α
2077 527 2414 583 manifestavi
2449 544 2641 583 nomen
2679 539 2827 582 tuum
2859 528 3164 583 hominibus
3204 529 3384 602 (Joan.
3424 533 3577 604 xvu).
3620 552 3638 583 ι

383 635 418 670 r-
449 619 611 690 (quod
650 615 904 672 Hebraice
928 618 1120 671 dicitur
1142 619 1312 690 Tum)
1348 619 1606 673 Dominus
1627 619 1958 672 exercituum

383 725 403 759 ι
467 706 596 774 (sive
639 707 922 776 virtutum)
964 721 1162 762 nomen
1219 708 1335 762 tibi.
1387 705 1611 778 Magnus
1648 707 1874 762 consilio
1906 715 1961 761 et

383 817 402 849 ι
451 797 1011 869 incomprehensibilis
1057 797 1319 867 cogitatu,
1395 796 1549 865 cujus
1599 797 1740 852 oculi
1789 799 1961 867 aperti

383 911 401 940 ι
447 897 578 944 sunt
621 904 783 959 super
810 902 998 943 omnes
1026 887 1144 942 vias
1171 887 1404 942 ﬁliorum
1429 887 1602 942 Adam
1635 888 1760 959 (sive
1787 887 1960 941 homi—

383 997 403 1030 ι
448 979 622 1049 ηιιιιι),
648 987 707 1033 ut
736 978 930 1034 reddas
958 979 1246 1047 unicuique
1267 981 1561 1034 secundum
1591 981 1705 1034 vias
1729 996 1874 1044 suas,
1907 988 1962 1035 et

383 1091 402 1122 ι
449 1071 745 1126 secundum
773 1070 1006 1126 fructum
1029 1071 1470 1126 adinventionum
1502 1088 1739 1126 suarum.
1786 1091 1803 1123 ι
1833 1073 1964 1127 Post

376 1166 708 1235 emptionem
731 1165 845 1236 agri
871 1163 997 1232 jure
1023 1164 1372 1227 celebratam,
1406 1172 1460 1219 et
1486 1172 1607 1233 post
1638 1163 1961 1218 sententiam

380 1255 613 1318 Domini,
661 1271 765 1324 qua
815 1254 1084 1324 pollicitus
1110 1263 1192 1308 est
1219 1254 1428 1317 domos,
1474 1269 1653 1322 agros.
1691 1262 1746 1307 et
1777 1253 1964 1307 vineas

377 1347 634 1415 deinceps
667 1345 1020 1416 possidendos
1050 1363 1063 1397 :
1110 1353 1231 1398 orat
1260 1345 1522 1414 propheta
1554 1343 1620 1397 ad
1652 1342 1959 1406 Dominum,

377 1446 434 1492 et
457 1437 698 1492 dolorem
724 1436 1013 1506 gemitibus
1046 1435 1304 1504 exprimit
1328 1435 1548 1490 dicens:
1595 1451 1611 1483 ι
1673 1432 1810 1495 IIeu,
1836 1432 1961 1494 heu,

381 1527 508 1589 heu,
554 1526 776 1579 Domine
823 1525 1007 1589 Deus;
1053 1543 1071 1574 ι
1125 1538 1224 1592 pro
1266 1519 1374 1593 quo
1401 1520 1750 1592 Septuaginta
1789 1528 1966 1573 trans-

382 1615 642 1677 tulerunt,
674 1615 699 1669 ὁ
728 1615 814 1676 ὧν,
849 1613 902 1667 id
931 1620 1035 1675 est,
1075 1612 1273 1682 quies,
1317 1611 1562 1673 Domine,
1599 1609 1762 1672 Deus,
1811 1605 1962 1674 juxta

380 1707 512 1760 illud
536 1707 676 1774 quod
697 1704 1086 1775 Moysidieitur
1116 1722 1128 1757 :
1164 1722 1182 1753 ι
1223 1701 1393 1767 Vade,
1423 1702 1510 1756 die
1535 1699 1731 1772 populo
1755 1699 1916 1753 Israel
1947 1716 1960 1751 :

379 1797 480 1863 Qui
505 1807 588 1849 est
610 1795 756 1849 misit
781 1810 866 1849 me
895 1793 1090 1866 (Exod.
1109 1793 1212 1859 ιιι).
1253 1811 1270 1842 ι
1298 1790 1410 1844 Νοιι
1432 1791 1574 1860 quod
1597 1804 1701 1843 non
1723 1787 1833 1843 sint
1851 1787 1960 1851 alii,

2070 638 2088 670 ι
2135 619 2360 688 Magnus
2388 620 2630 675 consilio.
2669 639 2686 670 ι
2752 620 2818 672 Et
2840 620 3000 673 audet
3037 635 3094 674 se
3119 622 3403 690 quisquam
3430 622 3635 676 Domini

2063 711 2304 766 inserere
2335 719 2567 776 secreto,
2617 718 2671 766 et
2695 710 2758 764 de
2781 711 2921 765 iliius
2959 711 3472 781 judiciisjndicare!
3525 731 3543 763 ι
3578 713 3646 767 Et

2063 800 2619 870 incomprehensibilis
2633 801 2889 872 cogitatu.
2916 821 2931 852 ι
2962 802 3131 869 Quem
3158 817 3263 855 non
3285 803 3642 871 comprehen-

2063 896 2140 950 dit
2164 894 2431 964 cogitatio,
2451 895 2719 963 quomodo
2740 903 2917 965 potest
2942 910 3118 950 sermo
3146 895 3643 964 comprehendere?

2068 1005 2086 1038 ‹
2131 984 2295 1056 Cujus
2331 983 2471 1040 oculi
2503 985 2677 1054 aperti
2702 992 2826 1039 sunt
2849 1001 3011 1054 super
3035 1000 3221 1039 omnes
3256 986 3373 1038 vias
3406 985 3636 1038 ﬁliorum

2061 1077 2251 1131 Adam.
2297 1096 2315 1129 ι
2367 1075 2590 1131 Frustra
2632 1091 2761 1146 ergo
2811 1078 2973 1130 homo
3015 1085 3166 1146 putat
3217 1092 3275 1132 se
3320 1076 3412 1130 Dei
3466 1076 3645 1131 celare

2063 1169 2332 1224 notitiam.
2367 1168 2629 1238 Quodque
2686 1165 2848 1222 infert
2881 1185 2895 1221 :
2933 1187 2951 1220 ί
3000 1168 3071 1223 Ut
3107 1169 3298 1224 reddas
3351 1168 3643 1236 unicuique

2063 1259 2360 1312 secundum
2414 1258 2530 1312 vias
2575 1273 2722 1321 suas,
2765 1265 2819 1312 et
2856 1260 3154 1313 secundum
3196 1257 3434 1312 fructum
3478 1258 3637 1311 adin-

2062 1347 2374 1402 ventionum
2409 1361 2650 1409 suarum,
2717 1365 2735 1397 ι
2789 1347 2892 1402 hoc
2931 1347 3130 1401 indicat
3169 1347 3311 1416 quod
3373 1345 3639 1400 interdum

2063 1450 2162 1502 pro
2209 1435 2375 1489 nimia
2409 1436 2672 1506 sapientia
2691 1434 2892 1502 judicia
2927 1437 3044 1505 ejus
3098 1436 3380 1489 videantur
3421 1435 3639 1504 injusta.

2065 1523 2237 1591 Quem
2285 1524 2461 1579 locum
2505 1525 2792 1594 Apostolus
2821 1525 3032 1595 plenius
3074 1525 3306 1594 explicat
3351 1525 3418 1579 ad
3445 1523 3644 1578 Roma-

2075 1631 2174 1670 nos
2207 1631 2221 1668 :
2265 1634 2284 1665 ε
2335 1615 2556 1684 Ignoras
2581 1614 2837 1683 quoniam
2879 1614 3182 1683 benignitas
3221 1613 3313 1667 Dei
3371 1614 3437 1667 ad
3473 1613 3645 1682 ιιωηί-

2067 1707 2292 1762 tentiam
2349 1713 2401 1760 te
2446 1706 2740 1760 hortatur?
2783 1706 3080 1760 secundum
3139 1712 3318 1758 autem
3389 1704 3640 1758 duritiam

2071 1809 2216 1852 tuam
2249 1807 2304 1852 et
2328 1797 2674 1868 imptenitens
2706 1812 2800 1852 cor
2831 1796 3164 1851 thesaurizas
3193 1795 3288 1849 tibi
3314 1793 3449 1847 iram
3479 1794 3530 1848 in
3560 1794 3645 1848 die

381 1889 473 1943 sed
497 1888 640 1941 aliud
667 1895 748 1941 est
778 1885 1052 1941 Creatoris
1071 1899 1191 1938 esse
1217 1882 1476 1937 beneﬁcio
1507 1881 1650 1952 quod
1677 1880 1961 1944 subsistat,
1994 1892 2040 1952 Β
2069 1891 2183 1953 im,
2247 1898 2302 1944 οι
2330 1887 2672 1943 revelationis
2719 1887 2849 1954 justi
2895 1887 3081 1957 judicii
3114 1886 3206 1940 Dei
3265 1884 3442 1954 (Rom.
3484 1885 3566 1955 ιι).
3620 1904 3636 1935 ι

382 1978 530 2032 aliud
551 1977 850 2032 aeternitate
871 1983 1095 2030 natura).
1129 1973 1334 2026 Laudat
1366 1972 1556 2035 Deum,
1589 1980 1644 2024 et
1663 1985 1727 2024 ex
1751 1977 1964 2024 creatu-

383 2067 458 2121 ris
500 2066 755 2136 pratdicat
776 2065 1107 2120 Creatorem.
1157 2062 1399 2116 Primum
1442 2063 1624 2131 itaque
1669 2060 1964 2131 potentiam

379 2157 514 2227 ejus,
560 2165 615 2212 et
639 2157 1086 2220 misericordiam,
1113 2165 1274 2226 atque
1287 2155 1554 2223 justitiam
1598 2155 1650 2208 in
1685 2167 1843 2208 omne
1868 2153 1966 2206 ho-

380 2251 588 2304 minum
656 2265 825 2321 genus
879 2249 1056 2304 elevat
1125 2249 1370 2304 vocibus.
1442 2249 1574 2302 Dein
1647 2246 1839 2301 transit
1895 2245 1964 2299 ad

381 2343 565 2407 Israel,
600 2351 655 2398 et
684 2351 883 2414 quanta
926 2343 976 2397 ei
1000 2342 1326 2412 praestiterit,
1358 2340 1557 2396 celebri
1587 2351 1837 2394 sermone
1872 2337 1965 2391 de-

379 2433 591 2488 scribit.
631 2432 696 2485 Et
725 2439 846 2500 post
873 2439 1019 2485 tanta
1051 2430 1311 2485 bcnelicia
1339 2430 1467 2484 dicit
1488 2444 1580 2483 eos
1621 2428 1964 2482 immemores

381 2527 646 2580 bonorum
683 2523 842 2586 illius,
888 2522 1230 2578 clementiam
1258 2521 1312 2576 in
1335 2519 1746 2575 amaritudinem
1773 2532 1965 2589 provo-

380 2631 557 2678 casse,
589 2615 657 2667 ita
687 2621 745 2668 ut
764 2613 1077 2668 obsideatur
1099 2613 1311 2676 civitas,
1342 2621 1396 2666 et
1417 2620 1706 2679 antequam
1730 2607 1963 2663 hostium

383 2709 435 2762 in
469 2725 531 2763 ea
562 2707 725 2764 fuerit
745 2708 992 2777 irruptio,
1034 2707 1230 2779 gladio,
1277 2715 1333 2761 et
1357 2705 1514 2770 fame,
1561 2714 1616 2759 et
1643 2711 1793 2773 peste
1837 2716 1965 2757 con-

383 2809 595 2867 sumpta
624 2798 715 2853 sit.
760 2798 887 2853 Haec
912 2805 1092 2852 autem
1127 2798 1378 2850 universa
1428 2795 1706 2865 przemisit,
1756 2800 1815 2846 ut
1835 2807 1963 2847 eon-

385 2899 671 2958 sequenter
703 2889 836 2944 illud
868 2888 1110 2952 inferret,
1139 2887 1282 2957 quod
1328 2888 1381 2941 in
1418 2885 1834 2956 reprehensione
1883 2885 1963 2938 di-

386 2980 525 3036 vinae
558 2980 846 3035 sententia:
877 2979 1056 3034 facere
1084 2979 1389 3045 videbatur,
1439 2986 1495 3034 et
1527 2987 1580 3032 tu
1613 2977 1747 3031 dicis
1776 2976 1905 3030 mihi
1945 2993 1958 3029 :

388 3072 615 3126 Domine
654 3070 816 3136 Deus,
841 3086 962 3126 eine
985 3085 1172 3140 agrum
1202 3076 1447 3139 argento,
1494 3075 1550 3123 et
1576 3067 1771 3122 adhibe
1800 3073 1964 3122 testes

386 3182 508 3220 cum
539 3165 668 3220 urbs
696 3165 818 3219 data
839 3164 910 3218 sit
932 3163 988 3216 in
1021 3177 1210 3216 manus
1236 3160 1629 3217 Chaldaeorum.
1663 3159 1787 3213 Haec
1829 3158 1964 3212 inte-

2069 1981 2282 2048 Qnanto
2347 1980 2513 2049 igitur
2585 1979 2758 2032 serior
2825 1979 3061 2031 vindicta
3113 1977 3451 2046 peccantium
3508 1986 3640 2041 est,

2069 2079 2218 2127 tanto
2232 2069 2463 2139 justior:
2496 2069 2550 2122 in
2575 2067 2981 2124 similitudinem
3009 2066 3328 2129 Pharaonis,
3353 2067 3640 2138 quideeem

2066 2161 2236 2233 plagis
2261 2161 2585 2226 admonitus,
2633 2174 2741 2216 non
2763 2161 2997 2229 punitus,
3049 2167 3102 2214 et
3138 2160 3192 2212 in
3218 2160 3413 2214 duritia
3463 2176 3644 2229 perse-

2066 2268 2280 2318 verans,
2338 2253 2408 2308 ad
2453 2261 2759 2308 extremum
2807 2237 2977 2306 Rubri
3033 2251 3198 2305 maris
3253 2249 3502 2305 ﬁuctibus
3560 2260 3645 2306 est

2065 2343 2291 2398 obrutus
2338 2341 2514 2414 (Exod
2548 2341 2683 2414 xw).

2141 2452 2158 2485 ι
2212 2432 2312 2500 Qui
2341 2433 2566 2503 posuisti
2592 2433 2744 2503 signa
2772 2440 2827 2488 et
2852 2440 3102 2503 portenta
3157 2432 3211 2486 in
3249 2439 3392 2485 terra
3425 2431 3639 2502 Egypti

2071 2544 2090 2575 ι
2135 2541 2304 2595 usque
2323 2525 2391 2580 ad
2416 2525 2556 2580 diem
2583 2524 2745 2589 hanc,
2778 2523 2912 2578 et'in
2940 2523 3122 2588 Israel,
3159 2531 3214 2577 et.
3251 2523 3303 2576 in
3336 2521 3642 2576 hominibus

2071 2636 2088 2666 ι
2141 2615 2269 2681 (sive
2323 2613 2652 2686 terrigenis),
2698 2622 2754 2668 et
2803 2611 2973 2668 fecisti
2999 2612 3094 2666 tibi
3146 2627 3340 2668 nomen
3384 2613 3522 2666 sicut
3560 2622 3642 2666 est

2071 2725 2089 2757 ι
2133 2707 2249 2762 dies
2268 2705 2404 2771 hazc,
2429 2713 2484 2761 et.
2512 2703 2744 2759 eduxisti
2765 2702 3016 2774 p0pulum
3042 2711 3190 2781 tuum
3226 2701 3390 2756 Israel
3406 2701 3471 2755 de
3497 2709 3640 2755 terra

2071 2818 2089 2850 ‹
2149 2797 2365 2868 Egypti
2405 2797 2458 2851 in
2492 2794 2661 2867 signis
2709 2803 2764 2849 et
2795 2794 2849 2848 in
2874 2793 3156 2864 portentis,
3209 2802 3263 2848 et
3287 2793 3340 2846 in
3372 2808 3530 2847 manu
3558 2808 3644 2844 ro-

2071 2907 2088 2939 ι
2149 2888 2327 2951 busta,
2352 2893 2407 2941 et
2433 2885 2488 2940 in
2511 2884 2733 2940 brachio
2771 2891 3011 2948 extento,
3035 2890 3088 2936 et
3112 2883 3163 2936 in
3189 2890 3395 2936 terrore
3423 2897 3637 2952 magno.

2070 2996 2088 3028 ι
2144 2977 2212 3031 Ει
2244 2976 2435 3031 dedisti
2463 2976 2543 3031 eis
2566 2983 2765 3030 terram
2792 2975 2952 3038 hanc,
2988 2988 3148 3042 quam
3177 2972 3371 3042 jurasti
3394 2973 3637 3043 patribus

2069 3088 2088 3121 ‹
2143 3084 2352 3133 eorum,
2399 3075 2461 3122 ut
2499 3066 2658 3122 dares
2709 3066 2790 3121 eis
2833 3075 3032 3120 terram
3082 3065 3335 3120 ﬂuentem
3378 3064 3519 3120 lacte
3576 3071 3631 3118 et

2069 3180 2088 3211 ‹
2133 3158 2305 3214 melle.
2335 3158 2402 3213 Et
2428 3157 2650 3229 ingressi
2677 3163 2802 3212 sunt
2830 3164 2884 3211 et
2907 3156 3258 3227 possederunt
3284 3172 3424 3220 eam,
3457 3164 3512 3210 et
3534 3171 3642 3209 non

388 3256 490 3310 rim
527 3256 690 3310 totius
718 3253 819 3309 loci
839 3253 996 3308 istius
1023 3252 1262 3308 continet
1287 3253 1553 3326 περικοπή,
1581 3247 1728 3303 Nunc
1756 3247 1824 3302 ad
1852 3248 1963 3302 sin-
1990 3240 2034 3302 C
2072 3268 2089 3302 ι
2141 3248 2593 3304 obedieruntvoci
2631 3258 2755 3313 tuae,
2810 3255 2866 3303 et
2902 3248 2956 3301 in
2981 3247 3096 3316 lege
3130 3256 3217 3302 tua
3266 3263 3373 3301 non
3404 3247 3643 3301 ambula-

385 3345 508 3418 gula
549 3354 897 3399 revertamur.
949 3360 968 3392 ι
1009 3342 1088 3396 Tu
1116 3341 1290 3395 fecisti
1343 3340 1537 3395 cmlum
1567 3348 1622 3394 et
1654 3348 1850 3394 terram
1905 3337 1961 3393 in

389 3433 702 3490 fortitudine
727 3441 817 3487 tua
845 3446 1067 3502 magna;
1108 3449 1128 3482 ι
1181 3439 1234 3485 et
1275 3428 1510 3485 Joannes
1548 3429 1678 3483 dicit
1706 3428 1770 3482 de
1809 3427 1960 3482 ﬁlio:

393 3545 412 3576 ι
453 3525 648 3580 Omnia
681 3540 778 3594 per
828 3524 1000 3593 ipsum
1046 3521 1186 3576 facta
1219 3528 1366 3584 sunt,
1431 3529 1487 3575 et
1537 3520 1654 3574 sine
1703 3520 1817 3588 ipso
1876 3519 1961 3572 fa-

389 3625 534 3670 ctum
573 3625 659 3670 est
701 3614 833 3668 nihil
883 3614 1025 3682 quod
1058 3612 1257 3666 factum
1303 3619 1388 3665 est
1435 3611 1616 3682 (Joau.
1651 3609 1713 3680 ι).
1771 3629 1788 3660 ι
1839 3608 1963 3663 11ωο

388 3705 533 3758 enim
604 3703 858 3758 fortitudo
926 3701 1134 3756 Domini
1205 3700 1461 3768 Apostolo
1518 3699 1961 3768 comprobante:

394 3816 411 3848 ι
457 3794 703 3850 Christus
729 3793 822 3849 Dei
849 3793 1039 3858 virtus,
1075 3800 1129 3846 et
1159 3792 1250 3847 Dei
1272 3792 1534 3864 sapientia
1574 3790 1625 3864 (I
1665 3789 1787 3846 Cor.
1821 3789 1882 3860 ι).
1937 3809 1958 3842 ι

395 3909 411 3938 ι
459 3887 526 3941 Ει
552 3888 604 3940 in
620 3885 841 3941 brachio
872 3894 960 3939 tuo
976 3893 1195 3938 extento
1233 3886 1358 3954 (sive
1384 3884 1644 3956 excelso).
1684 3903 1702 3934 ι
1725 3883 1963 3949 Quorum

389 3987 675 4047 utrumque
700 3977 1047 4047 percutientis
1077 3977 1330 4031 indicium
1365 3987 1466 4031 est.
1494 3975 1607 4030 IIoe
1633 3983 1813 4029 autem
1839 3975 1965 4029 bra-

389 4069 590 4133 chium,
645 4069 710 4123 de
739 4083 844 4138 quo
879 4075 936 4122 et
971 4067 1135 4122 Isaias
1163 4067 1433 4136 loquitur:
1493 4084 1512 4118 ‹
1569 4067 1636 4120 Et
1684 4065 1964 4121 brachium

389 4160 597 4221 [lumini
632 4161 718 4215 cui
753 4160 1047 4214 revelatum
1069 4160 1188 4214 est?
1217 4180 1236 4211 ι
1285 4158 1418 4229 (Isa.
1466 4159 1583 4229 LIII)
1657 4176 1676 4210 ι
1711 4156 1827 4212 Νοιι
1861 4157 1967 4213 erit

389 4254 487 4309 tibi
511 4253 719 4309 diﬁicile
747 4268 906 4308 omne
937 4254 1180 4308 verbum.
1232 4272 1251 4306 ι
1308 4253 1436 4320 Qua:
1465 4254 1609 4307 enim
1631 4252 1770 4322 apud
1798 4249 1967 4306 homi-

386 4364 485 4404 nes
509 4348 873 4418 impossibilia,
903 4346 1045 4417 apud
1075 4347 1240 4402 Deum
1273 4346 1547 4416 possibilia
1577 4354 1706 4400 sunt
1745 4343 1960 4415 (Matth.

389 4439 537 4510 nx);
589 4440 702 4496 sive
762 4440 848 4494 cui
891 4439 1023 4493 nihil
1063 4446 1148 4493 est
1191 4438 1564 4493 absconditum
1617 4436 1774 4507 juxta
1834 4435 1964 4490 illud

389 4528 787 4600 Psahnograpbi
809 4529 1038 4585 dicentis
1069 4545 1083 4583 :
1122 4547 1141 4580 ι
1184 4529 1320 4595 Quia
1371 4530 1604 4584 tenebrae
1635 4544 1740 4582 non
1773 4527 1963 4583 obscu-

2072 3360 2090 3392 ι
2144 3350 2354 3394 verunt.
2395 3339 2587 3396 Omnia
2611 3355 2730 3410 quae.
2752 3339 3019 3393 mandasti
3045 3339 3126 3394 eis
3160 3348 3219 3393 ut
3248 3337 3502 3400 facemnt,
3537 3354 3641 3391 nun

2071 3451 2089 3483 ι
2150 3435 2425 3496 iecerunt,
2475 3440 2532 3488 et
2557 3439 2851 3486 evenerunt
2892 3431 2972 3486 eis
3023 3430 3200 3485 omnia
3244 3430 3384 3484 mala
3437 3431 3566 3484 hinc.
3620 3449 3636 3478 ι

2067 3521 2141 3576 De
2162 3521 2396 3592 generali
2419 3521 2612 3576 transit
2635 3521 2701 3575 ad
2730 3521 2984 3590 speciale,
3011 3528 3066 3576 et
3085 3520 3212 3590 quid
3249 3521 3462 3590 proprie
3509 3537 3644 3589 pra:—

2065 3613 2264 3667 stiterit
2291 3611 2453 3666 Israel
2478 3611 2628 3667 brevi
2655 3627 2908 3668 sermone
2931 3611 3217 3682 percurrit.
3257 3629 3275 3662 ‹
3330 3610 3430 3677 Qui
3459 3611 3640 3678 posui-

2066 3704 2153 3766 sti,
2191 3703 2288 3768 ait,
2318 3704 2469 3775 signa
2488 3711 2539 3757 et
2566 3711 2813 3772 portenta
2845 3703 2896 3756 in
2923 3712 3063 3756 terra
3098 3701 3338 3771 Egypti,
3374 3719 3392 3752 ι
3444 3701 3641 3769 quibus

2065 3797 2294 3852 afﬂictus
2313 3803 2396 3851 est
2428 3795 2693 3866 ZEgvptns
2740 3815 2758 3846 ι
2807 3810 2974 3862 usque
2996 3795 3062 3848 ad
3093 3788 3232 3848 diem
3276 3795 3436 3856 hanc,
3490 3802 3542 3846 et
3590 3793 3641 3844 in

2065 3885 2227 3942 Israel
2249 3894 2304 3939 et
2324 3886 2378 3939 in
2405 3886 2732 3942 hominibus.
2768 3884 2880 3937 sive
2908 3882 3211 3952 terrigenis.
3263 3901 3282 3932 ι
3338 3881 3451 3936 Iloc
3499 3883 3642 3950 quod

2065 3977 2265 4032 dicitur
2313 3995 2330 4027 ι
2379 3989 2549 4045 usque
2575 3974 2641 4028 ad
2667 3974 2807 4028 diem
2831 3973 2970 4026 hanc
3014 3992 3032 4023 ι
3079 3971 3462 4042 posterioribus
3483 3987 3645 4039 copu-

2066 4067 2282 4121 landum
2307 4074 2412 4131 est,
2454 4073 2511 4118 ut
2544 4065 2784 4134 legamus
2813 4081 2829 4126 ;
2887 4063 2954 4116 Et
2980 4061 3033 4115 in
3061 4061 3222 4116 Israel
3271 4071 3326 4116 et
3355 4061 3406 4115 in
3429 4062 3642 4116 cunctis

2066 4157 2384 4214 mortalibus
2423 4156 2660 4228 quotidie
2686 4163 2777 4209 tua
2800 4155 2952 4225 signa
2977 4152 3330 4222 complentur.
3375 4150 3500 4205 Sive
3541 4151 3639 4204 ali-

2067 4258 2187 4303 ter:
2231 4247 2395 4316 Signa
2438 4258 2494 4302 et
2523 4253 2769 4316 portenta
2828 4260 2934 4299 non
2961 4243 3131 4298 solum
3164 4242 3216 4295 in
3240 4241 3474 4312 IEgypto
3523 4259 3644 4312 per-

2065 4340 2312 4410 petrasti,
2363 4339 2455 4393 sed
2485 4353 2653 4408 usque
2675 4337 2835 4392 hodie
2887 4335 3075 4392 eadem
3114 4342 3214 4388 tuae
3262 4335 3644 4388 misericordiae

2067 4430 2324 4486 fortitudo
2353 4429 2579 4484 salvavit
2605 4428 2856 4500 populum
2882 4435 3051 4490 tuum,
3093 4434 3149 4480 et
3173 4425 3424 4479 universo
3459 4427 3640 4496 generi

2069 4524 2303 4576 humano
2327 4520 2601 4576 Creatoris
2624 4519 2877 4574 subvenis
2909 4524 3194 4586 potestate.
3220 4515 3285 4569 Et
3307 4516 3408 4570 hoc
3437 4525 3627 4568 notau-

389 4586 650 4675 ratiuner
669 4586 799 4685 a'te,
829 4630 884 4676 et
905 4637 1008 4675 nox
1037 4586 1317 4676 sicutdies
1347 4620 1736 4675 illuminahitur
1784 4618 1958 4690 (Paul.
1994 4586 2042 4644 ί)
2067 4611 2191 4664 dum
2215 4610 2357 4679 quod
2385 4609 2544 4664 Israel
2591 4608 2658 4662 ab
2681 4608 2986 4662 hominibus
3007 4613 3244 4675 separat.
3297 4614 3457 4675 atque
3481 4605 3642 4659 terri-

385 4712 668 4776 cxxxvnt).
702 4727 720 4759 ι
753 4725 771 4759 ι
803 4708 904 4775 Qui
937 4708 1070 4763 facis
1093 4709 1516 4764 misericordiam
1550 4708 1602 4760 in
1627 4707 1881 4762 millibus.
1909 4715 1966 4760 et

391 4783 570 4832 t'ctltlls
606 4779 950 4847 Iniquitatem
992 4788 1205 4847 patrum
1247 4777 1303 4830 in
1341 4779 1464 4857 sinu
1504 4777 1736 4830 filiorum
1772 4789 1964 4830 eorum

389 4882 650 4940 posteos.
679 4888 698 4921 ι
737 4869 974 4924 Grandis
1026 4869 1316 4924 clementia
1363 4869 1642 4925 Creatoris
1690 4886 1703 4923 :
1755 4867 1968 4924 miseri-

396 4963 642 5017 cordiam
669 4979 824 5017 suam
864 4965 917 5017 in
946 4963 1092 5016 mille
1125 4963 1506 5034 generationes
1535 4960 1852 5024 extendere,
1909 4966 1968 5014 et

383 5054 655 5120 justitiam
682 5058 868 5113 statim
913 5059 969 5111 in
1000 5057 1171 5111 altera
1225 5054 1579 5124 generatione
1619 5061 1963 5106 monstrare:

388 5159 706 5218 quaatamen
731 5161 782 5205 et
815 5152 929 5220 ipsa
953 5151 1112 5205 mista
1137 5157 1220 5203 est
1240 5143 1653 5201 misericordim.
1672 5142 1789 5196 Non
1818 5141 1964 5196 enim

391 5241 580 5294 statim
608 5241 768 5310 punit
816 5242 1252 5309 deliuquentem,
1290 5238 1383 5294 sed
1415 5245 1695 5308 exapertat
1725 5235 1967 5305 plenitu-

387 5334 570 5390 dinem
599 5349 614 5388 :
641 5343 699 5387 ut
734 5335 777 5388 si
801 5333 956 5388 liberi
978 5334 1177 5388 imitati
1211 5331 1410 5386 fuerint
1437 5339 1723 5401 parentum
1749 5331 1965 5394 vitium,

390 5429 480 5480 diu
516 5428 680 5481 dilata
718 5441 878 5497 poena
915 5425 1193 5480 reddatur.
1255 5443 1272 5476 ι
1304 5423 1624 5481 Fortissime
1672 5432 1724 5478 et
1775 5439 1970 5495 magne

394 5530 610 5589 potens,
639 5520 902 5575 Dominus
932 5520 1272 5574 exercituum
1307 5518 1436 5589 (sive
1455 5518 1742 5586 virtutum)
1770 5535 1967 5574 nomen

391 5611 512 5665 tibi.
541 5630 558 5662 ι
596 5610 703 5667 Ista
740 5612 961 5668 nomina
1021 5613 1317 5682 potentiam
1372 5611 1616 5665 indicant
1668 5611 1964 5666 Creatoris.

384 5705 660 5762 Cxterutn
677 5707 896 5776 proprie
913 5719 1110 5760 nomen
1133 5704 1248 5768 Dei,
1267 5703 1425 5759 Pater
1436 5713 1542 5768 est.
1564 5709 1706 5772 quod
1727 5703 1780 5758 in
1796 5703 1970 5758 Evan-

392 5799 532 5869 gelio
574 5816 668 5870 per
699 5799 994 5856 Dominum
1057 5799 1330 5854 revelatur
1387 5798 1695 5854 dicentem:
1731 5814 1750 5848 ι
1789 5796 1968 5862 Pater,

2067 4702 2218 4771 genis
2239 4701 2392 4769 juxta
2421 4699 2548 4754 illud
2581 4718 2593 4754 :
2625 4720 2642 4751 ι
2696 4698 2861 4753 Filius
2888 4713 3038 4754 meus
3072 4697 3458 4768 primogenitus
3483 4694 3641 4749 Israel

2071 4793 2266 4865 (Exod.
2315 4792 2410 4865 ιν).
2452 4810 2472 4844 ι
2547 4811 2566 4843 ι
2625 4791 2690 4846 Et
2735 4789 2910 4846 fecisti
2966 4790 3059 4843 tibi
3098 4804 3293 4843 nomen
3329 4789 3466 4843 sicut
3518 4788 3634 4840 dics

2071 4887 2204 4941 haec.
2253 4902 2273 4936 ι
2323 4883 2552 4948 Laudes,
2599 4882 2791 4951 inquit,
2853 4889 2957 4935 tua!
3005 4881 3166 4934 totius
3205 4879 3353 4933 orbis
3394 4891 3641 4931 sermone

2069 4976 2426 5032 celebrantur.
2483 4991 2502 5024 ι
2547 4973 2613 5026 Et
2637 4972 2868 5027 eduxisti
2912 4970 3167 5041 populum
3192 4977 3338 5022 tuum
3385 4965 3546 5020 Israel
3576 4967 3641 5020 de

2067 5075 2212 5121 terra
2240 5062 2480 5134 Egypti.
2522 5080 2540 5112 ι
2601 5060 2830 5116 Pulchre
2858 5061 2987 5114 dixit
3039 5056 3292 5128 populum
3337 5063 3482 5108 tuum
3527 5070 3542 5108 :
3577 5069 3642 5108 eo

2065 5155 2212 5209 enim
2241 5162 2480 5223 tempore
2507 5167 2614 5221 quo
2640 5154 2864 5207 eductus
2889 5159 2991 5214 est,
3020 5145 3230 5201 Domini
3261 5145 3500 5212 imperiis
3529 5160 3642 5201 ser-

2067 5242 2264 5298 viebat.
2286 5242 2526 5296 Eduxisti
2549 5250 2729 5295 autem
2764 5259 2783 5292 ι
2814 5241 2867 5294 in
2894 5236 3059 5307 signis
3086 5243 3141 5289 et
3163 5234 3447 5303 portentis,
3482 5253 3500 5286 ι
3524 5235 3642 5304 qui-

2065 5333 2167 5388 bus
2188 5331 2585 5401 percutiehatur
2619 5331 2896 5400 IEgyptus.
2945 5345 2964 5378 ‹
3018 5327 3086 5380 Et
3108 5325 3160 5378 in
3194 5339 3351 5378 manu
3399 5326 3637 5390 robusta,

2066 5432 2122 5479 et
2144 5423 2196 5476 in
2221 5422 2444 5476 brachio
2463 5430 2700 5483 extento,
2725 5427 2779 5473 et
2807 5419 2860 5470 in
2890 5426 3092 5472 terrore
3114 5429 3326 5485 magno.
3361 5433 3380 5467 ι
3417 5414 3640 5482 Quando

2067 5526 2217 5566 mare
2239 5510 2477 5564 Rubrum
2513 5508 2810 5563 transeunti
2839 5506 3034 5576 p0pulo
3063 5503 3380 5559 Israelviam
3408 5505 3638 5573 praebui-

2066 5602 2156 5665 sti,
2203 5608 2257 5655 et
2279 5599 2587 5670 Egyptinm
2611 5595 2922 5666 oppressisti
2953 5595 3268 5650 exercitum.
3307 5610 3326 5643 ι
3359 5592 3425 5646 Et
3447 5594 3636 5649 dedisti

2067 5692 2146 5746 eis
2177 5699 2378 5746 terram
2423 5689 2560 5743 hanc
2611 5705 2770 5758 quam
2792 5687 2985 5755 jurasti
3018 5684 3261 5756 patribus
3312 5697 3521 5747 eorum,
3581 5695 3640 5736 ut

2069 5783 2224 5838 dares
2247 5781 2346 5837 eis.
2386 5800 2404 5834 ι
2460 5781 2730 5836 Abraham
2768 5780 3035 5845 videlicet,
3065 5788 3119 5833 et
3144 5777 3314 5842 Isaac,
3364 5781 3418 5829 et
3453 5774 3634 5834 Iacob.
