3970 6190
413 353 548 408 i055
1041 352 1102 405 Β.
1146 350 1397 404 ΒΑΒΛΝΙ
1441 349 1659 403 ΜᾸΟΒΙ
1697 348 1962 402 ΛῐίΟΙΠΕᾏ

2065 348 2375 406 MOGUNT.
2409 348 2692 404 OPERUM
2734 347 2914 405 PARS
2951 349 3038 405 Ill.
3528 354 3673 412 1056

409 464 546 532 Ergo
593 480 696 518 non
736 478 832 518 suo
876 461 1069 515 merito
1112 455 1785 526 terram'repromissionis
1818 497 1832 519 ,
1884 455 1976 509 sed
2007 459 2053 516 Α
2083 455 2383 526 pollicetur.
2429 454 2782 524 Primumque
2833 472 3029 512 causas
3073 457 3295 526 exponit
3326 457 3562 524 oﬂ’ensaz,
3611 471 3674 517 et

404 563 614 623 p:tlt'tllil
645 567 899 622 accepere
928 551 1216 604 virtutibus
1244 559 1444 604 terram
1485 547 1733 602 liuentem
1766 547 1901 602 lacte
1929 555 1983 600 et
2077 547 2212 617 justi
2237 545 2436 601 furoris
2471 547 2585 610 Dei,
2611 555 2671 600 ut
2699 557 2903 617 quanto
2933 547 3108 616 major
3143 548 3300 618 culpa
3329 549 3674 619 peccantium

405 641 578 696 melle.
633 640 867 694 Necdum
914 639 1058 693 enim
1113 647 1362 708 poterant
1409 637 1640 691 solidum
1679 637 1857 691 cibum
1886 653 1980 690 ca-

405 747 555 800 pere,
585 730 677 785 sed
705 729 860 784 melle
884 738 938 782 et
986 728 1124 782 lacte
1166 727 1544 782 nutricbantur
1587 725 1825 780 infantia:
1853 744 1865 779 :
1899 723 1980 777 vel

399 827 631 875 certe.et
675 818 828 874 melle
869 827 924 872 et
955 817 1093 872 lacte
1135 829 1311 869 rerum
1359 815 1600 869 omnium
1636 815 1880 868 ubertate
1923 819 1980 866 et

399 906 748 964 abundantia.
821 927 842 960 ς
912 905 979 961 Ει
1037 905 1263 976 ingressi
1327 912 1452 958 sunt
1511 911 1567 958 et
1619 903 1978 972 possederunt

395 989 540 1053 eam.
598 989 616 1050 ί
663 998 962 1068 Statimque
993 997 1134 1051 inter
1159 995 1554 1064 possessionem
1583 1001 1638 1047 et
1669 992 1978 1047 inobedien-

395 1099 527 1144 tiam
554 1087 687 1143 nihil
721 1087 824 1144 fuit
862 1089 1114 1144 medium.
1166 1085 1394 1140 Ubertas
1423 1084 1566 1138 enim
1607 1083 1973 1146 securitatem,

391 1181 656 1236 securitas
684 1180 1081 1252 negligentiam,
1121 1175 1440 1247 negligentia
1467 1182 1832 1244 contemptum
1881 1190 1976 1245 pa-

397 1271 484 1343 rit.
551 1289 569 1320 ι
620 1265 687 1324 Ει
724 1285 829 1324 non
865 1267 1204 1329 obedierunt,
1259 1255 1455 1334 inquit,
1507 1264 1622 1318 voci
1665 1271 1786 1327 tute,
1841 1263 1973 1316 etin

393 1359 512 1430 lege
542 1367 630 1414 tua
655 1375 761 1415 non
791 1359 1221 1414 ambulaverunt.
1259 1375 1276 1408 ›
1323 1355 1543 1410 Frustra
1567 1353 1764 1424 ergoin
1791 1367 1974 1407 eremo

388 1452 687 1520 promisere
709 1451 947 1506 dicentes
985 1464 1000 1503 :
1069 1469 1087 1500 ι
1123 1447 1315 1504 Omnia
1348 1459 1678 1514 qumcunque
1718 1441 1974 1497 Dominus

387 1542 702 1612 praeceperit
747 1539 1004 1595 faciemus
1071 1537 1269 1612 (Exod.
1301 1535 1435 1606 χιι).
1478 1555 1496 1586 ι
1547 1534 1663 1588 Non
1721 1534 1862 1588 enim
1915 1533 1970 1586 in

385 1635 696 1706 sponsione,
719 1635 811 1688 sed
842 1633 893 1687 in
928 1647 1090 1702 Opere
1126 1629 1403 1702 pnemium
1431 1637 1537 1694 est,
1573 1628 1640 1682 ad
1678 1627 1969 1682 retunden-

389 1725 512 1777 dam
559 1739 744 1779 eorum
789 1721 1170 1793 impudentiam
1206 1721 1294 1790 qui
1323 1727 1513 1790 putant
1557 1718 1825 1773 hominem
1855 1733 1972 1770 om-

2084 645 2234 692 tanto
2284 635 2512 704 amplior
2566 637 2619 690 in
2667 633 2984 706 peccatores
3035 637 3326 692 clementia
3372 637 3667 694 Creatoris.

2087 744 2106 778 ι
2151 727 2279 797 Ego,
2331 727 2524 797 inquit,
2569 727 2828 784 Dominus
2891 725 3033 784 Deus
3075 729 3344 784 universa:
3387 731 3588 785 carnis.
3645 749 3665 783 ι

2081 819 2428 890 Nequaquam
2463 829 2780 876 cunctarum
2808 822 3067 892 gentium,
3117 837 3221 877 nec
3263 822 3444 892 populi
3481 822 3668 886 lsraei,

2079 919 2172 966 aut
2217 920 2388 976 certe,
2420 919 2478 965 ut
2507 911 2573 966 de
2605 911 2810 966 sanctis
2860 911 3052 966 crebro
3095 911 3275 967 dicere
3314 911 3468 972 solet.
3501 899 3670 968 'Deus

2076 1001 2372 1065 Abraham,
2397 1011 2450 1056 et
2477 1003 2618 1058 Deus
2645 1001 2820 1066 Isaac,
2845 1011 2899 1057 et
2929 1003 3070 1058 Deus
3094 1002 3284 1068 Jacob,
3327 1001 3422 1057 sed
3475 1021 3498 1054 ‹
3525 1002 3670 1060 Deus

2078 1097 2342 1149 universae
2369 1096 2572 1159 carnis,
2616 1115 2633 1146 ›
2687 1096 2882 1166 inquit,
2931 1104 2991 1150 ut
3021 1103 3077 1151 et
3101 1096 3386 1151 rationalia
3433 1103 3487 1151 et
3511 1097 3671 1152 bruta

2077 1184 2370 1238 animantia
2403 1183 2516 1254 ipse
2551 1182 2746 1239 fecisse
2773 1187 3045 1240 credatur.
3089 1183 3229 1241 Sunt
3254 1187 3402 1241 enim
3426 1187 3517 1255 qui
3539 1201 3668 1256 puo-

2076 1275 2369 1331 videntiam
2405 1276 2680 1332 Creatoris
2720 1293 2891 1348 usque
2932 1279 3000 1333 ad
3032 1277 3318 1333 rationalia
3361 1277 3665 1333 conﬁtean—

2077 1373 2184 1430 tur,
2231 1367 2388 1420 bruta
2414 1377 2595 1421 autem
2619 1366 2854 1423 fortuitis
2896 1371 3113 1426 casibus
3150 1377 3402 1424 asserant
3439 1368 3524 1423 vel
3547 1383 3668 1438 per-

2077 1458 2176 1523 ire,
2202 1457 2286 1513 vel
2327 1458 2508 1515 vivere
2535 1477 2548 1513 :
2579 1461 3035 1531 propheticusquc
3055 1476 3237 1517 sermo
3257 1459 3502 1517 declarat
3533 1461 3664 1515 nihil

2073 1564 2196 1605 esse
2216 1550 2358 1618 quod
2388 1549 2966 1622 l'ugiatprovidentiam
2989 1559 3046 1606 et
3073 1552 3357 1607 scientiam
3387 1551 3508 1617 Dei,
3539 1551 3664 1619 quia

2076 1637 2177 1691 alia
2210 1647 2428 1709 propter
2471 1655 2552 1705 se,
2611 1641 2796 1719 aliain
2835 1656 2934 1696 usu
2975 1641 3256 1696 hominum
3299 1650 3428 1696 sunt
3456 1655 3657 1702 creata.

2083 1744 2102 1777 ι
2143 1726 2396 1797 Nunquid
2424 1727 2816 1794 mihidiﬂicile,
2871 1737 2965 1784 aut
2989 1729 3342 1800 impossibile,
3395 1741 3492 1786 aut
3513 1745 3661 1790 certe

385 1814 474 1869 nia
499 1830 656 1884 posse
692 1813 980 1884 complere,
1021 1829 1140 1882 quae
1168 1828 1224 1866 se
1255 1810 1518 1865 facturum
1543 1825 1663 1865 esse
1704 1807 1969 1879 pollicitus
1997 1798 2044 1858 Β
2071 1815 2429 1871 abscondclur
2453 1834 2483 1871 3
2505 1834 2593 1873 me
2622 1833 2784 1873 omne
2805 1798 3092 1874 verbumi)
3114 1819 3181 1874 Et
3206 1836 3369 1891 supra
3391 1822 3656 1881 diximus:

384 1917 491 1962 est.
528 1925 546 1958 ε
596 1907 786 1964 Omnia
817 1922 936 1976 quze
964 1905 1229 1960 mandasti
1268 1904 1347 1958 eis
1393 1911 1450 1957 ut
1474 1902 1710 1958 facerent
1747 1915 1849 1956 non
1891 1901 1966 1957 fe-

383 2007 594 2062 cerunt,
649 2017 667 2050 »
712 2006 766 2052 et
802 2006 948 2052 certe
993 2013 1051 2052 se
1094 1993 1332 2050 facturos
1375 1994 1753 2064 promiserant.
1814 2013 1831 2041 ι
1901 1992 1966 2046 Ει

383 2097 680 2146 evenerunt
732 2089 812 2146 eis
865 2089 1046 2144 omnia
1100 2086 1241 2142 mala
1287 2085 1423 2141 inec.
1482 2103 1501 2137 ι
1567 2083 1703 2139 Mala
1755 2085 1962 2155 patien-

383 2181 546 2247 t-ibus,
589 2191 842 2236 cancrum
876 2180 1032 2250 juxta
1066 2178 1279 2233 Domini
1307 2176 1632 2233 sententiam
1657 2176 1818 2238 bona,
1871 2175 1964 2244 qui

381 2275 558 2329 reddit
585 2273 874 2342 unicuique
894 2267 1189 2327 secundum
1211 2269 1327 2324 vias
1357 2281 1501 2323 suas.

455 2381 474 2414 ι
520 2362 658 2418 Ecce
693 2361 1018 2418 munitiones
1044 2367 1332 2415 exstructa:
1359 2365 1485 2412 sunt
1523 2355 1807 2410 adversum
1833 2354 1964 2409 civi-

383 2472 403 2504 ι
451 2461 611 2508 tatem
653 2461 712 2506 ut
754 2441 1016 2523 capiatur,
1062 2459 1118 2505 et
1168 2450 1298 2505 urbs
1349 2450 1476 2503 data
1546 2455 1630 2502 est
1680 2447 1732 2501 in
1796 2461 1960 2500 manu

383 2564 401 2594 ι
447 2543 838 2604 Chaldaeorum,
891 2539 978 2612 qui
1003 2541 1318 2613 pradiantnr
1353 2540 1612 2594 adversus
1637 2551 1781 2602 eam,
1826 2551 1857 2592 a
1883 2537 1960 2591 fa-

387 2653 406 2685 ι
448 2634 531 2689 cie
550 2634 730 2705 gladii,
759 2641 814 2688 et
840 2631 1020 2698 famis,
1069 2642 1124 2687 et
1151 2631 1492 2702 pestilentiae,
1531 2639 1584 2687 et
1627 2645 1960 2700 qurecunque

385 2745 404 2776 ε
465 2725 675 2780 locutus
704 2739 762 2779 es
787 2723 1119 2788 acciderunt,
1149 2729 1208 2776 ut
1232 2730 1286 2776 tu
1323 2721 1435 2791 ipse
1462 2720 1660 2776 cernis.
1705 2719 1772 2772 Et
1794 2727 1848 2772 tu
1874 2717 1958 2773 di-

383 2833 402 2865 ι
461 2791 552 2870 eis
566 2813 718 2880 mihi,
760 2813 986 2869 Domine
1015 2813 1157 2868 Deus
1186 2830 1198 2865 :
1228 2811 1359 2866 Eme
1390 2825 1580 2881 agrum
1615 2819 1859 2879 argento,
1905 2817 1959 2862 et

379 2924 397 2956 ι
455 2903 650 2960 adhibe
688 2911 872 2969 testes,
909 2919 1033 2958 cum
1077 2903 1208 2958 urbs
1239 2901 1364 2956 data
1405 2899 1562 2974 sitjn
1597 2913 1757 2954 manu
1797 2898 1960 2956 Chal—

381 3017 400 3048 (
447 2997 728 3054 ὁποι-ωιιῖ
770 3018 789 3051 ι
841 2997 1096 3053 Decimus
1129 3012 1301 3052 annus
1344 3005 1463 3052 erat
1510 2996 1654 3069 regis
1695 2995 1950 3062 Sedecize,

375 3088 446 3142 ita
471 3089 614 3144 enim
655 3090 914 3158 scriptum
954 3097 1081 3144 est:
1116 3107 1135 3142 ι
1177 3087 1411 3144 Verbum
1451 3088 1594 3158 quod
1643 3088 1842 3142 factum
1871 3095 1956 3142 est

374 3179 444 3232 ad
469 3175 754 3232 Jcremiam
786 3194 814 3231 a
847 3175 1072 3232 Domino
1098 3193 1241 3232 anno
1276 3178 1483 3232 decimo
1524 3175 1763 3231 Sedccia:
1812 3178 1956 3246 regis

370 3267 528 3322 Juda.
569 3287 589 3320 ι
639 3265 792 3323 Tunc
845 3267 1116 3322 exercitus
1163 3267 1304 3337 regis
1352 3265 1644 3338 Babylonis
1675 3267 1958 3321 obsidebat

370 3356 690 3413 Jerusalem.
735 3355 996 3413 Jeremias
1043 3357 1300 3427 propheta
1331 3364 1450 3412 erat
1476 3357 1691 3411 clausus
1726 3357 1778 3412 in
1815 3357 1956 3412 atrio

374 3449 630 3504 careeris.
672 3447 945 3518 Recteque
969 3464 1110 3502 nunc
1135 3447 1332 3503 dicitur
1363 3463 1378 3501 :
1411 3467 1429 3499 ι
1463 3447 1602 3502 Ecce
1630 3447 1955 3502 inunitiones

369 3547 664 3594 exstructa:
697 3548 822 3594 sunt
867 3538 1153 3593 adversum
1190 3537 1460 3592 civitatem
1496 3545 1556 3592 ut
1580 3538 1842 3608 capiatur,
1901 3547 1954 3594 ct

373 3627 504 3681 urbs
531 3627 656 3682 data
696 3634 778 3681 est
807 3627 856 3681 in
888 3641 1048 3680 manu
1094 3624 1462 3681 Cbaldmorum
1495 3642 1509 3691 ;
1551 3645 1569 3676 ι
1619 3640 1722 3681 nec
1757 3625 1958 3681 habent

371 3734 509 3788 qttos
523 3718 758 3784 vincant,
783 3717 875 3772 sed
895 3733 1030 3788 quos
1045 3717 1276 3788 capiant.
1292 3714 1412 3772 Jam
1434 3717 1578 3772 enim
1596 3717 1791 3786 gladio,
1816 3716 1956 3774 fame

370 3817 429 3862 et
459 3815 606 3876 peste
637 3807 940 3878 consumpti
971 3815 1117 3872 sunt,
1158 3814 1213 3862 et
1237 3821 1572 3876 quaecunque
1598 3807 1780 3862 dixisti
1805 3808 1948 3862 vide-

375 3912 494 3952 mus
526 3910 646 3952 csse
679 3897 940 3968 completa
967 3913 981 3950 :
1021 3895 1304 3966 quomodo
1328 3911 1458 3968 ergo
1480 3895 1616 3952 dicis
1645 3897 1801 3964 mihi,
1850 3898 1954 3952 Do—

374 3987 518 4041 mine
547 4005 560 4040 :
601 4005 620 4038 σ
651 4002 768 4042 eme
791 4003 978 4058 agrum
1010 3993 1232 4058 argento
1252 4027 1268 4050 ,
1297 3993 1352 4041 et
1383 3986 1576 4042 adhibe
1608 3994 1806 4053 testes,
1832 4003 1956 4043 cum

373 4079 502 4132 urbs
527 4078 650 4132 data
675 4077 745 4132 sit
771 4079 822 4132 in
855 4094 1045 4133 manus
1063 4075 1472 4132 Cbaldmorum?
1498 4097 1515 4128 ι
1537 4076 1702 4148 Igitur
1732 4093 1836 4133 non
1867 4093 1956 4133 re-

370 4167 674 4238 prehendit,
695 4168 786 4222 sed
809 4167 1124 4239 interrogat,
1147 4181 1248 4222 nec
1266 4174 1374 4220 tam
1395 4166 1496 4220 sibi
1521 4181 1683 4236 quam
1705 4166 1824 4222 aliis
1844 4167 1958 4222 vult

373 4257 602 4324 discere,
649 4258 741 4328 qui
779 4259 1036 4312 sedebant
1085 4257 1136 4312 in
1165 4255 1306 4312 atrio
1329 4257 1588 4323 carceris,
1638 4266 1694 4314 et
1729 4258 1956 4315 forsitan

371 4353 521 4408 taciti
547 4353 1033 4422 reprehendebant,
1055 4349 1324 4421 quomodo
1347 4351 1488 4405 idem
1513 4353 1774 4422 pr0pbeta
1797 4367 1956 4422 quem

377 4453 561 4494 \crum
587 4442 834 4496 nuntiare
859 4441 1172 4506 credebant,
1211 4448 1266 4495 et
1293 4441 1482 4496 urbem
1532 4441 1678 4496 dicat
1717 4455 1839 4499 esse
1862 4457 1957 4498 ca-

384 4527 658 4595 piendam,
701 4537 754 4583 et
783 4546 970 4601 agrum
1000 4539 1145 4583 emat
1165 4529 1320 4600 quasi
1348 4543 1712 4599 possessurns.

455 4639 474 4670 ι
517 4619 582 4673 Et
622 4617 820 4673 factum
849 4629 934 4676 est
968 4621 1188 4676 verbum
1217 4621 1431 4676 Domini
1459 4621 1524 4675 ad
1547 4619 1837 4677 Jeremiam
1870 4622 1956 4678 di-

379 4731 403 4762 4
455 4725 584 4766 cens
614 4727 628 4763 :
675 4709 812 4764 Ecce
837 4728 938 4782 ego
964 4712 1224 4766 Dominus
1265 4711 1406 4766 Deus
1438 4711 1704 4766 universm
1731 4713 1914 4768 carnis
1939 4731 1954 4766 :

391 4823 406 4852 ι
453 4800 695 4872 nunquid
734 4801 866 4854 mihi
895 4798 1106 4854 diﬂicile
1151 4801 1275 4870 (sive
1303 4799 1654 4871 impossibile)
1697 4802 1828 4866 erit,
1865 4811 1957 4856 aut

388 4916 404 4945 ι
465 4893 828 4948 abseondetur
857 4906 886 4944 a
923 4906 1006 4944 me
1028 4905 1188 4944 omne
1225 4891 1489 4944 verbum?
1524 4889 1814 4961 Pmpterca
1845 4893 1958 4948 haec

386 5005 399 5035 ι
453 4981 582 5038 dicit
607 4980 906 5038 Dominus:
949 4979 1087 5035 Ecce
1119 4995 1218 5049 ego
1262 4979 1471 5033 tradam
1501 4981 1776 5035 civitatem
1801 4981 1960 5036 istam
1995 5031 2003 5036 .

385 5095 402 5125 ι
455 5073 506 5128 iu
535 5089 724 5128 manus
747 5071 1136 5131 Cbaldteorum,
1187 5069 1319 5124 etin
1363 5083 1579 5124 manum
1614 5071 1756 5140 regis
1791 5071 1964 5144 Baby-

460 5161 691 5228 lonis,et
715 5163 927 5234 capient
950 5177 1094 5216 eam.
1112 5147 1179 5215 Et
1205 5161 1420 5214 venient
1444 5159 1680 5215 Chaldzei
1711 5161 1728 5229 (
1743 5163 1851 5216 sive
1880 5161 1964 5217 in-

384 5272 404 5302 c
451 5252 788 5326 gredientur)
825 5254 1131 5325 proeliantes
1162 5251 1300 5324 (sive
1327 5251 1541 5306 venient
1575 5251 1838 5322 Chaldtei)
1869 5251 1964 5307 ad-

385 5365 404 5394 ‹
453 5361 662 5402 versum
697 5348 880 5402 urbem
923 5346 1092 5409 hanc,
1127 5353 1183 5400 et
1214 5343 1544 5400 succenderit
1589 5359 1708 5400 eam
1747 5344 1873 5416 igni.
1905 5353 1961 5402 et

389 5457 405 5487 ι
453 5442 925 5504 comburenteam,
942 5445 996 5492 et
1021 5439 1208 5493 domos
1222 5438 1274 5492 in
1297 5451 1524 5508 quartnn
1548 5437 1849 5492 domatibus
1871 5452 1955 5492 sa-

388 5543 406 5574 ‹
451 5527 761 5582 criiicabant
789 5525 934 5592 Baal,
985 5533 1040 5580 et
1058 5527 1295 5581 libabant
1342 5526 1444 5580 diis
1470 5525 1660 5580 alienis
1703 5525 1954 5581 libamina

390 5632 406 5664 ι
457 5615 522 5669 ad
548 5616 866 5670 irritaudum
917 5630 1022 5670 me.
1052 5635 1070 5666 ι
1105 5615 1373 5672 Tristibus
1418 5616 1538 5671 laeta
1565 5616 1858 5686 subjungit,
1902 5625 1958 5671 et

377 5713 504 5776 post
546 5705 879 5758 eversionem
919 5702 1211 5758 Jerusalem
1255 5703 1469 5773 captivo
1500 5705 1694 5774 populo
1725 5705 1953 5759 reditum

1980 4510 2035 4572 D

2071 1921 2191 1977 qua:
2221 1907 2358 1979 apud
2391 1909 2636 1963 homines
2668 1909 3044 1980 impossibilia,
3094 1909 3239 1979 apud
3265 1911 3438 1966 Deum
3489 1917 3660 1984 possi-
3709 1966 3721 1980 _

2070 1997 2195 2054 bilia
2225 2007 2368 2054 sunt.
2405 1998 2636 2053 Verbum
2670 2007 2852 2054 autem
2879 1999 2970 2054 hic
2991 2009 3046 2054 et
3072 2000 3124 2054 in
3153 1999 3342 2056 multis
3371 2001 3493 2055 aliis
3529 2002 3658 2058 locis

2067 2103 2167 2158 pro
2202 2089 2363 2143 rebus
2393 2089 2652 2144 debemus
2699 2088 2966 2158 accipere.
3005 2107 3024 2140 ι
3059 2087 3198 2157 Quid
3237 2099 3346 2154 est,
3389 2093 3484 2155 ait,
3516 2095 3657 2162 quod

2068 2180 2267 2234 factum
2319 2188 2403 2235 est
2451 2179 2718 2234 verbum?
2763 2177 3060 2252 Propterea
3117 2181 3234 2236 haec
3286 2181 3421 2236 dicit
3476 2183 3656 2239 Domi-

2068 2286 2186 2324 nus.
2241 2289 2260 2322 ι
2319 2269 2455 2337 Quid
2487 2271 2631 2324 enim
2670 2277 3054 2340 praecesserat,
3116 2275 3178 2325 ut
3207 2271 3480 2328 causalem
3523 2289 3654 2328 cono

2059 2359 2394 2430 junctioncm
2416 2368 2641 2430 poneret
2663 2361 2878 2416 dicens:
2909 2379 2928 2412 ι
2955 2370 3245 2432 propterea
3267 2362 3384 2418 haec
3405 2364 3538 2420 dicit
3553 2366 3654 2420 Do-

2065 2449 2282 2504 minus?
2307 2468 2326 2500 ι
2360 2449 2517 2518 Quia,
2552 2449 2748 2520 inquit,
2782 2465 2927 2506 cura:
2957 2464 3090 2506 mea:
3114 2460 3196 2506 est
3227 2453 3410 2506 omnia
3441 2469 3650 2525 regere,

2065 2539 2319 2595 universa
2370 2540 2689 2612 disponere,
2743 2551 2795 2596 et
2823 2541 3051 2596 reddere
3091 2541 3322 2611 singulis
3352 2541 3509 2612 juxta
3542 2545 3654 2598 vias

2063 2648 2190 2688 suas
2219 2649 2236 2688 :
2268 2651 2287 2684 ι
2312 2632 2512 2688 idcirco
2537 2648 2636 2704 ego
2659 2633 2867 2688 tradam
2890 2631 3165 2688 civitatem
3193 2633 3355 2688 istam
3377 2635 3431 2688 in
3461 2650 3653 2688 manus

2061 2723 2454 2792 Chaldaeorum,
2468 2733 2524 2779 et
2551 2725 2604 2780 in
2632 2741 2849 2780 manum
2867 2724 3157 2796 Babylonis
3177 2725 3340 2796 regis,
3364 2735 3419 2780 et
3434 2727 3650 2796 capient

2061 2827 2200 2868 eam.
2232 2833 2250 2865 ι
2275 2813 2520 2868 Primum
2557 2815 2700 2870 enim
2739 2814 2974 2869 valiatur
3010 2815 3276 2880 exercitu,
3320 2823 3377 2871 et
3427 2817 3650 2873 absente

2059 2903 2272 2972 capitur
2297 2901 2810 2970 Nabuchodonosor,
2867 2903 3231 2976 Sedeeiasque
3278 2905 3496 2960 ducitur
3539 2906 3649 2962 Be-

2058 2981 2224 3059 blata,
2277 3002 2333 3048 et
2381 2993 2452 3049 ibi
2497 2995 2609 3066 regi
2653 2995 2904 3050 traditur.
2937 2999 2986 3046 ἀ
3044 2993 3110 3050 Ει
3157 2994 3400 3061 venient,
3449 2995 3644 3065 inquit,

2056 3083 2291 3141 Chaldaei
2322 3085 2629 3157 przeliantcs
2659 3087 2941 3141 adversum
2971 3086 3162 3142 urbem
3190 3087 3352 3142 hanc.
3387 3107 3408 3140 ο
3458 3085 3648 3142 Melius

1981 3155 2026 3217 Ο
2057 3175 2252 3247 Aquila
2279 3155 2371 3247 qui
2395 3191 2494 3247 pro
2515 3191 2582 3232 eo
2605 3177 2749 3247 quod
2774 3177 3058 3248 scriptum,
3105 3175 3343 3242 Veniant,
3370 3179 3646 3234 transtulit

2058 3265 2451 3333 εἰσδλιύσονται,
2483 3267 2587 3322 hoc
2615 3275 2722 3336 est,
2755 3267 3113 3341 ingrediantur
3131 3269 3412 3323 civitatem.
3460 3268 3644 3340 Neque

2057 3356 2202 3410 enim
2224 3358 2474 3413 absentes
2502 3365 2659 3412 erant
2683 3367 2747 3412 ut
2773 3358 3040 3423 venirent,
3067 3359 3266 3429 quippe
3298 3360 3392 3430 qui
3418 3361 3646 3416 circum-

2058 3449 2319 3504 dederant
2339 3449 2660 3515 Jerusalem,
2692 3451 2832 3506 sicut
2861 3449 3140 3521 Scriptura
3169 3459 3399 3506 testatur
3428 3470 3444 3506 :
3477 3451 3642 3506 «Tum

2015 3601 2026 3611 ,
2059 3544 2332 3600 exercitus
2355 3545 2498 3614 regis
2524 3543 2810 3615 Babylonis
2844 3541 3125 3598 obsidebat
3148 3539 3448 3598 Jerusalem
3476 3557 3491 3596 :
3527 3562 3549 3596 ι
3582 3558 3642 3598 ac

2060 3633 2252 3690 deinde
2283 3653 2295 3687 :
2335 3653 2353 3686 ι
2385 3649 2512 3690 cccc
2535 3634 2862 3689 munitiones
2894 3641 3184 3688 exstructa:
3205 3641 3330 3688 sunt
3357 3634 3640 3690 adversum

2057 3725 2328 3780 civitatem
2378 3733 2436 3778 ιιι
2479 3725 2742 3794 capiatur,
2800 3732 2854 3780 et
2889 3725 3018 3778 urbs
3060 3724 3185 3778 data
3234 3731 3318 3778 est
3373 3724 3426 3778 in
3479 3737 3638 3778 manu

2056 3811 2450 3868 Chaldaeorum.
2512 3835 2530 3866 ›
2586 3813 2865 3882 Quomodo
2905 3813 3070 3886 igitur
3111 3813 3328 3868 venient
3366 3815 3457 3884 qui
3505 3830 3638 3884 pra:-

2053 3913 2238 3966 sentes
2266 3909 2466 3964 erant?
2505 3906 2612 3963 Sed
2651 3909 2708 3963 hi
2749 3908 2840 3978 qui
2869 3907 3188 3964 obsidebant
3223 3909 3412 3962 urbem
3461 3909 3637 3979 ingre-

2057 3997 2295 4066 dientur,
2347 4002 2538 4072 inquit,
2591 4010 2646 4056 et
2676 4003 3058 4073 eapienteam,
3108 4010 3162 4057 et
3191 4002 3538 4065 succendent,
3588 4009 3638 4053 et

2056 4089 2124 4142 ad
2153 4090 2324 4144 solum
2349 4108 2519 4163 usque
2537 4095 2856 4148 comburent
2883 4092 3127 4167 (verbum
3152 4094 3295 4148 enim
3319 4091 3635 4148 Hebraicum

2056 4187 2182 4244 1N3,
2215 4181 2564 4252 ambiguitate
2609 4183 2723 4249 sui,
2780 4196 2834 4238 et
2885 4183 3102 4240 venient
3173 4191 3228 4238 et
3271 4183 3638 4256 ingredientur

2057 4270 2256 4342 sonat),
2276 4282 2330 4325 et
2351 4272 2540 4328 domos
2569 4274 2622 4327 in
2661 4289 2890 4345 quarum
2927 4273 3234 4330 domatibus
3259 4273 3636 4328 sacriﬁcabant

2057 4361 2186 4414 Baal
2221 4362 2362 4416 idolo
2395 4361 2762 4429 Sidoniorum,
2809 4374 2862 4419 et
2886 4365 3127 4419 libabant
3151 4364 3258 4419 diis
3283 4363 3472 4418 alienis
3501 4363 3634 4417 liba-

2053 4453 2204 4529 mina
2251 4453 2318 4506 ad
2351 4453 2672 4509 irritandmn
2702 4469 2788 4508 me
2819 4473 2833 4509 :
2877 4463 2938 4510 ut
2971 4470 3079 4510 non
3115 4467 3305 4510 errore
3339 4453 3631 4524 religionis,

2059 4542 2153 4596 sed
2201 4543 2544 4599 contentione
2583 4545 2836 4615 quadam,
2891 4555 2945 4600 et
2987 4545 3040 4600 in
3071 4543 3384 4599 Creatorem
3439 4553 3622 4599 contu-

2059 4632 2274 4687 meliam
2298 4633 2476 4690 facere
2491 4635 2823 4692 viderentur.
2849 4636 3130 4704 Quomodo
3164 4643 3343 4691 autem
3369 4636 3636 4706 periturus

2059 4722 2314 4776 scribitur
2359 4726 2592 4780 mundus
2649 4723 2803 4796 juxta
2849 4724 2976 4779 illud
3022 4725 3166 4794 quod
3217 4724 3474 4794 scriptum
3519 4734 3633 4778 est:

2067 4831 2085 4863 ι
2129 4814 2336 4870 Cadunt
2367 4826 2422 4871 et
2454 4826 2596 4872 terra
2619 4817 3020 4888 pertransibunt
3049 4817 3262 4890 (Matth.
3308 4817 3478 4884 xxiv),
3523 4835 3541 4867 ι
3569 4831 3630 4867 eo

2061 4906 2204 4974 quod
2251 4906 2307 4960 in
2330 4908 2564 4978 maligno
2593 4909 2796 4978 positus
2819 4909 2886 4963 sit
2921 4927 2934 4961 :
2977 4909 3054 4963 sic
3094 4915 3148 4962 et
3192 4905 3385 4961 domus
3425 4905 3536 4974 ipsa
3584 4913 3634 4956 et

2067 4994 2183 5049 loca
2213 4996 2266 5050 in
2292 4995 2488 5068 quibus
2516 4997 2714 5069 ﬂagitia
2742 5007 3048 5068 perpetrata
3089 5004 3214 5050 sunt
3252 4996 3348 5050 irte
3375 4995 3469 5049 Dei
3515 4995 3634 5048 subo

2061 5086 2264 5157 jacent.
2293 5087 2433 5144 Sunt
2453 5089 2545 5158 qui
2571 5077 2912 5145 contentio’sc
2928 5089 3056 5142 illud
3081 5088 3220 5158 quod
3248 5088 3508 5156 scriptum
3531 5093 3630 5148 cst,

2073 5195 2093 5228 ι
2127 5177 2276 5232 locus
2301 5179 2356 5232 in
2381 5195 2487 5248 quo
2514 5181 2803 5235 cruciﬁxus
2826 5186 2906 5233 est
2925 5178 3184 5232 Dominus
3204 5185 3364 5245 atque
3386 5174 3630 5230 Salvator

2067 5268 2384 5337 spiritaliter
2403 5269 2726 5334 Gomorrha,
2753 5276 2808 5323 et
2828 5267 3094 5340 {Egyptus
3113 5275 3360 5332 vocatur,
3389 5283 3408 5317 ι
3439 5266 3504 5320 ad
3523 5265 3626 5333 ipsa

2068 5355 2183 5413 ioca
2199 5359 2464 5420 reterant;
2489 5359 2577 5413 alii
2600 5375 2728 5413 vero
2744 5359 3052 5413 universum
3070 5357 3328 5410 mundum
3353 5355 3453 5410 sub
3467 5353 3626 5409 nomi-

2064 5464 2131 5504 nc
2157 5448 2372 5521 Egypti
2405 5457 2460 5504 et
2481 5447 2796 5505 Gomorrha:
2825 5449 3116 5517 signiﬁcari
3143 5453 3370 5518 putant:
3402 5455 3461 5501 ut
3491 5446 3622 5500 enim

2062 5538 2362 5595 Gomorrba
2387 5539 2566 5596 divino
2591 5536 2716 5612 igne
2735 5539 2905 5596 deleta
2927 5547 3007 5595 est
3038 5557 3052 5594 :
3084 5539 3156 5594 ita
3177 5539 3233 5592 et
3259 5537 3514 5592 mundum
3539 5534 3621 5590 Dei

2057 5627 2278 5696 judicio
2311 5631 2782 5685 concremandum.

2137 5740 2152 5773 ι
2203 5722 2368 5775 Erant
2412 5723 2556 5776 enim
2593 5721 2704 5776 ‘liiii
2744 5721 2934 5784 Israel,
3009 5729 3063 5776 et
3106 5720 3198 5775 lilii
3243 5718 3380 5773 Juda
3435 5717 3619 5786 jugitcr
