3970 6190
395 288 521 347 ΙιοέίἹ

1267 278 1629 334 EKPOSITIO
1667 274 1899 333 SUPER
1933 276 2300 335 JEREMIAM.
2340 310 2412 323 —-
2449 282 2576 337 [ΑΒ.
2615 282 2728 338 Xll.

3512 292 3646 351 1058

387 424 408 458 ε
438 403 561 475 (sive
596 399 715 470 soli)
746 395 1005 453 facientes
1037 394 1235 448 malum
1260 393 1312 447 in
1337 393 1507 447 oculis
1530 390 1665 446 meis
1685 391 1753 446 ab
1776 391 1955 446 adolc—
1982 394 2031 453 Α
2059 394 2150 463 qui
2185 409 2313 450 vero
2349 403 2555 467 tergum
2603 399 2781 465 vertit,
2818 403 2931 468 ipso
2970 409 3120 469 gestu
3172 406 3410 474 corporis
3447 407 3648 466 indicat

388 515 406 548 ι
454 493 658 549 scentia
706 505 823 545 sua.
862 509 881 541 ι
928 484 1195 559 (Ηὶεγοη.)
1245 484 1483 543 Verbum
1529 483 1849 539 llcbraicum
1882 494 1962 572 Ίιοι

384 585 575 656 Aquila
605 584 990 650 interpretatus
1027 586 1109 632 est
1137 576 1264 636 πλὴν
1297 616 1311 639 ,
1357 575 1498 644 quod
1528 572 1963 642 conjunctioncm

384 684 734 734 verumtamen
770 670 1058 742 significat.
1119 667 1430 738 Symmachi
1487 666 1658 736 prima
1687 665 1872 730 editio,
1911 673 1967 720 et

382 765 546 832 LXX,
576 774 631 819 et
658 761 959 818 Theodotio
987 758 1126 814 solos
1162 756 1504 827 interpertati
1539 762 1685 819 sunt,
1726 756 1963 811 secunda

380 858 579 928 quippe
602 850 911 924 Symmachi
936 849 1098 905 vertit
1145 848 1322 913 διόλου,
1353 862 1511 918 quem
1544 853 1597 901 et
1626 862 1723 901 nos
1772 845 1967 917 inprm—

382 949 675 1004 sentiarum
699 944 868 999 secuti
897 957 1105 1005 sumus,
1145 950 1202 994 ut
1225 941 1527 996 diceremus
1564 938 1783 1009 jtlgiter.
1809 939 1966 994 Dica-

384 1054 503 1092 mus
531 1037 693 1108 igitur
721 1034 951 1104 primum
974 1031 1131 1100 juxta
1162 1030 1486 1085 llebraicum
1512 1047 1525 1083 :
1557 1029 1676 1083 Filii
1702 1029 1889 1094 Israel,
1913 1037 1969 1085 ct

385 1130 475 1183 lilii
513 1128 648 1182 Juda
671 1125 873 1197 jugitcr
896 1123 1157 1180 facientes
1188 1123 1405 1178 malum.
1432 1122 1501 1177 Et
1529 1124 1735 1189 decem,
1770 1122 1962 1190 inquit,

383 1231 436 1273 et
466 1218 584 1271 dua:
617 1215 786 1269 tribus
813 1213 1010 1267 malum
1040 1213 1156 1267 sine
1184 1212 1484 1267 cessatione
1513 1209 1776 1275 fecerunt,
1800 1219 1854 1265 et
1877 1211 1967 1281 ju-

384 1310 466 1380 gis
506 1307 585 1361 eis
615 1304 716 1359 fuit
743 1304 799 1357 in
842 1302 1090 1372 pessimis
1136 1300 1390 1370 operibus
1432 1298 1853 1370 perseverantia.
1908 1297 1968 1353 Si

386 1407 565 1452 autem
588 1394 732 1465 jugis
762 1401 816 1448 et
836 1406 1047 1461 semper
1072 1395 1126 1445 ln
1157 1397 1269 1443 toto
1292 1388 1507 1458 populo,
1536 1387 1629 1442 ubi
1654 1394 1737 1442 est
1759 1382 1971 1458 justitia

386 1486 711 1557 smnpiterna
731 1484 755 1537 ?
777 1482 967 1547 Porro,
989 1480 1140 1551 juxta
1170 1477 1330 1541 LXX,
1364 1477 1456 1549 qui
1484 1477 1765 1532 dixerunt:
1805 1493 1823 1528 ‹
1860 1474 1974 1531 Soli

387 1576 647 1633 facientes
686 1573 906 1639 malum,
959 1591 977 1624 ›
1026 1570 1199 1626 oritur
1234 1568 1467 1641 qumstio
1502 1585 1515 1620 :
1568 1564 1708 1620 Num
1753 1573 1807 1620 et
1851 1564 1971 1621 alia:

385 1677 574 1740 gentes
603 1681 667 1721 eo
718 1673 957 1733 tempore
1011 1677 1119 1732 quo
1146 1659 1310 1715 Israel
1358 1656 1629 1727 Judasquc
1653 1656 1970 1727 peccahant,

2064 500 2122 540 se
2152 486 2419 563 negligere
2461 490 2910 553 comminantem,
2946 499 3002 545 et
3043 492 3175 556 hoc,
3205 494 3310 559 ait,
3355 494 3643 556 faciebant.

2142 591 2160 625 ι
2199 574 2333 629 Cum
2379 576 2627 631 docerem
2676 592 2770 633 eos
2818 579 3090 646 diluculo,
3149 590 3202 637 et
3250 586 3518 642 eradirem
3548 606 3561 643 :
3590 600 3645 646 et

2070 682 2089 714 ι
2125 663 2556 731 nollentaudire,
2606 676 2661 721 ut
2689 670 2999 738 acciperent
3035 673 3394 749 disciplinam.
3422 698 3441 730 ι
3476 679 3649 750 Fuga-

2066 756 2136 812 tis
2176 757 2381 813 erroris
2427 758 2684 825 tenebris,
2729 767 2782 814 et
2830 762 2977 817 omni
3019 763 3291 835 idolorum,
3316 767 3483 834 cultu,
3527 786 3649 827 mea

2068 850 2334 905 sententia
2364 850 2643 906 confutata
2672 853 2911 921 quotidie
2940 855 3104 910 corda
3134 871 3321 912 eorum
3348 856 3653 914 illuminare

2067 943 2370 1012 cupiebam,
2401 951 2456 999 et
2480 945 2672 1001 docere
2695 961 2812 1015 qua:
2844 956 2992 1003 recta
3034 957 3178 1004 sunt.
3213 949 3281 1005 Et
3308 959 3370 1019 ut
3418 951 3647 1006 liberum

2068 1043 2314 1090 servaret
2334 1035 2616 1109 arbitrium
2636 1076 2651 1103 ,
2674 1034 2855 1108 jungit
2899 1044 2955 1111 et
2979 1038 3112 1094 dicit
3139 1057 3152 1095 :
3186 1059 3206 1092 ι
3237 1047 3294 1096 et
3311 1039 3516 1096 nollent
3556 1057 3654 1097 au-

2070 1122 2207 1189 dire,
2240 1133 2299 1178 ut
2321 1125 2629 1195 acciperent
2659 1125 3015 1195 disciplinam.
3052 1146 3073 1182 »
3107 1112 3403 1199 Seqttitur:

2146 1231 2164 1264 ι
2202 1213 2269 1267 Ει
2302 1227 2593 1285 posuerunt
2621 1215 2766 1271 idola
2789 1231 2888 1271 sua
2916 1215 2974 1273 in
3002 1216 3183 1284 domo,
3223 1221 3275 1276 in
3299 1234 3405 1291 qua
3437 1220 3650 1287 invoca-

2077 1319 2096 1353 ι
2132 1311 2243 1357 tum
2270 1310 2355 1358 est
2393 1318 2589 1359 nomen
2631 1320 2834 1372 meum,
2882 1312 2941 1362 ut
2972 1292 3274 1379 polluerent
3305 1320 3447 1361 eam.
3478 1327 3498 1360 ι
3530 1307 3648 1375 Non

2072 1389 2245 1446 solum
2264 1406 2331 1445 eo
2358 1399 2598 1462 tempore
2611 1390 2776 1451 Judas
2794 1393 2975 1463 posuit
3000 1393 3055 1449 in
3083 1393 3279 1464 templo
3302 1394 3396 1449 Dci
3418 1403 3651 1461 statuam

2070 1478 2233 1547 idoli,
2261 1495 2423 1552 quam
2456 1480 2510 1535 in
2540 1478 2839 1539 Ezechielis
2870 1482 3133 1554 principio
3163 1483 3390 1556 legimus
3420 1466 3650 1556 (Ezecli.

2072 1568 2199 1640 vni)
2234 1586 2248 1625 :
2282 1568 2377 1624 sed
2403 1584 2573 1639 usque
2602 1569 2762 1627 hodie
2792 1570 2847 1625 in
2873 1571 3034 1627 domo
3063 1572 3309 1638 Domini,
3337 1590 3457 1644 qua:
3488 1574 3653 1631 inter-

2073 1667 2319 1733 pretatur
2335 1658 2598 1727 Ecclesia,
2615 1661 2730 1716 sive
2755 1661 2809 1715 in
2830 1661 2994 1717 corde
3014 1660 3297 1733 animaque
3318 1665 3653 1720 credentium

390 1737 591 1815 malum
622 1772 727 1811 non
757 1752 1043 1810 fecerunt?
1068 1749 1220 1818 Quod
1263 1748 1341 1805 sic
1366 1747 1594 1804 solvitur
1630 1764 1645 1823 ς
1689 1744 1779 1816 qui
1807 1745 1971 1800 habet
1997 1737 2045 1798 B
2073 1752 2291 1821 ponitur
2310 1752 2533 1818 idolum,
2555 1753 2771 1824 quando
2792 1768 2988 1809 novum
3012 1753 3199 1824 dogma
3218 1756 3582 1822 constituitur,
3601 1764 3659 1815 et

392 1850 634 1905 notitiam
666 1847 785 1910 Dei,
821 1853 875 1899 et
898 1842 1105 1899 recedit
1127 1840 1195 1895 ab
1224 1854 1309 1906 eo,
1334 1837 1481 1894 solus
1507 1843 1700 1908 peccat
1720 1835 1773 1890 in
1797 1833 1968 1907 oculis
2064 1840 2217 1909 juxta
2250 1841 2728 1899 Deuteronomium
2761 1845 3016 1900 adoratur
3047 1843 3102 1899 in
3135 1844 3447 1901 abscondito
3477 1847 3653 1919 (Deut.

389 1941 506 1996 Dei.
535 1937 636 2004 Qui
664 1951 794 1992 vero
832 1931 1092 1988 increduli
1122 1929 1542 2001 permanserint,
1566 1926 1718 1997 quasi
1747 1923 1839 1981 illo
1864 1940 1971 1981 non

386 2031 603 2095 vidente
626 2035 683 2082 et
710 2025 1034 2097 negligente,
1062 2021 1395 2091 delinquunt.
1440 2018 1593 2074 Unde
1620 2026 1674 2072 et
1697 2016 1866 2071 David
1889 2015 1974 2070 vir

387 2130 629 2187 sanctus,
679 2118 805 2190 quia
845 2121 1125 2172 corruerat
1168 2112 1221 2167 in
1265 2118 1543 2182 peccatum
1597 2107 1785 2186 uxoris
1829 2105 1975 2162 Uria:

388 2213 687 2270 Bethsabee
737 2222 902 2280 agens
924 2214 1114 2280 postea
1142 2201 1515 2274 poenitentiam
1572 2198 1656 2271 (II
1695 2196 1820 2267 Reg.
1873 2194 1974 2267 xu)

390 2303 654 2374 loquitur:
677 2320 696 2353 ‹
720 2299 836 2353 Tibi
867 2296 965 2353 soli
986 2293 1223 2365 peccavi,
1251 2300 1307 2347 et
1335 2290 1534 2346 malum
1556 2302 1737 2343 coram
1768 2292 1831 2374 te?
1849 2282 1974 2348 feci,

390 2395 445 2450 id
463 2373 560 2448 est
585 2391 639 2445 in
667 2396 957 2458 conspectu
981 2395 1073 2441 tuo
1098 2380 1278 2457 (Psal.
1310 2398 1340 2436 L
1354 2386 1397 2449 ).
1426 2378 1666 2446 Denique
1684 2373 1933 2446 jungitur
1961 2389 1972 2424 :

398 2503 417 2535 ι
465 2481 561 2538 soli
602 2479 863 2535 facientes
915 2475 1115 2531 malum
1165 2473 1220 2527 in
1254 2470 1428 2526 oculis
1455 2467 1613 2531 meis,
1661 2473 1717 2521 et
1760 2465 1813 2518 in
1842 2475 1999 2545 con-1

392 2585 580 2646 specta
603 2588 722 2627 meo
750 2571 818 2625 ab
841 2565 1206 2624 adolescentia
1233 2580 1352 2620 sua.
1377 2584 1395 2616 ι
1415 2562 1673 2631 Quodque
1697 2556 1974 2626 sequitur:

399 2685 417 2716 ε
453 2665 570 2719 Filii
590 2660 755 2718 Israel
773 2660 865 2731 qui
887 2673 1059 2729 usque
1077 2673 1218 2713 nunc
1236 2653 1632 2713 ex::cerbabant
1645 2664 1730 2704 me
1748 2648 1800 2701 in
1816 2658 1978 2717 opere

395 2770 650 2811 manuum
698 2766 939 2816 suarum,
990 2748 1126 2804 dicit
1178 2746 1457 2810 Dominus,
1509 2762 1529 2796 ι
1578 2741 1632 2796 in
1673 2737 1817 2794 LXX
1873 2750 1979 2790 non

395 2846 644 2909 habetur,
661 2851 716 2899 et
736 2843 803 2898 de
825 2840 1091 2898 Hebraico
1118 2838 1361 2893 additum
1398 2841 1501 2891 est.
1531 2832 1670 2902 Quia
1703 2840 1884 2885 autem
1911 2826 1980 2881 ab

395 2935 755 2991 adolescentia
789 2949 886 2989 sua
935 2945 1106 2999 usque
1140 2928 1207 2983 ad
1230 2934 1548 2997 praesentem
1596 2922 1737 2979 diem
1781 2918 1982 2990 jugiter

393 3028 735 3097 deliquerunt
768 3044 781 3079 :
810 3024 933 3079 ideo
954 3022 1100 3093 justa
1129 3018 1404 3075 sententia
1440 3016 1535 3071 Dei
1561 3023 1668 3081 est,
1700 3021 1757 3070 et
1782 3008 1980 3067 merito

398 3119 675 3187 Scriptura
715 3114 954 3170 contexit
990 3130 1004 3169 :

477 3228 495 3259 ‹
526 3207 582 3260 ln
610 3205 793 3260 furore
821 3212 875 3259 et
902 3204 954 3257 in
992 3200 1355 3272 indignatione
1384 3210 1504 3253 mea
1544 3196 1685 3252 facta
1715 3202 1799 3249 est
1840 3192 1975 3247 mihi

404 3317 423 3347 ι
458 3296 648 3351 civitas
672 3295 810 3359 lucc,
834 3308 866 3345 a
893 3292 981 3347 die.
1002 3305 1108 3360 qua
1128 3289 1534 3344 mdilicaverunt
1553 3300 1673 3341 eam
1699 3296 1872 3353 usque
1905 3281 1974 3335 ad

405 3410 423 3441 ι
461 3389 602 3442 diem
630 3389 812 3449 istam,
847 3399 951 3454 qua
980 3382 1259 3437 auferetur
1283 3379 1350 3435 de
1388 3384 1840 3447 conspeetuaneo.
1870 3393 1888 3426 ι
1916 3372 1975 3428 Si

398 3494 464 3531 ex
487 3491 552 3531 eo
577 3484 814 3544 tempore
837 3487 944 3541 quo
956 3470 1193 3527 civitatis
1212 3468 1359 3538 jacta
1380 3475 1507 3523 sunt
1526 3464 1873 3520 fundamenta
1895 3476 1980 3516 us-

401 3582 509 3636 que
536 3565 605 3619 ad
630 3564 769 3619 hanc
793 3562 956 3628 diem,
986 3559 1201 3630 quando
1230 3567 1389 3627 capta
1418 3565 1502 3612 est
1527 3562 1689 3623 atque
1718 3565 1976 3608 succensa

400 3668 459 3713 et
480 3656 691 3714 sublata
714 3656 781 3712 de
811 3664 1102 3725 conspectu
1126 3652 1340 3708 Domini
1368 3651 1485 3716 fuit,
1519 3662 1734 3719 semper
1761 3647 1815 3701 in
1844 3645 1976 3701 vitio

401 3759 458 3803 et
488 3748 854 3819 indignatione
887 3754 1074 3802 contra
1099 3759 1157 3800 se
1178 3743 1345 3798 Deum
1371 3739 1716 3813 provocavit,
1754 3736 1845 3792 ubi
1875 3744 1977 3802 est,

405 3847 466 3891 ut
485 3852 625 3907 saepe
649 3834 760 3904 jam
787 3835 1045 3899 diximus,
1067 3840 1412 3905 peccatorum
1439 3829 1628 3899 quies?

481 3947 499 3978 ι
534 3928 766 3996 Propter
793 3925 1078 3991 malitiam,
1108 3923 1301 3993 inquit,
1346 3921 1579 3975 ﬁliorum
1604 3915 1791 3983 Israel,
1832 3924 1891 3972 et
1917 3914 1977 3971 ﬁ-

410 4039 428 4068 t
471 4018 664 4072 liorum
701 4016 859 4081 Juda,
890 4030 1050 4085 quam
1092 4013 1369 4078 fecerunt,
1411 4008 1482 4065 ad
1515 4007 1848 4063 iracundiam
1893 4019 1980 4060 me

412 4128 429 4159 ι
464 4115 839 4177 provocantes,
879 4105 980 4175 ipsi
1032 4115 1089 4160 et
1127 4118 1285 4175 reges
1328 4116 1555 4168 eorum,
1606 4112 1662 4156 et
1710 4098 1983 4170 principes

411 4222 429 4251 ι
468 4215 678 4265 eorum,
709 4205 767 4254 et
785 4199 1094 4259 sacerdotes
1116 4211 1335 4261 eorum,
1373 4203 1428 4250 et
1452 4194 1728 4265 prephetze
1768 4206 1978 4256 eorum,

413 4309 433 4342 ‹
471 4291 569 4344 viri
604 4289 740 4347 Juda
777 4300 833 4345 et
875 4288 1209 4347 habitatores
1235 4286 1553 4343 Jerusalem.
1585 4306 1603 4338 ι
1631 4285 1769 4352 Quia
1818 4298 1978 4354 supra

407 4381 621 4435 dixerat
646 4398 665 4433 ι
696 4382 751 4435 in
779 4379 963 4436 furore
1003 4387 1060 4433 et
1087 4380 1141 4433 in
1170 4378 1535 4447 indignatione
1575 4391 1695 4431 mea
1728 4376 1869 4431 facta
1901 4362 1983 4429 est

2075 1928 2168 2001 IV)
2204 1948 2217 1984 :
2252 1950 2270 1982 ι
2298 1930 2552 1997 Nescitis,
2583 1931 2780 2003 inquit,
2812 1932 2938 2004 quia
2977 1932 3232 2003 templum
3279 1934 3371 1990 Dei
3411 1937 3573 2003 estis,
3601 1948 3659 1993 et

2074 2020 2296 2090 spiritus
2334 2020 2430 2093 Dei
2465 2021 2674 2077 habitat
2710 2022 2763 2077 in
2792 2022 2987 2093 vobis?
3021 2041 3040 2075 ›
3075 2020 3127 2095 (1
3159 2021 3279 2077 Cor.
3312 2023 3418 2096 Ill.)

2148 2130 2167 2164 ι
2199 2111 2266 2166 Ει
2292 2111 2693 2168 :ediﬁcaverunt
2729 2111 2942 2169 excelsa
2983 2112 3003 2184 (
3024 2113 3132 2167 sive
3157 2129 3283 2169 aras
3299 2129 3317 2186 )
3343 2102 3492 2182 Βᾶθι,
3532 2131 3659 2186 qua:

2080 2224 2097 2255 ι
2132 2212 2258 2261 sunt
2284 2204 2336 2257 in
2364 2201 2502 2260 valle
2533 2203 2891 2270 filiiEnnom,
2929 2212 2987 2258 ut
3022 2204 3301 2258 initiarcnt
3343 2204 3482 2260 filios
3526 2222 3657 2261 suos

2082 2311 2099 2341 ι
2134 2301 2186 2347 et
2233 2292 2371 2347 tilias
2419 2306 2545 2348 suas
2592 2282 2736 2349 idolo
2786 2292 3014 2348 Moloch.
3055 2313 3074 2346 ι
3124 2293 3230 2348 Pro
3275 2294 3551 2363 initiarent
3598 2299 3652 2352 in

2058 2380 2340 2436 ‘llebraico
2362 2380 2621 2452 scriptum
2656 2391 2738 2438 est
2760 2390 2918 2448 may,
2945 2366 3087 2453 quod
3103 2383 3294 2454 Aquila
3319 2393 3372 2441 ct
3404 2383 3655 2458 Symma-

2078 2474 2211 2529 chus
2261 2473 2686 2541 transducerent,
2738 2472 2882 2528 LXX
2940 2483 2993 2530 et
3030 2475 3365 2543 Thcodotio,
3410 2480 3657 2549 aﬂ'errenf

2081 2562 2415 2633 interpretati
2442 2569 2587 2620 sunt.
2626 2563 2702 2619 De
2720 2564 2860 2621 valle
2883 2564 3117 2621 ﬁliorum
3145 2566 3375 2635 Ennom,
3404 2584 3521 2639 quze
3554 2570 3659 2625 lle--

2078 2651 2261 2707 braice
2302 2652 2501 2707 dicitur
2532 2661 2698 2716 tam:
2735 2669 2896 2725 supra
2950 2654 3160 2725 plenius
3211 2656 3477 2725 diximus,
3519 2648 3657 2728 quOd

2081 2745 2358 2815 subjaceat
2406 2742 2552 2801 Siloe
2592 2744 2862 2812 fontibus,
2914 2756 2969 2802 et
3020 2749 3331 2804 ammnitatc
3372 2750 3491 2816 sui,
3537 2751 3666 2821 quia

2082 2836 2232 2892 locus
2257 2836 2493 2909 irriguus
2527 2845 2645 2903 est,
2682 2836 2937 2909 populum
2979 2837 3142 2895 Israel
3187 2841 3558 2910 provocaverit
3599 2842 3668 2897 ad

2084 2925 2372 2992 luxuriam,
2390 2941 2551 2998 quam
2574 2925 2838 2982 idolorum
2858 2925 3036 2983 cultus
3057 2908 3318 2997 sequitur.
3336 2908 3669 2988 Notandum-

2083 3031 2188 3087 quc
2234 3017 2376 3087 quod
2412 3030 2521 3070 ara:
2548 3025 2604 3072 et
2631 3015 2845 3071 excelsa
2883 3016 3148 3072 Hebraico
3196 3033 3445 3075 sermone
3490 3002 3668 3093 appel-

2003 3078 2050 3140 Ο
2081 3078 2433 3170 lenturnm
2454 3149 2470 3177 ,
2496 3118 2717 3182 propter
2748 3126 2842 3167 eos
2866 3112 2955 3183 qui
2985 3113 3039 3167 in
3081 3111 3349 3168 Samuelis
3376 3122 3431 3168 et
3480 3078 3544 3169 in.
3563 3078 3669 3170 ite-

2079 3215 2207 3272 gum
2245 3199 2519 3256 volumine
2551 3201 2680 3271 quid
2704 3201 2971 3273 signiﬁcet
2994 3202 3097 3258 hoc
3134 3204 3355 3259 verbum
3384 3204 3657 3261 dubitant.

2079 3290 2285 3346 Moloch
2332 3290 2533 3346 idolum
2577 3291 3007 3348 Ammonitarum
3051 3303 3166 3361 est,
3195 3278 3336 3365 quod
3378 3295 3432 3351 in
3480 3284 3658 3369 regem

2076 3384 2323 3439 vertitur.
2374 3382 2654 3456 Signiﬁcat
2700 3394 2879 3442 autem
2922 3385 3204 3457 Scriptura
3260 3389 3462 3455 divina,
3519 3376 3661 3460 quod

2081 3488 2185 3528 non
2214 3474 2385 3530 solum
2409 3475 2537 3530 Baal
2566 3475 2729 3541 idolo,
2754 3476 2849 3532 sed
2877 3484 2933 3532 et
2958 3475 3166 3533 Moloch
3207 3466 3522 3551 cunctisque
3561 3468 3670 3536 dae-

2080 3565 2328 3620 monibus
2354 3564 2405 3619 in
2453 3566 2571 3637 ipso
2603 3566 2720 3623 loco
2747 3566 2973 3638 populus
3003 3567 3270 3623 servierit.
3380 3636 3383 3638 _
3594 3628 3599 3633 ,

2157 3672 2175 3704 ι
2213 3654 2365 3721 Quod
2416 3670 2522 3710 non
2579 3636 2833 3710 mandavi
2871 3654 2973 3721 eis,
3031 3671 3130 3713 nec
3178 3636 3423 3717 ascendit
3461 3661 3516 3715 in
3571 3677 3668 3718 cor

2087 3759 2106 3792 ι
2140 3758 2338 3808 nicum,
2396 3750 2455 3797 ut
2504 3741 2744 3798 facerent
2801 3744 3256 3801 abominationem
3305 3726 3463 3815 hanc,
3512 3759 3567 3806 et
3606 3752 3660 3807 in

2088 3850 2105 3881 «
2134 3840 2417 3899 peccatum
2447 3831 2773 3887 deducerent
2800 3818 3012 3888 Judam.
3037 3852 3056 3887 ι
3087 3833 3309 3905 Proprie
3335 3837 3503 3893 tribus
3522 3832 3657 3899 Juda

2083 3930 2137 3976 ct
2178 3923 2457 3992 Benjamin
2500 3924 2552 3978 in
2613 3923 2738 3978 fano
2774 3923 2952 3979 Baalis
3000 3933 3053 3979 et
3095 3906 3320 3993 Moloch,
3359 3928 3662 3989 daemonum

2084 4017 2370 4097 simulacra
2417 4017 2655 4071 venerati
2696 4023 2820 4073 sunt
2857 4034 2870 4071 :
2901 4016 3096 4074 vitulos
3140 3996 3325 4083 autem
3366 4004 3558 4077 aureos
3595 4008 3660 4077 in

2082 4110 2270 4165 Bethel
2297 4117 2350 4163 et
2377 4109 2492 4163 Dan
2518 4108 2703 4164 decem
2732 4108 2923 4174 tribus,
2950 4125 3068 4178 qua:
3090 4108 3428 4183 appellantur
3469 4100 3659 4179 Sama-

2084 4201 2163 4256 ria
2186 4200 2384 4271 Joseph
2423 4210 2478 4256 et
2520 4200 2797 4271 Ephraim,
2852 4200 3084 4256 voluisse
3120 4190 3471 4279 perspicuum
3494 4268 3500 4279 Α
3524 4190 3656 4277 cst:

2084 4302 2399 4364 tantumque
2438 4292 2562 4346 mali
2589 4291 2711 4358 fuit,
2749 4292 2999 4364 quodque
3029 4308 3058 4346 a
3100 4273 3299 4367 populo
3335 4273 3551 4353 factum,
3575 4273 3663 4353 est

2087 4391 2144 4437 ut
2171 4390 2397 4436 tesletur
2436 4382 2579 4435 Deus
2607 4396 2667 4435 se
2697 4397 2971 4450 nunquam
3015 4381 3298 4455 cogitasse,
3335 4397 3437 4437 nec
3467 4398 3662 4445 ascen-

410 4471 541 4525 inihi
566 4471 753 4526 civitas
776 4471 895 4526 hinc
919 4486 951 4525 a
979 4470 1066 4525 die
1091 4484 1195 4542 qua
1219 4468 1622 4524 aadilieaverunt
1646 4482 1791 4532 eam,
1812 4479 1982 4536 usque
2010 4446 2061 4504 Β
2088 4472 2234 4526 disse
2280 4471 2330 4524 in
2362 4485 2457 4525 cor
2493 4484 2647 4524 suum
2694 4446 2925 4539 quae—illi
2949 4446 3143 4524 facturi
3196 4446 3418 4524 fuerint.
3472 4468 3664 4525 Omnia

409 4563 480 4618 ad
505 4564 645 4619 diem
673 4565 861 4631 istam,
915 4578 1023 4635 qua
1052 4562 1332 4617 auferetur
1360 4561 1427 4616 de
1456 4569 1750 4631 conspectu
1780 4574 1921 4624 meo,
1956 4577 1975 4611 ι

370 4688 377 4695 -
410 4662 468 4709 et
500 4655 706 4709 nullum
744 4654 1071 4725 generaliter
1116 4653 1320 4723 absque
1358 4640 1581 4723 peccato
1624 4649 1791 4705 fuisse
1833 4664 1979 4704 mon-

410 4753 717 4801 straverat:
751 4760 894 4801 nunc
936 4759 1034 4815 per
1070 4753 1254 4815 partes
1293 4736 1594 4807 enumerat,
1640 4749 1696 4797 et
1728 4753 1902 4811 reges,
1932 4746 1987 4793 et

408 4838 704 4911 principes,
733 4849 791 4894 et
808 4840 1140 4903 sacerdotes,
1171 4843 1228 4892 et
1252 4826 1542 4907 prophetas
1567 4849 1776 4899 eorum,
1808 4841 1861 4887 et
1879 4846 1986 4885 uno

417 4938 608 4986 cuncta
634 4943 883 4985 sermone
904 4928 1386 4999 comprehendens,
1416 4946 1433 4977 ι
1460 4926 1583 4991 viri,
1608 4923 1800 4994 inquit,
1824 4922 1984 4987 Juda,

412 5028 473 5074 et
506 5020 837 5074 habitatores
863 5017 1179 5074 Jerusalem.
1216 5037 1234 5070 ι
1262 5014 1521 5081 Pulchre,
1548 5014 1673 5083 quia
1711 5028 1818 5067 non
1853 5012 1986 5067 dixit

416 5124 572 5181 reges
588 5111 695 5165 mei
713 5118 768 5165 et
785 5108 1055 5181 principes
1077 5107 1201 5172 mei,
1224 5116 1279 5161 et
1303 5105 1608 5161 sacerdotes
1630 5104 1760 5168 mei,
1784 5111 1839 5158 et
1863 5118 1988 5173 pro-

415 5204 592 5275 pheta)
604 5203 733 5268 mei,
754 5202 850 5257 sed
872 5202 997 5271 quia
1018 5204 1378 5270 peccaverunt
1398 5211 1552 5268 reges
1582 5209 1790 5261 eorum,
1819 5203 1872 5249 et
1897 5210 1987 5249 sa-

418 5296 663 5352 cerdotes
685 5308 898 5359 eorum,
933 5300 990 5347 et
1015 5291 1293 5360 propheta:
1318 5302 1524 5345 eorum.

496 5404 514 5436 ι
535 5385 603 5439 Et
625 5391 904 5439 verterunt
933 5383 999 5437 ad
1036 5396 1123 5437 me
1152 5390 1321 5451 terga,
1358 5387 1412 5433 et
1438 5392 1545 5433 non
1574 5378 1793 5432 facies»
1824 5376 1988 5433 Juxta

421 5474 550 5528 illud
570 5474 714 5543 quod
739 5473 869 5529 alibi
896 5471 1154 5541 scriptum
1197 5480 1282 5525 est
1310 5487 1323 5523 ε
1353 5487 1373 5521 ι
1405 5468 1474 5522 Ει
1500 5474 1777 5522 verterunt
1800 5475 1987 5522 contra

422 5580 510 5619 me
530 5565 800 5634 scapulam
829 5565 1169 5619 recedentem
1193 5561 1456 5624 (Zach.vn
1474 5560 1514 5632 ).
1540 5580 1557 5612 ι
1577 5558 1677 5626 Qui
1700 5559 1843 5615 enim
1871 5546 1988 5628 pre;

427 5667 600 5722 catur,
634 5658 888 5713 inclinata
925 5657 1136 5712 cervice
1166 5656 1217 5710 in
1248 5667 1447 5710 terram
1480 5660 1683 5727 pronus
1712 5652 1985 5718 funditur;

2089 4571 2268 4617 autem
2299 4562 2414 4615 hinc
2442 4560 2869 4637 ἅνθρωκοπαθῶς.
2890 4626 2893 4635 Ι
3370 4618 3375 4625 ,

2163 4672 2181 4703 ί
2222 4653 2287 4716 Et
2318 4667 2461 4706 nunc
2488 4658 2708 4721 propter
2742 4651 2874 4714 ista;
2902 4651 3020 4705 haec
3061 4648 3193 4705 dicit
3236 4648 3495 4705 Dominus
3526 4649 3667 4703 Deus

2098 4764 2115 4797 ι
2154 4744 2339 4819 Ιδιηιοι⁸
2371 4745 2437 4800 ad
2486 4743 2759 4799 civitatem
2811 4743 2971 4808 hanc,
3025 4742 3091 4797 de
3142 4757 3247 4813 qua
3295 4758 3392 4797 vos
3442 4739 3661 4797 dicitis:

2097 4856 2113 4888 ι
2147 4835 2292 4905 quod
2322 4834 2565 4889 tradatur
2591 4833 2642 4887 in
2674 4848 2866 4887 manus
2888 4832 3031 4904 regis
3057 4830 3362 4905 Babylonis,
3388 4830 3442 4883 in
3466 4828 3662 4899 gladio,

2099 4947 2117 4979 ι
2159 4929 2211 4982 in
2253 4927 2415 4993 fame,
2452 4934 2509 4980 et
2542 4934 2710 4996 peste.
2744 4942 2763 4976 ›
2811 4921 2962 4978 Sicut
3001 4922 3341 4997 sperantibus
3385 4912 3659 4982 auxilium,

2093 5027 2147 5072 et
2200 5018 2254 5071 in
2304 5004 2603 5079 murorum,
2640 5013 2897 5068 ﬁrmitate
2952 5012 3263 5083 ﬁdentibus‘
3293 5009 3662 5079 prophetatur,

2094 5107 2236 5185 quod
2273 5104 2630 5175 subvertenda
2655 5105 2726 5158 sit
2743 5086 3063 5179 Jerusalem,
3090 5108 3145 5154 ct
3169 5098 3397 5173 pepulus
3415 5096 3666 5168 jamjam-

2095 5183 2200 5266 que
2224 5195 2538 5263 capiendus,
2566 5201 2621 5248 et
2640 5200 2765 5246 ante
2791 5188 3178 5258 captivitatem,
3202 5186 3396 5257 gladio,
3420 5195 3473 5240 et
3500 5183 3658 5261 fame.

2094 5298 2149 5343 ct
2184 5295 2334 5357 peste
2383 5285 2700 5355 periturus:
2734 5281 2814 5336 sic
2857 5278 3300 5357 desperantibus,
3347 5286 3401 5332 et
3447 5285 3665 5349 propter

2093 5354 2496 5431 sub'versionem
2530 5371 2677 5426 urbis
2713 5366 2913 5421 nullam
2946 5365 3174 5421 salutem
3200 5354 3665 5449 exspectantibus,

2094 5482 2249 5523 suum
2289 5465 2545 5519 auxilium
2583 5461 2907 5531 pollicetur:
2938 5466 2998 5514 ut
3044 5466 3100 5514 ct
3149 5458 3470 5515 confidentia
3504 5466 3666 5529 atque

2094 5558 2343 5630 snperbia
2391 5556 2593 5626 justam
2642 5552 2986 5616 sententiam,
3043 5559 3096 5606 et
3153 5550 3457 5620 desperatio
3503 5556 3664 5620 atque

2094 5649 2366 5706 humilitas
2406 5647 2495 5701 Dei
2523 5652 2795 5699 mereatur
2823 5642 3099 5696 auxilium.
