3970 6190
366 256 501 312 i059
588 238 595 245 ’

1008 246 1069 302 Β.
1108 243 1361 303 RABANI
1398 245 1617 302 MAURI
1652 242 1969 301 ARClllEP.
2012 216 2321 300 MOCUNT.
2362 241 2647 299 OPERUM
2705 242 2888 299 PARS
2924 241 3009 298 Ill.

3488 239 3627 293 1060

436 390 453 420 ι
492 367 632 421 Ecce
683 362 1026 434 congregabo
1073 360 1278 415 eos-de
1321 359 1590 414 universis
1638 357 1818 422 terris,
1871 354 1939 409 ad
1967 362 2016 417 Δ
2045 356 2424 412 necessitatem
2467 370 2569 409 nos
2612 354 2680 408 ad
2720 352 2913 408 salutis
2942 352 3165 407 attrahit
3206 353 3370 417 viam,
3409 360 3463 409 et
3500 366 3628 420 per-

367 477 385 507 ι
420 472 553 526 quas
575 453 709 525 eieci
733 466 827 507 eos
855 451 908 505 in
945 450 1128 505 furore
1160 464 1301 514 meo,
1345 460 1401 504 et
1434 450 1488 503 in
1520 449 1597 501 ira
1636 461 1778 511 mea,
1809 454 1863 500 et
1887 444 1941 498 in

367 564 384 595 ι
419 542 786 613 indignatione
829 537 1059 610 grandi,
1108 545 1164 591 et
1204 536 1459 591 reducam
1514 549 1610 589 eos
1655 534 1723 589 ad
1766 533 1945 588 locum

366 657 382 687 ι
413 638 599 699 istum,
651 641 707 689 et
780 632 1025 687 habitare
1087 644 1182 684 eos
1235 628 1431 684 faciam
1479 627 1834 691 confidenter,
1893 634 1948 681 et

365 746 383 775 ε
418 737 580 781 erunt
609 724 740 779 mihi
773 723 827 776 in
865 718 1120 792 populum
1146 759 1162 784 ,
1204 726 1260 773 et
1288 733 1387 789 ego
1418 733 1514 773 ero
1543 716 1623 772 eis
1651 717 1704 770 in
1753 717 1943 771 Deum.

366 837 384 868 ι
422 818 489 871 Et
521 817 660 871 dabo
684 814 764 869 eis
785 828 881 867 cor
908 825 1093 876 unum,
1137 820 1190 865 et
1229 809 1373 864 viam
1416 824 1602 874 unam,
1644 807 1950 861 uttimeant

368 931 384 963 ι
422 927 509 966 me
547 907 815 965 universis
855 906 1061 965 diebus.
1110 911 1164 959 et
1206 904 1344 959 bene
1373 903 1445 957 sit
1472 902 1582 967 eis,
1622 910 1678 956 et
1704 900 1831 954 filiis
1860 913 1949 952 eo-

367 1022 385 1053 ‹
414 1016 536 1055 rum
560 1007 681 1069 post
709 1012 834 1061 eos;
864 1004 919 1050 et
954 995 1144 1049 feriam
1172 993 1253 1047 eis
1281 1002 1498 1062 pactum
1533 990 1946 1060 sempiternum,

366 1110 386 1144 ι
420 1094 534 1148 sive
564 1092 848 1160 disponam
877 1094 1259 1142 testamentum
1298 1093 1587 1149 maternum,
1632 1089 1690 1136 ct
1720 1095 1828 1135 non
1857 1079 1950 1134 de-

368 1205 386 1237 (
420 1185 595 1241 sinam
619 1184 698 1237 eis
741 1181 1086 1244 benefacere,
1122 1188 1178 1233 et
1213 1178 1461 1232 timorem
1493 1190 1672 1230 meum
1710 1173 1851 1228 dabo
1895 1171 1950 1225 in

369 1295 388 1327 ι
420 1274 583 1331 corde
612 1287 799 1327 eorum
823 1314 836 1335 ,
891 1279 949 1324 ut
978 1287 1084 1325 non
1123 1269 1378 1324 recedant
1425 1283 1455 1322 a
1486 1282 1602 1331 me;
1642 1273 1696 1320 et
1722 1264 1952 1318 laetabor

369 1387 387 1419 ι
426 1382 589 1438 super
612 1365 715 1429 eis,
740 1378 863 1418 cum
891 1362 1029 1416 bene
1058 1361 1136 1415 eis
1173 1357 1374 1423 fecero,
1404 1366 1460 1411 et
1493 1355 1747 1427 plantabo
1774 1368 1869 1409 eos
1893 1354 1948 1407 in

369 1480 387 1512 ι
424 1456 570 1515 ἱρήια
603 1457 705 1512 ista
746 1456 801 1509 in
839 1452 1225 1523 veritate(sive
1265 1452 1321 1506 in
1360 1448 1527 1517 fide),
1557 1447 1611 1502 in
1648 1454 1759 1501 toto
1787 1446 1952 1501 corde

368 1570 387 1602 ς
421 1564 564 1614 meo,
607 1556 662 1603 et
690 1548 744 1601 in
787 1554 899 1601 tota
944 1545 1126 1598 anima
1160 1558 1299 1597 mea.
1334 1561 1351 1594 ι
1405 1540 1555 1595 Multi
1602 1538 1706 1593 hoc
1756 1543 1952 1607 putant

367 1651 605 1711 tempore
648 1636 947 1693 Zorobabel
980 1635 1077 1690 filii
1110 1633 1373 1690 Salathiel
1408 1640 1462 1688 et
1499 1632 1622 1687 Jesu
1671 1630 1764 1684 filii
1791 1628 1946 1684 lose-

2047 451 2337 507 fectionem
2370 448 2629 502 virtutum
2662 447 2731 502 ab
2757 446 2948 501 eodem
2993 444 3247 500 similiter
3290 442 3580 498 condonari
3614 462 3629 495 :

2046 550 2291 598 nostrum
2335 552 2466 593 vero
2497 536 2600 591 hoc
2632 551 2773 602 esse,
2816 544 2877 589 ut
2907 535 2975 590 ad
3021 534 3453 589 exhortationem
3482 533 3638 586 auxi-

2047 634 2286 702 liumque
2306 627 2402 684 Del
2426 627 2511 682 vel
2533 626 2814 682 remissius
2841 625 2926 681 vel
2943 625 3159 681 enixius
3178 638 3561 693 exsequamur,
3578 632 3640 676 et

2045 740 2147 796 pro
2176 724 2278 778 hoc
2319 736 2419 776 nos
2458 719 2540 774 vel
2590 716 3104 783 remunerationem,
3142 714 3228 770 vel
3260 713 3519 785 supplicia
3551 712 3639 768 di-

2047 817 2306 889 gnissima
2350 813 2669 885 promereri.
2709 810 2729 883 ]
2778 807 3087 882 (Ηὶετοη.)
3130 807 3374 878 Cumque
3405 806 3517 872 eis,
3550 804 3640 860 in—

2049 908 2188 979 quit,
2227 904 2547 961 benefecero
2577 902 2819 957 laetabor.
2852 899 3065 955 Gaudet
3101 899 3302 970 quippe
3338 897 3464 967 quia
3491 896 3642 951 videt

2050 1008 2361 1057 creaturam
2384 1012 2537 1053 suam
2565 996 2851 1051 salvatam.
2882 992 3037 1050 Unde
3073 1000 3129 1047 et
3148 991 3401 1064 gaudium
3423 989 3645 1061 angelo-

2050 1108 2170 1148 rum
2199 1101 2282 1147 est
2313 1092 2366 1145 in
2395 1089 2576 1145 cordis
2605 1102 2767 1158 super
2789 1101 2899 1141 uno
2924 1093 3213 1156 peccatore
3251 1089 3441 1153 agente
3468 1081 3645 1152 paeni-

2053 1185 2279 1238 tentiam
2313 1180 2464 1252 (Luc.
2495 1177 2608 1251 xv),
2643 1196 2661 1229 ι
2697 1177 2762 1232 Εῑ
2783 1176 3059 1247 plantabo,
3085 1173 3280 1244 inquit,
3304 1188 3397 1227 eos
3414 1172 3467 1226 in
3494 1180 3643 1225 terra

2055 1273 2178 1336 ista,
2211 1272 2264 1326 in
2297 1270 2548 1334 veritate,
2587 1288 2606 1321 ι
2637 1267 2773 1332 sive,
2807 1277 2868 1321 ut
2896 1265 3039 1321 LXX
3086 1263 3503 1325 transtulerunt,
3535 1282 3555 1313 ι
3587 1262 3644 1314 in

2053 1365 2178 1430 fide,
2217 1383 2235 1415 ι
2274 1370 2335 1417 ut
2370 1361 2590 1433 proprie
2637 1359 2904 1430 significet
2948 1357 3204 1429 populum
3250 1356 3643 1418 Christianum,

2052 1453 2205 1523 cujus
2233 1453 2424 1523 religio
2446 1452 2581 1506 fides
2598 1459 2701 1505 est.
2732 1469 2750 1500 ι
2778 1449 2836 1504 ln
2867 1456 2981 1504 toto
3008 1447 3172 1503 corde
3202 1461 3345 1513 meo,
3367 1453 3423 1500 et
3452 1445 3505 1498 in
3532 1453 3645 1497 tota

2052 1547 2233 1601 anima
2260 1560 2403 1601 mea.
2449 1563 2469 1596 ›
2498 1542 2557 1597 Si
2580 1542 2794 1599 Domini
2818 1542 2980 1597 verba
3005 1549 3131 1596 sunt
3161 1538 3481 1602 Salvatoris,
3497 1548 3647 1592 recte

2054 1650 2150 1691 cor
2174 1644 2231 1691 et
2259 1635 2439 1689 anima
2473 1631 2591 1702 ejus
2616 1632 2877 1699 creditur,
2921 1631 3014 1702 qui
3046 1631 3180 1687 dicit
3210 1630 3264 1685 in
3301 1629 3595 1700 Evangelia
3626 1646 3641 1680 :

364 1735 499 1789 dech
529 1731 824 1788 sacerdotis
848 1729 1051 1799 magni,
1081 1728 1296 1798 quando
1325 1726 1549 1797 Aggmus
1567 1731 1623 1779 et
1652 1722 1947 1777 Zacharias
1979 1734 2025 1793 Β
2058 1746 2075 1777 ι
2114 1725 2446 1781 Potestatem
2473 1723 2647 1779 habeo
2674 1722 2910 1793 ponendi
2936 1722 3181 1779 animam.
3219 1734 3421 1785 meam,
3455 1727 3510 1773 et
3550 1732 3647 1788 po-

365 1826 751 1896 pr0phetarent
774 1822 874 1876 sub
898 1821 1035 1875 Ezra
1061 1820 1343 1874 sacerdote
1363 1816 1708 1885 completum,
1733 1813 1950 1885 quando

365 1913 691 1970 :ndificatuin
743 1923 827 1967 est
872 1910 1162 1980 templum,
1216 1917 1272 1963 et
1295 1909 1395 1963 sub
1422 1906 1643 1962 Neemia
1688 1903 1947 1960 exstructi

367 2004 508 2059 muri
538 2020 635 2074 per
664 2001 971 2065 circuitum,
998 2008 1056 2054 ut
1077 2014 1213 2070 quos
1246 2007 1371 2053 ante
1398 1997 1634 2065 eiecerat
1670 1995 1723 2049 in
1765 1993 1950 2050 furore

365 2096 488 2150 etin
509 2095 589 2148 ira
610 2102 666 2150 et
686 2094 740 2147 in
764 2091 1134 2163 indignatione
1159 2089 1349 2160 grandi
1372 2087 1439 2143 de
1460 2085 1781 2151 Jerusalem,
1816 2093 1872 2140 et
1895 2085 1950 2139 in

367 2194 483 2241 toto
511 2183 641 2239 orbe
673 2184 1035 2253 disperserat,
1074 2188 1261 2251 postea
1292 2178 1565 2244 reductos,
1597 2177 1844 2232 habitare
1873 2174 1952 2231 fe-

366 2277 501 2333 cerit
527 2276 860 2332 confidenter
903 2282 960 2329 et
1006 2272 1173 2327 fuisse
1216 2286 1312 2326 eos
1349 2271 1401 2325 in
1444 2269 1699 2341 populum
1743 2268 1861 2334 Dei,
1899 2276 1955 2323 et

366 2368 654 2423 Dominum
690 2365 855 2421 fuisse
885 2365 940 2418 in
962 2364 1132 2418 Deum
1160 2362 1241 2417 eis
1266 2403 1280 2427 ,
1326 2370 1382 2416 et
1410 2370 1608 2416 caetera
1654 2374 1776 2430 qua:
1805 2357 1952 2413 Scri-

367 2469 525 2529 ptura
556 2457 816 2513 contexit.
854 2454 960 2510 Sed
989 2454 1258 2524 quomodo
1289 2452 1389 2507 hoc
1416 2451 1590 2521 possit
1617 2450 1696 2505 illi
1725 2449 1953 2520 tempori

364 2547 605 2617 coaptari
629 2561 644 2599 :
679 2564 697 2596 ι
727 2544 973 2600 habitare
999 2559 1093 2598 eos
1110 2542 1303 2597 faciam
1321 2540 1675 2605 confidenter,
1691 2547 1747 2595 et
1762 2539 1951 2593 feriam

364 2636 447 2690 eis
472 2643 690 2705 pactum
715 2634 1105 2702 sempiternum
1152 2633 1290 2703 (sive
1328 2631 1612 2701 disponam
1650 2630 1755 2685 illis
1790 2637 1954 2685 testa-

365 2733 608 2781 mentum
641 2722 949 2795 aeternum,)
986 2742 1005 2776 ι
1032 2722 1247 2793 penitus
1292 2739 1398 2777 non
1428 2729 1605 2793 potest
1640 2721 1950 2792 approbari,

364 2819 563 2890 quippe
589 2832 725 2889 quos
754 2815 1010 2887 legimus,
1047 2823 1103 2869 et
1131 2830 1289 2869 sacra
1325 2823 1515 2870 narrat
1539 2813 1799 2879 historia,
1842 2827 1952 2868 non

365 2910 541 2965 solum
576 2925 608 2963 a
637 2908 831 2964 vicinis
868 2909 1149 2980 gentibus,
1199 2908 1294 2963 sed
1331 2923 1363 2962 a
1400 2907 1582 2964 Persis
1630 2921 1848 2978 quoque
1899 2914 1956 2962 et

367 2998 764 3064 Macedonibus,
797 3007 854 3053 et
874 2998 1166 3071 Egyptiis,
1190 2997 1558 3068 Romanisque
1580 3013 1721 3069 saepe
1744 3005 1949 3069 captos,

2054 1825 2310 1873 testatem
2348 1815 2525 1871 habeo
2559 1814 2759 1870 iterum
2791 1812 3040 1868 sumendi
3066 1811 3214 1867 illam
3258 1808 3462 1881 (Joan.
3493 1807 3585 1876 x).
3620 1827 3641 1859 ι

2053 1907 2151 1965 Sin
2183 1916 2367 1963 autem
2415 1922 2482 1963 ex
2511 1920 2744 1977 persona
2778 1904 2874 1959 Dei
2903 1903 3085 1960 Patris
3109 1903 3425 1974 accipimus,
3456 1914 3650 1955 secun-

2052 2000 2181 2054 dum
2212 1998 2344 2054 illud
2375 1996 2782 2067 intelligendum
2802 2003 2886 2050 est
2912 2015 2925 2050 :
2954 2015 2973 2047 r
3004 1993 3331 2050 Neomenias
3358 2003 3570 2049 vestras
3590 2001 3646 2048 et

2053 2090 2282 2145 sabbata
2304 2097 2360 2144 et
2384 2088 2500 2144 dies
2521 2087 2691 2143 festos
2713 2085 2830 2142 odit
2849 2084 3030 2141 anima
3058 2100 3179 2140 mea
3203 2084 3341 2158 (ha.
3362 2084 3430 2156 1).
3460 2103 3480 2136 ι

2130 2205 2148 2237 ι
2176 2183 2315 2252 Quia
2366 2183 2482 2238 haec
2519 2182 2653 2238 dicit
2700 2181 2959 2237 Dominus
2993 2198 3007 2234 :
3043 2177 3198 2234 Sicut
3239 2177 3435 2233 adduxi
3483 2192 3649 2246 super

2059 2296 2077 2328 ι
2105 2275 2359 2346 populum
2379 2288 2559 2329 meum
2588 2271 2754 2328 Israel
2782 2285 2942 2326 omne
2960 2268 3165 2324 malum
3190 2269 3294 2323 hoc
3319 2266 3545 2339 grande,
3567 2266 3650 2320 sic

2059 2387 2078 2420 ι
2114 2367 2379 2422 adducam
2411 2378 2575 2435 super
2609 2377 2704 2418 eos
2736 2376 2897 2417 omne
2920 2360 3119 2415 bonum
3149 2358 3296 2428 quod
3319 2372 3420 2428 ego
3456 2356 3652 2425 loquor

2060 2478 2079 2511 ι
2101 2459 2181 2513 ‘ad
2200 2474 2317 2522 eos,
2341 2463 2397 2512 et
2426 2455 2852 2526 possidebuntur
2879 2450 2997 2521 agri
3019 2451 3072 2504 in
3106 2458 3249 2505 term
3273 2449 3397 2515 ista,
3445 2448 3513 2503 de
3537 2462 3648 2517 qua

2060 2570 2079 2602 α
2108 2566 2206 2606 vos
2235 2548 2437 2614 dicitis,
2475 2546 2617 2617 quod
2648 2546 2864 2600 deserta
2897 2543 2989 2608 sit,
3016 2557 3082 2597 eo
3113 2542 3258 2612 quod
3285 2556 3394 2596 non
3436 2554 3650 2594 reman—

2061 2661 2079 2692 ι
2110 2641 2245 2696 serit
2282 2641 2445 2695 homo
2491 2650 2548 2694 et
2595 2637 2934 2707 iumentum,
2980 2645 3037 2692 et
3084 2636 3210 2692 data
3261 2635 3336 2691 sit
3383 2636 3437 2690 in
3485 2650 3647 2689 manu

2061 2751 2079 2784 ι
2109 2731 2502 2787 Chaldaeorum.
2534 2728 2663 2800 Agri
2684 2735 2934 2784 ementur
2956 2726 3183 2797 pecunia
3213 2767 3229 2793 ,
3255 2734 3313 2780 et
3342 2723 3652 2781 scribentur

2062 2842 2081 2876 ι
2110 2823 2165 2878 in
2193 2822 2363 2887 libro,
2396 2828 2453 2876 et
2488 2820 2831 2890 imprimetur
2864 2818 3110 2891 signum,
3158 2827 3214 2891 et
3239 2819 3398 2874 testis
3427 2817 3647 2873 adhibe-

2061 2932 2080 2965 ι
2117 2913 2265 2969 bitur
2294 2912 2348 2966 in
2379 2920 2525 2967 terra
2552 2911 2856 2982 Beniamin,
2887 2918 2944 2965 et
2974 2911 3030 2965 in
3055 2910 3288 2966 circuitu
3320 2908 3645 2975 Jerusalem,

2061 3022 2082 3058 ι
2113 3004 2169 3060 in
2192 3004 2503 3060 civitatibus
2545 3003 2704 3069 Juda,
2745 3013 2801 3059 et
2836 3004 2891 3058 in
2923 3003 3236 3059 civitatibus
3265 3001 3556 3068 montanis,
3588 3012 3649 3055 et

366 3102 423 3148 et
454 3094 561 3148 huc
606 3108 777 3163 usque
826 3068 1052 3147 servire.
1105 3092 1298 3148 Omnia
1349 3090 1514 3161 igitur
1549 3089 1617 3145 ad
1658 3068 1951 3146 adventum
1980 3068 2025 3130 (ἶ
2061 3113 2084 3149 ι
2116 3096 2173 3152 iu
2212 3097 2524 3152 civitatibus
2570 3097 2965 3166 campestribus
3002 3096 3142 3168 (sive
3183 3095 3464 3167 Sephela),
3489 3103 3545 3149 et
3587 3095 3645 3148 in

369 3185 650 3243 referenda
676 3195 804 3242 sunt
836 3185 1157 3251 Salvatoris,
1204 3200 1325 3255 qua:
1351 3194 1539 3240 nostro
1575 3193 1630 3239 et
1661 3183 1786 3240 fidei
1818 3192 1949 3239 tem—
2062 3208 2084 3244 ς
2114 3189 2425 3247 civitatibus
2466 3188 2674 3260 Nageb,
2717 3190 2821 3245 hoc
2842 3198 2947 3256 est,
2971 3205 3093 3260 quae
3117 3190 3186 3245 ad
3225 3199 3469 3246 austrum
3498 3199 3643 3253 sunt,

367 3292 497 3348 pore
522 3277 766 3332 videmus
792 3277 1023 3347 expleta,
1064 3286 1119 3331 et
1153 3276 1369 3341 electio,
1417 3276 1574 3346 juxta
1611 3274 1951 3346 Apostolum,
2059 3299 2081 3334 ι
2113 3280 2240 3352 quia
2288 3287 2601 3337 convertam
2644 3279 3017 3348 captivitatem
3066 3294 3291 3346 eorum,
3346 3280 3429 3335 ait
3464 3281 3649 3336 Domi-

366 3367 718 3437 reliquiarum
761 3367 908 3422 salva
947 3367 1089 3421 facta
1121 3374 1226 3432 est,
1271 3374 1325 3420 et
1370 3365 1424 3419 in
1454 3363 1673 3420 Christo
1708 3364 1957 3419 habitant
2062 3392 2085 3427 ς
2113 3390 2237 3430 nus,
2275 3393 2297 3428 ι
2325 3373 2451 3429 1133c
2464 3374 2619 3443 juxta
2659 3373 2929 3438 ιειιεηηι,
2959 3372 3084 3427 licet
3108 3373 3162 3427 in
3196 3382 3326 3443 typo
3352 3387 3647 3442 pm

367 3456 734 3524 confidenter;
775 3466 830 3513 et
869 3457 1055 3512 datum
1111 3465 1197 3511 est
1237 3456 1317 3511 eis
1347 3470 1442 3510 cor
1475 3471 1664 3521 unum,
1704 3452 1860 3524 juxta
1892 3454 1956 3508 il-
2057 3467 2169 3522 fini
2229 3475 2353 3537 posi
2402 3466 2635 3522 reditum
2702 3465 2770 3520 de
2806 3463 3101 3530 chaidmis,
3151 3463 3372 3534 quando
3408 3463 3475 3518 ad
3515 3462 3644 3534 Cyri

369 3549 463 3605 lud
505 3549 649 3618 quod
694 3549 955 3619 scriptum
994 3558 1077 3604 est
1111 3567 1124 3602 :
1157 3568 1175 3600 ‹
1215 3547 1571 3604 Multitudinis
1609 3556 1789 3602 autem
1832 3562 1955 3602 cre-
2057 3560 2203 3629 regis
2244 3557 2535 3627 imperium
2582 3571 2834 3613 reversus
2864 3563 2950 3611 esi
2985 3554 3215 3626 populus
3252 3554 3308 3609 in
3354 3553 3592 3609 iam".
3624 3573 3640 3607 ε

317 3632 333 3642 ’
367 3638 609 3694 dentium
638 3645 754 3692 erat
782 3653 877 3692 cor
912 3647 968 3694 et
1000 3639 1179 3693 anima
1208 3655 1310 3694 una
1340 3638 1478 3709 (Act.
1505 3638 1612 3709 iv),
1645 3656 1662 3691 ι
1698 3646 1753 3694 et
1786 3638 1952 3703 viam,

370 3728 564 3799 inquit,
583 3744 767 3795 unam,
792 3728 938 3783 illum
958 3730 1050 3799 qui
1072 3730 1201 3785 dicit
1232 3745 1247 3782 :
1284 3749 1302 3781 ι
1334 3730 1445 3801 Ego
1467 3745 1586 3785 sum
1607 3730 1717 3795 via,
1734 3737 1791 3785 et
1817 3729 1949 3794 vita,

368 3823 841 3895 etveritas(loan.
869 3823 1011 3897 xiv).
1036 3843 1054 3876 ι
1079 3844 1097 3875 ‹
1124 3824 1537 3880 Uttimeantme
1553 3823 1823 3878 universis
1835 3823 1950 3878 die-

365 3914 487 3969 bus.
519 3933 538 3965 ι
578 3930 598 3964 ι
636 3910 968 3982 Principium
1006 3914 1151 3967 enim
1204 3913 1484 3982 sapientia:
1527 3920 1614 3968 est
1647 3912 1809 3967 timor
1843 3912 1951 3966 Do-

367 4003 498 4057 mini
523 4001 705 4074 (Prov.
744 4001 843 4072 ix).
879 4021 897 4053 ι
927 4001 1225 4067 Universis,
1256 4003 1352 4066 ait,
1382 4002 1592 4068 diebus,
1624 4003 1767 4070 quod
1793 4002 1839 4056 si
1865 4000 1959 4055 Ju-

366 4092 495 4148 dmis
518 4107 627 4147 non
644 4093 922 4163 competit,
949 4093 1014 4147 de
1031 4102 1215 4148 nostro
1233 4092 1431 4163 populo
1452 4092 1825 4162 accipiendum
1847 4100 1951 4160 est,

366 4184 454 4238 cui
473 4190 527 4239 et
545 4185 684 4240 bene
709 4183 831 4252 fuit,
854 4192 909 4241 et
933 4196 1039 4252 est,
1067 4193 1121 4240 et
1135 4186 1260 4250 erit,
1291 4200 1397 4240 non
1416 4184 1590 4240 solum
1609 4185 1758 4253 ipsis,
1778 4184 1875 4240 sed
1898 4192 1955 4240 et

366 4273 492 4330 filiis
530 4291 718 4331 eorum
748 4284 873 4346 post
907 4290 1020 4332 eos.
1066 4274 1356 4330 Nobiscum
1393 4284 1575 4329 autem
1613 4282 1833 4343 pactum
1861 4289 1954 4344 pe-

364 4364 499 4436 pigit
524 4365 933 4436 sempiternum,
967 4380 1068 4421 nec
1106 4366 1318 4421 desinet
1346 4365 1500 4421 nobis
1534 4365 1673 4419 ultra
1708 4366 1847 4421 bene
1874 4363 1953 4419 fa-

2057 3656 2238 3702 tamen
2284 3644 2599 3715 spiritaliter
2628 3645 2683 3700 in
2721 3643 2937 3699 Christo
2972 3650 3028 3698 et
3068 3644 3123 3698 in
3158 3641 3435 3714 Apostolis
3462 3644 3644 3699 verius

2054 3739 2375 3809 pleniusque
2418 3737 2778 3807 complentur.
2825 3736 2976 3791 Tunc
3023 3744 3079 3791 et
3122 3735 3409 3800 homines,
3458 3744 3516 3789 et
3559 3731 3645 3801 iu-

2056 3836 2240 3883 menta
2293 3826 2505 3883 reducti
2540 3834 2666 3882 sunt
2705 3826 2761 3881 in
2803 3825 3109 3890 ecclesiam,
3148 3823 3305 3893 iuxta
3338 3823 3470 3879 illud
3498 3824 3643 3893 quod

2055 3918 2316 3988 scriptum
2345 3925 2430 3972 est
2460 3930 2475 3969 :
2505 3935 2524 3967 ί
2554 3915 2816 3970 Homines
2850 3923 2908 3970 et
2943 3914 3188 3984 iumenta
3227 3912 3409 3969 salvos
3451 3911 3639 3977 facies,

2054 4007 2283 4063 Domine
2312 4006 2505 4080 (Psal.
2555 4005 2755 4075 xxxv),
2791 4025 2811 4059 ι
2869 4005 3161 4062 rationales
3200 4005 3403 4076 Quique
3427 4015 3483 4060 et
3511 4005 3642 4060 sim-

2053 4098 2239 4169 plices.
2257 4097 2409 4152 Tunc
2424 4097 2539 4168 agri
2553 4097 2719 4168 empti
2742 4096 3127 4166 suntpecunia,
3147 4094 3525 4151 utfaceremus
3544 4111 3644 4150 no-

2052 4187 2138 4242 bis
2159 4186 2364 4242 amicos
2389 4186 2455 4240 de
2478 4185 2663 4256 iniquo
2694 4201 3025 4252 mammona,
3046 4185 3137 4255 qui
3168 4200 3269 4242 nos
3296 4187 3562 4256 recipiant
3585 4187 3639 4241 in

2053 4287 2256 4335 aeterna
2299 4277 2662 4334 tabernacula.
2699 4276 2768 4331 Et
2815 4277 3003 4348 scripti
3048 4277 3103 4331 in
3152 4276 3315 4344 libro,
3360 4277 3502 4332 haud
3541 4279 3641 4331 du-

2054 4369 2239 4436 bium,
2288 4370 2417 4440 quin
2458 4369 2789 4437 viventium,
2840 4378 2902 4425 et
2946 4370 3270 4439 impressum
3309 4378 3394 4425 at
3425 4370 3637 4442 signum

364 4470 509 4510 cere.
554 4416 814 4527 Quodque
857 4457 1102 4527 sequitur
1129 4475 1143 4511 :
1168 4476 1186 4509 ι
1222 4456 1287 4512 Et
1314 4457 1563 4512 timorem
1592 4470 1771 4511 meum
1811 4454 1950 4511 dabo
1975 4416 2029 4478 D
2053 4416 2239 4513 vexilli
2287 4416 2584 4513 Bominica
2629 4416 2807 4514 cruci;
2844 4416 3637 4529 “querﬁcio‘..&;;

364 4543 420 4598 iu
470 4546 633 4600 corda
675 4560 884 4610 eorum,
926 4553 986 4599 ut
1019 4561 1125 4600 non
1152 4544 1410 4600 recedant
1439 4559 1470 4597 a
1503 4558 1608 4609 me,
1651 4563 1669 4596 ι
1708 4543 1788 4597 sic
1814 4542 1949 4599 libe-

364 4651 484 4691 rum
515 4636 682 4691 donat
710 4636 1021 4703 arbitrium,
1052 4644 1113 4691 ut
1140 4647 1321 4691 tamen
1352 4637 1465 4706 ipse
1501 4634 1687 4699 timor,
1727 4633 1819 4703 qui
1855 4633 1949 4689 tri-

361 4728 565 4792 buitur,
589 4727 761 4798 gratia
790 4736 1109 4799 permaneat
1140 4727 1415 4798 largitoris
1443 4724 1505 4798 [al
1531 4724 1782 4780 Ezechiel
1809 4739 1946 4795 quo-

363 4833 487 4888 que,
520 4818 596 4872 ait
628 4836 640 4871 :
678 4837 697 4870 ι
731 4817 798 4873 Et
828 4818 969 4874 dabo
1008 4820 1088 4873 eis
1130 4833 1226 4873 cor
1252 4833 1437 4882 unum,
1478 4825 1535 4872 et
1562 4815 1811 4886 spiritum
1845 4830 1947 4870 no-

361 4925 487 4965 vum
517 4909 751 4964 tribuam
779 4910 834 4966 in
865 4909 1167 4966 visceribus
1210 4922 1399 4965 eorum
1429 4925 1443 4960 :
1481 4917 1536 4962 et
1564 4904 1806 4962 auferam
1851 4920 1947 4961 cor

360 4999 631 5073 lapideum
658 5002 724 5057 de
744 5017 909 5057 carne
937 5016 1145 5066 eorum,
1179 5009 1236 5057 et
1268 4999 1409 5055 dabo
1430 4998 1510 5053 eis
1546 5012 1641 5054 cor
1665 5010 1941 5062 carneum,

364 5091 419 5145 in
454 5092 739 5161 pneceptis
777 5091 913 5147 meis
958 5089 1234 5145 ambulent
1268 5098 1323 5145 et
1356 5087 1561 5159 iudicia
1600 5102 1718 5142 mea
1762 5097 1944 5143 custo-

364 5180 536 5247 diant,
585 5182 893 5252 faciantque
939 5196 1021 5246 ea,
1060 5188 1116 5235 et
1162 5180 1273 5235 sint
1309 5180 1441 5236 mihi
1492 5180 1546 5233 in
1582 5177 1857 5249 populum,
1890 5186 1945 5233 et

364 5284 465 5340 ego
495 5272 596 5326 sim
625 5273 705 5327 eis
726 5272 781 5326 in
811 5273 978 5328 Deum
1009 5271 1027 5345 (
1050 5270 1241 5325 Ezecli.
1267 5286 1432 5325 xxxvr
1453 5269 1495 5342 ).
1534 5289 1552 5321 ι
1587 5268 1793 5337 Quibus
1822 5284 1936 5323 ma-

366 5359 710 5418 nifestissime
751 5364 1108 5432 perdocemur
1132 5371 1187 5418 et
1213 5362 1425 5417 initium
1466 5360 1755 5417 voluntatis
1791 5360 1947 5415 bona:

367 5451 521 5508 nobis
562 5455 788 5510 Domino
823 5456 1119 5526 inspirante
1155 5456 1411 5521 concedi,
1455 5470 1578 5510 cum
1609 5462 1701 5507 aut
1725 5468 1824 5524 per
1865 5468 1944 5519 se,

367 5549 460 5594 aut
486 5557 584 5610 per
626 5546 1062 5601 exhortationem
1102 5546 1388 5616 cujuslibet
1424 5545 1681 5610 hominis,
1727 5552 1821 5599 aut
1849 5558 1947 5614 per

2051 4546 2280 4602 adhibiti
2314 4556 2443 4602 sunt
2467 4557 2759 4618 martyres,
2789 4555 2847 4602 et
2874 4546 3053 4602 omnis
3078 4554 3388 4602 sanctorum
3416 4547 3631 4601 chorus.

2049 4635 2108 4691 ln
2138 4646 2284 4692 terra
2329 4636 2632 4709 Beniamin,
2674 4637 2766 4693 ubi
2799 4645 2885 4692 est
2927 4637 3139 4693 Domini
3180 4635 3459 4703 fortitudo,
3497 4644 3552 4691 et
3582 4635 3635 4690 in

2049 4728 2280 4783 circuitu
2302 4727 2623 4793 Jerusalem,
2647 4728 2740 4784 ubi
2769 4737 2854 4783 est
2873 4728 3013 4783 visio
3032 4728 3205 4800 pacis,
3229 4738 3287 4783 et
3325 4738 3527 4784 attenta
3551 4743 3637 4782 se-

2050 4818 2283 4874 curitas.
2330 4820 2388 4875 ln
2429 4818 2743 4875 civitatibus
2770 4819 2929 4885 Iuda,
2971 4819 3026 4874 in
3064 4819 3261 4890 quibus
3301 4827 3388 4876 est
3429 4819 3633 4875 Christi

2051 4924 2181 4965 vera
2209 4908 2481 4965 confessio
2505 4950 2521 4975 ,
2562 4917 2619 4965 et
2647 4909 2702 4964 in
2741 4909 3054 4966 civitatibus
3099 4909 3394 4973 montanis,
3427 4907 3494 4963 de
3515 4908 3636 4978 qui-

2051 4999 2153 5055 bus
2194 5013 2301 5054 una
2330 5007 2434 5065 est,
2481 5000 2549 5055 de
2576 5013 2683 5069 qua
2729 4998 2927 5054 dicitur
2958 5016 2971 5053 :
3010 5016 3030 5049 ι
3058 4996 3177 5053 Non
3224 5005 3404 5069 petest
3443 4998 3633 5052 civitas

2052 5090 2310 5146 abscondi
2338 5091 2393 5145 in
2421 5099 2605 5146 monte
2643 5092 2821 5161 posita
2870 5090 3102 5163 (Matth.
3124 5107 3159 5145 v
3180 5092 3232 5163 );
3269 5111 3291 5143 ι
3317 5099 3374 5146 et
3416 5090 3472 5145 in
3496 5090 3629 5146 civi-

2051 5180 2253 5235 tatibus
2311 5179 2706 5250 campestribus
2728 5219 2744 5246 ,
2803 5195 2926 5251 qua:
2973 5180 3239 5237 Hebraice
3292 5180 3631 5252 appellantur

2048 5254 2231 5336 ΠΒΞΨ,
2252 5278 2313 5325 ut
2346 5270 2412 5326 de
2450 5268 2731 5340 profundis
2776 5281 2941 5340 atque
2969 5269 3241 5341 depressis
3280 5285 3380 5340 per
3409 5285 3623 5340 campo-

2050 5376 2172 5416 rum
2199 5360 2559 5430 aequalitatem
2590 5361 2658 5415 ad
2701 5375 2911 5416 summa
2938 5360 3270 5432 gradiamur,
3312 5369 3369 5414 et
3405 5361 3461 5415 in
3503 5358 3628 5413 civi-

2053 5454 2255 5510 tatibus
2280 5469 2401 5523 quat
2429 5453 2499 5508 ad
2537 5463 2784 5509 austrum
2826 5462 2972 5519 sunt,
3018 5453 3161 5523 quod
3196 5452 3379 5522 Nageb
3408 5450 3626 5521 Septua-

2052 5544 2199 5614 ginta
2243 5544 2655 5609 traustulerunt,
2692 5543 2782 5598 ubi
2820 5552 2907 5599 est
2947 5543 3220 5610 meridies,
3264 5551 3322 5597 et
3357 5541 3509 5612 plena
3538 5538 3624 5592 lux

441 5664 465 5695 ι
487 5651 617 5723 Quae
646 5656 803 5717 uncis
846 5634 1199 5757 includiinus,
1230 5661 1331 5715 sub
1375 5658 1688 5730 Hieronymi
1717 5658 1956 5724 nomine,
1995 5659 2061 5715 de
2089 5673 2189 5715 suo
2212 5659 2361 5717 addit
2386 5659 2657 5717 Rabanus.
2685 5659 2861 5721 Eutr.
