3970 6190
332 251 358 303 ⁴Ι
368 247 467 302 Otii

1210 233 1573 296 EXPOSITIO
1608 232 1835 291 SUPER
1870 231 2232 288 JEBEMIAM.
2272 261 2341 271 ——
2377 230 2504 284 LIB.
2544 228 2678 283 Xlll.

3462 226 3595 284 [062

330 360 603 419 veritatis.
633 357 770 414 Cum
808 363 987 410 autem
1024 356 1141 411 hmc
1170 354 1350 409 omnia
1392 352 1531 407 facta
1561 350 1782 415 iuerint,
1811 350 1912 405 im—
1938 354 1985 413 Α
2020 368 2039 402 ε
2067 348 2383 403 Ascendens
2423 349 2475 401 in
2515 347 2678 400 altum
2698 386 2714 410 ,
2759 344 3024 413 captivam
3053 343 3205 398 duxit
3229 343 3602 413 captivitatem

330 453 569 524 plebitur
595 449 738 518 quod
770 449 1032 517 scriptum
1067 454 1153 501 est
1179 460 1193 499 :
1229 463 1247 496 ι
1280 444 1603 500 Convertam
1631 443 1915 514 captivita-

331 551 446 598 tem
481 554 694 606 eorum,
743 539 819 594 ait
853 537 1132 600 Dominus,
1165 554 1185 587 ι
1231 534 1300 591 de
1339 550 1446 606 quo
1489 534 1750 603 scriptum
1789 541 1913 588 est:

2021 437 2194 512 (Psal.
2223 440 2414 509 van).
2430 437 2694 508 (Accepit,
2723 436 2858 499 sive,
2892 444 2952 489 ut
2972 434 3266 503 Apostolus
3296 435 3393 500 ait,
3427 435 3600 506 dedit)

2023 531 2166 588 dona
2189 530 2499 587 hominibus
2520 529 2747 600 (Ephes.
2780 545 2832 583 tv
2860 529 2900 595 ).
2934 549 2953 580 ι

1093 665 3603 691 W

1308 723 1609 868 LIBEIl
1671 786 2114 865 DECIMUS
2165 787 2637 865 TERTIUS.

406 1081 465 1136 ln
492 1079 764 1151 prioribus
790 1092 920 1150 ergo
944 1076 1225 1132 duodecim
1247 1074 1419 1141 libris,
1449 1092 1514 1132 ea
1544 1092 1663 1146 qua:
1695 1093 1725 1132 a
1754 1077 1914 1132 beato

333 1173 663 1242 Hieronymo
692 1170 747 1223 in
777 1168 1167 1239 expositionem
1194 1166 1444 1222 Ieremia:
1485 1182 1652 1235 usque
1680 1168 1735 1221 in
1772 1167 1914 1221 hunc

332 1264 516 1318 locum
558 1261 701 1315 edita
738 1267 884 1324 sunt,
909 1272 1008 1327 per
1040 1256 1246 1327 singula
1287 1257 1405 1312 loca
1436 1258 1698 1327 disposui,
1741 1258 1913 1312 inter-

332 1368 546 1425 ponens
567 1360 621 1406 et
642 1350 873 1405 aliorum
904 1350 1183 1403 doctorum
1222 1348 1538 1413 sententias,
1575 1364 1709 1418 quas
1734 1349 1802 1403 de
1828 1362 1920 1403 eo—

333 1443 460 1497 dem
491 1440 755 1509 Propheta
780 1437 1120 1508 protulerunt
1143 1455 1155 1490 :
1182 1436 1511 1507 singulorum
1539 1437 1755 1492 nomina
1784 1438 1919 1492 cmi-

334 1548 444 1587 nus
486 1546 673 1587 eorum
715 1530 916 1600 scripta
964 1529 1267 1584 forinsecus
1310 1530 1591 1594 denotans,
1644 1538 1703 1584 ut
1752 1530 1919 1585 sciret

2019 1084 2201 1133 autem
2252 1076 2381 1132 dicit
2415 1093 2430 1131 :
2469 1097 2486 1128 ι
2522 1076 2707 1132 Clama
2753 1081 2821 1133 ad
2861 1094 2966 1145 me,
2999 1090 3055 1136 et
3104 1083 3389 1139 exaudiam
3434 1095 3509 1153 te,
3552 1095 3608 1144 et

2022 1169 2354 1224 annuntiabo
2404 1168 2499 1222 tibi
2550 1169 2808 1239 grandia,
2868 1178 2923 1225 et
2970 1170 3125 1226 ﬁrma
3173 1188 3292 1242 qua:
3344 1177 3551 1244 nescis,

2021 1258 2257 1314 ostendit
2304 1259 2447 1328 quod
2476 1274 2573 1328 per
2611 1261 2909 1315 orationem
2952 1263 3338 1332 prophetarum
3386 1276 3441 1322 et
3477 1284 3607 1324 san-

2024 1357 2259 1414 ctorum,
2303 1349 2396 1418 qui
2426 1348 2643 1404 fuerunt
2683 1351 2737 1405 in
2766 1352 2940 1421 plebe,
2979 1354 3238 1411 Dominus
3267 1357 3510 1427 placatus
3538 1361 3609 1416 sit

2024 1452 2124 1507 pro
2158 1438 2370 1493 delictis
2409 1440 2586 1509 populi
2622 1458 2636 1493 :
2667 1449 2719 1495 et
2753 1442 3074 1498 revelaverit
3120 1447 3200 1501 eis
3244 1450 3606 1505 reversionem

2026 1525 2171 1582 illius
2202 1529 2270 1583 ad
2299 1536 2500 1583 terram
2531 1545 2685 1584 suam
2718 1548 2731 1583 :
2763 1546 2882 1600 qua:
2913 1542 3093 1590 tamen
3133 1539 3457 1594 reversionis
3490 1556 3611 1610 gra-

333 1622 509 1677 lector
531 1635 595 1675 ex
623 1621 861 1684 nomine,
892 1619 1022 1689 quid
1057 1619 1286 1689 quisque
1323 1619 1572 1683 senserit,
1608 1618 1694 1673 vel
1719 1618 1919 1672 dixerit
1954 1628 1995 1686 Β
2027 1618 2098 1673 tia
2124 1619 2301 1674 adhuc
2321 1619 2530 1675 occulta
2562 1620 2792 1687 latebat,
2841 1624 2966 1693 quia
2995 1626 3230 1681 nondum
3258 1629 3466 1697 prolata
3497 1630 3611 1684 fuco

335 1713 390 1766 in
417 1710 774 1779 expositione.
803 1709 1068 1777 Deinceps
1093 1724 1224 1764 vero
1251 1710 1376 1779 quia
1405 1707 1689 1763 memorati
1723 1716 1923 1762 tracta-

338 1803 476 1857 toris
497 1799 806 1870 Hieronymi
827 1798 1242 1869 expositionem,
1268 1799 1321 1853 in
1340 1806 1662 1869 prmsentem
1687 1799 1921 1868 prophe-

312 1902 453 1947 Iam
482 1906 749 1961 nusquam
778 1890 988 1960 reperi,
1034 1889 1400 1944 necessarium
1439 1888 1719 1954 aestimavi,
1760 1895 1821 1941 ut
1854 1886 1922 1942 ab

336 1981 569 2035 aliorum
614 1979 1002 2050 prophetarum
1049 1976 1476 2048 expositionibus
1530 1991 1878 2046 excerperem
1905 2015 1921 2040 ,

336 2086 463 2141 quae
501 2071 614 2139 ipse
640 2071 708 2124 de
757 2070 860 2124 hoc
894 2068 1156 2138 propheta
1194 2066 1405 2121 videtur
1444 2079 1915 2121 commemorasse.

339 2161 484 2216 Sunt
514 2160 657 2214 enim
688 2159 920 2229 plurima
947 2158 1066 2213 loca
1106 2158 1161 2211 in
1198 2154 1455 2221 Ieremia,
1495 2171 1614 2225 quae
1650 2155 1771 2210 aliis
1797 2170 1924 2225 pro—

339 2253 522 2323 phetis
546 2260 671 2307 sunt
713 2251 998 2307 concinna.
1047 2247 1199 2304 Unde
1221 2249 1384 2303 etiam
1423 2249 1491 2304 de
1514 2248 1726 2303 illorum
1754 2262 1921 2316 expo-

340 2344 630 2400 sitionibus
653 2343 811 2398 istius
836 2356 1026 2397 sensus
1055 2356 1162 2395 non
1183 2356 1350 2411 parva
1370 2355 1438 2395 ex
1472 2349 1625 2410 parte
1646 2338 1924 2407 explican-

341 2446 454 2490 tur.
482 2435 548 2488 Et
574 2434 689 2489 haec
714 2448 802 2487 res
839 2432 968 2486 mihi
999 2446 1216 2501 quoque
1256 2430 1596 2486 occasionem
1631 2429 1835 2491 tribuit,
1868 2436 1928 2481 ut

340 2525 435 2578 ubi
484 2522 747 2593 majorum
789 2523 988 2592 scripta
1024 2537 1131 2577 non
1178 2520 1384 2590 reperi,
1430 2520 1690 2574 auderem
1737 2533 1922 2572 eorum

338 2630 543 2671 sensus
588 2614 868 2680 imitando,
922 2611 1155 2683 propriis
1206 2610 1544 2665 sermonibus
1581 2609 1927 2679 prOpheticas

341 2706 642 2761 sententias
668 2705 982 2775 explanare,
1022 2719 1129 2758 non
1164 2703 1303 2758 meis
1341 2702 1543 2757 viribus
1582 2710 1677 2756 aut
1699 2701 1925 2756 scientia

340 2793 641 2859 conlidens,
693 2794 788 2850 sed
831 2792 948 2862 ejus
984 2794 1172 2865 gratia:
1209 2801 1381 2848 totum
1429 2807 1517 2848 me
1558 2792 1925 2857 committens,

341 2884 436 2954 qui
459 2899 555 2953 per
573 2883 898 2954 Prophetam
915 2885 990 2937 ait
1016 2897 1031 2936 :
1063 2903 1081 2935 ‹
1109 2882 1302 2938 lnvoca
1327 2898 1412 2938 me
1435 2883 1595 2938 indie
1618 2881 1893 2937 tribulatio
1910 2911 1924 2922 -

2029 1716 2132 1763 rat.
2164 1707 2223 1764 Si
2253 1719 2433 1765 autem
2465 1711 2587 1780 quis
2617 1715 2963 1780 quzerendum
2993 1726 3147 1784 putat
3177 1736 3190 1771 :
3225 1721 3494 1787 quomodo
3524 1722 3611 1775 hic

2026 1800 2287 1856 Dominus
2324 1801 2393 1855 ad
2427 1803 2747 1871 prophetam
2791 1804 2936 1859 dicat
2969 1823 2981 1858 :
3013 1825 3032 1857 ‹
3068 1807 3251 1863 Clama
3300 1812 3366 1865 ad
3410 1828 3517 1877 me,
3557 1822 3613 1868 et

2027 1892 2314 1945 exaudiam
2345 1902 2418 1958 te,
2450 1911 2468 1944 ι
2500 1909 2622 1948 cum
2654 1908 2818 1965 supra
2849 1899 2915 1951 ad
2944 1914 3067 1954 eum
3095 1902 3293 1956 dixerit
3323 1918 3337 1957 :
3372 1924 3390 1954 ι
3413 1904 3490 1958 Tu
3518 1921 3612 1960 au-

2029 1986 2135 2035 tem
2161 1980 2269 2036 noli
2293 1994 2453 2036 orare
2480 1998 2580 2053 pro
2605 1984 2824 2054 populo,
2868 2000 2968 2041 nec
2996 2003 3240 2045 assumas
3262 2008 3360 2061 pro
3394 1995 3475 2048 eis
3497 1995 3611 2049 lau—

2029 2072 2148 2127 dem
2189 2082 2246 2127 et
2283 2074 2605 2141 orationem,
2647 2076 2773 2145 quia
2803 2091 2909 2131 non
2937 2080 3221 2135 exaudiam
3250 2091 3322 2144 te,
3349 2084 3480 2138 dicit
3508 2085 3613 2140 Du-

2029 2165 2208 2220 minus
2259 2180 2275 2220 :
2346 2186 2365 2219 »
2424 2168 2638 2222 noverit
2700 2168 2843 2236 quod
2910 2169 3170 2226 Dominus
3242 2174 3611 2231 imminentem

2031 2259 2396 2328 captivitatem
2431 2259 2735 2315 Judmorum
2775 2272 3025 2318 avertere
3071 2264 3325 2329 noluerit,
3365 2269 3458 2323 sed
3501 2284 3612 2323 ma—

2030 2351 2114 2417 gis
2141 2351 2432 2405 secundum
2462 2351 2684 2406 verbum
2709 2368 2866 2407 suum
2899 2369 3019 2409 eam
3048 2357 3315 2426 complere
3342 2359 3610 2416 voluerit:

2029 2440 2124 2495 sed
2164 2455 2286 2495 cum
2318 2442 2524 2510 peccati
2554 2443 2635 2496 sui
2670 2444 2908 2499 debitam
2932 2458 3150 2515 poenam
3182 2449 3414 2518 primum
3445 2452 3614 2508 solve

2032 2540 2176 2596 rent,
2200 2533 2539 2601 postmodum
2565 2535 2930 2590 reversionem
2955 2551 3142 2591 eorum
3174 2555 3279 2593 non
3320 2541 3614 2613 denegave-

2033 2623 2123 2688 rit,
2153 2639 2314 2692 quam
2341 2624 2499 2679 modo
2534 2626 2801 2695 promittit
2828 2640 2887 2682 se
2912 2628 3325 2698 completurum.

2111 2731 2129 2763 ι
2159 2713 2294 2780 Quia
2324 2714 2437 2769 haec
2465 2716 2596 2769 dicit
2621 2716 2880 2772 Dominus
2920 2718 3061 2774 Deus
3085 2719 3278 2787 Israel,
3321 2723 3386 2777 ad
3425 2724 3616 2782 domus

2037 2821 2056 2853 ς
2086 2803 2236 2857 urbis
2263 2803 2452 2874 hujus,
2494 2805 2561 2859 ad
2602 2805 2790 2862 domos
2818 2808 2962 2877 regis
2992 2806 3127 2863 Juda
3170 2825 3289 2879 qua:
3322 2811 3612 2871 destructa:

2008 2882 2242 2961 ‘csunt,
2295 2905 2349 2950 et
2397 2897 2466 2951 ad
2502 2897 2847 2964 munitiones,
2894 2908 2949 2953 et
2994 2899 3061 2953 ad
3111 2900 3346 2971 gladium
3396 2905 3617 2961 venien-

342 2976 432 3030 nis
456 2984 580 3041 tuae,
606 2974 832 3044 eripiam
856 2981 910 3029 te
934 2982 988 3029 et
1010 2973 1382 3044 magniﬁcabis
1407 2988 1493 3028 me
1513 2973 1684 3045 (Psal.
1711 2972 1887 3044 xux).
1921 2986 1927 3018 ι

2055 3004 2074 3037 ‹
2112 2986 2265 3051 tium,
2292 2995 2353 3042 ut
2389 2988 2645 3044 dimicent
2686 3005 2811 3045 cum
2835 2989 3131 3058 Chaldaeis,
3161 3000 3215 3047 et
3240 2993 3497 3066 impleant
3522 3016 3616 3058 eas

344 3066 415 3119 Et
443 3065 571 3119 item
595 3083 609 3119 :
648 3084 667 3116 ι
697 3064 880 3134 Aperi,
909 3063 1104 3134 inquit,
1127 3078 1189 3119 os
1213 3071 1387 3129 tuum,
1410 3072 1467 3119 et
1486 3079 1586 3134 ego
1615 3063 1917 3134 adimplebo

343 3155 476 3210 illud
507 3154 681 3225 (Psal.
711 3154 898 3225 Lxxx).
935 3173 952 3205 ι
986 3153 1087 3221 Qui
1121 3155 1285 3209 etiam
1309 3155 1401 3209 dat
1424 3153 1670 3209 ﬁdelibus
1689 3155 1922 3209 oratori-

346 3253 450 3301 bus
481 3245 594 3299 suis
636 3245 959 3314 sapientiam
1006 3242 1310 3310 amuenter,
1342 3252 1398 3298 et
1426 3258 1533 3297 non
1569 3244 1921 3314 improperat,

347 3344 407 3389 ut
428 3334 686 3405 quidquid
727 3334 832 3388 rite
858 3333 1124 3403 prolatum
1170 3331 1351 3398 fuerit,
1397 3331 1464 3386 ad
1506 3333 1767 3387 honorem
1809 3329 1926 3399 ejus

347 3434 518 3481 totum
548 3425 809 3480 redundet
834 3433 891 3480 et
921 3424 1154 3479 laudem.
1187 3425 1245 3479 Si
1281 3438 1388 3492 qua
1407 3438 1538 3478 vero
1561 3423 1740 3478 minus
1767 3433 1925 3479 caute

347 3526 406 3572 et
429 3517 851 3585 incompetenter
872 3521 1189 3579 sonuerunt,
1222 3513 1366 3568 illius
1387 3513 1785 3569 examinatione
1807 3528 1931 3583 pur-

349 3615 547 3677 gentur
583 3605 675 3674 qui
711 3606 982 3674 quondam
1020 3603 1230 3659 calculo
1264 3618 1332 3659 ex
1368 3603 1489 3673 igne
1516 3618 1613 3673 per
1637 3602 1926 3658 Cherubim

351 3704 630 3766 assumpto
671 3695 922 3764 purgavit
964 3693 1104 3748 labia
1154 3693 1449 3764 prophetae.
1505 3692 1581 3747 De
1629 3692 1755 3749 hinc
1802 3708 1930 3748 vero

352 3786 758 3842 consideremus
789 3784 916 3853 quid
943 3784 998 3837 in
1022 3782 1289 3852 Propheta
1337 3789 1595 3852 sequatur

886 3894 1114 3951 CAPUT
1163 3893 1259 3948 XX
1268 3894 1402 3950 XIII.

356 4006 437 4061 De
481 4007 866 4061 conversatione
912 4006 1069 4060 Juda’
1117 4016 1165 4059 et
1215 4004 1559 4075 Jerusalem;
1595 4016 1657 4075 et_
1683 4006 1747 4059 de
1781 4022 1933 4075 grege

426 4087 725 4131 transeunte
769 4076 838 4129 ad
883 4093 1095 4129 manum
1135 4076 1457 4129 numerantis
1481 4088 1499 4127 :
1527 4074 1591 4129 de
1619 4072 1814 4129 Christi
1854 4072 1934 4129 re-

427 4162 529 4217 gno
560 4156 609 4200 et
630 4145 922 4201 sacerdotio
950 4155 1213 4217 perpetuo.

433 4274 451 4307 ι
488 4256 556 4310 Et
581 4254 782 4311 factum
815 4265 899 4311 est
931 4257 1154 4311 verbum
1186 4254 1398 4311 Domini
1432 4255 1499 4310 ad
1529 4254 1818 4311 Jeremiam
1849 4269 1933 4310 se-

2048 3096 2067 3127 ι
2099 3077 2450 3134 cadaveribus
2490 3080 2804 3146 hominum,
2857 3096 2992 3151 quos
3039 3087 3285 3154 percussi
3335 3087 3388 3141 in
3432 3089 3616 3148 furore

2044 3183 2063 3216 ι
2103 3183 2225 3223 meo
2254 3179 2309 3222 et
2354 3169 2407 3223 in
2447 3169 2821 3241 indignatione
2858 3186 2975 3226 mea
3010 3191 3022 3225 :
3055 3174 3311 3232 abscondi
3344 3180 3485 3233 enim
3529 3180 3608 3235 fa-

2042 3276 2061 3309 ι
2096 3257 2235 3312 ciem
2262 3273 2437 3313 meam
2475 3274 2504 3314 a
2545 3261 2762 3316 civitate
2801 3263 2905 3317 hac
2948 3273 3170 3334 propter
3200 3283 3414 3324 onmem
3456 3273 3613 3327 mali-

2041 3366 2059 3399 ‹
2093 3349 2221 3403 tiam
2256 3363 2465 3404 eorum.
2513 3350 2653 3407 Ecce
2697 3368 2796 3423 ego
2838 3353 3102 3410 obducam
3130 3355 3181 3410 ei
3223 3357 3531 3416 cicatricem
3561 3372 3617 3417 et

2040 3456 2059 3488 ι
2103 3439 2407 3504 sanitatem,
2459 3448 2513 3494 et
2552 3441 2753 3496 curabo
2793 3457 2907 3507 eos,
2936 3452 2992 3497 et
3030 3444 3281 3500 revelabo
3308 3448 3389 3502 eis
3425 3449 3615 3520 depre-

2040 3545 2059 3577 ‹
2093 3528 2357 3583 cationem
2386 3530 2533 3598 pacis
2562 3537 2617 3584 et
2645 3531 2909 3597 veritatis,
2948 3541 3003 3586 et
3032 3542 3343 3590 convertam
3391 3552 3616 3592 conver-

2040 3637 2057 3668 ι
2090 3618 2294 3672 'sionem
2328 3618 2486 3684 Juda,
2512 3628 2567 3673 et
2594 3621 3002 3676 conversionem
3032 3620 3327 3680 Jerusalem
3356 3646 3370 3679 :
3400 3636 3455 3682 et
3483 3629 3614 3684 :edi-
3684 3622 3697 3629 ”

2041 3727 2059 3759 ι
2097 3710 2268 3764 licabo
2295 3724 2390 3764 eos
2432 3712 2568 3765 sicut
2595 3727 2625 3765 a
2652 3711 2915 3782 principio
2934 3754 2948 3778 ,
2978 3720 3033 3767 et
3072 3714 3371 3771 emundabo
3400 3716 3517 3773 illos
3544 3718 3613 3773 ab

2041 3817 2058 3849 ι
2086 3800 2232 3853 omni
2284 3799 2567 3868 iniquitate
2598 3816 2717 3865 sua,
2748 3801 2800 3855 in
2840 3816 2944 3875 qua
2980 3813 3341 3871 peccaverunt
3378 3806 3530 3872 mihi,
3558 3815 3615 3861 et

2040 3905 2057 3937 ι
2095 3888 2358 3956 propitius
2386 3902 2480 3942 ero
2511 3888 2720 3943 cunctis
2748 3889 3117 3958 iniquitatibus
3136 3906 3334 3946 eorum
3354 3933 3370 3958 ,
3411 3894 3464 3947 in
3493 3895 3612 3963 qui-

2039 3998 2058 4029 ι
2093 3978 2191 4033 bus
2216 3978 2556 4047 deliquerunt
2597 3979 2726 4033 mihi
2770 3988 2825 4034 et
2871 3990 3191 4050 spreverunt
3230 3997 3318 4037 me
3350 4000 3363 4037 :
3397 3983 3465 4037 Et
3506 3987 3613 4039 erit

2039 4086 2056 4117 ι
2091 4067 2220 4122 mihi
2257 4067 2308 4121 in
2340 4084 2555 4132 nomen,
2587 4076 2641 4122 et
2669 4069 2721 4122 in
2749 4070 3020 4138 gaudium,
3048 4078 3101 4125 et
3131 4070 3183 4125 in
3215 4071 3452 4138 laudem,
3477 4074 3609 4128 etin

2039 4177 2059 4210 ι
2096 4157 2511 4214 exsultationem
2552 4161 2759 4214 cunctis
2800 4162 3051 4232 gentibus
3072 4169 3249 4228 terrae,
3277 4178 3397 4232 quae
3430 4162 3611 4218 audie-

2039 4266 2057 4299 ε
2096 4248 2203 4302 rint
2243 4248 2423 4302 omnia
2454 4249 2594 4302 bona
2626 4264 2745 4318 quae
2777 4249 3016 4305 facturus
3048 4266 3170 4306 sum
3210 4252 3324 4317 eis,
3355 4261 3412 4307 et
3452 4268 3613 4323 pave-

363 4365 382 4397 ι
415 4344 613 4411 eundo,
649 4360 770 4399 cum
814 4343 990 4399 adhuc
1020 4343 1233 4399 clausus
1257 4353 1400 4400 esset
1427 4345 1482 4399 in
1506 4345 1645 4399 atrio
1674 4345 1927 4408 carceris,
1959 4321 2010 4381 D
2041 4354 2059 4387 t
2093 4337 2226 4391 bunt
2249 4345 2302 4391 et
2327 4336 2689 4392 turbabuntur
2714 4341 2766 4393 in
2798 4340 3063 4396 universis
3091 4342 3268 4407 bonis,
3301 4350 3356 4397 et
3382 4321 3609 4398 inomni

365 4454 385 4486 ι
415 4435 600 4490 dicens
638 4453 651 4489 :
695 4435 821 4490 Haec
866 4435 998 4490 dicit
1043 4435 1303 4495 Dominus
1345 4435 1436 4504 qui
1474 4434 1715 4489 facturus
1750 4443 1835 4490 est
1879 4447 1936 4491 et

363 4544 384 4577 ι
425 4525 755 4580 formaturus
801 4525 968 4589 illud,
997 4533 1053 4580 et
1090 4532 1397 4594 paraturus,
1448 4524 1706 4580 Dominus
1738 4538 1933 4579 nomen

363 4638 382 4668 ς
420 4616 538 4684 ejus
569 4635 582 4671 :
615 4616 798 4672 Clama
827 4617 894 4672 ad
927 4631 1012 4672 me
1035 4626 1090 4672 et
1113 4617 1396 4672 exaudiam
1425 4626 1496 4683 te,
1523 4628 1577 4671 ct
1606 4618 1936 4673 annuntiabo

363 4728 383 4757 ε
423 4706 518 4760 tibi
554 4706 778 4776 grandia
800 4715 855 4760 et
884 4705 1039 4761 ﬁrma
1072 4722 1192 4776 quae
1212 4707 1409 4762 nescis.
1439 4726 1457 4758 ι
1491 4706 1801 4778 (Marinus)
1834 4707 1935 4761 Su-

356 4810 457 4865 pra
488 4810 620 4865 ergo
648 4796 905 4866 scriptum
930 4804 1015 4851 est
1043 4796 1187 4866 quod
1229 4795 1521 4852 Sedechias
1552 4812 1646 4851 rex
1681 4798 1937 4853 clauserit

357 4884 650 4939 Jeremiam
694 4885 748 4939 in
781 4885 921 4938 atrio
955 4885 1209 4949 carceris,
1248 4885 1341 4954 qui
1370 4885 1424 4938 in
1452 4884 1612 4940 domo
1648 4893 1767 4940 erat
1795 4886 1938 4956 regis

358 4973 519 5038 Iuda,
565 4972 749 5028 dicens
773 4973 825 5029 ei
859 4991 872 5027 :
907 4991 926 5024 ε
963 4973 1139 5040 Quare
1166 4975 1502 5032 vaticinaris.
1548 4975 1733 5030 dicens
1764 4993 1778 5029 :
1813 4974 1938 5031 Haec

360 5061 493 5116 dicit
531 5061 830 5116 Dominus:
866 5061 1005 5116 Ecce
1046 5077 1148 5133 ego
1190 5063 1329 5118 dabo
1371 5063 1645 5118 civitatem
1685 5064 1841 5119 istam
1882 5065 1938 5119 in

360 5165 528 5208 manu
574 5152 719 5222 regis
765 5149 1090 5222 Babylonis?
1123 5172 1141 5203 ι
1192 5161 1248 5206 et
1278 5152 1484 5222 reliqua
1516 5152 1679 5225 (Sup.
1703 5154 1935 5226 xxxu);

362 5240 457 5296 ubi
501 5242 664 5296 etiam
714 5242 1058 5307 constitutus,
1108 5243 1240 5297 emit
1282 5258 1469 5314 agrum
1513 5259 1545 5298 a
1590 5243 1702 5300 ﬁlio
1755 5243 1939 5300 fratris

362 5330 537 5401 patris
583 5331 665 5386 sui
717 5340 925 5401 septem
972 5331 1148 5396 siclis,
1191 5340 1248 5387 et
1295 5333 1482 5389 decem
1529 5334 1814 5404 argenteis.
1861 5335 1940 5390 lbi

361 5422 527 5476 etiam
570 5437 715 5479 nunc
750 5422 985 5477 secundo
1012 5423 1235 5478 verbum
1274 5424 1655 5479 consolationis
1696 5427 1747 5479 ei
1782 5426 1940 5481 datur

363 5508 434 5564 de
460 5510 633 5565 reditu
681 5512 861 5581 populi
892 5512 947 5567 in
988 5524 1187 5568 terram
1226 5513 1408 5579 lsrael,
1451 5523 1508 5568 et
1548 5514 1938 5570 restauratioue

363 5600 519 5655 urbis
550 5599 870 5670 Jerusalem,
925 5613 1085 5677 atque
1128 5603 1480 5662 aediﬁcatione
1531 5604 1733 5675 templi.
1785 5604 1939 5671 Quod

2042 4446 2060 4479 ι
2092 4443 2223 4498 pace
2250 4444 2411 4499 quam
2447 4444 2546 4499 ego
2595 4428 2790 4485 faciam
2831 4432 2930 4486 eis.
2962 4452 2980 4485 ι
3015 4432 3129 4488 Hoc
3178 4434 3422 4503 praedicit
3468 4437 3611 4504 quod

2035 4519 2173 4574 sicut
2197 4521 2570 4591 peccatoribus
2594 4521 2849 4589 vindicta,
2882 4523 2955 4577 ita
2981 4531 3037 4579 et
3062 4524 3448 4593 paenitentibus
3472 4541 3612 4596 prie-

2034 4617 2260 4679 paratur
2301 4612 2584 4667 medicina.
2617 4612 2674 4666 ln
2700 4612 2832 4669 locis
2864 4614 3009 4669 enim
3039 4615 3092 4668 in
3123 4614 3317 4685 quibus
3347 4631 3447 4686 per
3473 4615 3614 4671 indi-

2036 4701 2344 4771 gnationem
2399 4701 2611 4757 Domini
2660 4703 2946 4772 jacuerant
2998 4707 3262 4761 cadavera
3309 4708 3613 4763 occisorum

2035 4799 2331 4862 prostrata,
2379 4793 2452 4848 ibi
2498 4807 2881 4849 conversorum
2927 4796 3321 4852 reaedilicentur
3364 4798 3614 4851 taberna-

2037 4882 2177 4947 cula,
2209 4891 2261 4937 et
2291 4882 2549 4938 bonorum
2583 4884 2823 4938 omnium
2853 4884 2947 4939 ﬁet
2974 4885 3321 4949 abundantia,
3348 4893 3612 4953 quatenus

2036 4971 2162 5027 inde
2200 4972 2384 5043 gloriae
2422 4974 2659 5029 nominis
2690 4974 2900 5029 Domini
2942 4976 3140 5044 ubique
3186 4974 3528 5044 pmdicetur,
3559 4983 3614 5029 et

2037 5059 2154 5115 laus
2177 5070 2338 5131 atque
2360 5062 2541 5116 laetitia
2568 5062 2622 5117 in
2651 5063 2917 5118 universis
2931 5063 3179 5132 gentibus
3198 5061 3422 5126 oriatur,
3451 5075 3615 5132 super

2038 5149 2288 5204 omnibus
2326 5149 2500 5214 bonis,
2549 5165 2668 5219 quae
2710 5149 2954 5205 facturus
2996 5156 3080 5204 est
3123 5148 3381 5203 Dominus
3417 5149 3615 5221 populo

2040 5254 2157 5295 suo.
2199 5237 2307 5295 Sed
2359 5241 2485 5295 licet
2508 5242 2625 5296 hare
2650 5242 2867 5310 quidam
2902 5240 2971 5294 ad
3016 5247 3227 5308 tempus
3271 5239 3614 5297 resolutionis

2040 5330 2371 5399 captivitatis
2400 5330 2704 5387 Chaldaicze
2748 5329 3005 5395 referant,
3039 5328 3229 5385 melius
3271 5337 3448 5384 tamen
3483 5330 3615 5386 mihi

2040 5423 2252 5477 videtur
2297 5423 2365 5477 ad
2392 5422 2698 5478 Christiana
2742 5420 2933 5476 referri
2970 5430 3234 5489 tempora,
3270 5421 3360 5477 ubi
3401 5422 3617 5492 spirita-

2038 5514 2164 5568 liter
2191 5521 2247 5568 et
2269 5513 2536 5567 veraciter
2577 5498 2837 5565 Dominus
2864 5526 2962 5581 per
2990 5510 3236 5580 spiritum
3264 5526 3419 5565 suum
3447 5510 3618 5569 ﬁdeli-

2041 5605 2143 5661 bus
2164 5603 2278 5661 suis
2304 5602 2554 5657 unlversa
2578 5602 2717 5658 bona
2753 5601 2962 5668 tribuit,
2992 5616 3133 5657 verae
3170 5601 3376 5657 scilicet
3402 5605 3615 5673 sapien-
