3970 6190
449 311 584 372 1065

1084 306 1144 362 Β.
1186 307 1436 363 ΒΑΒΛΝΙ
1476 308 1691 364 MAURI
1728 307 1999 362 ARCHIEI

2104 305 2396 366 HOGUNT.
2425 310 2708 368 OPERUM
2748 311 2923 370 PARS
2959 313 3044 368 Ill.

3543 321 3682 378 “16$

436 434 525 481 tne
553 433 609 480 et
627 434 902 477 sacrarum
933 428 1208 485 virtutum,
1243 428 1305 473 ut
1334 421 1476 474 omni
1511 435 1639 490 pace
1675 429 1838 490 atque
1875 436 2004 476 eon-
2033 423 2082 480 Α
2113 437 2132 471 c
2171 423 2486 504 montuosis,
2529 432 2584 478 et
2625 424 2681 478 in
2727 424 3034 483 civitatibus
3075 428 3486 497 campestribus,
3531 445 3584 488 et
3639 442 3696 495 in

433 513 618 569 cordia
662 517 1052 565 convcrsentur
1107 509 1258 564 Unde
1305 511 1420 578 ipsa
1467 509 1682 566 Veritas
1727 513 2006 582 discipulis

435 605 570 670 suis,
619 603 733 656 ait:
768 620 786 676 ς
816 601 1009 656 Pacem
1061 615 1240 656 meam
1293 602 1536 674 relinquo
1579 605 1762 668 vobis,
1815 618 2007 674 pacem

434 709 613 748 meam
642 695 709 749 do
745 692 918 756 vobis,
960 707 1066 746 non
1093 693 1360 760 quomodo
1407 693 1640 748 mundus
1686 694 1778 748 dat
1821 709 2008 764 pacem

433 799 532 854 ego
577 785 644 839 do
687 781 838 836 vobis
868 780 1062 852 (Joan.
1113 781 1270 854 XIV);
1305 800 1324 834 ι
1357 789 1414 837 et
1448 782 1576 837 item
1608 800 1621 835 :
1651 800 1670 833 v
1708 783 1867 847 Ecce,
1918 783 2006 836 in-

433 875 564 945 quit,
606 888 705 942 ego
738 871 1015 925 vobiscum
1053 886 1171 925 sum
1209 872 1461 926 omnibus
1505 871 1695 926 diebus
1731 887 1902 941 usque
1938 871 2007 926 ad

431 962 948 1021 consummationem
995 961 1173 1017 smeuli
1213 960 1442 1033 (Matth.
1499 960 1730 1032 xxvnt).
1763 981 1781 1012 ι
1835 960 2006 1016 Ctete-

431 1073 550 1112 rutu
580 1057 633 1112 in
672 1054 760 1108 illa
785 1051 1094 1108 reversione
1113 1051 1421 1107 Judaeorum
1450 1053 1515 1106 de
1541 1051 1834 1123 Babylone,
1883 1050 2005 1106 fini—

431 1147 574 1202 tima:
597 1153 785 1216 gentes
805 1143 1095 1214 plurimum
1125 1157 1218 1196 eos
1244 1141 1589 1206 infestabant,
1633 1149 1688 1196 et
1715 1142 2006 1212 prohibue-

429 1247 556 1295 runt
591 1251 658 1292 ne
690 1236 946 1306 templum
983 1235 1399 1298 reaedilicarcnt,
1443 1246 1734 1304 murosque
1767 1233 2004 1288 civitatis

428 1337 812 1385 restaurarent.
844 1325 1040 1381 Postea
1061 1340 1275 1395 quoque
1312 1325 1364 1378 in
1403 1323 1830 1379 Machabazorum
1869 1332 2004 1378 tem-

430 1421 651 1492 poribus
681 1419 910 1490 plurima
937 1418 1016 1472 eis
1040 1416 1182 1472 bella
1209 1424 1264 1472 et
1293 1417 1508 1471 labores
1529 1399 1877 1478 accidebant,
1903 1429 2002 1470 nec

428 1523 664 1580 unquam
713 1507 1008 1578 perfectam
1050 1522 1237 1578 pacem
1289 1514 1343 1561 et
1391 1506 1601 1576 plenam
1656 1506 2001 1562 securitatem

430 1602 629 1658 habere
655 1606 906 1671 poterant
927 1600 1098 1656 donec
1117 1615 1216 1670 per
1246 1598 1612 1654 Romanorum
1637 1597 1908 1668 principes
1933 1595 2000 1650 de

428 1703 568 1747 terra
593 1707 689 1748 sua
715 1689 893 1758 ejecti,
921 1705 1020 1760 per
1050 1697 1220 1745 totum
1249 1689 1436 1744 orbem
1468 1687 1696 1756 dispersi
1735 1695 1878 1742 sunt.

2119 528 2140 562 ι
2173 513 2482 570 civitatibus
2506 529 2626 584 que
2651 515 2720 570 ad
2747 525 2987 574 austrum
3025 525 3189 575 sunt:
3215 525 3271 574 et
3295 519 3351 574 in
3375 528 3517 576 terra
3547 527 3694 581 Den-

2115 617 2135 651 ι
2165 597 2360 668 jamin,
2388 611 2444 656 et
2471 603 2524 656 in
2567 603 2792 658 circuitu
2823 604 3174 674 Hierusalem,
3203 617 3260 663 et
3296 608 3349 663 in
3379 610 3696 670 civitatibus

2115 707 2136 742 ι
2166 689 2319 756 Juda,
2357 693 2534 748 adhuc
2579 694 2886 750 transibunt
2920 711 3111 766 greges
3149 698 3216 752 ad
3252 714 3468 756 manum
3505 719 3697 764 num

2114 797 2135 832 ι
2171 781 2363 847 rantis,
2393 782 2470 838 ait
2497 783 2770 839 Dominus.
2811 805 2828 836 ι
2860 784 3112 841 Pastores
3139 787 3228 843 isti
3267 805 3498 859 quorum
3536 791 3694 849 habi-

2109 869 2344 924 taculum
2378 878 2470 946 est
2514 871 2568 924 in
2603 870 2720 926 loco
2758 872 2847 940 qui
2879 870 2977 927 fuit
3003 883 3131 929 ante
3162 875 3429 942 desertus,
3459 881 3697 946 apostoli

2109 967 2236 1013 sunt
2255 969 2312 1014 et
2331 945 2694 1029 evangelistte,
2720 968 2884 1029 atque
2902 961 3150 1017 doctores
3175 962 3310 1019 Novi
3335 945 3690 1022 Testameuti.

2107 1043 2312 1118 Greges
2339 1063 2469 1105 vero
2497 1049 2826 1106 accubantes
2862 1050 2915 1104 in
2955 1051 3264 1108 civitatibus
3288 1057 3607 1122 montuosis,
3638 1068 3698 1112 et

2109 1138 2164 1193 in
2191 1139 2496 1196 civitatibus
2524 1141 2932 1210 campestribus,
2965 1148 3020 1196 et
3048 1141 3102 1196 in
3127 1143 3444 1200 civitatibus
3465 1162 3590 1216 qua:
3619 1149 3696 1204 ad

2107 1237 2348 1282 austrum
2367 1237 2512 1293 sunt,
2533 1227 2789 1284 Ecclesia:
2820 1237 2943 1284 sunt
2965 1230 3032 1286 de
3051 1233 3301 1302 gentibus
3327 1247 3692 1308 congregatae,

2105 1332 2226 1387 quae
2263 1317 2318 1372 in
2361 1317 2592 1372 culmine
2619 1319 2878 1374 virtutum
2919 1321 3242 1387 consistunt,
3273 1332 3329 1379 et
3373 1333 3556 1380 tamen
3591 1327 3695 1382 bu-

2106 1407 2348 1464 militatis
2384 1409 2492 1462 ima
2540 1424 2650 1464 non
2704 1411 2961 1466 deserunt
2995 1431 3007 1466 :
3049 1413 3145 1467 sed
3191 1411 3403 1471 fervore
3455 1414 3693 1485 Spiritus

2106 1501 2304 1565 sancti,
2337 1514 2495 1570 quem
2528 1509 2712 1556 auster
2736 1511 2930 1557 ventus
2956 1503 3242 1573 signiﬁcat,
3271 1507 3510 1562 studium
3533 1508 3690 1562 bona

2104 1590 2432 1660 operationis
2471 1601 2750 1658 exercent,
2805 1603 2861 1649 et
2906 1593 3210 1651 dilectionis
3253 1597 3378 1667 jura
3424 1601 3691 1657 servando

2106 1689 2312 1748 tenent,
2341 1682 2546 1750 Quibus
2571 1684 2910 1740 associantur
2933 1701 3122 1758 greges
3143 1703 3264 1758 quae
3292 1689 3346 1742 in
3375 1697 3520 1744 terra
3545 1689 3690 1746 Bru-

499 1802 516 1834 ι
546 1781 672 1838 Haec
723 1756 854 1837 dicit
907 1756 1210 1836 Dominus:
1255 1779 1446 1834 Adhuc
1491 1776 1738 1862 audietur
1783 1777 1838 1832 in
1885 1775 2003 1831 loco
2031 1756 2269 1839 Bjamin
2314 1781 2372 1826 et
2412 1773 2468 1827 in
2511 1773 2737 1829 circuitu
2771 1756 3132 1843 Hierusalem,
3159 1756 3230 1832 vet
3273 1779 3328 1833 in
3375 1779 3692 1837 civitatibus

429 1895 447 1926 ε
481 1875 604 1937 isto,
638 1889 797 1944 quem
827 1888 923 1927 vos
952 1873 1131 1928 dicitis
1165 1886 1286 1926 esse
1311 1872 1604 1936 desertum,
1636 1885 1701 1926 eo
1728 1867 1870 1938 quod
1899 1882 2004 1922 non

429 1987 447 2018 ι
478 1967 548 2020 sit
574 1967 734 2020 homo
761 1979 860 2019 nec
879 1963 1183 2032 iumentum
1211 1963 1266 2016 in
1287 1959 1595 2018 civitatibus
1617 1957 1776 2024 Juda,
1799 1968 1854 2014 et
1874 1957 2006 2014 foris

429 2077 446 2108 ι
483 2055 837 2122 Hierusalem,
863 2069 982 2125 quae
1019 2053 1272 2109 desolata:
1297 2061 1424 2107 sunt
1461 2053 1666 2121 absque
1689 2051 1927 2114 homine,
1950 2057 2006 2106 et

429 2169 446 2200 ‹
486 2148 684 2218 absque
709 2147 1033 2211 habitatore,
1051 2153 1106 2199 et
1125 2144 1327 2212 absque
1347 2157 1564 2212 pecore,
1594 2157 1700 2196 vox
1733 2139 1911 2212 gaudii
1951 2148 2006 2194 et

429 2256 447 2288 ι
484 2253 584 2291 vox
609 2235 826 2301 lzetitiaa,
849 2249 951 2289 vox
973 2233 1156 2304 sponsi
1199 2241 1255 2287 et
1288 2247 1390 2286 vox
1433 2245 1662 2309 sponsae,
1694 2245 1795 2284 vox
1824 2230 2006 2284 dicen-

428 2350 447 2380 ‹
482 2329 612 2384 tium
631 2345 646 2382 :
669 2325 1011 2384 Confitemini
1025 2324 1250 2378 Domino
1269 2322 1626 2386 exercituum,
1640 2320 1892 2390 quoniam
1914 2317 2005 2373 bo-

431 2439 449 2472 ς
487 2435 591 2476 nus
634 2419 914 2482 Dominus,
945 2415 1200 2487 quoniam
1238 2415 1291 2469 in
1322 2421 1583 2469 mtcrnum
1632 2410 2003 2468 misericordia

429 2529 447 2562 ι
489 2509 604 2578 ejus
615 2519 668 2565 et
678 2508 1008 2580 portantium
1023 2513 1142 2560 vota
1160 2505 1214 2559 in
1231 2504 1448 2558 domum
1467 2501 1700 2558 Domini.
1727 2500 2003 2556 Reducam

434 2619 452 2652 ε
488 2600 630 2654 enim
655 2597 1060 2653 conversionem
1102 2603 1262 2650 terrae
1296 2593 1436 2648 sicut
1471 2609 1502 2646 a
1542 2591 1828 2662 principio,
1870 2589 2003 2644 dicit

433 2709 451 2742 ι
490 2688 768 2744 Dominus.
797 2706 816 2739 ι
840 2685 917 2742 Ne
943 2687 998 2740 in
1019 2684 1448 2756 desperationem
1468 2681 1633 2737 Judtei
1655 2681 2004 2752 proptermi-

317 2793 321 2798 '
424 2795 522 2836 nas
551 2777 879 2848 captivitatis
905 2775 1183 2839 caderent,
1219 2773 1397 2828 futura
1429 2769 1832 2826 restaurationis
1861 2769 2002 2839 bona

421 2870 500 2925 eis
524 2868 810 2940 promittit,
857 2873 919 2921 ut
953 2865 1106 2921 locus
1148 2863 1239 2933 qui
1279 2863 1526 2918 desertus
1567 2860 1741 2916 fuerat
1780 2867 2004 2929 propter

425 2959 634 3016 scelera
689 2959 1054 3014 habitatorum
1097 2954 1251 3025 ejus,
1313 2969 1500 3009 rursus
1557 2970 1589 3008 a
1639 2952 1901 3008 correctis
1948 2959 2004 3005 et

422 3048 722 3105 emendatis
767 3035 1055 3110 habitetur,
1085 3053 1144 3101 et
1187 3045 1459 3116 repleatur
1484 3044 1767 3114 pecoribus
1814 3050 1869 3096 et
1909 3041 2000 3112 ju-

424 3141 641 3195 mentis.
697 3137 922 3210 Mystice
967 3144 1146 3191 autem
1193 3135 1428 3190 Ecclesia
1479 3133 1738 3204 gentium,
1764 3147 1883 3202 quae
1913 3131 2004 3186 de-

424 3238 569 3284 serta
603 3228 780 3283 fuerat
806 3243 837 3280 a
867 3226 1092 3281 Domino
1116 3233 1336 3294 propter
1371 3223 1726 3278 idololatriam
1756 3229 1810 3276 ct
1839 3220 2004 3276 scele-

423 3336 544 3376 rum
590 3293 1000 3378 immanitatem,
1033 3293 1234 3369 rursus,
1250 3327 1344 3384 per
1367 3312 1567 3367 Christi
1605 3311 1762 3366 fidem
1797 3310 2006 3366 habita-

422 3417 513 3464 tur
537 3426 549 3439 ·
593 3416 648 3463 et
685 3407 922 3475 repletur
949 3403 1289 3458 multitudine
1326 3403 1658 3457 credentium
1687 3416 1750 3456 ex
1777 3401 2006 3456 diversis

424 3497 752 3552 nationibus.
786 3493 884 3550 Cui
919 3507 1015 3565 per
1047 3493 1239 3547 Isaiam
1275 3493 1470 3547 dicitur
1499 3508 1512 3544 :
1553 3511 1571 3542 ε
1604 3489 1892 3546 Ltetabitur
1916 3491 2008 3548 de-

425 3597 574 3644 serta
601 3597 655 3642 et
679 3585 843 3649 invia,
870 3594 926 3640 et
956 3582 1250 3639 exsultabit
1277 3581 1524 3647 solitudo,
1548 3591 1602 3636 et
1621 3581 1830 3636 ﬂorcbit
1849 3581 2002 3652 quasi

421 3676 596 3732 lilium
633 3693 647 3729 :
681 3675 992 3746 germinans
1035 3672 1388 3745 germinabit,
1440 3680 1496 3728 et
1523 3673 1814 3728 exsultabit
1861 3672 2006 3728 lacta-

429 3769 613 3824 hunda
641 3777 696 3824 et
721 3767 944 3823 laudans
961 3766 1096 3839 (Isa.
1118 3765 1304 3837 xxxv).
1335 3784 1354 3817 ι
1383 3764 1450 3819 Ει
1481 3765 1676 3820 iterum
1700 3781 1714 3819 :
1742 3782 1761 3816 ι
1796 3763 1999 3829 Lauda,

428 3861 622 3930 inquit,
669 3858 870 3914 sterilis
903 3871 1023 3928 quae
1071 3871 1180 3912 non
1223 3854 1390 3925 paris,
1441 3855 1663 3910 decanta
1698 3853 1910 3908 laudem
1947 3861 2002 3908 et

419 3953 699 4024 hymnum,
740 3965 858 4020 qua:
905 3963 1012 4004 non
1054 3946 1393 4018 parturiebas
1439 3963 1452 3999 :
1493 3959 1656 4014 quam
1707 3942 1860 4000 multi
1906 3943 2002 4005 filii

421 4047 666 4112 desertzu,
713 4045 886 4115 magis
921 4057 1084 4113 quam
1114 4040 1232 4111 ejus
1257 4056 1378 4110 qua:
1425 4039 1658 4094 habebat
1681 4039 1875 4093 virum.
1917 4037 2000 4093 Ad

419 4145 678 4206 punctum
705 4135 760 4190 in
786 4134 996 4190 modico
1022 4131 1282 4202 dereliqui
1305 4138 1377 4196 te,
1400 4139 1454 4184 et
1483 4130 1536 4184 in
1567 4129 2000 4185 miserationibus

422 4226 628 4296 magnis
657 4223 996 4298 congregabo
1026 4221 1162 4296 (Isa.
1193 4220 1325 4292 ων).
1369 4239 1390 4274 ι
1422 4220 1506 4275 Ad
1536 4221 1675 4275 hanc
1711 4234 1839 4291 ergo
1863 4236 1994 4276 con-

420 4317 732 4388 gregabitur
763 4329 925 4371 omne
966 4328 1132 4385 pecus
1165 4310 1378 4368 Cedar:
1409 4311 1606 4366 arietes
1644 4309 1870 4366 Nabaiot
1895 4310 1996 4366 mi-

421 4410 726 4464 nistrabunt
773 4409 868 4462 illi.
921 4407 998 4464 lbi
1041 4407 1288 4462 audietur
1325 4421 1426 4460 vox
1469 4405 1646 4476 gaudii
1679 4414 1734 4460 et
1761 4419 1864 4458 vox
1899 4405 1993 4459 la:-

421 4498 574 4564 titiae,
606 4514 726 4554 cum
756 4497 1100 4568 Evangelium
1143 4497 1215 4551 ibi
1257 4496 1533 4560 recitatur,
1570 4504 1624 4550 et
1651 4494 1863 4550 alleluia
1896 4493 1989 4550 la:—

424 4589 654 4645 tabunda
679 4605 809 4644 voce
850 4590 902 4644 in
949 4589 1192 4644 ecclesiis
1223 4587 1612 4657 frequentatur.
1661 4586 1737 4642 lbi
1778 4587 1992 4642 auditur

419 4695 520 4736 vox
545 4679 724 4750 sponsi
749 4678 946 4734 Christi
964 4687 1019 4733 et
1037 4694 1140 4734 vox
1161 4693 1370 4748 sponsae
1387 4677 1638 4733 Ecclesia:
1656 4695 1669 4731 :
1689 4679 1742 4732 in
1762 4692 1990 4747 quorum

421 4769 824 4841 epithalamium
865 4767 1115 4823 Salomon
1164 4767 1444 4837 descripsit
1481 4765 1704 4822 Cantica
1753 4767 1992 4822 cantico-

421 4879 539 4919 rum
592 4863 668 4918 lbi
697 4861 910 4916 auditur
943 4873 1047 4914 vox
1073 4859 1310 4929 quotidie
1343 4860 1712 4914 confitentium
1739 4859 1986 4925 Domino,

417 4961 474 5010 ct
499 4939 827 5024 portantium
858 4957 982 5006 vota
1013 4949 1066 5004 in
1101 4950 1318 5004 domum
1344 4949 1554 5006 Domini
1580 4964 1596 5004 :
1623 4949 1874 5020 quoniam
1904 4962 1989 5003 rc-

419 5044 576 5098 ducct
611 5040 867 5097 Dominus
893 5039 1299 5096 conversionem
1326 5046 1482 5096 terrae
1509 5041 1747 5110 gentium
1789 5039 1929 5094 sicut
1956 5054 1988 5094 a

416 5131 680 5204 principio
709 5149 722 5186 :
755 5138 814 5186 ut
857 5128 954 5184 ﬂat
981 5129 1220 5185 omnium
1252 5129 1306 5184 in
1349 5129 1666 5186 credulitate
1701 5113 1832 5187 fides
1855 5146 1985 5211 una,

417 5231 470 5276 et
520 5221 574 5276 in
610 5221 945 5278 confessione
967 5218 1168 5274 labium
1198 5232 1382 5273 unum.
1413 5217 1488 5273 De
1518 5234 1625 5289 quo
1650 5220 1826 5278 adhuc
1863 5221 1989 5277 sub-

417 5312 602 5366 ditur:

493 5419 513 5453 (
543 5399 674 5478 Illazc
695 5403 825 5458 dicit
868 5402 1126 5458 Dominus
1171 5402 1505 5456 exercituum
1534 5417 1547 5454 :
1574 5399 1762 5456 Adhuc
1796 5400 1902 5455 erit
1929 5399 1982 5454 in

413 5491 445 5540 ἰ
482 5489 612 5566 loco
641 5493 742 5548 isto
777 5493 992 5548 deserto
1036 5492 1238 5559 absque
1279 5490 1513 5556 homine,
1558 5497 1613 5544 et
1659 5491 1859 5560 absque
1897 5485 1986 5559 ju-

427 5593 446 5627 ι
479 5587 677 5644 mento,
717 5587 772 5634 et
805 5579 857 5633 in
901 5579 1110 5634 cunctis
1135 5579 1438 5634 civitatibus
1466 5577 1580 5646 ejus
1622 5579 1982 5634 habitaculum

429 5681 446 5716 ι
481 5675 774 5735 pastorum,
808 5678 862 5724 et
903 5668 1273 5723 accubantinm
1321 5685 1539 5738 gregum
1579 5671 1633 5724 in
1681 5670 1984 5726 civitatibus

2099 1859 2240 1916 inda
2293 1871 2578 1918 versantur
2605 1880 2620 1918 :
2647 1865 2772 1934 quia
2815 1866 2880 1920 de
2927 1865 3017 1920 illo
3055 1867 3239 1936 priore
3287 1868 3486 1938 populo
3531 1869 3695 1928 mulb'

2104 1958 2232 2004 sunt
2258 1949 2350 2020 qui
2377 1950 2444 2006 ad
2477 1949 2634 2008 ﬁdem
2664 1951 2865 2009 Christi
2899 1963 2954 2014 et
2980 1955 3046 2008 ad
3077 1955 3256 2010 ovium
3291 1973 3448 2011 suum
3494 1974 3686 2014 nume-

2106 2055 2226 2094 rum
2251 2040 2540 2110 pertinent.
2585 2042 2660 2097 De
2680 2043 2876 2114 quibus
2899 2045 3013 2116 ipse
3043 2047 3118 2100 ait
3148 2063 3162 2100 :
3199 2065 3217 2098 ‹
3249 2043 3392 2102 Oves
3416 2064 3554 2104 mea:
3593 2067 3689 2106 vo-

2104 2145 2222 2186 cem
2252 2146 2429 2187 meam
2457 2132 2700 2200 audiunt,
2725 2143 2780 2190 et
2805 2140 2904 2208 ego
2937 2151 3204 2208 cognosco
3223 2153 3338 2204 eas,
3366 2147 3418 2194 et
3451 2155 3692 2210 sequun-

2105 2228 2192 2275 tur
2214 2237 2299 2278 me
2328 2222 2508 2294 (Joan.
2548 2223 2628 2296 χ).
2659 2245 2678 2278 ι
2709 2225 2776 2280 Hi
2803 2241 2930 2297 ergo
2957 2243 3147 2284 omnes
3168 2243 3356 2299 greges
3382 2233 3690 2288 transibunt

2105 2310 2171 2365 ad
2217 2327 2438 2367 manum
2493 2315 2846 2381 numerantis,
2881 2317 3028 2387 quia,
3070 2316 3229 2386 juxta
3274 2321 3690 2389 dispositionem

2104 2403 2219 2458 veri
2272 2405 2540 2475 pastoris,
2583 2407 2839 2462 mandata
2888 2409 3068 2466 divina
3129 2423 3412 2468 servantes
3453 2415 3686 2481 vivunt,

2103 2505 2240 2561 quos
2277 2493 2394 2564 ipse
2423 2493 2478 2548 in
2507 2495 2712 2551 caelesti
2741 2511 2908 2568 regno
2949 2498 3225 2564 describit,
3269 2501 3411 2555 sicut
3444 2503 3527 2559 eis
3555 2521 3687 2574 pro-

2103 2581 2251 2636 misit
2289 2582 2513 2640 dicens:
2552 2603 2570 2636 ι
2601 2583 2840 2641 Gaudete
2865 2594 2922 2643 et
2963 2588 3254 2655 exsultate,
3295 2591 3424 2660 quia
3467 2597 3688 2650 nomina

2102 2679 2282 2726 vestra
2309 2674 2510 2744 scripta
2537 2683 2663 2730 sunt
2687 2677 2742 2730 in
2779 2677 2918 2732 caelo
2962 2677 3112 2750 (Luc.
3137 2679 3214 2752 ι).
3248 2699 3268 2732 ι
3303 2681 3546 2748 Qualiter
3590 2703 3689 2740 au-

2103 2769 2212 2816 tem
2253 2761 2321 2818 de
2351 2762 2552 2821 Judteis
2592 2775 2648 2821 et
2688 2768 2970 2838 gentibus,
3022 2783 3214 2842 greges
3257 2773 3442 2827 ovium
3479 2775 3685 2832 Christi

2101 2852 2358 2920 existant,
2398 2856 2512 2926 ipse
2552 2865 2778 2914 testatur
2813 2859 2866 2914 in
2910 2858 3218 2932 Evangelia,
3254 2861 3444 2922 dicens
3469 2883 3483 2920 :
3513 2886 3534 2918 σ
3569 2869 3687 2940 Ego

2101 2958 2221 2998 sum
2260 2954 2447 3016 pastor
2484 2948 2678 3014 bonus,
2705 2956 2761 3003 et
2785 2963 3052 3020 cognosco
3075 2964 3244 3018 meas,
3273 2961 3328 3006 et
3350 2967 3682 3026 cognoscunt

2105 3051 2192 3091 me
2229 3052 2380 3093 mete.
2419 3037 2576 3094 Sicut
2599 3040 2746 3096 novit
2774 3054 2860 3094 me
2889 3039 3068 3105 Pater,
3109 3049 3166 3096 et
3189 3057 3292 3114 ego
3322 3059 3556 3116 agnosco
3575 3047 3682 3103 Pa-

2029 3104 2075 3166 (ἶ
2108 3137 2244 3184 trem
2269 3148 2283 3184 :
2313 3141 2368 3186 et
2396 3133 2634 3187 animam
2675 3147 2852 3190 meam
2893 3148 3034 3204 pono
3071 3149 3171 3204 pro
3202 3104 3396 3193 o'vibu‘s
3423 3139 3556 3194 meis
3579 3158 3596 3193 :
3627 3154 3684 3198 et

2105 3220 2241 3278 alias
2263 3237 2391 3280 oves
2417 3224 2590 3282 habeo
2613 3240 2733 3294 qua:
2773 3239 2879 3280 non
2924 3235 3049 3282 sunt
3075 3241 3142 3282 ex
3175 3227 3280 3284 hoc
3304 3230 3454 3297 ovili,
3479 3242 3534 3288 et
3563 3234 3682 3291 illas

2105 3321 2318 3382 oportet
2367 3329 2455 3368 me
2499 3315 2786 3381 adducere,
2815 3325 2870 3372 et
2904 3331 3089 3374 vocem
3134 3335 3310 3375 meam
3337 3323 3592 3378 audient:
3625 3338 3682 3382 et

2103 3405 2199 3462 ﬁet
2224 3423 2388 3462 unum
2423 3409 2562 3464 ovile
2581 3418 2637 3466 et
2663 3425 2802 3466 unus
2829 3421 3014 3482 pastor
3037 3411 3218 3485 (Joan.
3243 3415 3321 3485 χ).

2179 3514 2200 3548 ι
2233 3497 2372 3554 Ecce
2411 3499 2527 3555 dies
2567 3501 2804 3566 venient,
2835 3502 2966 3558 dicit
2995 3504 3271 3570 Dominus,
3309 3515 3366 3562 et
3404 3509 3680 3564 suscitabo

2109 3603 2128 3637 ι
2163 3587 2386 3642 verbum
2441 3587 2638 3644 bonum
2701 3591 2843 3660 quod
2889 3591 3099 3648 locutus
3158 3608 3278 3648 sum
3329 3595 3398 3650 ad
3457 3597 3677 3652 domum

2109 3694 2130 3728 ι
2164 3677 2329 3734 lsrael
2351 3689 2406 3734 et
2429 3679 2496 3733 ad
2515 3681 2732 3736 domum
2755 3680 2914 3737 Iuda.
2944 3683 3203 3738 iVerbum
3226 3685 3426 3740 bonum
3454 3689 3594 3757 quod
3615 3704 3679 3744 se

2102 3768 2364 3823 suscitare
2399 3769 2658 3826 Dominus
2692 3771 2848 3836 dixit,
2879 3772 3142 3829 adventus
3167 3783 3252 3828 est
3295 3774 3416 3830 Filii
3445 3776 3538 3832 Dei
3567 3796 3582 3832 :
3611 3787 3675 3832 ut

2103 3858 2193 3926 qui
2228 3858 2282 3912 in
2309 3858 2577 3930 principio
2615 3868 2733 3916 erat
2768 3861 3026 3934 verbum,
3051 3873 3107 3920 et
3133 3865 3364 3922 Verbum
3387 3877 3505 3923 erat
3530 3872 3670 3942 apud

2102 3950 2366 4019 Deum,et
2390 3953 2530 4008 Deus
2554 3953 2918 4009 eratVerbum
2935 3955 3122 4026 (lacn.
3151 3957 3212 4026 ι),
3261 3959 3376 4030 ipse
3401 3961 3454 4015 in
3484 3964 3667 4019 novis-

2100 4045 2251 4100 simis
2269 4045 2596 4115 temporibus
2622 4045 2855 4102 Verbum
2881 4062 3008 4102 caro
3036 4047 3208 4113 ﬂeret,
3245 4059 3302 4104 et
3329 4052 3591 4110 habitaret
3613 4055 3669 4110 in

2100 4135 2154 4189 in
2181 4135 2357 4190 nobis.
2385 4135 2496 4190 Hoc
2519 4151 2647 4208 ergo
2669 4137 2889 4191 verbum
2927 4137 3054 4192 dum
3093 4140 3416 4209 promissum
3447 4143 3544 4198 fuit
3573 4161 3670 4213 pa-

2100 4223 2348 4279 triarchis
2374 4263 2390 4288 ,
2446 4223 2531 4279 lex
2581 4225 2960 4294 przenuntiavit
2997 4244 3012 4281 :
3063 4227 3490 4286 vaticinaverunt
3536 4249 3664 4303 pro-

2095 4316 2292 4384 phetae,
2322 4324 2378 4372 et
2407 4315 2472 4368 ad
2495 4324 2792 4372 extremum
2821 4317 3114 4386 angelicum
3150 4320 3426 4376 oraculum
3459 4324 3527 4378 ad
3559 4325 3665 4376 vir-

2096 4405 2274 4476 ginem
2319 4405 2541 4460 Mariam
2588 4406 2654 4462 de
2699 4407 2868 4478 stirpe
2911 4408 3075 4464 David
3117 4409 3317 4466 editam
3371 4415 3666 4468 testabatur

2097 4494 2248 4568 (Luc.
2283 4496 2323 4568 ι)
2351 4513 2364 4548 :
2397 4497 2499 4552 hoc
2554 4497 2671 4566 ipsa
2718 4498 2869 4569 virgo
2910 4501 3191 4570 concepit,
3237 4502 3390 4574 virgo
3435 4507 3661 4574 peperit.

2096 4585 2245 4655 virgo
2274 4585 2620 4654 ‘permansit:
2653 4586 2777 4656 quia
2815 4586 2983 4642 Deum
3019 4597 3073 4642 et
3110 4589 3380 4646 hominem
3419 4595 3488 4647 ad
3521 4593 3664 4648 salu-

2095 4687 2202 4732 tem
2227 4677 2446 4732 humani
2474 4678 2688 4749 generis
2709 4677 2926 4748 genuit:
2959 4694 3124 4734 unum
3149 4679 3392 4736 videlicet
3419 4685 3588 4738 Deum
3607 4699 3662 4738 et

2092 4766 2376 4823 Dominum
2424 4775 2668 4824 nostrum
2713 4767 2895 4824 Jesum
2938 4769 3230 4825 Christum.
3272 4771 3350 4827 De
3392 4789 3500 4842 quo
3537 4775 3662 4830 sub-

2093 4857 2237 4912 ditur
2263 4875 2278 4912 :

2165 4965 2186 4999 (
2219 4946 2276 5001 ln
2301 4947 2488 5003 diebus
2527 4947 2628 5004 illis
2673 4956 2729 5004 et
2769 4947 2820 5002 in
2861 4957 3100 5018 tempore
3123 4949 3216 5004 illo
3237 4951 3540 5020 germinare
3581 4953 3658 5006 fa-

2097 5053 2116 5087 (
2151 5035 2290 5090 ciam
2321 5036 2487 5092 David
2517 5053 2734 5108 germen
2762 5036 3021 5106 iustitiae:
3050 5046 3104 5094 et
3127 5037 3285 5094 faciet
3315 5039 3573 5108 judicium
3603 5053 3654 5098 et

2095 5145 2114 5177 ι
2143 5124 2408 5195 justitiam
2432 5127 2485 5182 in
2523 5138 2687 5184 terra.
2721 5128 2778 5183 lu
2817 5128 3004 5186 diebus
3039 5129 3142 5184 illis
3164 5129 3462 5186 salvabitur
3497 5131 3651 5196 Iuda,

2093 5232 2113 5266 ι
2149 5224 2206 5270 et
2237 5215 2399 5270 Israel
2444 5215 2705 5272 habitabit
2733 5217 3062 5272 conﬁdenter
3087 5235 3101 5271 :
3131 5227 3187 5273 et
3212 5220 3317 5274 hoc
3341 5230 3426 5278 est
3461 5237 3649 5278 nomen

2096 5324 2114 5356 α
2149 5310 2292 5374 quod
2313 5306 2597 5372 vocabunt,
2619 5323 2741 5362 eum
2774 5309 3028 5364 Dominus
3045 5309 3226 5376 justus
3249 5321 3453 5368 noster.
3485 5333 3504 5366 ι
3529 5313 3651 5370 Dies

2087 5395 2220 5450 istos
2247 5397 2621 5464 praenuntiavit
2641 5397 2808 5453 Isaias
2839 5398 3059 5454 dicens:
3085 5417 3104 5450 ί
3139 5399 3257 5455 Erit
3277 5401 3332 5458 in
3354 5402 3650 5458 novissimis

2089 5489 2276 5544 diebus
2313 5497 2644 5559 praeparatus
2681 5503 2838 5546 mons
2876 5489 3065 5544 donius
3111 5488 3325 5546 Domini
3365 5492 3420 5546 in
3455 5492 3648 5547 vertice

2089 5579 2373 5642 montium,
2399 5585 2453 5633 et
2477 5577 2775 5644 elevabitur
2793 5593 2954 5648 super
2972 5578 3148 5640 colles,
3172 5589 3230 5634 et
3253 5578 3418 5636 ﬂuent
3433 5581 3500 5636 ad
3525 5595 3642 5634 eum

2088 5684 2274 5725 omnes
2303 5680 2506 5741 gentes,
2538 5680 2594 5724 et
2620 5671 2772 5725 ibunt
2809 5655 3014 5741 populi
3035 5670 3188 5726 multi
3215 5683 3272 5727 et
3291 5674 3467 5728 dicent
3495 5691 3506 5726 :
3547 5675 3640 5725 Ve-
