3970 6190
244 227 384 284 I065

1137 218 1498 274 EXPOSITIO
1534 216 1760 274 SUPER
1796 213 2165 270 JEREMlA-M.
2205 243 2275 252 --
2313 213 2436 268 LIB.
2481 213 2614 268 Xlll.

3363 216 3501 270 1066

239 341 379 400 nite,
415 335 768 391 ascendamtts
786 333 853 387 ad
883 340 1118 386 montem
1158 333 1369 387 Domini
1410 341 1466 386 et
1504 333 1572 386 ad
1596 331 1814 386 domum
1845 340 1891 398 Α
1925 347 1942 377 ι
1979 341 2110 380 cens
2139 345 2152 379 :
2183 324 2308 381 Ilaec
2352 326 2482 381 dicit
2522 326 2816 381 Dominus:
2847 324 2903 381 Si
2933 326 3146 383 irritum
3179 329 3295 386 ﬁeri
3323 342 3501 403 potest

236 429 338 484 Dei
369 426 574 482 Iacob:
607 433 664 478 et
691 423 903 479 docebit
947 438 1046 478 nos
1088 424 1202 478 vias
1238 438 1386 488 suas,
1435 431 1490 478 et
1524 421 1824 477 ambulabi-

149 523 169 536 '
235 535 364 575 mus
387 519 442 573 in
466 515 676 572 semitis
701 513 818 584 ejus
843 554 858 580 ,
885 514 1010 583 quia
1036 515 1104 568 de
1129 513 1258 569 Sion
1283 514 1452 569 exibit
1488 512 1597 577 lex,
1622 519 1679 566 et
1703 525 1824 566 ver-

235 610 370 665 bum
413 605 626 662 Domini
663 605 732 660 de
772 604 1071 660 Jerusalem
1103 603 1240 673 (ha.
1285 603 1371 676 ιι).
1420 622 1440 656 ι
1499 602 1653 659 Facit
1693 615 1822 672 ergo

234 698 502 755 Dominus
527 695 832 768 germinare
872 693 1037 750 David
1075 709 1294 766 germen
1316 693 1562 766 justitiaa,
1587 695 1690 750 hoc
1714 701 1819 760 est,

233 789 518 845 Christum
566 786 635 841 de
671 786 789 856 ejus
827 785 1086 856 progenie
1127 787 1471 849 descendere,
1519 785 1614 855 qui
1659 783 1823 841 faciet

226 879 498 948 judicium
543 885 599 932 ct
635 875 906 946 justitiam
944 877 998 932 in
1037 885 1206 943 terra,
1231 876 1357 947 quia
1378 875 1535 944 juxta
1561 875 1757 932 Isaiam
1800 893 1818 933 :

230 972 456 1027 Justitia
482 969 588 1026 erit
611 969 882 1040 cingulum
912 968 1216 1025 lumborum
1259 967 1395 1038 eius,
1433 977 1492 1026 et
1535 969 1670 1026 fides
1705 971 1823 1027 cin-

231 1061 471 1117 ctorium
502 1075 690 1115 renum
729 1059 844 1128 ejus
869 1058 1004 1132 (Ira.
1034 1059 1094 1132 ι).
1123 1079 1144 1113 ι
1173 1060 1242 1114 Ει
1263 1059 1318 1115 in
1345 1059 1538 1116 diebus
1570 1060 1676 1116 illis
1707 1061 1819 1116 sal-

229 1155 454 1210 vabitur
473 1152 632 1208 Iuda.
667 1169 686 1203 ›
718 1152 832 1208 Hoc
863 1161 966 1218 est,
994 1151 1219 1222 apostoli
1245 1160 1299 1208 et
1333 1151 1607 1222 primitiva
1638 1152 1693 1207 in
1724 1150 1821 1207 ιυ-

231 1244 354 1298 daea
391 1243 654 1298 Ecclesia.
685 1260 704 1294 ι
736 1242 925 1309 Israel,
971 1261 990 1294 ι
1027 1243 1129 1298 hoc
1175 1251 1281 1308 est,
1329 1242 1558 1314 populus
1604 1243 1670 1298 de
1710 1242 1819 1298 ele-

231 1335 416 1388 ctione
463 1333 699 1404 gentium
740 1341 1068 1388 convocatus
1103 1349 1116 1386 :
1172 1351 1192 1383 ι
1235 1333 1501 1388 habitabit
1555 1351 1575 1384 ι
1612 1332 1666 1387 in
1711 1332 1818 1387 fide

230 1422 439 1478 Christi
472 1431 528 1476 et
548 1435 674 1476 vera
710 1422 965 1493 religione
989 1439 1009 1472 ι
1044 1422 1398 1477 conﬁdenter.
1431 1441 1451 1475 ι
1486 1422 1562 1478 De
1583 1436 1690 1493 quo
1713 1420 1817 1477 sub

232 1522 366 1583 typo
394 1511 672 1581 Benjamin
703 1513 917 1585 Moyses
939 1513 1279 1584 prophetavit
1303 1514 1488 1569 dicens
1517 1555 1530 1568 .
1567 1531 1587 1565 ι
1615 1512 1816 1568 Aman-

233 1604 478 1658 IIsSImUS
511 1603 720 1658 Domini
749 1604 1017 1659 habitabit
1066 1603 1122 1659 in
1160 1618 1225 1659 eo
1264 1603 1614 1669 conﬁdenter,
1657 1603 1813 1675 quasi

1931 433 1950 467 ι
1986 425 2202 486 pactum
2227 431 2405 471 meum
2441 431 2561 471 cum
2589 417 2694 482 die,
2722 427 2774 471 et
2809 428 3024 487 pactum
3047 435 3224 475 meum
3252 438 3373 478 cum
3399 440 3496 482 no-

1929 530 1948 564 t
1985 520 2088 576 cte,
2114 519 2175 565 ut
2212 527 2318 567 non
2345 511 2416 566 sit
2435 511 2550 566 dies
2577 521 2628 566 et
2661 527 2788 578 nox,
2815 513 2868 567 in
2892 521 3133 584 tempore
3169 530 3302 570 suo:
3327 527 3381 572 et
3404 533 3499 588 pa-

1927 620 1946 654 ι
1982 609 2130 656 ειυιιι
2151 617 2328 656 meum
2355 602 2566 656 irritum
2594 617 2714 657 esse
2738 604 2938 672 poterit
2965 620 3089 659 cum
3131 605 3298 661 David
3340 623 3501 664 servo

1929 709 1948 744 ι
1981 707 2122 759 ιιιεο,
2164 701 2225 748 υι
2252 709 2359 748 non
2385 693 2457 748 sit
2492 707 2559 747 ex
2600 707 2664 748 eo
2704 691 2843 748 ﬁlius
2867 694 2958 764 qui
2986 704 3172 766 regnet
3203 695 3258 750 in
3306 699 3500 754 throno

1927 801 1946 834 ι
1977 781 2117 851 ejus,
2140 791 2198 838 et
2218 782 2413 848 levitas,
2438 791 2494 840 et
2515 783 2824 838 sacerdOtes
2845 783 3077 839 ministri
3113 785 3236 839 mei.
3280 805 3296 839 t
3329 785 3499 858 Supe-

1922 873 2037 930 rius
2064 874 2280 930 dixerat
2302 874 2370 930 de
2394 874 2522 930 solis
2555 874 2847 940 creatione,
2869 874 3010 930 luna:
3036 885 3091 930 et
3119 877 3415 944 stellarum,
3444 888 3500 933 et

1920 979 2083 1022 cursu
2104 979 2312 1030 earum,
2341 971 2400 1019 ut
2437 963 2582 1036 leges
2606 964 2728 1032 illae,
2755 965 2869 1020 sive
2896 975 3117 1032 statuta,
3157 969 3354 1024 muniri
3392 986 3497 1025 non

1918 1055 2165 1126 possint:
2194 1070 2338 1112 nunc
2365 1054 2527 1111 simili
2555 1055 2715 1111 modo
2747 1064 2964 1126 pactum
2997 1057 3100 1112 diei
3132 1067 3187 1112 ct
3213 1060 3384 1114 noctis
3427 1061 3500 1115 ir-

1918 1146 2082 1202 ritum
2110 1145 2226 1202 ﬁeri
2256 1160 2360 1202 non
2383 1159 2560 1217 posse,
2596 1153 2651 1202 et
2677 1159 2850 1215 neque
2884 1155 3099 1214 pactum
3135 1147 3344 1203 Domini
3372 1166 3495 1204 cum

1919 1237 2088 1294 David
2115 1251 2273 1294 servo
2300 1253 2400 1294 suo
2423 1237 2636 1293 irritum
2666 1236 2781 1293 ﬁeri
2812 1252 2972 1308 posse
3003 1245 3231 1293 testatur
3260 1257 3272 1292 :
3309 1248 3497 1295 utnon

1917 1327 1990 1382 sit
2006 1342 2080 1382 ex
2101 1341 2168 1382 eo
2196 1327 2355 1392 ﬁlius,
2389 1327 2479 1398 qui
2511 1335 2698 1398 regnet
2725 1327 2777 1381 in
2803 1328 2995 1383 throno
3038 1327 3174 1396 ejus,
3214 1340 3268 1384 et
3302 1330 3495 1395 levita‘,

1917 1430 1972 1478 et
1995 1421 2306 1478 sacerdotes
2328 1421 2562 1477 ministri
2598 1421 2830 1487 Domini,
2859 1423 3001 1491 quod
3036 1421 3154 1477 luce
3179 1423 3378 1478 clarius
3403 1440 3498 1479 ex-

1915 1521 2042 1578 stat,
2071 1512 2196 1583 quia
2242 1512 2396 1568 ﬁnito
2423 1511 2726 1569 sacerdotio
2755 1511 2934 1583 legali,
2960 1513 3155 1569 Christi
3200 1531 3418 1584 regnum
3441 1526 3498 1570 et

1915 1606 2274 1662 sacerdotium
2331 1606 2716 1676 perpetualiter
2763 1606 2834 1661 sit
2885 1623 3218 1663 mansurum.
3268 1608 3345 1664 De
3387 1625 3494 1681 quo

232 1695 287 1748 in
339 1693 575 1750 thalamo
624 1703 734 1750 tota
792 1694 880 1750 die
923 1694 1242 1761 morabitur,
1289 1702 1345 1750 et
1389 1694 1531 1749 inter
1561 1694 1816 1750 humeros
1843 1692 1890 1751 B
1915 1695 2094 1751 adhuc
2121 1694 2407 1751 subditur:

233 1785 379 1840 illius
404 1785 695 1855 requiescet
726 1784 902 1856 (Deut.
928 1784 1142 1857 xxxiii),
1174 1805 1193 1838 ι
1212 1785 1338 1856 quia
1357 1785 1594 1840 Ecclesia
1619 1799 1816 1856 sponsa

232 1879 300 1934 ad
348 1877 541 1948 Sponsi
589 1879 790 1934 Christi
833 1878 1111 1950 pertinens
1147 1877 1518 1934 consortium:
1545 1893 1688 1934 nunc
1715 1877 1816 1932 sub

233 1970 568 2040 protectione
591 1968 708 2038 ejus
737 1968 934 2040 gaudet
972 1969 1026 2023 in
1068 1983 1184 2039 spe,
1211 1968 1266 2024 in
1311 1967 1492 2023 futura
1520 1978 1700 2023 autem
1730 1981 1816 2022 re-

233 2061 480 2130 quiescet
524 2060 873 2116 beatitudine.
921 2079 940 2112 (
983 2059 1051 2114 Ει
1082 2059 1187 2115 hoc
1229 2066 1332 2126 est,
1379 2057 1574 2127 inquit,
1618 2071 1812 2112 nomen

234 2152 384 2220 quod
430 2152 696 2207 vocabunt
740 2165 862 2206 eum
913 2150 1172 2206 Dominus
1206 2147 1386 2217 justus
1430 2155 1636 2205 noster.
1683 2166 1702 2199 ι
1737 2147 1815 2202 De

245 2249 356 2305 quo
391 2234 536 2289 alius
567 2233 828 2305 propheta
863 2233 942 2288 ait
976 2248 992 2287 :
1024 2251 1042 2284 ι
1073 2233 1138 2290 Ει
1171 2233 1446 2289 vocabunt
1475 2248 1673 2288 nomen
1699 2232 1820 2303 ejus

253 2327 606 2394 Emmanuel,
655 2328 758 2382 hoc
793 2335 897 2393 est,
933 2326 1221 2382 nobiscum
1264 2326 1412 2382 Deus
1440 2326 1575 2398 (Isa.
1619 2324 1763 2395 vni),
1794 2343 1815 2377 ι

246 2418 380 2488 quia
419 2437 438 2468 ι
467 2417 706 2472 Verbum
737 2432 868 2472 caro
898 2417 1100 2473 factum
1134 2427 1219 2472 est
1249 2427 1305 2485 et
1338 2417 1605 2472 habitavit
1635 2416 1688 2471 in
1724 2430 1823 2471 no-

248 2510 361 2564 bis.
403 2510 626 2578 (Joanu.
656 2516 718 2577 ι)
759 2528 778 2563 ι
817 2509 938 2578 Ipse
975 2516 1059 2564 est
1092 2507 1353 2563 Dominus
1383 2509 1566 2576 justus
1613 2517 1820 2571 noster,

259 2619 281 2653 ι
306 2601 436 2670 quia
451 2604 634 2670 justus
655 2599 916 2655 Dominus
935 2600 1267 2670 etjustitiam
1295 2600 1492 2670 diligit,
1511 2599 1819 2669 mquitatem

253 2693 390 2748 vidit
437 2695 623 2749 vultus
664 2695 805 2765 ejus.
879 2694 1139 2764 Deposuit
1187 2703 1435 2764 potentes
1471 2695 1538 2749 de
1587 2693 1738 2760 sede,
1769 2702 1825 2748 et

256 2783 520 2840 exultavit
568 2785 806 2842 humiles
848 2803 862 2840 :

249 2876 452 2932 divites
479 2877 688 2933 dimisit
722 2878 914 2934 inanes
953 2879 1134 2950 (Psal.
1162 2881 1222 2949 x)
1250 2899 1296 2934 ο.
1350 2879 1470 2948 Ipse
1501 2879 1651 2935 enim
1683 2893 1821 2933 ven-

253 2977 412 3024 turus
439 2980 524 3023 est
547 2969 601 3024 in
646 2969 817 3039 gloria
855 2972 1032 3026 Patris
1060 2971 1145 3026 sui
1184 2987 1306 3027 cum
1350 2971 1560 3041 angelis
1592 2970 1730 3036 suis,
1761 2977 1818 3026 et

252 3067 383 3116 tunc
411 3061 608 3118 reddet
639 3062 936 3133 unicuique
961 3065 1261 3120 secundum
1291 3077 1456 3134 opera
1497 3079 1619 3120 sua.

309 3167 327 3197 ι
365 3148 500 3214 Quia
543 3150 655 3204 haec
679 3149 812 3204 dicit
853 3147 1149 3203 Dominus:
1182 3145 1298 3202 Non
1334 3146 1578 3202 interibit
1605 3145 1672 3200 de
1699 3147 1807 3200 Da-

238 3254 256 3285 ι
299 3236 386 3292 vid
432 3237 514 3290 vir
542 3237 632 3306 qui
676 3237 862 3292 sedeat
888 3251 1049 3307 super
1079 3236 1329 3292 thronum
1371 3236 1562 3292 domus
1600 3235 1805 3291 Israel:

238 3347 257 3378 ‹
295 3326 446 3381 etde
474 3325 860 3392 sacerdotibus,
889 3333 943 3380 et
977 3326 1043 3380 dc
1089 3325 1264 3380 levitis
1307 3339 1412 3380 non
1460 3324 1702 3379 interibit
1730 3324 1813 3378 vir

237 3437 257 3470 ι
295 3434 325 3471 a
355 3418 493 3472 facie
521 3433 662 3483 mea,
693 3418 784 3488 qui
811 3416 1512 3480 oiferat'holocaustomata,
1545 3422 1599 3470 et
1631 3416 1814 3470 incen—

240 3529 258 3559 ι
297 3511 390 3564 dat
411 3509 756 3575 sacrificium,
777 3518 832 3564 et
851 3509 1021 3564 caedat
1049 3508 1294 3562 victimas
1315 3507 1522 3562 cunctis
1547 3507 1754 3562 diebus.
1789 3526 1807 3558 ι

233 3599 351 3654 Iloc
374 3600 753 3665 testimonium,
782 3599 906 3670 quia
933 3614 1091 3654 nemo
1118 3599 1183 3654 ad
1211 3614 1432 3668 regnum
1464 3597 1671 3654 Iudaici
1714 3614 1811 3668 po-

234 3689 366 3762 puli,
401 3690 486 3745 vel
529 3691 594 3744 ad
639 3690 997 3745 sacerdotium
1024 3690 1232 3744 Veteris
1274 3688 1626 3754 Testamenti,
1653 3698 1705 3742 et
1747 3690 1814 3743 ad

234 3779 589 3837 caeremonias
617 3781 806 3850 prisca:
848 3779 980 3850 legis
1000 3779 1103 3834 rite
1131 3789 1318 3850 aptare
1364 3788 1561 3850 potest,
1596 3793 1815 3835 necesse

233 3879 321 3926 est
349 3879 407 3923 υι
435 3878 601 3924 ιοιυιη
631 3870 698 3924 ad
736 3884 959 3940 regnum
984 3868 1185 3924 Christi
1225 3878 1277 3923 et
1306 3869 1662 3923 sacerdotium
1699 3868 1816 3938 ejus

233 3971 292 4016 et
327 3959 526 4015 cultum
570 3958 701 4014 Novi
750 3959 1078 4015 Testamenti
1129 3959 1527 4014 transferatur:
1559 3960 1625 4013 de
1663 3958 1816 4027 cujus

234 4052 393 4122 regni
443 4052 681 4122 potentia
718 4052 898 4106 divina
942 4067 1045 4106 vox
1077 4052 1132 4107 in
1163 4051 1381 4122 psalmis
1404 4052 1480 4107 ait
1509 4069 1522 4105 :
1557 4071 1575 4104 ι
1611 4051 1814 4108 Ponam

234 4147 290 4199 in
319 4143 569 4199 s:eculum
605 4142 783 4198 saeculi
820 4143 1002 4198 sedem
1035 4141 1171 4211 ejus,
1201 4150 1258 4198 et
1288 4137 1539 4198 thronum
1578 4140 1716 4211 ejus,
1745 4143 1817 4197 si-

235 4242 331 4288 cut
361 4233 476 4288 dies
513 4233 633 4288 emli
660 4229 833 4304 (Psal.
868 4232 1150 4305 Lxxxvut).
1183 4252 1202 4284 ›
1234 4233 1310 4288 De
1351 4234 1653 4290 sacerdotio
1688 4249 1818 4289 vero

233 4326 356 4394 ejus
405 4325 479 4379 ita
519 4325 774 4395 scriptum
815 4333 942 4380 est:
986 4345 1004 4376 ‹
1048 4324 1258 4380 Juravit
1298 4327 1558 4382 Dominus
1606 4336 1661 4384 et
1707 4342 1814 4383 non

235 4406 524 4484 paenitebit
551 4428 696 4479 eum,
722 4413 800 4468 Tu
835 4429 896 4470 es
920 4415 1173 4470 sacerdos
1216 4415 1271 4470 in
1317 4425 1578 4472 aeternum
1626 4433 1816 4473 secun-

235 4507 367 4559 dum
395 4504 640 4560 ordinem
676 4505 1064 4562 Melchisedech
1090 4505 1262 4576 (Psal.
1291 4508 1424 4579 cxx).
1457 4528 1476 4563 ι
1511 4508 1588 4564 De
1618 4525 1725 4579 quo
1750 4510 1818 4564 ad

235 4598 358 4653 Heli
401 4598 738 4653 sacerdotem
783 4599 946 4654 etiam
986 4599 1164 4654 divina
1210 4614 1314 4654 vox
1349 4600 1426 4654 ait
1468 4600 1521 4673 (Ι
1544 4599 1670 4672 Reg.
1712 4603 1815 4672 n):

238 4691 703 4747 Suscitabomihi
746 4692 1080 4748 sacerdotem
1125 4691 1355 4758 ﬁdelem,
1405 4693 1497 4763 qui
1527 4692 1680 4761 juxta
1727 4709 1822 4749 cor

238 4799 425 4838 meum
467 4791 522 4838 et
545 4783 780 4837 animam
811 4798 982 4838 meam
1027 4782 1227 4837 faciat:
1263 4791 1318 4838 et
1339 4782 1617 4840 :ndiﬁcabo
1652 4784 1701 4840 ei
1728 4786 1822 4840 do-

238 4889 392 4927 mum
431 4872 662 4937 ﬁdclem,
693 4881 747 4928 et
772 4872 1068 4927 ambulabit
1094 4887 1279 4926 coram
1307 4873 1522 4928 Christo
1550 4889 1670 4930 meo
1691 4890 1823 4930 cun-

239 4965 348 5020 ctis
373 4964 580 5018 diebus.
615 4962 783 5032 Hujus
813 4963 1110 5025 sacerdotis
1139 4964 1381 5018 membra
1418 4973 1543 5022 sunt
1581 4965 1673 5021 ﬁlii
1700 4983 1824 5021 san-

240 5062 348 5109 cta:
396 5051 650 5107 Ecclesia:
679 5053 974 5118 catholicae,
1015 5051 1177 5108 Petro
1222 5061 1533 5119 attestantc,
1569 5056 1660 5127 qui
1707 5056 1822 5110 ait:

246 5164 265 5198 ι
307 5143 418 5197 Vos
459 5152 637 5198 autem
667 5143 799 5200 estis
834 5159 1002 5214 genus
1040 5144 1293 5208 electum,
1337 5153 1393 5198 et
1430 5144 1607 5213 regale
1647 5159 1826 5200 sacer-

239 5237 473 5301 dotium,
514 5253 646 5306 gens
689 5247 893 5304 sancta,
933 5240 1161 5313 pepulus
1204 5239 1650 5310 acquisitionis(l
1678 5237 1822 5295 Patr.

242 5330 328 5401 ιι).
362 5349 376 5381 ι
409 5329 578 5397 Ilujus
598 5331 814 5400 quidem
838 5332 1297 5390 holocaustomata
1318 5341 1376 5386 et
1395 5331 1679 5397 Sacriﬁcia,
1697 5347 1824 5402 gra-

239 5421 333 5476 tiae
366 5421 478 5475 Deo
501 5419 818 5487 offeruntur,
848 5431 905 5476 et
931 5422 1162 5478 victimae
1183 5423 1540 5493 acceptabiles
1583 5421 1656 5476 illi
1694 5421 1823 5477 ﬁent

244 5510 458 5566 cunctis
485 5510 693 5566 diebus.
1061 5568 1064 5570 _

320 5623 339 5655 ι
375 5602 445 5660 Ει
469 5601 670 5660 factum
696 5613 780 5660 est
808 5606 1027 5660 verbum
1054 5606 1265 5663 Domini
1306 5611 1371 5664 ad
1410 5607 1720 5673 Jercmiam,
1745 5609 1822 5662 di-

689 5697 954 5761 Puuon.
989 5700 1148 5761 CXI.

916 2787 1226 2844 esurientes
1256 2785 1505 2857 implevit
1537 2786 1695 2841 bonis
1715 2824 1730 2851 ,
1765 2791 1822 2840 et
1852 2815 1854 2817 -

1993 1811 2011 1844 ι
2047 1790 2220 1848 Sicuti
2245 1791 2518 1846 numerari
2550 1805 2656 1846 non
2684 1800 2912 1862 possunt
2939 1791 3106 1851 stella:
3126 1793 3269 1858 caeli,
3296 1802 3348 1848 et
3377 1808 3491 1847 me-

1921 1903 1938 1935 ‹
1977 1883 2066 1938 tiri
2121 1898 2299 1938 arenae
2347 1883 2532 1947 maris,
2564 1883 2642 1938 sic
2686 1883 3054 1953 multiplicabo
3101 1898 3282 1940 semen
3323 1886 3493 1940 David

1921 1991 1940 2024 ι
1977 1973 2120 2029 servi
2146 1972 2275 2039 mei,
2305 1980 2362 2029 et
2386 1970 2576 2027 levitas
2617 1971 2896 2028 ministros
2935 1988 3102 2028 meos.
3141 1991 3159 2025 ι
3190 1973 3416 2046 Legitur.
3438 1976 3493 2030 in

1914 2062 2110 2120 Genesi
2171 2060 2334 2135 (Gen.
2404 2062 2569 2135 xvi),
2631 2063 2773 2134 quod
2835 2063 3096 2119 Dominus
3166 2066 3492 2133 promiserat

1912 2153 2142 2208 Abt-aha
2169 2167 2352 2208 semen
2377 2151 2494 2224 ejus
2524 2167 2583 2209 se
2611 2152 3085 2223 multiplicaturum
3136 2155 3275 2209 sicut
3311 2156 3491 2211 stellas

1913 2242 2055 2308 coeli,
2086 2251 2141 2298 et
2162 2243 2307 2298 velut
2326 2257 2544 2297 arenam
2577 2257 2695 2312 qua:
2719 2250 2804 2297 est
2830 2242 2885 2297 in
2908 2241 3092 2297 littore
3116 2244 3279 2299 maris
3305 2262 3317 2296 :
3349 2245 3490 2313 quod

1912 2333 2101 2404 procul
2149 2333 2311 2389 dubio
2341 2341 2557 2390 constat
2595 2347 2778 2388 semen
2810 2333 2926 2403 ejus
2954 2333 3192 2403 spiritale
3239 2334 3494 2404 multipli-

1913 2425 2144 2479 candum
2190 2439 2310 2480 esse
2356 2424 2408 2478 in
2458 2422 2696 2480 Ecclesia
2751 2423 2954 2494 absque
2995 2438 3243 2488 numero,
3285 2433 3340 2479 et
3377 2423 3492 2491 ejus

1911 2529 2176 2569 summam
2207 2514 2305 2569 soli
2335 2513 2444 2569 Deo
2471 2513 2740 2584 cognitum
2762 2526 2902 2579 esse,
2943 2513 3034 2582 qui
3063 2522 3312 2568 numerat
3355 2513 3492 2567 mulo

1913 2604 2193 2660 titudinem
2243 2604 2542 2670 stellarum,
2566 2611 2621 2659 ct
2649 2604 2900 2658 omnibus
2926 2603 3007 2658 eis
3052 2604 3267 2658 nomina
3299 2613 3491 2659 vocat:

1913 2697 2067 2769 cujus
2094 2712 2315 2769 regnum
2343 2712 2449 2752 non
2471 2696 2576 2752 erit
2599 2695 2738 2762 ﬁnis,
2762 2705 2816 2750 ct
2837 2694 3066 2752 ministri
3095 2704 3418 2767 permanent
3437 2697 3487 2750 in

1913 2789 2188 2845 saeculum.
3349 2777 3356 2783 ’

1987 2899 2006 2931 ι
2038 2879 2106 2934 Ει
2135 2879 2333 2934 factum
2361 2887 2446 2933 est
2470 2879 2691 2934 verbum
2733 2879 2943 2934 Domini
2974 2877 3040 2932 ad
3068 2876 3378 2941 Jeremiam,
3409 2877 3490 2930 di-

1917 2987 1938 3021 ι
1971 2983 2138 3025 cens:
2171 2967 2422 3038 Nunquid
2450 2983 2554 3023 non
2580 2967 2757 3023 vidisti
2785 2967 2927 3037 quod
2961 2967 3189 3046 p0pulus
3230 2967 3317 3021 hic
3345 2967 3492 3022 loeu-

1919 3079 1940 3112 ι
1979 3070 2065 3116 tus
2090 3060 2166 3114 sit
2189 3060 2376 3116 dicens
2399 3077 2412 3113 :
2439 3059 2567 3114 Dua:
2593 3058 2938 3129 cognationes
2958 3073 3092 3128 quas
3116 3056 3354 3128 elegerat
3381 3056 3492 3110 Do-

1917 3169 1936 3202 r
1973 3151 2150 3205 minus
2177 3149 2401 3220 abjecta:
2450 3155 2596 3212 sunt,
2639 3155 2694 3202 et
2738 3146 2990 3216 populum
3034 3160 3214 3200 meum
3240 3145 3494 3214 despexe-

1919 3261 1937 3294 ι
1977 3248 2122 3307 runt,
2149 3254 2214 3296 eo
2241 3241 2384 3310 quod
2414 3255 2519 3294 non
2560 3237 2632 3293 sit
2666 3236 2803 3290 ultra
2850 3251 2980 3304 gens
3009 3249 3192 3289 coram
3237 3234 3334 3288 eis.
3368 3233 3491 3288 Haec

1919 3350 1937 3382 ι
1972 3331 2102 3387 dicit
2144 3330 2446 3386 Dominus:
2483 3326 2541 3382 Si
2581 3334 2797 3398 pactum
2845 3340 3025 3380 meum
3071 3325 3212 3380 inter
3253 3324 3392 3378 diem
3439 3332 3497 3379 et

1918 3439 1936 3471 ‹
1974 3428 2208 3485 noctem,
2235 3419 2454 3488 etleges
2480 3416 2600 3472 coeli
2631 3425 2687 3471 et
2715 3425 2872 3470 terrae
2898 3431 3005 3469 non
3035 3414 3211 3484 posui,
3240 3414 3490 3482 equidem

1922 3530 1940 3562 ι
1978 3521 2035 3566 et
2058 3526 2241 3566 semen
2265 3509 2430 3564 Iacob
2454 3508 2622 3564 David
2663 3507 2802 3564 servi
2842 3507 2948 3562 mei
2969 3507 3270 3578 projiciam,
3296 3514 3356 3560 ut
3382 3521 3490 3560 non

1921 3620 1938 3651 ι
1977 3617 2248 3657 assumam
2275 3600 2342 3655 de
2367 3599 2570 3655 semine
2601 3599 2718 3669 ejus
2752 3598 3024 3668 principes
3060 3597 3283 3652 seminis
3320 3595 3494 3650 Abra-

1922 3715 1940 3746 e
1978 3696 2122 3759 ham,
2153 3701 2208 3749 et
2245 3693 2418 3758 Isaac,
2452 3701 2508 3747 et
2540 3691 2747 3748 Jacob:
2781 3690 3034 3745 reducam
3079 3689 3221 3743 enim
3267 3702 3494 3742 conver-

1921 3806 1938 3839 ι
1979 3787 2183 3841 sionem
2213 3798 2421 3848 eorum,
2453 3791 2511 3836 et
2532 3783 2829 3843 miserebor
2861 3779 2960 3835 eis.
2996 3796 3016 3829 ι
3043 3776 3236 3833 Veraci
3279 3776 3497 3831 ratioci-

1915 3880 2131 3935 natione
2172 3885 2225 3931 et
2274 3890 2512 3944 congrua
2559 3871 2904 3928 similitudine
2952 3868 3217 3938 loquelam
3261 3867 3495 3921 hostium

1914 3969 2286 4027 insultantium
2316 3966 2516 4038 populo
2541 3964 2635 4019 Dei
2670 3961 2971 4028 confundit,
3019 3959 3145 4031 quia
3172 3959 3310 4013 sicut
3352 3957 3498 4024 leges

1915 4062 2038 4118 εαξὶί
2065 4070 2120 4116 ει
2144 4071 2321 4124 terrm,
2356 4058 2461 4114 diei
2489 4066 2543 4111 et
2586 4055 2762 4111 noctis
2789 4053 2841 4107 in
2870 4052 3059 4108 ordine
3086 4050 3185 4106 sibi
3215 4049 3496 4118 disposito,

1915 4163 1970 4210 et
2007 4170 2152 4208 nunc
2190 4151 2480 4207 fusibiliter
2501 4148 2797 4220 persistunt
2826 4163 2838 4200 :
2873 4145 2954 4200 sic
2980 4153 3033 4199 et
3058 4141 3346 4213 promissio
3376 4141 3494 4204 Dei,

1916 4261 2036 4316 qua:
2069 4248 2136 4299 ad
2165 4252 2349 4313 patres
2394 4242 2536 4294 facta
2567 4246 2651 4295 est
2691 4237 2758 4292 de
2803 4237 3006 4292 semine
3051 4249 3236 4289 eorum
3280 4232 3500 4286 omnino

1919 4335 2127 4392 stabilis
2176 4335 2266 4397 sit,
2315 4341 2371 4386 et
2415 4331 2522 4386 ﬁxa
2556 4329 2671 4401 lege
2705 4334 3004 4398 permanet.
3048 4324 3191 4378 Duas
3225 4323 3501 4394 cognatio-

1920 4443 2019 4482 nes
2044 4439 2178 4496 quas
2205 4423 2440 4492 elegerat
2477 4419 2756 4483 Dominus,
2801 4417 2915 4471 sive
2957 4413 3190 4485 regalem
3220 4421 3385 4483 atque
3409 4427 3499 4467 sa-

1923 4515 2245 4573 cerdotalem
2271 4514 2518 4582 stirpem,
2547 4512 2660 4566 sive
2687 4511 2821 4565 duas
2847 4507 3019 4562 tribus
3045 4521 3165 4576 qua:
3200 4503 3420 4560 fuerunt
3446 4503 3500 4557 in

1917 4607 2219 4666 Jerusalem
2238 4648 2253 4673 ,
2279 4614 2336 4661 et
2359 4605 2543 4659 decem
2575 4603 2747 4658 tribus
2781 4615 2901 4671 qua:
2927 4599 3144 4654 fuerunt
3166 4597 3220 4651 in
3248 4595 3496 4651 Samaria

1924 4716 2210 4773 possumus
2269 4699 2586 4770 intelligere.
2647 4695 2756 4751 llas
2809 4709 2938 4766 ergo
2987 4693 3149 4762 elegit
3184 4690 3501 4752 Dominus,

1927 4796 2141 4868 quando
2173 4793 2584 4866 promissionem
2634 4789 2702 4845 ad
2737 4795 2921 4859 patres
2961 4801 3147 4841 eorum
3191 4783 3417 4846 fecerat,
3446 4788 3505 4833 ut

1921 4887 2075 4942 daret
2099 4885 2290 4941 semini
2319 4898 2506 4940 eorum
2545 4889 2748 4936 terram
2790 4878 3039 4932 ﬂuentem
3065 4875 3203 4928 lacte
3231 4881 3289 4926 et
3315 4869 3502 4931 melle;

1923 4977 2017 5032 sed
2040 4976 2163 5030 licet
2188 4974 2404 5045 plurimi
2443 4987 2628 5027 eorum
2659 4985 2690 5024 a
2715 4969 2804 5024 via
2840 4966 3088 5022 veritatis
3111 4962 3501 5023 aberraverint,

1919 5067 2164 5136 plerique
2187 5075 2365 5119 tamen
2395 5065 2447 5117 in
2471 5070 2615 5118 statu
2642 5071 2804 5116 rectae
2823 5058 2947 5113 ﬁdei
2974 5068 3028 5112 et
3057 5057 3210 5110 bona:
3231 5053 3500 5122 operatio-

1924 5158 2008 5211 nis
2040 5154 2252 5225 probati
2287 5153 2486 5207 inventi
2535 5157 2681 5214 sunt,
2709 5149 2837 5219 quia
2874 5164 2939 5202 ex
2991 5145 3122 5215 ipsis
3171 5142 3396 5213 apostoli
3445 5152 3502 5197 et

1924 5245 2198 5315 primitiva
2241 5244 2293 5297 in
2341 5241 2642 5298 Jerusalem
2690 5237 2930 5294 Ecclesia
2975 5234 3222 5298 exstitit,
3272 5248 3390 5302 qua:
3446 5234 3497 5286 in

1926 5335 2168 5390 doctrina
2221 5333 2529 5404 evangelica
2579 5330 2910 5387 nobilissima
2956 5336 3012 5381 et
3052 5325 3154 5379 ﬁde
3194 5323 3505 5378 ﬁrmissima

1927 5428 2144 5481 inventa
2185 5433 2286 5480 est.
2338 5424 2464 5480 Haec
2501 5433 2553 5477 ει
2603 5421 2802 5476 Paulus
2843 5420 3053 5474 videtur
3099 5417 3376 5471 insinuare
3416 5416 3504 5470 ubi

1927 5519 2037 5572 ait:
2068 5535 2085 5566 ι
2119 5517 2256 5583 Quid
2283 5531 2410 5586 ergo
2433 5515 2574 5584 quod
2605 5513 2880 5582 quaerebat
2912 5510 3072 5566 Israel
3104 5523 3207 5563 non
3252 5515 3335 5562 est
3377 5521 3503 5562 con-
3554 5507 3560 5515 ’

1927 5613 2176 5672 secutus,
2219 5605 2408 5660 electio
2453 5613 2632 5658 autem
2674 5609 2958 5656 consecuta
3009 5607 3110 5662 est,
3158 5597 3336 5652 cmteri
3380 5609 3505 5652 vero

2982 5692 3054 5753 δι
