3970 6190
481 272 607 322 ῒ⁴057

1109 266 1167 318 Β.
1207 262 1464 319 llAliANl
1502 261 1718 318 MAUlll
1760 255 2056 312 ARCIIIEP

2161 251 2424 308 IOGUNT.
2465 250 2748 308 OPEIlUM
2786 249 2965 307 PARS
3003 250 3088 305 Ill.

3595 252 3736 308 ίαῖὶι

475 386 725 445 οχοιιεοειιί
759 393 880 437 sunt
912 380 1082 450 (lieni.
1115 378 1209 434 xtl.
1247 397 1264 426 ν
1312 376 1376 430 Et
1419 376 1586 430 item:
1617 392 1637 424 ε
1671 371 1920 440 Nunquid
1965 384 2047 424 re-
2076 367 2124 426 Α
2159 383 2177 412 ι
2224 364 2444 428 liberos,
2475 373 2531 418 et
2559 377 2897 432 nequaquam
2935 361 3340 415 dominarentur
3381 362 3484 428 eis,
3529 363 3584 417 id
3631 373 3745 431 est,

473 481 606 537 oulit
636 471 1050 544 Deus-populum
1081 467 1272 522 suum?
1301 466 1459 519 absit.
1491 464 1626 518 Nam
1665 472 1718 517 et
1755 477 1855 530 ego
1883 461 2053 516 lsrae-

473 575 566 627 tita
597 584 715 623 sum
750 580 813 619 ex
845 561 1047 617 semine
1081 559 1351 612 Abraham
1397 558 1461 611 de
1503 555 1646 609 tribu
1691 552 1988 623 Beujamin.
2027 571 2048 602 ι

473 665 628 722 Unde
655 655 998 715 manifestum
1035 660 1118 706 est
1145 651 1289 720 quod
1320 665 1425 702 non
1454 646 1647 716 ahjeeit
1681 644 2052 713 Dominuspo—

474 756 656 826 pulum
679 764 833 804 suum
858 758 1015 814 quem
1041 740 1447 812 elegeratjuxta
1475 735 1842 791 insultantium
1871 747 2050 797 voces,

476 822 520 899 si
550 846 612 898 de
631 839 835 896 semine
859 835 1025 888 David
1048 829 1335 899 assumpsit
1356 826 1626 898 principes
1647 823 1868 879 seminis
1891 822 2056 875 Abra-

477 939 622 997 ham,
655 939 708 984 et
737 930 907 992 lsaac,
937 933 992 979 et
1015 921 1180 977 alacob
1209 921 1263 974 in
1295 926 1631 990 perpetuum.
1674 916 1749 969 De
1773 914 1968 983 quibus
1997 912 2054 965 in

475 1022 698 1096 psalmis
739 1019 998 1088 scriptum
1038 1023 1159 1070 est:
1191 1031 1208 1062 ι
1237 1012 1342 1065 Pro
1382 1009 1628 1080 patribus
1653 1006 1761 1060 tuis
1783 1005 2056 1060 natitaunt

459 1112 571 1170 albi
603 1109 692 1164 lilii
719 1125 732 1160 :
765 1105 1062 1161 constitues
1101 1116 1194 1156 eos
1226 1099 1494 1170 principes
1523 1109 1686 1164 super
1705 1108 1918 1148 omnem
1943 1100 2053 1148 tero

476 1219 590 1258 ram
628 1221 640 1256 :
679 1211 944 1254 memores
973 1202 1131 1249 erunt
1152 1191 1384 1247 nominis
1413 1190 1506 1252 tui,
1532 1187 1777 1250 Domine,
1819 1186 1872 1239 in
1905 1185 2052 1240 omni

473 1293 818 1368 generatione
845 1298 898 1345 et
929 1287 1183 1359 progenie
1210 1283 1379 1356 (Psal.
1407 1281 1571 1354 thv).
1603 1300 1623 1332 ι

1006 1397 1234 1455 CAPUT
1279 1393 1517 1452 XXXIV.

479 1497 639 1552 l'wna
667 1510 844 1549 eorunt
866 1491 953 1562 qui
979 1507 1079 1543 non
1104 1489 1366 1562 dimittunt
1387 1501 1557 1562 seruos
1593 1493 1640 1562 et
1678 1482 1898 1537 ancillas
1926 1481 2053 1562 libe-

547 1584 668 1630 ros,
719 1553 962 1633 quod'in
1013 1558 1199 1629 templo
1245 1572 1362 1610 cum
1423 1553 1745 1610 solemnitate
1795 1553 2048 1622 promise-

547 1646 686 1690 runt.

553 1767 570 1797 ι
615 1745 846 1801 Verbum
889 1740 1030 1810 quod
1083 1738 1282 1791 factum
1328 1744 1411 1790 est
1459 1735 1527 1790 ad
1560 1733 1849 1790 Jeremiam
1883 1749 1914 1788 a
1948 1713 2128 1789 Do-B

469 1857 498 1887 -‹
547 1837 714 1896 mino,
757 1832 970 1902 quando
998 1827 1491 1885 Nabuchodonosor
1530 1840 1622 1880 rex
1668 1824 1971 1896 Babylonis,
1999 1832 2055 1878 et

480 1948 500 1980 ε
545 1927 721 1983 onmis
757 1924 1026 1980 exercitus
1071 1921 1209 1991 ejus,
1253 1919 1611 1988 universaque
1659 1932 1822 1987 regna
1872 1926 2050 1982 terrae,

479 2039 499 2071 ι
546 2036 666 2091 qum
687 2026 840 2073 erant
880 2016 978 2068 sub
1020 2020 1285 2083 potestate
1325 2025 1534 2073 manus,
1568 2017 1622 2063 et
1652 2023 1840 2063 omnes
1873 2007 2051 2079 populi

479 2129 499 2164 ι
547 2109 815 2164 bellabant
844 2112 1028 2160 contra
1066 2099 1359 2156 Jerusalem
1405 2107 1460 2153 et
1505 2106 1693 2152 contra
1733 2112 1925 2156 omnes
1965 2113 2056 2151 ur-

478 2219 499 2254 σ
543 2201 634 2253 hes
656 2195 789 2265 ejus,
821 2195 1006 2248 ditcns
1033 2210 1044 2245 :
1087 2191 1210 2244 llzec
1245 2188 1374 2244 dicit
1400 2187 1658 2242 Dominus
1686 2187 1825 2241 Deus
1849 2185 2051 2242 lsrael:

481 2310 498 2342 ι
547 2288 693 2344 Vade
717 2296 773 2341 et
799 2286 1014 2354 loquere
1045 2281 1111 2334 ad
1135 2278 1452 2334 Sedechiam
1483 2292 1661 2348 regem
1701 2274 1856 2341 Juda,
1897 2284 1951 2331 et
1976 2275 2055 2330 di-

481 2403 498 2434 ι
551 2399 640 2439 ces
667 2381 732 2434 ad
773 2395 934 2435 eum:
974 2375 1097 2429 Haec
1135 2374 1265 2430 dicit
1309 2372 1609 2428 Dominus:
1646 2371 1783 2425 Ecce
1817 2385 1916 2440 ego
1947 2379 2057 2423 tra-

467 2495 498 2528 1
545 2474 668 2528 dam
705 2471 973 2526 civitatem
1004 2468 1144 2521 hanc
1183 2465 1236 2518 in
1273 2479 1433 2518 manu
1479 2461 1623 2532 regis
1663 2461 1969 2532 Babylonis,
2000 2471 2058 2515 et

458 2583 498 2614 ε(
546 2561 836 2617 succendet
890 2572 1010 2613 eam
1048 2555 1175 2626 igni,
1207 2563 1262 2608 et
1303 2563 1358 2608 tu
1405 2567 1509 2606 non
1543 2551 1767 2623 eﬂugies
1793 2552 1861 2607 de
1893 2567 2056 2606 manu

483 2675 500 2703 ι
548 2651 685 2720 ejus,
732 2650 826 2705 sed
860 2645 1342 2717 comprehensione
1390 2643 1647 2714 capieris,
1699 2652 1754 2697 et
1799 2643 1850 2696 in
1894 2657 2056 2697 manu

461 2761 500 2793 αι
542 2741 658 2812 ejus
671 2739 930 2804 traderis,
954 2745 1008 2792 et
1028 2736 1166 2792 oculi
1195 2735 1270 2789 tui
1300 2733 1483 2789 oculos
1509 2733 1650 2803 regis
1673 2731 1957 2803 Babylonis
1984 2732 2058 2785 vi-

480 2854 500 2885 ι
545 2834 764 2897 debunt,
786 2840 843 2885 et
877 2845 939 2884 os
975 2827 1092 2897 ejus
1121 2843 1242 2882 cum
1266 2841 1360 2880 ore
1386 2833 1476 2879 tuo
1505 2822 1776 2892 loquetur,
1805 2829 1861 2875 et
1887 2821 2058 2892 Baby-

486 2945 502 2976 ι
551 2925 722 2979 Ionem
772 2921 1037 2976 introibis.
1086 2918 1335 2972 Attamen
1377 2913 1498 2969 audi
1552 2913 1774 2968 verbum
1823 2911 2054 2975 Domini,

481 3033 504 3067 ι
550 3013 810 3070 Sedechia
858 3028 950 3067 rex
992 3009 1166 3063 luda:
1201 3006 1326 3062 llzee
1366 3007 1496 3062 dicit
1542 3005 1802 3060 Dominus
1847 3003 1912 3057 ad
1962 3011 2051 3057 te:

485 3125 502 3158 α
549 3105 662 3159 Non
691 3103 938 3158 morieris
987 3101 1040 3154 in
1088 3099 1284 3169 gladio,
1329 3098 1422 3151 sed
1450 3097 1504 3150 in
1535 3109 1667 3164 pace
1692 3093 1975 3148 morieris:
2002 3099 2058 3144 et
2084 3061 2127 3123 C

485 3217 502 3248 ι
548 3195 841 3252 secundum
885 3190 1284 3247 combustiones
1332 3197 1545 3258 patrum
1607 3194 1822 3240 tuorum
1874 3198 2059 3253 regum

483 3307 507 3339 ι
553 3287 817 3357 priorum,
849 3281 938 3351 qui
970 3279 1184 3334 fuerunt
1225 3286 1349 3330 ante
1381 3285 1451 3338 te,
1504 3275 1583 3330 sic
1623 3275 1940 3328 eomburent
1969 3281 2057 3326 te:

472 3396 503 3428 η--‹
551 3385 604 3432 et
633 3389 732 3438 vze,
765 3371 1012 3433 Domine,
1048 3368 1300 3438 plangunt
1325 3375 1401 3431 te,
1424 3365 1547 3433 quia
1574 3364 1796 3418 verbum
1835 3362 1937 3417 hoc
1961 3377 2062 3433 ego

485 3484 502 3515 ι
550 3463 759 3518 locutus
785 3475 925 3522 sum,
955 3459 1086 3512 dicit
1131 3456 1406 3510 Dominus.
1447 3453 1514 3508 Et
1547 3452 1757 3508 locutus
1795 3460 1875 3507 est
1913 3450 2063 3506 lere-

486 3574 504 3606 ι
554 3553 690 3607 mias
719 3549 975 3622 propheta
1006 3549 1072 3601 ad
1099 3546 1416 3602 Sedechiam
1442 3559 1620 3614 regem
1646 3541 1781 3597 Juda
1812 3542 2061 3597 universa

464 3663 504 3697 ρ(
545 3643 708 3698 verba
750 3639 945 3695 hzecin
980 3637 1297 3702 Jerusalem,
1329 3645 1382 3691 et
1411 3644 1598 3690 contra
1645 3649 1834 3688 omnes
1875 3633 2064 3688 civita-

483 3755 504 3786 ι
553 3743 633 3790 tes
656 3732 814 3797 luda,
840 3744 959 3799 qute
982 3728 1202 3798 reliqua:
1226 3735 1381 3782 erant
1414 3736 1602 3780 contra
1631 3723 1823 3780 Lachis
1859 3731 1914 3778 ct
1935 3738 2065 3778 con-

477 3845 505 3878 ι(
554 3835 632 3880 tra
661 3823 868 3879 Arecha
905 3839 918 3875 :
961 3821 1074 3876 hate
1117 3819 1258 3873 enim
1301 3825 1617 3888 supererant
1653 3816 1719 3870 de
1756 3815 2064 3870 civitatibus

485 3933 506 3968 ι
547 3915 683 3971 Juda
710 3912 872 3968 urbes
900 3910 1136 3965 munitae.
1173 3928 1192 3961 ι
1226 3907 1518 3979 (Maenas)
1546 3906 1696 3961 Licet
1726 3921 1815 3961 rex
1849 3906 2063 3975 nequis-

481 4004 652 4060 simus
701 3999 1012 4065 Sedechias,
1038 3999 1103 4052 de
1138 4013 1246 4067 quo
1293 3996 1566 4067 Scriptura
1603 3995 1786 4060 refert,
1817 3995 1956 4064 quod
1989 3996 2064 4049 fe-

477 4092 624 4149 cerit
647 4091 845 4146 malum
875 4104 1058 4144 coram
1086 4088 1332 4150 Domino,
1375 4087 1528 4156 juxta
1563 4085 1742 4140 omnia
1776 4101 1895 4156 qua:
1923 4085 2062 4143 fece-

479 4195 569 4241 rat
610 4184 878 4248 Joachim,
909 4183 1156 4252 indignus
1207 4180 1367 4235 fuerit
1410 4179 1777 4235 misericordia
1829 4179 2060 4248 Domini,

473 4285 666 4330 tamen
727 4273 980 4343 quoniam
1044 4271 1421 4326 miserationes
1489 4269 1700 4326 Domini
1758 4287 1964 4342 magnze
2009 4283 2065 4330 et

2161 477 2178 508 ι
2229 457 2281 510 iu
2318 455 2504 510 Iudaeo
2553 465 2610 510 et
2654 454 2820 509 fratre
2873 469 2992 509 suo.
3039 453 3336 508 Audierant
3367 469 3504 524 ergo
3549 469 3748 510 omnes

2159 569 2177 600 ι
2225 549 2496 618 principes
2522 555 2577 601 et
2601 547 2885 602 universus
2909 544 3158 614 populum,
3175 543 3269 614 qui
3291 544 3488 600 inierat
3518 556 3750 615 pactum

2160 660 2178 693 ι
2223 651 2284 695 ut
2311 641 2602 695 dimitteret
2628 639 2994 710 unusquisque
3029 651 3243 691 servum
3285 652 3458 698 suum,
3492 647 3552 692 et
3578 653 3752 692 uuls-

2159 752 2177 783 ι
2223 732 2449 800 quisque
2461 729 2709 784 ancillam
2725 743 2876 782 suam
2891 727 3113 791 liberos,
3133 735 3187 780 et
3201 726 3338 780 ultra
3367 742 3476 780 non
3499 728 3751 782 domina-

2158 841 2178 873 ί
2224 829 2416 876 rentur
2438 821 2492 874 in
2539 819 2640 875 eis.
2693 817 2995 873 Audierant
3025 817 3188 888 igitur
3214 825 3269 870 et
3301 816 3656 881 dimiserunt,
3690 828 3751 873 et

2158 929 2179 964 ι
2222 912 2467 968 conversi
2489 919 2615 966 sunt
2638 911 2891 980 deinceps
2916 917 2969 963 et
3001 916 3340 963 retraxerunt
3379 923 3577 962 servos
3616 925 3753 964 suos

2159 1020 2178 1053 ο
2220 1010 2275 1057 et
2314 1001 2537 1057 ancillas
2575 1014 2720 1066 suas,
2751 1014 2890 1069 quos
2917 998 3239 1053 dimiserunt
3266 997 3487 1060 liberos,
3522 1006 3584 1050 et
3615 999 3748 1051 sub-

2157 1113 2176 1146 ι
2215 1091 2540 1164 jugavorunt
2579 1092 2633 1145 in
2663 1089 2892 1145 famulos
2920 1097 2973 1144 et
3015 1087 3265 1143 famulas.
3315 1088 3383 1142 Et
3427 1087 3638 1142 factum
3663 1098 3752 1142 est

2159 1201 2178 1236 ι
2223 1185 2446 1238 verbum
2480 1182 2692 1238 Domini
2734 1183 2801 1237 ad
2828 1181 3142 1247 Jerelniam,
3184 1191 3220 1234 a‘
3239 1181 3470 1236 Domino
3511 1181 3746 1236 dicens:

2157 1292 2177 1326 ι
2222 1272 2348 1329 Hac
2377 1274 2510 1328 dicit
2537 1272 2796 1328 Dominus
2826 1273 2968 1326 Deus
2995 1269 3158 1326 lsrael
3183 1289 3196 1323 :
3227 1271 3339 1342 Ego
3365 1271 3619 1340 permissi
3651 1269 3752 1324 fe-

2158 1381 2179 1416 α
2223 1365 2324 1420 dus
2352 1379 2474 1419 cum
2499 1363 2752 1434 patribus
2785 1363 2981 1418 vestris
3011 1362 3064 1417 in
3105 1363 3194 1416 die
3220 1377 3326 1432 qua
3355 1362 3525 1416 eduxi
3557 1376 3656 1416 eos
3683 1362 3752 1416 de

2157 1473 2178 1506 ¢
2219 1463 2366 1510 terra
2412 1454 2651 1526 Egypti,
2697 1454 2764 1510 de
2811 1455 2971 1509 dmno
3015 1453 3313 1517 servitutis,
3338 1453 3535 1508 dicens
3567 1471 3582 1505 :
3612 1452 3750 1508 Cum

2157 1567 2177 1600 ‹
2221 1547 2473 1618 completi
2518 1545 2718 1602 fuerint
2763 1556 2970 1617 septem
3001 1548 3151 1612 anni,
3183 1547 3421 1602 dimittat
3459 1548 3752 1616 unusquis-

2159 1659 2177 1692 ‹
2219 1653 2326 1710 que
2372 1638 2593 1693 lintrem
2637 1653 2793 1693 suum
2825 1638 3125 1700 Hebraeum,
3157 1638 3246 1707 qui
3285 1638 3544 1692 venditus
3570 1647 3656 1690 est
3677 1639 3743 1698 ei,

2161 1751 2179 1783 ι
2219 1742 2274 1786 et
2297 1732 2494 1786 serviet
2521 1731 2615 1785 tibi
2645 1745 2735 1785 sex
2769 1729 2946 1794 annis,
2968 1736 3025 1783 et
3052 1727 3290 1782 dimittes
3315 1742 3442 1780 eum
3471 1742 3500 1780 a
3534 1735 3592 1781 te
3620 1726 3752 1781 libe-

2161 1845 2182 1878 σ
2225 1841 2343 1880 rum
2375 1842 2387 1878 :
2427 1832 2481 1879 et
2512 1839 2617 1878 non
2657 1822 2942 1877 audierunt
2985 1828 3170 1890 patres
3192 1819 3356 1873 vestri
3387 1833 3499 1882 me,
3531 1833 3636 1872 nec
3663 1819 3747 1872 ia-

2160 1933 2180 1967 ε
2224 1915 2562 1969 clinavernnt
2605 1925 2788 1967 aurem
2835 1925 2987 1966 suam
3024 1928 3036 1962 :
3069 1919 3124 1965 et
3171 1909 3418 1964 conversi
3471 1909 3610 1962 estis
3655 1923 3751 1963 vos

2160 2024 2178 2058 ι
2224 2005 2406 2070 hodie,
2455 2012 2510 2058 et
2557 2001 2758 2058 fecistis
2786 2001 2926 2071 quod
2960 2009 3164 2056 rectum
3197 2008 3283 2060 est
3303 1999 3356 2052 iu
3387 1998 3570 2053 oculis
3594 1998 3750 2063 meis,

2161 2117 2180 2150 ι
2224 2105 2283 2152 ut
2309 2095 2676 2167 pmdicaretis
2701 2094 3004 2149 libertatem
3033 2093 3396 2162 unusquisque
3419 2091 3490 2145 ad
3511 2092 3750 2146 amicum

2159 2206 2179 2240 ι
2219 2201 2420 2242 suum:
2452 2194 2509 2240 et
2550 2184 2606 2240 in
2666 2184 2786 2240 istis
2831 2193 3044 2254 pactum
3101 2183 3156 2237 in
3197 2190 3489 2252 conspectu
3536 2196 3662 2236 meo
3693 2182 3750 2238 in

2161 2298 2182 2332 ‹
2222 2280 2401 2343 domo,
2435 2279 2487 2332 in
2517 2293 2621 2346 qua
2647 2277 2950 2332 invocatum
2981 2285 3063 2332 est
3090 2289 3282 2330 nomen
3322 2289 3506 2328 meum
3534 2292 3548 2328 :
3580 2283 3637 2328 et
3668 2290 3752 2328 re-

2161 2392 2180 2425 c
2223 2373 2361 2427 versi
2393 2373 2524 2427 estis
2550 2379 2606 2426 et
2631 2371 3063 2427 commacuiastis
3107 2385 3302 2425 nomen
3330 2384 3539 2434 meum,
3575 2377 3633 2423 et
3661 2381 3750 2421 re-

2161 2481 2181 2514 ι
2227 2462 2455 2516 duxistis
2481 2460 2848 2532 unusquisque
2893 2475 3108 2516 servum
3144 2474 3321 2524 suum,
3361 2467 3416 2512 et
3449 2458 3752 2526 unusquis-

2163 2574 2182 2608 σ
2227 2571 2332 2626 que
2377 2553 2626 2609 ancillam
2676 2569 2826 2609 suam
2855 2568 2989 2624 quos
3033 2552 3338 2616 dimisistis,
3373 2561 3436 2605 ut
3467 2559 3656 2604 essent
3684 2550 3750 2603 li-

2164 2667 2182 2697 ι
2219 2647 2334 2702 beri
2365 2653 2420 2700 et
2449 2661 2559 2701 sua:
2583 2647 2867 2716 potestatis
2910 2663 2924 2698 :
2971 2652 3027 2698 et
3059 2641 3383 2714 subjugastis
3402 2656 3521 2704 eos,
3549 2651 3610 2695 ut
3642 2641 3750 2694 sint

2163 2755 2182 2789 σ
2226 2738 2381 2792 vobis
2410 2737 2551 2793 servi
2586 2746 2640 2792 et
2665 2735 2891 2799 ancillae,
2927 2755 2946 2788 ι
2979 2744 3084 2791 etc.
3119 2735 3277 2789 Patet
3304 2735 3408 2788 hoc
3435 2733 3582 2795 loco,
3606 2731 3752 2802 quod

2159 2827 2294 2882 nihil
2328 2826 2578 2898 proﬁciat
2605 2826 2824 2883 cuilibet
2857 2826 3057 2884 bonum
3088 2825 3362 2888 inchoare,
3393 2823 3440 2878 si
3486 2838 3595 2876 non
3638 2829 3753 2876 stu-

2159 2921 2335 2975 duerit
2383 2919 2512 2974 illud
2555 2919 2622 2973 ad
2675 2919 2872 2974 bonum
2920 2917 3081 2973 linem
3126 2917 3456 2986 perducere:
3487 2914 3748 2985 quoniam

2167 3028 2184 3061 ε
2213 3009 2303 3079 qui
2330 3010 2756 3079 perseveraverit
2799 3023 2970 3078 usque
2997 3008 3049 3061 in
3085 3006 3273 3072 ﬁnem,
3303 3006 3392 3061 hic
3429 3005 3617 3061 salvus
3643 3004 3748 3060 erit

2161 3097 2373 3170 (Matth.
2403 3099 2572 3172 xxtv).
2606 3118 2624 3152 ι
2659 3098 2992 3169 Praeceptum
3025 3112 3155 3168 ergo
3185 3097 3358 3153 fuerat
3380 3097 3539 3167 legis,
3563 3103 3625 3150 ut
3653 3095 3749 3150 lilii

2159 3189 2320 3244 lsrael
2354 3188 2550 3244 fratres
2586 3205 2712 3244 suos
2739 3204 2846 3244 non
2888 3189 3192 3243 invenirent
3218 3187 3530 3242 conditione
3559 3201 3751 3240 servo-

2161 3293 2300 3342 rum,
2339 3292 2438 3332 nec
2484 3276 2780 3349 aﬂligerent
2833 3293 2931 3348 per
2974 3278 3306 3348 potentiam.
3358 3277 3452 3331 sed
3506 3285 3753 3345 tempore

2160 3366 2453 3422 constituto
2487 3376 2888 3423 reverterentur
2915 3368 2980 3420 ad
3017 3367 3390 3437 cognationem
3425 3375 3482 3420 et
3527 3379 3750 3434 posses-

2159 3459 2364 3513 sionem
2394 3468 2608 3528 patrum
2649 3472 2868 3513 suorum
2894 3477 2906 3510 :
2940 3458 3310 3527 haberentque
3345 3471 3535 3511 servos
3567 3466 3624 3510 et
3654 3472 3751 3509 an-

2159 3551 2310 3607 cillas
2350 3553 2416 3607 de
2459 3551 2769 3606 nationibus
2797 3565 2914 3620 qua:
2946 3549 3000 3604 in
3043 3550 3272 3605 circuitu
3313 3563 3504 3602 eorum
3540 3556 3744 3602 essent.

2161 3641 2314 3709 Quod
2357 3639 2596 3697 volentes
2634 3639 2926 3694 Sedechias
2951 3647 3006 3693 et
3032 3637 3258 3708 populus
3285 3637 3374 3706 qui
3416 3636 3597 3690 fuerat
3625 3650 3750 3690 cum

2160 3750 2226 3790 eo
2251 3748 2466 3790 servare
2495 3732 2858 3802 promiserunt
2886 3745 2945 3785 se
2969 3731 3070 3784 hoc
3095 3729 3351 3788 facturos,
3375 3727 3470 3782 sed
3499 3725 3751 3780 conversi

2163 3834 2458 3881 retrorsum
2488 3830 2834 3878 retraxerunt
2871 3835 3057 3875 servos
3085 3827 3142 3873 et
3174 3817 3397 3872 ancillas
3425 3831 3572 3880 suas,
3609 3829 3752 3886 quos

2162 3916 2479 3970 dimiserant
2512 3913 2729 3977 liberos,
2759 3920 2814 3966 et
2857 3910 3276 3981 subjugaverunt
3319 3908 3374 3962 in
3423 3906 3659 3961 famulos
3697 3913 3752 3960 et

2163 4004 2216 4058 in
2264 4003 2512 4059 famulas.
2567 4002 2715 4058 Unde
2763 4002 2933 4056 iratus
2987 4001 3244 4055 Dominus
3288 3999 3511 4053 tradidit
3551 4012 3651 4052 eos
3698 3999 3751 4052 in

2162 4093 2572 4148 commotionem
2615 4091 2825 4146 cunctis
2869 4090 3046 4162 regnis
3088 4098 3264 4155 terras,
3310 4098 3364 4144 et
3397 4089 3663 4159 gladium,
3697 4099 3751 4143 et

2160 4190 2389 4252 pestem,
2429 4189 2486 4235 et
2532 4179 2728 4234 famem
2768 4179 2990 4234 immisit
3030 4193 3193 4249 super
3225 4193 3354 4234 eos:
3397 4187 3453 4232 et
3493 4178 3621 4247 quia
3674 4178 3750 4232 illi

2163 4272 2436 4326 victimam
2467 4269 2706 4336 hederis,
2738 4285 2900 4340 quam
2941 4269 3250 4325 ceciderunt
3292 4269 3444 4339 juxta
3473 4269 3752 4324 conditio-

488 4363 665 4454 ηιυιῑαξ
695 4362 876 4454 "imis,
913 4360 1109 4429 επρίιιδ
1153 4374 1272 4454 εαξη
1319 4373 1417 4454 Per
1433 4359 1735 4454 Prophetas
1764 4376 1890 4416 suos
1910 4377 2052 4417 com.
2095 4395 2140 4454 ι)
2165 4382 2288 4422 nem
2309 4367 2490 4422 statuti
2517 4367 2678 4436 pacti,
2713 4365 3037 4436 polluerunt,
3059 4365 3166 4438 dati
3189 4372 3313 4418 sunt
3341 4364 3396 4418 in
3428 4379 3621 4418 manus
3647 4364 3754 4418 ini-

472 4451 754 4514 monebat,
796 4451 900 4504 hoc
936 4457 1040 4514 est,
1071 4459 1168 4518 per
1207 4447 1498 4503 Jeremiam
1533 4449 1584 4501 in
1614 4448 1818 4514 Judaea,
1843 4460 1898 4505 et
1929 4451 2061 4506 Eze-

486 4540 714 4596 chielem
761 4540 1142 4594 vaticinantem
1196 4539 1252 4593 in
1294 4537 1605 4608 Babylonia,
1663 4540 1964 4609 przedicans
2011 4543 2061 4598 ei

463 4629 851 4699 -captivitatem
893 4627 1152 4693 futuram,
1193 4627 1238 4683 si
1286 4628 1552 4696 quomodo
1589 4629 1743 4684 illum
1786 4631 1852 4685 ad
1888 4631 2064 4702 paeni-

487 4717 710 4772 tentiam
739 4725 1058 4785 provocaret
1083 4733 1095 4767 :
1127 4717 1220 4771 sed
1247 4732 1400 4773 meus
1427 4718 1670 4773 indurata
1697 4719 1750 4774 in
1789 4720 2060 4777 fastidium

487 4806 717 4862 ducebat
745 4805 908 4860 verba
935 4804 1140 4874 prolata
1172 4815 1264 4860 :et
1301 4808 1470 4876 magis
1503 4808 1663 4878 eliget
1695 4811 1924 4880 inctepta
1968 4827 2062 4867 ne-

474 4899 654 4970 quitia
677 4909 1044 4968 perseverare,
1075 4911 1232 4965 quam
1264 4913 1361 4968 per
1387 4900 1814 4957 emendationem
1857 4904 1978 4959 vita:
2002 4919 2061 4960 se

484 4990 776 5060 corrigere.
810 4987 961 5045 Unde
984 4988 1216 5044 debitam
1247 5004 1458 5059 prunam
1485 4991 1706 5057 invenit,
1729 5002 1786 5048 et
1805 4993 2058 5050 ultionem

469 5083 814 5154 .-captivitatis
855 5081 1013 5138 simul
1037 5097 1159 5137 cum
1191 5083 1384 5153 populo
1428 5085 1528 5140 sibi
1560 5085 1801 5155 subjecto
1838 5103 2059 5159 perpes-

475 5191 581 5233 ’8118
602 5188 704 5232 651..

564 5286 582 5319 ι
630 5269 860 5323 Verbum
893 5267 1035 5339 quod
1067 5267 1264 5324 factum
1302 5278 1389 5324 est
1432 5271 1500 5326 ad
1541 5269 1828 5328 Jeremiam
1880 5287 1912 5327 a
1950 5273 2060 5329 Do—

489 5379 512 5414 4
558 5361 724 5426 mino,
779 5371 1059 5430 postquam
1100 5362 1365 5429 percussit
1407 5377 1500 5416 rex
1545 5362 1836 5420 Sedechias
1887 5363 2062 5422 foedus

495 5467 514 5500 ι
559 5466 680 5505 cum
732 5451 878 5504 omni
943 5451 1138 5520 populo
1198 5451 1250 5506 in
1291 5448 1611 5518 Jerusalem,
1655 5455 1951 5524 prmdicans
2005 5463 2065 5508 ut

488 5556 517 5588 a
561 5539 853 5595 dimitteret
893 5540 1258 5612 unusquisque
1309 5557 1524 5597 servum
1565 5557 1740 5606 suum,
1789 5553 1844 5597 et
1899 5559 2064 5599 unus-

485 5649 516 5683 4
559 5632 784 5700 quisque
828 5633 1075 5686 ancillam
1124 5650 1296 5700 suam,
1351 5635 1627 5690 Hebrazum
1679 5645 1732 5689 et
1782 5634 2061 5690 Hebraeum

2166 4458 2427 4512 micorum
2450 4457 2577 4511 etin
2599 4472 2792 4512 manus
2818 4457 3173 4526 quaerentium
3203 4457 3411 4511 animas
3437 4471 3625 4512 eorum
3657 4475 3672 4509 :
3697 4467 3756 4512 et

2165 4557 2282 4604 erat
2309 4548 2651 4602 morticinum
2683 4562 2870 4602 eorum
2898 4549 2950 4601 in
2993 4562 3173 4602 escam
3200 4547 3508 4602 volucribus
3543 4547 3673 4603 caeli
3697 4557 3753 4602 et

2166 4641 2354 4695 bestiis
2379 4647 2570 4694 terrae:
2599 4647 2654 4693 et
2697 4655 2800 4694 non
2829 4638 3000 4694 solum
3027 4637 3251 4708 populus
3285 4648 3506 4709 propter
3537 4639 3751 4694 scelera

2165 4745 2262 4785 sua
2292 4730 2360 4784 ab
2390 4729 2622 4784 inimicis
2649 4729 2859 4784 occisus
2879 4737 2934 4782 et
2960 4730 3246 4797 dissipatus
3274 4738 3378 4792 est,
3413 4728 3506 4782 sed
3528 4737 3583 4784 et
3606 4730 3752 4784 civi-

2169 4829 2306 4876 tates
2327 4836 2512 4876 eorum
2541 4820 2775 4875 incensa:
2816 4830 2872 4875 et
2898 4821 3164 4876 demolitae
3197 4830 3339 4874 sunt.
3371 4818 3530 4874 Juxta
3559 4831 3752 4892 tropo-

2165 4909 2360 4980 logiam
2398 4923 2529 4964 vero
2564 4925 2662 4964 nos
2694 4910 2784 4964 hic
2810 4909 2958 4965 locus
2985 4910 3161 4975 docet,
3194 4921 3253 4965 ut
3285 4926 3408 4965 cum
3446 4914 3753 4982 susceperi-

2165 5016 2286 5054 mus
2304 4998 2498 5055 fratres
2521 5009 2736 5056 nostros
2758 5001 2857 5055 sub
2875 5016 3006 5055 cura
3028 5010 3237 5068 nostra,
3261 5010 3317 5056 et
3334 5012 3555 5073 propter
3575 5003 3750 5058 Deum

2157 5089 2388 5158 subjecti
2418 5089 2621 5146 fuerint
2646 5092 2820 5160 nobis,
2850 5107 2956 5147 non
2981 5081 3348 5162 opprimamus
3384 5109 3476 5150 eos
3505 5110 3602 5164 per
3641 5112 3749 5166 po-

2161 5181 2410 5246 tentiam,
2453 5195 2551 5236 nec
2595 5180 2790 5250 injuste
2817 5183 3092 5238 servitutis
3121 5183 3200 5238 eis
3232 5182 3538 5238 violentiam
3573 5186 3751 5254 impo-

2159 5286 2386 5338 namus;
2418 5271 2512 5327 sed
2559 5273 2728 5343 magis
2756 5271 2995 5329 fraterno
3023 5273 3215 5328 atl‘cctu
3243 5289 3336 5330 eos
3366 5283 3663 5330 tractemus
3690 5285 3751 5332 et

2163 5362 2478 5430 adjuvemus
2524 5365 2690 5418 verbo
2736 5372 2900 5433 atque
2949 5363 3250 5433 exemplo:
3300 5373 3562 5435 quatenus
3612 5380 3751 5421 rem

2163 5453 2389 5508 Domino
2416 5453 2509 5523 qui
2550 5468 2645 5509 eos
2690 5456 2952 5526 sanguine
2994 5470 3092 5510 suo
3139 5456 3365 5510 redemit
3413 5455 3617 5525 possint
3660 5454 3748 5509 di-

2163 5561 2324 5616 gnum
2364 5546 2642 5601 servitium
2670 5547 2864 5603 exhibe
2879 5564 2945 5614 e,
2990 5549 3160 5602 donec
3189 5563 3347 5602 verus
3370 5546 3619 5602 Jubilasus
3649 5559 3748 5599 ro-

2161 5637 2274 5692 niat
2303 5653 2322 5692 :
2373 5647 2428 5695 et
2454 5639 2822 5710 unusquisque
2861 5641 3095 5710 propriae
3134 5641 3447 5696 restituatur
3490 5635 3741 5708 dignitati
