3970 6190
302 279 454 336 1069

1200 244 1566 337 Εχρόειτιο
1604 279 1833 339 sursn
1864 280 2232 337 tensa-su.
2274 310 2343 323 -α
2378 282 2507 337 un.
2548 282 2680 341 XIII.

3404 292 3555 346 ’1070

282 401 463 460 atque
500 386 849 458 possessioni.
878 387 953 444 De
975 402 1084 457 quo
1113 403 1212 443 nos
1244 390 1455 459 primus
1481 397 1667 460 pastor
1706 389 1887 445 Eccle-
1917 393 1960 452 Λ
1988 397 2256 459 praecepta
2285 387 2518 447 fuerant.
2560 390 2789 464 Propter
2811 394 2914 449 hoc
2948 409 3162 467 quoque
3183 400 3448 468 promittit
3473 405 3555 461 eis

286 481 394 535 sia:
440 476 681 541 instruit,
719 476 944 534 dicens:
983 495 1003 530 ι
1035 476 1290 535 Seniores
1331 493 1460 550 ergo
1499 479 1591 549 qui
1637 479 1692 534 in
1730 479 1883 534 vobis
1984 478 2265 544 Dominus,
2291 481 2434 549 quod
2479 495 2587 537 nou
2616 483 2831 539 deﬁciat
2875 485 2960 541 vir
2999 486 3066 540 de
3112 488 3279 558 stirpe
3310 489 3554 552 Jonadab

284 577 427 624 sunt
450 567 700 630 obsecro,
723 566 1009 622 conseuior
1031 574 1083 621 et
1108 567 1221 636 ipse
1251 569 1407 624 testis
1438 568 1639 625 Christi
1680 568 1887 638 passio-
1985 566 2077 622 ﬁlii
2120 567 2359 635 Rechab,
2385 580 2536 626 stans
2561 572 2616 627 in
2643 582 2938 644 corsspeetn
2971 591 3072 632 suo
3094 580 3305 636 umetis
3341 581 3551 645 diebus.

291 673 452 723 num,
478 656 569 726 qui
596 664 652 711 et
675 654 793 724 ejus
816 668 953 726 quae'
978 656 1032 711 in
1070 655 1252 712 futuro
1292 659 1577 715 revelanda
1602 668 1687 716 est
1710 661 1879 732 gloria

288 748 730 806 communicatur
758 766 771 803 :
799 749 1005 818 pascite
1037 751 1128 820 qui
1159 752 1214 806 in
1242 751 1394 808 vobis
1414 761 1500 809 est
1525 768 1739 825 gregem
1761 756 1877 821 Dei,

286 843 643 912 providentes
686 856 793 895 non
836 849 1052 906 cauete,
1103 842 1199 897 sed
1236 851 1532 912 spontanee
1581 845 1876 900 secundum

288 932 506 995 Deum;
539 942 715 997 neque
758 929 931 997 turpis
974 929 1111 984 lucri
1158 931 1365 1000 gratia,
1411 932 1505 987 sed
1546 932 1874 1001 voluntarie;

288 1036 472 1090 neque
496 1029 557 1074 ut
578 1020 918 1076 dominantes
943 1021 996 1075 in
1030 1021 1210 1087 cleris,
1232 1023 1329 1078 sed
1353 1023 1527 1080 forma
1548 1024 1672 1080 facti
1699 1026 1879 1097 gregis

284 1125 363 1165 cx
406 1111 586 1166 animo
630 1127 643 1163 :
682 1119 737 1164 et
772 1125 897 1165 cum
932 1112 1243 1189 apparuerit
1285 1112 1535 1184 princeps
1575 1123 1873 1184 pastorum,

286 1202 607 1272 pereipietis
630 1200 1133 1257 immarceseibilem
1156 1201 1340 1273 gloria:
1359 1219 1615 1259 coronam
1643 1205 1695 1274 (Ι
1725 1202 1870 1259 Patr.

286 1292 375 1363 v).
422 1312 444 1345 ι

846 1380 1074 1437 CAPUT
1111 1381 1328 1438 XXXV.

287 1469 548 1542 Exeittplo
586 1469 1227 1543 Reehobitarnmdoeetur
1247 1471 1468 1543 populus
1502 1473 1868 1541 obedientiam,

1982 657 2204 729 Mystice
2230 668 2407 716 autem
2434 662 2523 724 isti
2548 663 2858 723 Rechabitae
2883 669 3193 742 signiﬁcant
3212 687 3307 730 eos
3347 677 3440 747 qui
3463 679 3553 735 de-

1979 749 2184 804 siderio
2230 749 2581 820 perfectionis
2608 756 2828 812 arctiori
2856 758 2967 814 vita
3002 764 3393 821 transcendunt
3422 765 3554 837 legis

1979 843 2230 898 mandata
2257 861 2271 896 :
2312 843 2467 915 juxta
2503 845 2558 901 id
2584 848 2729 916 quod
2785 850 2887 905 sibi
2918 851 3193 925 Evangelii
3222 856 3470 928 dogmata
3500 867 3553 915 et

1976 933 2284 1003 Apostolica
2324 936 2601 993 insinuant
2634 941 2901 1011 exempla.
2955 942 3091 1001 Justi
3136 947 3303 1015 enim,
3353 950 3547 1020 quibus

1977 1023 2061 1079 les
2097 1040 2202 1083 non
2225 1035 2311 1081 est
2331 1027 2530 1097 posita,
2552 1029 2635 1084 sic
2667 1032 2985 1101 probantur,
3010 1052 3113 1092 non
3140 1053 3262 1095 esse
3289 1041 3388 1096 sub
3412 1041 3549 1114 lege,

1975 1114 2295 1184 utjustitias
2341 1117 2476 1189 legis
2517 1136 2622 1176 non
2667 1122 2841 1177 solum
2872 1125 3118 1195 implere,
3149 1146 3341 1186 verum
3380 1135 3547 1190 etiam

1975 1219 2232 1275 superare
2265 1208 2638 1263 contendant:
2685 1210 2861 1281 sitque
2902 1214 3115 1271 devmio
3155 1233 3343 1274 eorum
3388 1221 3547 1292 legali

1976 1295 2146 1365 major
2166 1296 2414 1368 imperio,
2446 1315 2566 1369 quze
2603 1301 3008 1360 observantiam
3050 1309 3331 1366 cumulans
3350 1328 3553 1382 priore-

1972 1394 2187 1456 ptorum
2226 1388 2530 1443 voluntaria
2554 1391 2715 1447 addat
2740 1394 2809 1447 ad
2849 1394 3052 1451 debita.
3095 1397 3175 1453 ita
3222 1416 3455 1471 namque
3493 1412 3550 1460 et

1970 1474 2247 1531 Abraham
2276 1477 2471 1535 futura:
2512 1480 2645 1552 legis
2688 1493 2958 1555 praecepta
2986 1486 3214 1558 legimus
3242 1506 3554 1562 supergres-

505 1551 553 1595 et
591 1541 916 1609 promittitur
939 1540 1065 1609 ﬁliis
1106 1540 1321 1596 Secltnb'
1350 1543 1656 1599 benedictio.
1772 1620 1777 1624 ἢ
1856 1540 1859 1541 ⁷
1971 1576 2112 1631 sum,
2146 1581 2267 1621 cum
2296 1540 2824 1641 mmus’qm'mor
2866 1540 3082 1645 Eam“:
3114 1540 3551 1650 ‘&'s;d1'i;:'sft;
3564 1564 3599 1577 ρ

370 1670 389 1702 ο
420 1651 655 1708 Verbum
673 1652 815 1720 quod
838 1651 1038 1707 factum
1065 1652 1238 1707 estad
1262 1649 1553 1708 Jeremiam
1581 1670 1613 1709 a
1643 1654 1870 1712 Domino
1899 1729 1929 1732 λ
1971 1658 2272 1727 domorum,
2308 1677 2428 1732 quis
2448 1664 2550 1719 sibi
2572 1665 2716 1720 velut
2739 1668 2931 1724 victori
2959 1687 3063 1726 non
3092 1649 3361 1729 humerito
3389 1675 3551 1731 debe-

286 1758 309 1791 ι
351 1740 402 1794 in
457 1741 647 1797 diebus
711 1738 955 1797 Joaehim
1022 1739 1114 1794 lilii
1160 1738 1321 1796 Jesia:
1367 1741 1513 1812 regis
1568 1741 1726 1807 Iuda,
1781 1745 1868 1799 di-
1895 1729 1943 1789 Β
1970 1747 2187 1816 bantur,
2218 1757 2276 1804 et
2322 1729 2538 1820 quidem
2585 1768 2711 1825 rege
2745 1756 2861 1827 ipso
2885 1758 3038 1828 cujus
3078 1762 3248 1831 spolia
3293 1729 3551 1821 retulerat

286 1852 308 1884 ι
342 1848 472 1888 ecus
521 1850 535 1886 :
585 1851 605 1885 ι
655 1832 947 1904 (Mannum)
1006 1832 1143 1889 Cum
1202 1835 1463 1906 propheta
1517 1836 1571 1890 in
1621 1837 1870 1908 proxime
1969 1838 2281 1908 suppliciter
2303 1841 2583 1910 ollerente,
2630 1846 2763 1901 nihil
2792 1850 3007 1917 penitus
3044 1852 3340 1922 acquiescit
3381 1856 3545 1910 attino

280 1929 528 2000 capitulo
565 1929 632 1985 de
660 1927 923 1984 Sedeehia
958 1942 1085 2001 rege
1123 1938 1181 1985 et
1225 1929 1311 1986 his
1351 1932 1446 2000 qui
1476 1924 1695 1989 sub‘eo
1720 1932 1867 1989 facta
1968 1942 2115 1998 gere,
2149 1931 2250 1985 sub
2280 1931 2453 1986 divini
2478 1934 3127 1997 nominis‘testilicatiooe
3166 1944 3543 2013 proclamans:

279 2030 419 2078 sunt
453 2037 755 2078 sermonem
792 2021 1088 2087 habuisset,
1119 2037 1263 2078 nunc
1308 2030 1488 2079 autem
1518 2022 1717 2079 iterum
1736 2021 1867 2078 Joa-

279 2118 435 2173 chim
460 2116 553 2171 ﬁlii
607 2114 770 2173 Jesiaa
816 2116 959 2189 regis
1010 2114 1148 2172 Juda
1201 2124 1445 2189 tempore
1497 2117 1863 2173 narrationem

279 2216 571 2265 convertit
596 2251 609 2275 ,
655 2216 806 2280 patet
831 2209 1095 2280 profecto,
1145 2209 1273 2281 quia
1315 2225 1425 2266 non
1453 2209 1698 2266 ordinem
1728 2217 1867 2265 tem-

277 2301 437 2370 poris
460 2299 513 2354 in
538 2299 846 2355 narratione
873 2298 1263 2365 observaverit,
1289 2298 1430 2356 sicut
1451 2298 1564 2369 jam
1593 2314 1758 2371 supra
1784 2298 1865 2354 di-

278 2396 436 2444 ctum
480 2395 582 2451 est,
637 2389 733 2445 scd
779 2389 1073 2444 secundum
1122 2379 1575 2459 dispensaiionem
1631 2388 1865 2453 Spiritus

277 2479 479 2544 sancti,
514 2477 604 2548 qui
632 2478 687 2532 in
720 2492 785 2533 eo
806 2478 1017 2533 locutus
1042 2486 1148 2543 est,
1177 2492 1277 2549 pro
1305 2479 1708 2551 Opportunitate
1734 2496 1863 2537 eau-

279 2582 489 2630 sarum,
544 2576 600 2623 et
647 2569 1022 2624 convenientia
1069 2582 1251 2624 rerum
1317 2571 1658 2640 prophetiam
1708 2587 1860 2628 suam

277 2655 559 2710 conscribi
586 2654 774 2722 voluit,
819 2656 960 2712 sicut
993 2665 1046 2712 et
1073 2658 1127 2712 in
1149 2656 1361 2714 emteris
1400 2658 1695 2731 Scripturis
1737 2676 1863 2716 san-

279 2745 415 2810 clis,
444 2755 497 2800 et
527 2747 761 2803 maxime
802 2747 857 2802 in
891 2747 1181 2821 Evangelio
1207 2748 1405 2805 factum
1432 2752 1732 2822 reperimus
1760 2770 1773 2807 :
1802 2759 1863 2809 ut

278 2837 423 2892 sciat
462 2836 632 2894 lector
663 2838 972 2910 Scripturas
1009 2855 1193 2896 sacras
1233 2856 1341 2897 non
1387 2842 1733 2914 dispositione
1761 2846 1861 2901 hu-

278 2942 444 2981 mana
483 2929 809 3000 compositas
854 2945 993 2996 esse,
1043 2932 1139 2987 sed
1179 2931 1525 3002 inspiratione
1553 2942 1608 2989 et
1643 2936 1860 2991 ordina-

280 3019 430 3074 tione
452 3020 652 3076 divina.

1968 2016 2266 2074 Extendam
2316 2035 2538 2077 manum
2595 2038 2769 2080 meam
2811 2026 2879 2082 ad
2930 2029 3217 2087 Dominum
3251 2035 3545 2102 excelsum,

1966 2106 2059 2177 qui
2092 2108 2220 2166 fecit
2244 2109 2440 2167 omium
2465 2120 2527 2168 et
2545 2121 2770 2183 terram,
2798 2117 2845 2172 si
2871 2132 2903 2172 a
2932 2118 3029 2175 Ilo
3064 2122 3420 2194 subtegminis
3456 2142 3547 2183 ns-

1965 2209 2073 2266 que
2093 2197 2162 2251 ad
2190 2199 2482 2270 corrigiam
2512 2202 2700 2276 caligae
2741 2206 3008 2277 accipiam
3037 2224 3106 2264 ex
3142 2212 3394 2269 omnibus
3424 2229 3545 2285 qua

1968 2294 2057 2342 tua
2088 2295 2215 2344 sunt
2236 2289 2388 2363 (Gen.
2411 2292 2547 2365 xiv).
2575 2292 2675 2350 Sic
2708 2296 2877 2357 David
2898 2308 3165 2370 praecepta
3192 2302 3325 2374 legis
3344 2318 3546 2376 cogno-

1964 2379 2167 2436 scimus
2211 2396 2644 2454 supergressum,
2703 2386 2817 2457 qui,
2872 2390 3217 2461 praecipiente
3269 2392 3434 2464 Moysi
3485 2405 3546 2450 ut

1964 2470 2197 2528 inimicis
2242 2473 2372 2529 talio
2398 2473 2730 2543 redderetur,
2761 2492 2868 2531 non
2912 2479 3087 2535 solum
3124 2481 3228 2537 hoc
3254 2497 3359 2537 non
3390 2483 3538 2550 fecit,

1962 2577 2150 2619 verum
2172 2564 2334 2620 etiam
2368 2565 2656 2623 dilectione
2684 2568 2998 2638 complexus
3024 2580 3107 2626 est
3131 2582 3539 2642 persequentes.

1962 2661 2017 2708 et
2041 2669 2140 2724 pro
2170 2655 2256 2709 his
2301 2656 2530 2711 Domino
2570 2657 2660 2728 pie
2700 2660 3012 2729 supplicans
3053 2662 3216 2717 etiam
3245 2662 3545 2734 lugubriter

1962 2740 2107 2797 ﬂevit
2141 2752 2198 2798 et
2245 2744 2476 2801 ululatus
2513 2756 2598 2801 est
2641 2747 2971 2806 interfectos.
3013 2751 3088 2806 ita
3126 2751 3295 2806 Eliam
3326 2768 3541 2824 quoque

1962 2840 2016 2887 ct
2038 2832 2329 2888 Jcremiam
2353 2837 2641 2904 probamus
2668 2853 2775 2894 non
2810 2838 2977 2895 fuisse
2997 2841 3098 2896 sub
3120 2840 3258 2913 lege,
3298 2843 3388 2912 qui
3413 2858 3535 2897 cum

1961 2922 2109 2978 licito
2150 2925 2225 2978 uti
2261 2925 2513 2995 conjugio
2539 2928 2744 2997 absque
2775 2930 3193 2999 reprehensione
3241 2933 3537 3001 potuerint,

1961 3012 2197 3084 virgines
2246 3024 2425 3071 tamen
2490 3028 2840 3086 perseverare
2904 3019 3226 3075 maluerunt.
3289 3020 3382 3078 Sic
3429 3023 3538 3079 Eli-

358 3131 377 3163 ι
417 3112 562 3168 Vade
605 3114 671 3168 ad
697 3114 914 3169 domum
961 3116 1375 3172 Rechabitarum
1402 3126 1455 3174 et
1494 3119 1714 3189 loquere
1738 3120 1853 3175 eis:

1962 3076 2126 3158 saeua)
2157 3119 2223 3159 ac
2251 3076 2509 3175 reliquos-
2522 3105 2682 3175 hujus
2707 3109 2967 3179 propositi
3012 3110 3157 3167 viros
3190 3076 3521 3172 Mosaiea—lo

280 3223 305 3254 ο
336 3212 392 3258 et
433 3204 743 3260 introducas
765 3220 860 3261 eos
892 3206 943 3261 in
969 3208 1187 3263 domum
1227 3209 1439 3264 Domini
1466 3210 1521 3265 in
1549 3225 1715 3265 unam
1735 3225 1859 3265 exe-

281 3312 303 3344 s
332 3293 487 3347 dram
518 3293 893 3370 thesaurorum
925 3314 938 3350 ε
966 3304 1021 3351 et
1057 3298 1211 3354 dabis
1246 3298 1326 3353 eis
1357 3297 1542 3354 bibere
1562 3299 1765 3354 vinum.
1792 3300 1859 3354 Et

280 3398 303 3439 ι
343 3386 606 3456 assumpsi
631 3385 945 3443 Jechoniam
987 3388 1152 3445 ﬁlium
1191 3389 1440 3446 Jeremiae
1464 3391 1558 3447 ﬁlii
1585 3392 1852 3457 Absanize,

278 3496 300 3527 ι
336 3486 391 3532 et
416 3477 612 3534 fratres
635 3476 772 3548 ejus,
800 3487 856 3535 et
896 3495 1086 3536 omnes
1124 3481 1264 3537 ﬁlios
1306 3480 1440 3550 ejus,
1468 3491 1525 3538 et
1550 3484 1857 3539 universam

277 3586 300 3621 ι
334 3571 551 3624 domum
576 3570 1018 3637 Rechabitarum,
1045 3580 1100 3627 et
1144 3573 1416 3628 iutroduxi
1439 3589 1533 3629 eos
1560 3574 1613 3628 in
1638 3575 1856 3629 domum

278 3666 311 3713 ι’
338 3661 572 3725 Domini,
599 3662 664 3717 ad
708 3662 1147 3734 gamphylacium
1176 3662 1406 3718 ﬁliorum
1435 3666 1605 3730 Anan,
1651 3664 1743 3719 ﬁlii
1769 3663 1858 3719 Je-

278 3771 301 3803 r
337 3750 545 3822 gadalia
581 3753 811 3807 hominis
849 3752 968 3818 Dei,
999 3754 1143 3824 quod
1194 3762 1314 3809 erat
1347 3753 1499 3824 juxta
1545 3754 1856 3826 gazophila-

278 3861 297 3894 ι
335 3842 479 3898 cium
507 3843 827 3913 principum,
856 3858 1018 3914 super
1044 3845 1357 3900 thesaurum
1389 3844 1601 3900 Maesia:
1629 3845 1719 3899 lilii
1747 3844 1857 3900 Sel-
1896 3890 1899 3893 .

277 3954 297 3984 ο
334 3933 467 3996 lum,
498 3933 587 4004 qui
615 3942 928 3990 erateustos
953 3934 1224 3999 vestibuli,
1254 3945 1308 3991 et
1328 3936 1479 4005 posui
1506 3950 1689 3988 coram
1727 3936 1855 3990 ﬁliis

276 4042 297 4076 ‹
333 4023 526 4078 domus
548 4023 961 4079 Rechabitarum
985 4025 1186 4096 cyphos
1200 4026 1386 4097 plenos
1402 4027 1546 4091 vino,
1566 4033 1619 4080 et
1636 4026 1854 4090 calices,

277 4134 297 4164 e
338 4124 395 4166 ct
424 4113 535 4168 dixi
577 4113 643 4168 ad
675 4129 811 4169 eos:
842 4114 1017 4171 Bibite
1052 4117 1255 4172 vinum.
1298 4116 1400 4184 Qui
1428 4117 1854 4187 responderunt:

273 4225 293 4255 ε
334 4201 448 4257 Non
475 4203 706 4259 bibimus
722 4205 922 4268 vinum,
946 4205 1073 4275 quia
1084 4204 1326 4263 Ionadab
1345 4206 1487 4261 ﬁlius
1515 4206 1733 4263 Rechab
1758 4220 1853 4277 pa-

274 4312 293 4345 s
327 4302 411 4348 ter
431 4300 613 4348 noster
626 4295 878 4365 praecepit
899 4296 1055 4351 nobis
1070 4297 1288 4353 dicens:
1315 4296 1428 4353 Non
1454 4299 1647 4355 bibetis
1672 4298 1856 4352 viuum

273 4406 293 4437 ς
333 4400 433 4439 vos
460 4391 516 4439 et
542 4384 636 4439 ﬁlii
662 4385 829 4441 vestri
850 4401 1020 4456 usque
1049 4388 1101 4442 in
1127 4389 1534 4459 sempiternum,
1555 4397 1609 4444 et
1637 4390 1852 4444 domum
1881 4417 1932 4478 Β

275 4496 294 4527 ε
334 4490 442 4529 non
482 4474 838 4542 mdiﬁcabitis,
872 4484 929 4531 et
964 4486 1257 4533 sementem
1301 4491 1407 4533 non
1437 4479 1648 4545 seretis,
1693 4486 1749 4533 et
1785 4479 1854 4533 vi-

273 4586 293 4617 s
330 4581 461 4620 neas
480 4581 585 4620 non
609 4565 1053 4636 plantabitis,nec
1082 4568 1346 4623 habebitis
1373 4585 1387 4622 :
1419 4567 1511 4623 sed
1535 4569 1587 4623 in
1611 4570 1855 4625 taberna-

273 4676 295 4707 ι
332 4654 470 4711 culis
514 4657 825 4713 habitabilis
859 4658 1068 4714 eunetis
1097 4658 1286 4717 diebus
1307 4659 1521 4726 vestris,
1560 4671 1623 4714 ut
1659 4659 1852 4716 vivatis

274 4765 295 4797 α
338 4744 522 4800 n‘iultis
543 4745 731 4801 diebus
751 4761 916 4816 super
935 4747 1124 4803 faciem
1144 4757 1320 4814 terrae,
1345 4749 1397 4803 in
1428 4764 1532 4821 qua
1566 4765 1666 4805 nos
1697 4765 1849 4820 pcre~

273 4853 294 4885 s
327 4835 634 4901 grinamini,
670 4856 689 4888 ι
730 4845 784 4891 et
823 4838 1051 4907 reliqua.
1076 4837 1157 4893 Ad
1192 4837 1625 4895 confundendum
1662 4857 1849 4913 super-

264 4926 416 4982 biam
431 4936 485 4981 ct
497 4931 889 4985 contumaciam
904 4928 1229 4995 Judmorum,
1246 4930 1337 5000 qui
1354 4947 1569 5001 semper
1583 4932 1851 4988 mandatis

268 5017 367 5072 Dei
402 5017 748 5075 adversantes
776 5021 1107 5085 restiterant,
1149 5022 1410 5090 propheta
1438 5021 1591 5091 jussu
1638 5020 1849 5077 Domini

269 5110 594 5165 ltechabitas
628 5111 941 5167 obedientes
969 5119 1023 5166 et
1067 5112 1227 5166 mites
1252 5113 1305 5166 iu
1355 5113 1721 5168 testiinonium
1749 5115 1847 5169 ad-

266 5201 540 5269 hibuerat,
567 5203 656 5274 qui
699 5204 982 5273 pneceptis
1009 5202 1252 5259 Jonadab
1298 5202 1392 5258 ﬁlii
1429 5203 1653 5260 Rechab
1681 5207 1851 5277 patris

263 5284 457 5347 eorum
484 5293 538 5347 in
563 5295 815 5349 omnibus
841 5294 1123 5364 parebant,
1149 5294 1223 5347 ita
1250 5302 1308 5347 ut
1337 5309 1437 5348 nee
1465 5295 1649 5350 vinum
1691 5296 1845 5351 bibe-

270 5388 413 5445 rent,
464 5395 565 5437 nec
614 5382 831 5436 domum
880 5383 1227 5446 mdillcarcut,
1269 5380 1363 5436 sed
1401 5397 1504 5437 nec
1548 5390 1845 5438 sementem

268 5478 537 5535 sererent,
564 5485 739 5542 neque
764 5471 950 5528 vineas
995 5472 1302 5542 plantarent
1333 5512 1347 5537 ,
1390 5474 1485 5529 sed
1513 5473 1566 5527 in
1600 5475 1849 5529 taberna-

268 5561 409 5614 culis
434 5561 751 5617 habitabaut
777 5564 987 5618 eunetis
1026 5564 1216 5620 diebus
1244 5579 1417 5634 usque
1458 5565 1527 5619 ad
1557 5567 1847 5620 necessita-

266 5656 376 5702 rcm
405 5650 710 5709 Chaldaiem
756 5649 1108 5723 captivitatis,
1152 5658 1305 5725 juxta
1349 5657 1530 5712 omnia
1576 5671 1694 5726 qum
1735 5659 1840 5713 sibi

1958 3197 2133 3268 gimus
2159 3214 2444 3268 superasse
2481 3203 2732 3258 mandata
2755 3243 2771 3269 ,
2797 3202 2864 3259 de
2896 3204 3095 3275 quibus
3137 3205 3430 3276 Apostolus
3459 3209 3537 3265 ita

1956 3285 2087 3341 dicit
2114 3302 2128 3340 :
2159 3304 2179 3337 ι
2205 3286 2521 3345 Circnibunt
2542 3290 2597 3345 in
2623 3291 2835 3346 melotis
2859 3299 2913 3347 et
2943 3293 2995 3347 in
3019 3293 3249 3364 pellibus
3271 3298 3532 3367 caprinis,

1955 3384 2198 3447 egentes,
2229 3380 2541 3450 angustiati,
2587 3381 2791 3449 afﬂicti,
2823 3384 3018 3452 quibus
3046 3385 3240 3457 dignus
3269 3402 3373 3443 non
3414 3398 3537 3445 erat

1957 3469 2207 3534 mundus,
2251 3469 2309 3525 in
2334 3471 2712 3530 solitudinibus
2741 3486 3009 3540 errantes,
3052 3487 3111 3533 et
3147 3480 3440 3545 montibus,
3480 3490 3534 3536 ct

1956 3560 2250 3628 speluncis,
2271 3568 2329 3615 et
2364 3562 2418 3616 in
2458 3563 2708 3619 cavernis
2740 3572 2909 3635 petra:
2937 3565 3123 3638 (Hebr.
3167 3568 3266 3637 xi).
3302 3588 3322 3621 ι
3358 3569 3537 3625 Sie'et

1958 3664 2101 3704 nune
2124 3650 2212 3705 isti
2258 3650 2353 3705 ﬁlii
2397 3651 2663 3719 Jonadab,
2716 3664 2937 3724 propter
2982 3656 3345 3712 obedientiam
3392 3658 3532 3727 patri

1957 3754 2059 3794 suo
2084 3740 2383 3796 exhibitam
2421 3742 2606 3798 divino
2648 3758 2898 3799 sermone
2924 3744 3229 3811 laudantur,
3259 3755 3315 3800 et
3353 3748 3532 3805 futura

1957 3828 2037 3883 eis
2060 3830 2200 3884 bona
2228 3830 2635 3899 promittuntur,
2664 3832 2758 3902 qui
2791 3847 2981 3890 omnes
3011 3833 3207 3890 oﬂ‘erre
3238 3838 3534 3905 posscssioe

1958 3936 2089 3975 num
2108 3936 2328 3976 suarum
2368 3924 2608 3979 decimas
2637 3938 2743 3978 non
2775 3925 3039 3990 contenti,
3067 3926 3163 3981 sed
3188 3926 3305 3996 ipsa
3329 3929 3527 3998 pnedia

1960 4020 2296 4082 respuentes,
2326 4015 2645 4083 semetipsos
2679 4016 2856 4084 potius
2899 4016 3010 4071 Deo
3052 4031 3116 4073 ac
3159 4032 3286 4073 suas
3320 4019 3531 4079 animas

1958 4100 2288 4156 obtulerunt.
2321 4101 2430 4157 Pro
2471 4104 2665 4174 quibus
2692 4103 2838 4159 nulla
2867 4105 2936 4159 a'b
2973 4106 3190 4162 homine
3218 4106 3338 4163 ﬁeri
3379 4124 3527 4164 eom-

1960 4191 2187 4247 mutatio
2212 4201 2427 4262 potest:
2459 4193 2601 4248 sicut
2638 4193 2897 4249 Dominus
2924 4194 2980 4250 in
3018 4195 3309 4267 Evangelia
3349 4208 3531 4254 conte-

1959 4290 2173 4337 statur:
2204 4302 2222 4332 ‹
2276 4282 2452 4350 Quam
2489 4283 2638 4338 dabit
2690 4284 2851 4341 homo
2895 4288 3372 4343 commutationem
3416 4304 3518 4358 pro

1959 4374 2140 4429 anima
2170 4375 2301 4428 sua?
2325 4393 2345 4425 ι
2361 4373 2576 4446 (Matth.
2600 4374 2732 4445 xvi).
2749 4376 3083 4448 Quapropter
3102 4379 3243 4436 scire
3267 4380 3527 4439 debemus

1960 4481 2079 4533 nos,
2095 4482 2124 4520 a
2141 4467 2337 4537 quibus
2359 4481 2466 4521 non
2502 4466 2616 4536 jam
2634 4468 2866 4539 exigitur
2887 4469 3058 4541 legale
3082 4472 3416 4539 mandatum,
3435 4475 3529 4530 sed

1957 4561 2153 4631 quibus
2178 4559 2519 4630 evangelicus
2541 4561 2781 4630 quotidie
2815 4562 3029 4618 intonat
3059 4578 3240 4621 sermo
3268 4580 3284 4620 :
3317 4584 3337 4619 α
3369 4566 3425 4622 Si
3450 4568 3532 4625 vis

1955 4651 2228 4723 perfectus
2259 4666 2400 4717 esse,
2444 4653 2596 4713 vade.
2647 4654 2818 4709 vende
2860 4655 3043 4711 omnia
3090 4671 3209 4726 qua!
3248 4658 3436 4725 habes,
3475 4669 3532 4716 et

1955 4744 2023 4798 da
2048 4745 2392 4815 pauperibus,
2416 4752 2475 4799 et
2492 4744 2714 4800 habebis
2738 4748 3049 4804 thesaurum
3071 4749 3126 4803 iu
3145 4750 3300 4811 (mlo.
3332 4761 3390 4807 et
3408 4751 3529 4808 veni

1956 4847 2182 4903 sequere
2195 4846 2282 4888 me
2298 4834 2515 4906 (Matth.
2530 4834 2668 4905 xix).
2700 4854 2720 4887 ι
2736 4835 2870 4893 Cum
2885 4837 3198 4895 decinmsde
3217 4841 3530 4897 substantiis

1953 4925 2154 4980 nostris
2178 4924 2457 4980 oferintus
2492 4925 2604 4980 Deo
2635 4926 2811 4982 adhuc
2835 4928 3228 4998 quodammodo
3267 4929 3368 4983 sub
3394 4928 3528 4998 legis

1952 5016 2166 5071 sarcina
2215 5016 2465 5081 detineri,
2504 5026 2561 5070 et
2601 5017 2829 5071 necdum
2871 5019 2941 5072 ad
2989 5017 3355 5087 evangelicum
3399 5016 3527 5070 illud

1953 5108 2231 5179 fastigium
2250 5108 2585 5178 pervenisse,
2627 5109 2770 5176 quod
2813 5109 3247 5177 obtemperantes
3272 5107 3374 5162 sibi
3419 5122 3523 5161 non

1951 5207 2159 5254 tantum
2187 5197 2473 5268 praesentis
2498 5197 2620 5252 vita:
2662 5196 2962 5259 beneﬁciis,
3001 5196 3095 5251 sed
3124 5196 3289 5252 etiam
3336 5196 3527 5252 futuris

1952 5289 2188 5360 praemiis
2227 5295 2565 5343 numeratur.
2610 5287 2720 5342 Lex
2748 5287 2893 5342 enim
2939 5285 3230 5342 factoribus
3258 5286 3374 5345 suis
3416 5304 3521 5342 nou

1955 5391 2239 5447 regnorum
2265 5376 2566 5432 emicatium
2596 5375 2839 5445 prmi-ia,
2867 5375 2964 5431 sed
3000 5375 3127 5433 vita
3154 5375 3314 5445 hujus
3336 5377 3525 5433 solatia

1957 5466 2286 5536 repromisit,
2309 5466 2497 5532 dicens
2523 5481 2538 5518 :
2566 5485 2586 5517 ε
2619 5464 2723 5530 Qui
2762 5465 2951 5522 fecerit
2981 5467 3085 5522 huc
3110 5467 3245 5524 vivit
3266 5468 3323 5524 in
3348 5469 3428 5524 eis
3452 5488 3464 5521 :
3504 5490 3523 5517 ι

1956 5559 2215 5612 Domirus
2245 5564 2422 5611 autem
2468 5555 2746 5624 discipulis
2785 5557 2899 5612 suis
2941 5565 2997 5613 et
3037 5558 3226 5615 amicis
3260 5560 3528 5629 promittit

1955 5671 2119 5728 regna
2146 5654 2443 5712 «elerum:
2491 5670 2510 5702 ‹
2559 5650 2734 5719 Beati,
2778 5651 2969 5722 inquit,
3013 5667 3274 5725 pauperes
3315 5654 3531 5725 spiritu-
