3970 6190
472 248 627 304 ἐΙΟἩ
702 281 706 286 ν

1142 247 1201 300 Β.
1243 246 1490 300 RABANI
1532 245 1745 301 MAURI
1783 243 2096 300 ARCIIIEP.
2141 245 2442 303 MOGUNT.
2480 249 2761 306 OPERUM
2799 250 2977 306 PARS
3013 249 3096 305 ΠΙ.

3572 255 3724 309 ιοτξ

469 357 741 426 quoniam
770 355 1008 425 ipsorum
1036 363 1118 408 est
1149 369 1373 422 regnum
1395 353 1652 408 ctelorum
1677 353 1888 423 (Matth.
1921 353 2001 425 v).
2025 373 2043 403 ›
2080 362 2122 418 Α
2159 375 2176 406 α
2211 359 2343 411 sima
2375 377 2386 412 :
2424 361 2675 427 quoniam
2703 377 2926 431 magnus
2952 360 3106 416 furor
3131 373 3186 416 et
3215 363 3528 434 indignatio,
3552 381 3723 434 quam

467 447 571 512 *Et,
609 466 626 498 ι
660 447 837 501 omnis
859 447 965 514 qui
1011 445 1224 512 reliquit
1246 444 1460 498 domum
1488 442 1572 496 vel
1604 441 1816 507 fratres,
1845 451 1935 496 aut
1961 458 2044 496 so-

470 551 636 591 rores
661 543 753 589 aut
775 544 982 604 patrem
1007 541 1100 586 aut
1127 543 1350 586 matrem
1389 541 1480 585 aut
1513 546 1732 585 uxorem
1769 541 1862 584 aut
1908 532 2045 586 ﬁlios

483 635 572 680 aut
603 641 760 693 agros
789 633 1005 696 propter
1033 639 1226 678 nomen
1258 638 1456 686 meum,
1490 621 1794 692 centuplum
1818 621 2045 691 accipiet

467 725 536 772 et
563 718 723 773 vitam
745 725 999 769 mternam
1025 713 1319 784 possidebit
1345 711 1560 783 (Matth.
1588 711 1724 784 xix).
1758 731 1779 764 ι
1813 711 1921 768 Nec
1942 713 2042 766 im-

469 805 692 870 merito,
725 819 828 857 non
873 804 1018 858 enim
1053 813 1162 856 tam
1190 801 1456 857 laudabile
1499 809 1584 855 est
1615 801 1675 855 si
1720 801 1791 855 ab
1816 799 2039 865 illicitis,

475 910 639 962 quam
669 895 712 947 si
740 894 903 948 etiam
927 909 956 946 a
982 893 1145 947 licitis
1194 900 1571 962 temperemus,
1593 898 1656 946 et
1694 891 1780 945 his
1810 901 2042 961 xpropter

479 982 596 1051 ejus
636 983 988 1037 reverentiam
1016 997 1121 1036 non
1151 991 1384 1046 utamur,
1417 981 1510 1050 qui
1547 993 1610 1034 ea
1643 979 1797 1036 nobis
1824 989 2042 1050 propter

467 1077 847 1132 inﬁrmitatem
898 1083 1141 1130 nostram
1200 1074 1400 1129 utenda
1443 1072 1706 1143 permisit.
1754 1070 1870 1127 Non
1897 1071 2039 1125 enim

471 1165 798 1236 generaliter
827 1163 1238 1232 pmcipiendum
1286 1170 1422 1224 erat,
1468 1175 1568 1216 nec
1609 1169 1675 1216 ut
1708 1159 1783 1216 ita
1811 1159 2038 1215 dixerim

460 1257 735 1312 canonice
778 1255 846 1309 ab
891 1252 1141 1308 omnibus
1189 1250 1505 1322 exigendum
1551 1250 1602 1305 id
1637 1249 1779 1321 quod
1820 1257 2040 1320 propter

477 1347 756 1401 miriﬁcam
799 1342 1177 1398 sublimitatem
1204 1341 1271 1394 ab
1307 1339 1554 1394 omnibus
1577 1339 1777 1410 passim
1807 1353 1912 1392 non
1942 1353 2039 1407 po-

457 1443 581 1491 test
623 1431 971 1504 apprehendi,
1011 1429 1110 1484 sed
1152 1427 1375 1483 consilio
1404 1441 1591 1482 omnes
1624 1427 1810 1496 potius
1837 1441 2033 1495 provo-

454 1531 667 1579 -cantur
689 1529 743 1576 et
781 1520 977 1590 gratia,
1005 1527 1066 1574 ut
1111 1517 1168 1572 hi
1200 1517 1291 1586 qui
1321 1517 1500 1587 magni
1525 1523 1648 1570 sunt
1671 1515 1884 1585 possint
1911 1528 2033 1584 per-

460 1613 702 1668 fectione
727 1611 986 1666 virtutum
1005 1622 1117 1662 non
1145 1605 1412 1662 immerito
1426 1604 1700 1660 coronari.
1728 1601 1828 1669 Qui
1855 1611 2035 1657 autem

2155 466 2170 495 ι
2208 447 2415 502 [ueritus
2447 458 2528 503 est
2559 449 2814 504 Dominus
2841 451 3123 504 adversum
3155 453 3407 521 populum
3444 455 3615 508 hunc.
3658 457 3728 509 Et

2151 555 2170 586 ‹
2202 536 2331 590 fecit
2357 539 2562 592 Baruch
2590 539 2727 593 ﬁlius
2754 539 3095 608 Neriaejuxta
3136 542 3340 606 omnia,
3371 559 3492 612 quae
3515 559 3725 612 praece-

2146 646 2167 678 ‹
2205 637 2358 696 perat
2397 629 2447 682 ei
2489 627 2750 683 Jeremias
2791 631 3072 700 propheta,
3121 631 3306 701 legens
3349 646 3416 685 ex
3442 632 3726 689 volumine

2147 733 2166 765 ι
2203 729 2480 770 sermones
2508 715 2716 771 Domini
2743 717 2796 772 in
2818 719 2977 772 domo
3002 719 3232 772 Domini.
3263 739 3282 770 ι
3308 719 3563 790 Prompta
3589 723 3726 778 ohe-

2142 803 2341 858 dientia
2395 806 2674 874 prophetas
2719 808 3015 862 concordat
3071 808 3268 863 divina:
3327 809 3639 866 clementiae
3702 831 3717 866 :

2140 894 2393 961 quoniam
2423 895 2564 948 sicut
2584 894 2678 949 ille
2715 895 2946 950 consth
2987 896 3234 951 humana:
3276 897 3577 953 inﬁrmitati
3622 916 3724 969 per

2139 982 2557 1039 admonitionem
2599 984 2985 1050 conversionis,
3034 985 3108 1039 ita
3154 986 3256 1041 iste
3299 987 3604 1044 obediendo
3650 991 3719 1045 ad

2138 1072 2362 1127 salutem
2386 1073 2753 1143 proximorum
2776 1083 2994 1130 exercet
3013 1073 3245 1131 ofﬁcium
3289 1078 3718 1146 praedicationis.

2137 1159 2238 1228 Qui
2258 1162 2383 1216 etsi
2412 1161 2626 1218 clausus
2653 1177 2874 1218 carcere
2913 1179 3013 1234 per
3056 1166 3405 1236 semetipsum
3449 1169 3503 1223 id
3553 1169 3722 1238 perﬁ-

2135 1266 2258 1306 cere
2286 1266 2392 1306 non
2422 1251 2605 1316 valuit,
2636 1267 2734 1322 per
2758 1253 3102 1322 interpretem
3137 1265 3314 1310 tamen
3347 1260 3533 1312 omnia
3557 1259 3716 1326 juxta

2136 1342 2189 1398 id
2233 1341 2376 1410 quod
2405 1326 2511 1396 sibi
2554 1341 2765 1409 iussum
2812 1341 2986 1398 fuerat
3039 1344 3254 1413 explere
3295 1349 3526 1402 curavit.
3577 1349 3718 1416 Quid

2133 1445 2261 1501 ergo
2291 1445 2390 1486 nos
2420 1430 2619 1485 inertes
2652 1430 2706 1485 in
2735 1429 2918 1486 futuro
2939 1432 3142 1502 judicio
3161 1435 3255 1488 Dei
3278 1434 3477 1490 dicturi
3502 1453 3716 1500 sanius,

2134 1520 2224 1590 qui
2254 1519 2483 1575 absoluti
2508 1529 2563 1576 et
2585 1520 2830 1575 libertate
2857 1522 3032 1591 potiti,
3072 1524 3332 1592 proximis
3375 1528 3586 1581 nostris
3614 1530 3717 1583 Do-

2137 1609 2268 1664 mini
2296 1610 2519 1664 verbum
2563 1610 2868 1680 expendere
2917 1611 3278 1682 negligimus:
3329 1617 3552 1684 quando
3605 1619 3712 1678 ille,

457 1705 621 1775 :parvi
657 1712 802 1768 sunt,
827 1711 882 1758 et
911 1714 1218 1756 mensuram
1261 1698 1436 1754 aetatis
1462 1696 1809 1768 plenitudinis
1835 1693 2035 1750 Christi
2065 1685 2112 1744 B
2138 1699 2229 1768 qui
2255 1698 2505 1754 claustris
2527 1700 2814 1755 obseratos
2837 1709 2976 1766 erat,
3016 1718 3122 1758 non
3160 1719 3262 1773 per
3307 1709 3715 1763 excusationem

462 1795 692 1866 implere
719 1807 826 1848 non
866 1799 1108 1864 possunt,
1161 1788 1288 1844 licet
1338 1786 1546 1859 fulgore
1585 1784 1848 1855 majorum
1885 1782 2031 1838 velut

465 1887 704 1944 siderum
742 1883 869 1938 tecti
905 1881 1085 1936 laetare
1126 1878 1432 1944 videantur,
1489 1885 1670 1931 tamen
1717 1891 1750 1928 a
1795 1872 2030 1929 tenebris

466 1975 930 2038 maledictionum,
974 1985 1095 2041 qum
1128 1969 1180 2025 in
1213 1968 1331 2039 lege
1381 1974 1508 2022 sunt
1535 1965 1721 2030 alieni,
1769 1979 1868 2018 nec
1892 1978 2032 2034 prm-

460 2069 698 2128 sentium
722 2066 984 2120 malorum
1010 2061 1251 2118 cladibus
1273 2059 1614 2124 addicuntur,
1645 2071 1746 2112 nec
1768 2054 2030 2126 supplicio

460 2161 773 2231 plectuntur
788 2165 1024 2212 artemo.
1055 2151 1172 2207 Non
1200 2165 1330 2224 ergo
1357 2149 1606 2206 Christus
1636 2147 1702 2202 ad
1746 2146 1836 2200 illa
1861 2146 2030 2199 virtu-

469 2257 579 2302 tum
607 2246 820 2302 excelsa
847 2243 1060 2314 fastigia
1076 2240 1335 2312 prmeepti
1362 2252 1682 2309 quemquam
1709 2235 2030 2291 necessitate

453 2338 804 2409 ronstringit,
832 2336 924 2390 sed
960 2334 1112 2389 liberi
1141 2332 1364 2386 arbitrii.
1385 2336 1640 2400 provocat
1662 2333 1947 2397 potestate,
1976 2333 2032 2382 et

464 2427 781 2482 salubritate
838 2424 1046 2481 consilii
1108 2438 1172 2478 ac
1224 2419 1491 2476 desiderio
1531 2416 1882 2489 perfectionis
1931 2429 2030 2471 ac-

459 2519 663 2574 ceudit.

994 2603 1217 2661 CAPUT
1265 2601 1504 2658 XXXVI.

465 2719 671 2774 Baruch
709 2734 808 2784 ,ea:
872 2733 1076 2771 carcere
1129 2716 1368 2770 Ieremia:
1431 2712 1656 2766 mittitur
1716 2727 1832 2765 cum
1875 2709 2029 2784 libro,

535 2806 686 2860 quem
712 2781 965 2843 'Joachim
990 2787 1274 2851 comburit,
1307 2795 1353 2839 et
1378 2784 1513 2838 alia:
1538 2791 1716 2836 contra
1755 2797 1872 2834 eum
1900 2781 2031 2834 scri-

523 2860 688 2914 bitur.
1157 2885 1160 2888 ·

540 2991 560 3025 ι
595 2973 661 3027 Et
688 2972 886 3027 factum
922 2978 1004 3026 est
1032 2971 1084 3025 in
1127 2983 1268 3024 anno
1291 2975 1486 3040 quarto
1531 2965 1774 3021 Joachim
1813 2963 1905 3018 ﬁlii
1935 2961 2026 3016 Jo-

2131 1789 2580 1861 impossibilitatis
2607 1791 2819 1846 Domini
2850 1793 3103 1849 mandato
3137 1795 3370 1862 obstitit,
3412 1799 3516 1853 sed
3567 1802 3712 1868 quod

2131 1881 2244 1951 ipse
2270 1894 2367 1950 per
2401 1894 2461 1935 se
2485 1880 2702 1950 explere
2717 1888 2833 1937 'non
2862 1881 3048 1948 valuit,
3077 1899 3174 1954 per
3200 1886 3499 1956 subjectam
3527 1903 3717 1959 perso—

2128 1985 2252 2026 nam
2273 1970 2622 2026 solertissime
2654 1972 2916 2042 perﬁcere
2957 1971 3258 2030 festinavit.

2201 2080 2221 2114 ‹
2258 2060 2478 2116 Factum
2506 2069 2591 2116 est
2636 2071 2815 2117 autem
2848 2064 2900 2118 in
2945 2079 3086 2118 anno
3117 2067 3309 2135 quinto
3333 2066 3588 2129 Joacbim
3619 2070 3713 2125 ﬁlii

2134 2169 2154 2204 ι
2188 2150 2348 2208 Josim
2391 2153 2533 2223 regis
2559 2149 2694 2206 Juda
2744 2152 2798 2207 in
2837 2168 3020 2208 mense
3066 2170 3228 2220 nono,
3278 2158 3713 2226 praedicaverunt

2133 2240 2448 2310 «jejunium
2506 2241 2560 2295 in
2613 2251 2906 2312 conspectu
2952 2245 3163 2299 Domini
3197 2247 3345 2301 omni
3400 2249 3608 2319 populo
3659 2253 3712 2306 in

2133 2347 2153 2384 ι
2184 2327 2505 2395 Jerusalem,
2553 2338 2610 2384 ct
2664 2331 2926 2387 universa:
2966 2333 3292 2390 multitudini
3334 2352 3456 2406 quae
3500 2339 3711 2395 conﬁu-

2133 2438 2152 2474 ι
2188 2426 2341 2476 xerat
2365 2419 2431 2476 de
2449 2420 2756 2477 civitatibus
2780 2420 2959 2490 ,Juda,
2991 2425 3043 2478 in
3077 2424 3399 2480 Jerusalem.
3443 2428 3710 2501 Legitque

2133 2527 2152 2562 ε
2186 2507 2400 2564 Baruch
2445 2524 2512 2564 ex
2539 2509 2810 2567 volumine
2845 2527 3126 2569 sermones
3150 2513 3398 2572 Ieremia:
3447 2519 3502 2572 in
3544 2521 3710 2575 domo

2134 2617 2152 2652 ι
2194 2599 2406 2654 Domini
2434 2601 2488 2654 in
2514 2601 2882 2671 gazophilacio
2904 2601 3287 2670 Gamariaa,ﬁlii
3323 2605 3543 2677 Sapban
3573 2612 3709 2665 scri-

2135 2707 2152 2741 ι
2188 2689 2307 2754 bte,
2365 2689 2417 2744 in
2469 2691 2732 2747 vestibulo
2792 2693 3096 2763 superiori,
3147 2696 3204 2749 in
3255 2697 3476 2752 introitu
3528 2711 3708 2769 porta:

2135 2798 2153 2831 ‹
2190 2795 2342 2834 novae
2381 2781 2572 2837 domus
2613 2782 2857 2849 Domini,
2893 2785 3142 2841 audiente
3168 2787 3316 2841 omni
3344 2789 3562 2858 populo,
3601 2811 3621 2842 ι
3656 2803 3708 2846 et

2132 2871 2354 2942 reliqua.
2384 2872 2718 2928 Conveniens
2746 2875 2897 2937 ordo,
2929 2885 2985 2928 ut
3025 2876 3079 2930 in
3106 2877 3402 2933 indictione
3433 2883 3707 2948 paeniten-

2133 2965 2218 3020 tia:
2245 2965 2565 3036 praedicetur
2585 2966 2846 3038 jejunium
2874 2969 3237 3038 parcimoniae,
3279 2979 3338 3023 ut
3365 2972 3456 3040 qui
3494 2987 3598 3041 per
3621 2973 3705 3026 lu-

470 3085 488 3125 σ
519 3067 616 3128 size
643 3068 782 3145 regis
821 3065 976 3137 Juda,
1019 3065 1218 3126 tantum
1259 3039 1343 3126 est
1371 3063 1591 3126 terbum
1635 3062 1737 3122 hoc
1766 3060 1833 3119 ad
1877 3057 2021 3119 Jere-
2053 3039 2097 3107 ο
2128 3071 2254 3118 tum
2285 3071 2390 3114 non
2418 3057 2654 3117 cavendo
2677 3057 2806 3118 vitia
2855 3058 2908 3117 in
2936 3069 3213 3133 peccatum
3253 3039 3573 3132 inciderant,
3610 3078 3707 3138 per

470 3183 488 3216 ι
525 3164 688 3217 miam
719 3178 747 3217 a
793 3164 1040 3227 Domino,
1069 3163 1254 3217 dicens
1281 3180 1292 3214 :
1329 3161 1477 3215 Tolle
1504 3159 1754 3214 volumen
1797 3156 1939 3219 libri,
1970 3165 2025 3210 et

471 3272 491 3304 ‹
527 3253 730 3308 scribes
761 3254 813 3307 in
858 3268 923 3308 eo
960 3253 1140 3307 omnia
1169 3251 1352 3317 verba,
1393 3265 1511 3319 qua:
1541 3249 1750 3302 locutus
1777 3261 1896 3300 sum
1927 3245 2021 3299 tibi

467 3360 486 3392 σ
519 3342 800 3395 adversum
849 3339 1010 3394 lsrael
1057 3349 1110 3393 et
1155 3339 1367 3401 Judam,
1415 3346 1471 3392 et
1509 3338 1788 3390 adversum
1836 3347 2026 3389 omnes

465 3451 483 3482 ‹
515 3441 700 3502 gentes
733 3446 762 3485 a
796 3432 881 3486 die
915 3446 1019 3500 qua
1050 3430 1258 3485 locutus
1283 3443 1401 3484 sum
1440 3427 1506 3481 ad
1544 3435 1596 3481 te
1617 3441 1688 3480 ex
1718 3425 1906 3480 diebus
1932 3422 2023 3480 Jo-

466 3541 484 3572 ‹
522 3523 614 3577 sia:
647 3537 816 3591 usque
859 3522 926 3576 ad
963 3522 1100 3575 hanc
1141 3520 1279 3574 diem
1310 3537 1322 3572 :
1364 3517 1422 3572 Si
1471 3515 1610 3572 forte
1647 3515 1896 3570 audiente
1921 3514 2020 3569 do-

461 3631 486 3664 1
518 3625 604 3666 mo
637 3610 786 3666 ludat
841 3610 1088 3664 universa
1127 3607 1286 3672 mala,
1329 3621 1446 3677 qua:
1485 3619 1585 3675 ego
1617 3603 1794 3675 cogito
1846 3602 2022 3657 facere

457 3719 484 3753 τ
517 3701 596 3755 eis
629 3708 927 3755 revertatur
964 3697 1329 3767 unusquisque
1378 3711 1407 3749 a
1431 3694 1515 3748 via
1560 3709 1654 3747 sua
1682 3691 1934 3762 pessima,
1968 3699 2023 3744 et

453 3813 484 3847 ιι
515 3793 774 3866 prepitius
810 3807 904 3848 ero
932 3789 1196 3859 iniquitati
1229 3796 1283 3842 et
1302 3795 1521 3857 peccato
1545 3797 1750 3839 eorum.
1782 3800 1800 3832 ι
1854 3780 2023 3852 (Mau-

456 3888 602 3956 nus.)
641 3886 685 3942 Ο
707 3886 964 3940 immensa
993 3879 1274 3936 clementia
1304 3887 1358 3933 et
1398 3873 1782 3932 inaestimabilis
1810 3872 2022 3927 bonitas

455 3977 753 4035 conditoris
774 3975 974 4036 nostri,
1025 3973 1116 4042 qui
1163 3988 1193 4024 a
1248 3969 1493 4040 superbis
1536 3972 1872 4034 contemptus
1915 3977 2020 4016 non

458 4071 712 4125 trltionem
740 4064 986 4135 supplicii
1023 4061 1371 4133 peccantibus
1415 4057 1630 4127 ingerit,
1662 4053 1755 4109 sed
1798 4067 2022 4108 conver-

457 4161 529 4214 sis
555 4174 652 4228 per
679 4154 1050 4227 pmniteutiam
1081 4148 1461 4219 indulgentiam
1489 4143 1774 4214 promittit,
1816 4150 1872 4197 et
1913 4156 2021 4196 non

458 4258 662 4302 tantum
689 4243 948 4316 unigeniti
986 4240 1313 4304 Judteorum,
1339 4236 1433 4291 sed
1461 4235 1528 4288 ad
1553 4246 1739 4289 omnes
1778 4231 2022 4286 nationes

453 4342 694 4407 gentium
725 4350 1024 4392 sermonem
1053 4328 1444 4404 praedicationis
1486 4342 1583 4398 per
1606 4325 1921 4396 prephetam
1941 4323 2019 4378 di-

457 4431 601 4498 rigit,
631 4429 674 4483 si
705 4426 971 4496 quomodo
1013 4429 1314 4477 revertatur
1355 4417 1721 4486 unusquisque
1755 4429 1788 4468 a
1813 4414 1896 4468 via
1925 4428 2022 4468 sua

449 4519 704 4588 pessima,
745 4526 801 4571 et
844 4530 940 4584 per
962 4513 1176 4568 Domini
1214 4506 1635 4565 misericordiam
1679 4511 2020 4573 peccatorum

449 4623 676 4663 suorum
696 4607 933 4660 obtineat
961 4603 1193 4658 veniam.

532 4716 550 4747 ι
584 4693 810 4750 Voca-vit
835 4708 962 4762 ergo
987 4689 1249 4746 Jeremias
1290 4687 1500 4744 Baruch
1543 4684 1711 4740 ﬁlium
1750 4682 1945 4747 Net-ite,
1969 4689 2024 4736 et

446 4805 483 4837 ι(
525 4784 742 4853 scripsit
783 4783 989 4837 Baruch
1017 4797 1090 4836 ex
1115 4795 1214 4839 ore
1259 4779 1504 4836 Jeremite
1529 4791 1717 4832 omnes
1749 4787 2024 4830 sermones

459 4897 482 4930 ι
511 4876 744 4940 Domini,
777 4888 910 4943 quos
939 4873 1146 4928 locutus
1173 4883 1256 4925 est
1296 4871 1363 4925 ad
1409 4884 1532 4925 eum
1572 4869 1628 4924 in
1657 4866 1925 4923 volumine
1953 4865 2024 4919 li-

464 4989 483 5020 c
524 4968 626 5033 bri,
668 4975 723 5020 et
749 4963 1004 5036 praecepit
1053 4960 1315 5016 Jercmias
1361 4958 1596 5022 .Baruch,
1647 4957 1870 5012 dicens:
1911 4953 2023 5024 Ego

467 5081 484 5112 ι
515 5060 732 5115 clausus
763 5070 908 5119 sum,
953 5067 1054 5106 nec
1087 5050 1238 5105 valeo
1281 5048 1483 5120 ingredi
1542 5048 1597 5102 in
1641 5047 1856 5102 domum
1904 5043 2021 5109 Dei,

462 5171 482 5202 ε
519 5149 798 5222 ingredere
819 5161 950 5217 ergo
976 5153 1032 5198 tu
1051 5149 1105 5197 et
1132 5142 1244 5212 lege
1265 5140 1332 5195 de
1354 5139 1645 5204 volumine,
1677 5139 1729 5192 in
1757 5151 1865 5206 quo
1892 5135 2025 5214 scri-

451 5261 483 5294 ο(
521 5241 674 5312 psisti
700 5255 766 5296 ex
793 5253 887 5293 ore
915 5249 1035 5291 meo
1063 5233 1225 5289 verba
1259 5229 1495 5294 Domini,
1539 5227 1788 5283 audiente
1831 5223 2024 5296 p0pulo

453 5348 485 5382 4
515 5330 572 5386 ἰιι
592 5331 749 5384 domo
769 5327 1002 5392 Domini,
1029 5325 1081 5380 in
1105 5323 1189 5379 die
1207 5320 1396 5391 jejunii
1423 5336 1437 5385 ;
1460 5319 1675 5387 insuper
1698 5324 1754 5371 et
1775 5316 2024 5371 audiente

450 5437 486 5474 -ι
518 5422 768 5476 universo
793 5417 948 5482 Juda,
977 5417 1070 5488 qui
1094 5415 1316 5471 veniunt
1340 5413 1407 5468 de
1438 5409 1746 5466 civitatibus
1778 5409 1909 5474 suis,
1947 5405 2024 5460 le-

453 5531 485 5561 ‹
519 5526 610 5576 ges
649 5511 747 5574 eis,
776 5511 820 5564 si
867 5508 1005 5565 forte
1031 5507 1188 5562 cadat
1226 5504 1397 5562 oratio
1424 5516 1609 5558 eorum
1643 5499 1706 5554 .in
1734 5505 2023 5568 conspectu

455 5620 487 5652 4
523 5601 764 5667 Domini,
793 5609 846 5656 et
873 5609 1174 5656 revertatur
1213 5595 1579 5665 unustmisque
1605 5607 1637 5647 a
1665 5591 1749 5646 via
1776 5606 1872 5648 sua
1899 5605 2024 5660 pes-

2051 4385 2102 4443 D

2127 3154 2502 3210 abstinentiam
2531 3164 2585 3210 et
2613 3155 2954 3212 alllictionem
2986 3160 3228 3229 corporis
3251 3161 3440 3217 eadem
3473 3173 3701 3232 peccata

2126 3245 2344 3300 abluere
2373 3247 2718 3301 contendant.
2750 3246 2970 3336 ‘(Creg.)
2999 3249 3136 3304 Nam
3167 3252 3511 3322 cegitandum
3549 3269 3704 3310 sum-

2125 3349 2343 3404 mopere
2370 3343 2471 3400 est,
2498 3343 2558 3389 ut
2587 3336 2676 3406 qui
2707 3351 2765 3392 se
2795 3336 2976 3393 illicita
3010 3340 3258 3394 meminit
3283 3343 3647 3409 commisisse,
3674 3359 3704 3397 a

2125 3426 2444 3496 quibusdam
2477 3428 2639 3482 etiam
2682 3427 2844 3483 licitis
2889 3429 3101 3484 studeat
3147 3430 3423 3486 abstinere
3462 3450 3476 3486 :
3510 3443 3707 3501 quate-

2124 3530 2228 3571 nus
2253 3530 2350 3587 per
2395 3516 2497 3571 hoc
2537 3517 2800 3572 conditori
2848 3533 2946 3572 suo
3001 3517 3318 3585 satisfaciat,
3352 3529 3410 3573 ut
3435 3521 3527 3590 qui
3553 3536 3704 3576 com-

2124 3605 2272 3660 misit
2294 3606 2587 3676 prohibita,
2636 3608 2951 3678 sibimetipsi
2980 3607 3293 3664 abscindere
3334 3611 3495 3667 debet
3532 3613 3704 3668 etiam

2125 3711 2405 3763 concessa,
2430 3705 2490 3752 et
2517 3699 2873 3768 reprehendat
2915 3700 2970 3754 in
3013 3701 3270 3767 minimis,
3315 3703 3408 3772 qui
3449 3705 3705 3759 meminit

2126 3784 2180 3838 in
2210 3785 2460 3840 maximis
2481 3785 2785 3856 deliquisse.

2200 3893 2219 3924 ‹
2252 3873 2508 3929 Miserunt
2542 3876 2718 3945 itaque
2743 3891 2929 3932 omnes
2975 3878 3245 3949 principes
3271 3879 3338 3934 ad
3364 3879 3575 3935 Baruch
3638 3882 3702 3936 ﬁ-

2131 3983 2148 4016 ‹
2182 3964 2311 4019 lium
2342 3963 2539 4031 Neria,
2583 3965 2676 4020 ﬁlii
2725 3965 3023 4034 Nathaniaa,
3071 3968 3164 4022 ﬁlii
3185 3968 3379 4033 Cbusi,
3415 3970 3700 4026 dicentes:

2131 4073 2151 4106 ‹
2185 4055 2467 4123 Volumen,
2495 4071 2562 4112 ex
2590 4072 2696 4127 quo
2745 4058 2920 4129 legisti
2963 4060 3212 4114 audiente
3256 4062 3490 4131 populo:
3543 4080 3703 4119 sume

2131 4165 2151 4199 ε
2182 4147 2235 4202 in
2270 4162 2430 4201 manu
2471 4155 2559 4202 tua
2587 4155 2642 4203 et
2668 4149 2811 4204 veni.
2845 4149 2988 4204 Tulit
3014 4165 3142 4221 ergo
3176 4150 3387 4207 Baruch
3417 4152 3558 4208 ﬁlius
3586 4153 3702 4210 Ne-

2130 4252 2151 4288 ι
2180 4235 2275 4290 riae
2317 4233 2568 4292 volumen
2600 4236 2656 4291 in
2707 4253 2868 4293 manu
2923 4254 3042 4306 sua,
3093 4249 3149 4295 et
3192 4242 3342 4295 venit
3372 4243 3440 4296 ad
3464 4257 3578 4297 eos.
3638 4245 3704 4298 Et

2133 4345 2152 4378 ‹
2187 4326 2438 4382 dixerunt
2493 4326 2561 4381 ad
2607 4341 2731 4382 eum
2778 4345 2793 4382 :
2847 4327 2985 4384 Sede
3027 4338 3084 4384 et
3118 4330 3235 4401 lege
3284 4331 3399 4386 hmo
3445 4331 3500 4385 in
3550 4333 3703 4388 auri-

2132 4434 2152 4469 (
2189 4417 2290 4471 bus
2314 4416 2534 4472 nostris.
2581 4417 2650 4472 Et
2693 4417 2821 4489 legit
2867 4419 3078 4475 Baruch
3124 4421 3180 4475 in
3225 4422 3446 4477 auribus
3479 4437 3697 4478 eorum.

2133 4525 2153 4558 ‹
2182 4506 2347 4577 igitur
2372 4521 2496 4561 cum
2538 4507 2816 4563 audissent
2851 4511 3032 4565 omnia
3067 4511 3253 4578 verba,
3303 4511 3700 4582 obstupuerunt

2133 4615 2150 4648 c
2187 4597 2550 4667 unusquisque
2577 4596 2646 4652 ad
2669 4599 2973 4667 proximum
3015 4617 3191 4657 suum.
3235 4601 3303 4656 Et
3327 4601 3586 4657 dixerunt
3631 4604 3698 4658 ad

2133 4705 2152 4737 ι
2185 4686 2394 4741 Baruch
2424 4705 2437 4741 :
2470 4686 2727 4744 Nuntiare
2765 4687 3021 4746 debemus
3049 4691 3160 4762 regi
3185 4707 3370 4747 omnes
3413 4706 3699 4747 sermones

2134 4794 2152 4826 ι
2183 4775 2348 4831 istos?
2392 4775 2459 4830 Et
2503 4776 2969 4847 interrogaverunt
3012 4795 3157 4846 eum,
3193 4780 3472 4834 dicentes:
3509 4779 3696 4835 Indica

2129 4883 2146 4915 ι
2177 4865 2331 4919 nobis
2375 4867 2642 4934 quomodo
2686 4868 2947 4937 scripsisti
2997 4883 3186 4923 omnes
3231 4882 3504 4924 sermones
3561 4869 3698 4925 istos

2128 4975 2147 5007 ι
2181 4972 2247 5012 ex
2273 4972 2366 5013 ore
2389 4956 2542 5025 ejus?
2570 4957 2714 5013 Dixit
2741 4969 2919 5014 autem
2966 4960 3176 5014 Baruch
3205 4960 3286 5015 eis
3314 4978 3327 5012 :
3371 4960 3450 5013 Ex
3474 4973 3575 5014 ore
3597 4976 3695 5015 suo

2127 5064 2145 5098 ‹
2179 5045 2512 5115 loquebatur,
2543 5047 2695 5117 quasi
2726 5047 2905 5120 legens
2947 5049 3014 5103 ad
3061 5063 3149 5104 me
3188 5063 3375 5104 omnes
3413 5063 3696 5104 sermones

2130 5155 2148 5187 ι
2185 5135 2339 5201 istos,
2361 5145 2418 5190 et
2455 5150 2553 5206 ego
2580 5137 2883 5192 scribebam
2925 5137 2980 5191 in
3005 5137 3277 5193 volumine
3303 5145 3630 5201 atramento,
3665 5156 3686 5189 ι

2124 5233 2181 5279 et
2217 5224 2441 5296 reliqua.
2475 5225 2627 5292 Quod
2670 5226 2880 5281 Baruch
2910 5227 3272 5296 interrogatus
3299 5242 3332 5281 a
3360 5225 3693 5297 principibus

2123 5314 2306 5384 populi
2348 5315 2615 5384 quomodo
2658 5315 2966 5385 scripsisset
3013 5331 3289 5372 sermones
3341 5313 3589 5372 Ieremia:
3621 5330 3688 5370 ex

2126 5421 2222 5461 ore
2250 5405 2367 5475 ejus
2407 5425 2421 5461 :
2463 5409 2741 5482 respondit
2789 5410 2930 5478 quod
2974 5424 3040 5464 ex
3082 5425 3179 5466 ore
3206 5424 3306 5465 suo
3356 5409 3569 5464 locutus
3615 5407 3686 5462 sit

2126 5499 2193 5553 ad
2217 5514 2360 5564 eum,
2389 5499 2543 5568 quasi
2580 5499 2760 5570 legens
2788 5515 3064 5556 sermones
3095 5501 3227 5557 istos
3274 5501 3524 5562 insinuat,
3561 5498 3682 5567 quia

2126 5591 2295 5646 sancti
2319 5591 2597 5662 propheta:
2644 5600 2698 5648 et
2744 5592 2967 5661 apostoli
3019 5591 3218 5662 Spiritu
3261 5601 3448 5649 sancto
3496 5588 3682 5655 locuti,
