3970 6190
272 366 420 421 {073

269 578 405 624 sunt
436 567 744 630 verborum,
777 565 872 620 sed
896 565 1099 630 omnia,
1130 575 1189 620 ut
1217 567 1498 635 oportebat
1531 576 1774 636 prompte
1803 576 1860 620 ct

273 659 438 714 facile
458 671 642 712 coram
672 656 1008 710 auditoribus
1036 657 1169 720 suis,
1218 655 1452 726 Spiritus
1488 657 1657 711 sancti
1684 657 1855 726 gratia

276 749 572 811 tribuente,
609 745 858 816 proferre
902 753 1173 814 poterant.
1224 745 1372 802 Unde
1401 745 1514 814 ipsa
1557 744 1768 800 Veritas
1803 743 1856 797 in

273 837 569 909 Evangelio
597 835 874 905 discipulis
927 835 1042 888 ait:
1082 854 1099 886 ι
1138 836 1272 889 Dum
1305 834 1564 890 steteritis
1607 842 1733 886 ante
1771 846 1857 887 re-

275 946 376 1001 ges
399 939 452 986 et
487 928 765 1000 pricsides,
807 927 974 982 nolite
1005 927 1264 997 cogitare,
1307 926 1574 995 quomodo
1611 933 1703 978 aut
1729 924 1858 994 quid

276 1020 574 1091 loquamini
601 1037 613 1072 :
639 1019 853 1073 dabitur
875 1016 1018 1072 enim
1049 1016 1202 1071 vobis
1240 1016 1294 1070 in
1336 1015 1426 1069 illa
1457 1015 1590 1070 hora
1623 1014 1749 1083 quid
1781 1012 1856 1068 lo-

274 1110 542 1182 quamini.
570 1108 682 1164 Non
707 1108 851 1163 enim
873 1122 968 1163 vos
988 1107 1141 1172 estis,
1169 1106 1260 1176 qui
1284 1105 1585 1175 loquimini,
1615 1105 1706 1159 sed
1727 1101 1854 1173 Spi-

276 1203 422 1258 ritus
467 1200 641 1256 Patris
674 1199 872 1262 vestri,
913 1199 1004 1268 qui
1046 1199 1286 1268 loquitur
1315 1197 1367 1252 in
1402 1197 1555 1252 vobis
1595 1194 1744 1266 (Luc.
1805 1211 1854 1258 ι,

276 1293 475 1348 Matth.
499 1292 578 1362 x).
616 1311 634 1344 ι
665 1291 731 1346 Ει
775 1291 903 1345 item
932 1309 944 1344 :
985 1310 1003 1342 ι
1041 1289 1292 1360 Spiritus,
1323 1287 1516 1358 inquit,
1539 1287 1852 1358 paraclitus,

275 1399 442 1455 quem
469 1384 645 1438 mittet
680 1383 842 1437 Pater
886 1382 938 1435 in
983 1379 1198 1435 nomine
1247 1394 1366 1434 meo
1400 1378 1490 1432 ille
1519 1393 1614 1432 vos
1642 1377 1859 1432 docebit

275 1477 463 1532 omnia
502 1485 558 1530 et
600 1483 849 1547 suggeret
871 1473 1021 1528 vobis
1062 1472 1240 1528 omnia
1292 1485 1624 1540 quaecunque
1671 1469 1857 1524 dixero

274 1566 434 1622 vobis
459 1565 636 1636 (Joan.
668 1563 803 1635 xvi).
837 1582 854 1614 ι
887 1562 1106 1632 Hocque
1135 1561 1430 1626 sciendum,
1458 1561 1601 1629 quod
1635 1574 1742 1614 non
1771 1573 1858 1613 so-

276 1656 392 1710 lum
421 1655 749 1720 doctoribus,
799 1654 893 1709 sed
943 1653 1105 1708 etiam
1161 1650 1496 1706 auditoribus
1552 1649 1855 1705 necessaria

274 1755 362 1800 est
395 1746 566 1818 gratia
615 1745 848 1816 Spiritus
888 1745 1081 1809 sancti,
1105 1743 1248 1813 quia,
1289 1750 1348 1797 ut
1373 1757 1534 1812 supra
1576 1739 1686 1809 jam
1718 1739 1857 1794 dixi-

1172 363 1532 421 Exrosmo
1572 364 1797 422 sensa
1835 365 2202 421 JEREMIAM.
2243 347 2473 420 -ιιιι
2518 365 2650 420 xm.

268 479 479 534 Imllam
513 475 890 532 necessitatem
920 483 1242 530 tractatuum
1275 477 1360 530 vel
1404 465 1678 547 penuriam
1705 477 1848 546 passi
1879 484 1924 542 Α
1954 477 2092 547 ignis
2137 476 2424 532 studebant
2487 489 2807 529 consumere
2877 474 3088 528 ﬂamma
3135 493 3146 527 :

3214 475 3431 543 insuper
3476 488 3542 532 et

1958 567 2306 637 prephetam,
2337 579 2498 635 quem
2530 580 2626 634 per
2664 564 2892 631 gratiam
2929 564 3186 618 doctrinae
3217 575 3380 634 atque
3413 581 3536 620 cor-

1960 659 2218 727 reptionis
2265 657 2460 713 merito
2509 656 2775 710 honorare
2825 655 3142 719 debuerant,
3209 655 3540 712 contumelia

1959 747 2169 803 allicere
2194 747 2612 803 contendebant.
2646 747 2711 799 Et
2734 746 2874 800 unde
2904 746 3048 801 hoc?
3077 747 3177 800 nisi
3212 747 3338 816 quia
3369 748 3540 816 spiri—

1957 847 2044 892 tus
2081 852 2334 907 nequam,
2366 837 2454 906 qui
2484 851 2695 905 semper
2723 837 2934 907 spiritui
2978 838 3164 907 gratia:
3192 838 3533 903 adversatur,

1959 927 2010 981 in
2043 914 2296 983 cordibus
2323 941 2511 982 eorum
2545 927 2757 981 duritia:
2795 927 3142 997 asperitatem
3187 944 3293 982 non
3342 929 3536 983 levita-

1958 1028 2066 1074 tem
2105 1019 2419 1074 obedien-tim
2447 1018 2874 1080 machinabatur,
2922 1031 2988 1071 ne
3015 1019 3298 1074 credentes
3327 1027 3381 1073 et
3416 1034 3534 1088 poe-

1955 1109 2236 1164 nitentiam
2277 1118 2495 1180 agentes
2525 1107 2657 1162 salvi
2704 1107 2929 1162 ﬁerent?
2992 1182 2997 1187 '

2033 1208 2062 1250 ι·
2090 1200 2156 1253 Et
2182 1199 2436 1269 praecepit
2463 1214 2554 1253 rex
2597 1197 2847 1253 Jeremiel
2900 1197 3009 1252 [ilio
3048 1198 3322 1262 Amalech,
3356 1207 3409 1252 et
3437 1198 3534 1251 Sa-

1963 1307 1981 1340 (
2023 1289 2148 1343 ιειὶίυ
2215 1288 2324 1343 lilio
2377 1287 2582 1352 Ezriel,
2639 1295 2694 1341 et
2748 1287 2994 1342 Selemize
3053 1289 3162 1343 ﬁlio
3212 1288 3448 1352 Abdeel,
3481 1299 3532 1341 ut

1962 1395 1981 1430 ι
2019 1378 2537 1447 comprehenderent
2607 1376 2816 1431 Baruch
2864 1379 3098 1433 scribam
3141 1386 3197 1432 et
3244 1378 3533 1432 Jcrcmiam

1964 1486 1983 1520 ι
2015 1469 2366 1539 prophetam:
2393 1467 2673 1522 abscondit
2702 1476 2885 1521 autem
2909 1484 3002 1523 eos
3028 1469 3306 1523 Dominus.
3345 1487 3362 1519 ι
3396 1467 3528 1522 Fru—

1957 1565 2069 1614 stra
2120 1558 2279 1627 igitur
2328 1556 2531 1626 aliquid
2586 1571 2747 1627 agere
2780 1557 2969 1612 nititur
3013 1559 3249 1612 humana
3278 1573 3536 1627 praesum-

1956 1650 2089 1721 ptio,
2121 1649 2210 1704 ubi
2233 1649 2485 1704 resistere
2506 1647 2738 1703 voluerit
2773 1648 2952 1702 divina
2983 1648 3296 1702 dominatio.
3325 1649 3535 1704 Praece-

1956 1741 2038 1810 pit
2073 1755 2166 1794 rex
2221 1748 2486 1802 terrenus,
2542 1748 2600 1792 ut
2639 1738 3223 1807 comprehenderentur
3274 1740 3535 1809 propheta

275 1855 427 1903 mus,
470 1840 570 1894 nisi
607 1839 746 1894 idem
790 1838 1012 1908 spiritus
1041 1837 1188 1892 cordi
1234 1836 1375 1891 adsit
1403 1835 1692 1898 audientis,
1719 1833 1857 1888 otio-
1884 1828 1930 1888 B
1959 1840 2012 1886 et
2063 1831 2305 1885 notarius
2355 1830 2503 1899 ejus,
2554 1837 2610 1884 et
2662 1831 2947 1884 mittantur
2994 1830 3048 1883 in
3095 1846 3390 1896 carcerem,
3442 1835 3534 1887 sed

274 1944 373 1983 sus
399 1935 481 1982 est
524 1943 701 1982 sermo
728 1928 981 1983 doctoris.
1019 1925 1188 1981 Nemo
1217 1940 1344 1997 ergo
1389 1925 1604 1980 docenti
1656 1922 1863 1979 homini

276 2019 504 2083 tribuat,
537 2016 677 2087 quod
725 2033 791 2073 ex
826 2033 920 2073 ore
953 2018 1197 2074 docentis
1247 2016 1536 2088 intelligit:
1583 2016 1709 2087 quia
1759 2014 1864 2069 nisi

275 2110 424 2164 intus
451 2111 538 2174 sit,
594 2111 684 2180 qui
737 2111 950 2177 doceat,
999 2110 1238 2166 doctoris
1285 2110 1464 2180 lingua
1514 2109 1758 2165 exterius
1807 2107 1863 2162 in

273 2214 506 2252 vacuum
534 2198 759 2253 laborat.
790 2200 926 2254 Ecce
959 2214 1122 2254 unam
1146 2199 1416 2269 loquentis
1448 2213 1641 2253 vocem
1670 2213 1862 2253 onmes

272 2289 485 2359 pariter
513 2289 565 2343 in
593 2289 828 2344 Ecclesia
856 2290 1123 2355 audimus,
1153 2304 1260 2344 non
1293 2297 1472 2344 tamen
1501 2288 1705 2358 pariter
1736 2303 1862 2342 scn-

276 2395 401 2433 sum
430 2379 626 2434 audita:
653 2380 799 2434 vocis
824 2380 1170 2450 percipimus.
1204 2377 1338 2435 Cum
1383 2394 1511 2449 ergo
1538 2394 1643 2434 vox
1683 2378 1864 2448 dispar

278 2485 388 2522 non
416 2470 506 2533 sit,
536 2485 633 2524 cur
674 2471 728 2524 in
766 2471 1016 2527 cordibus
1054 2471 1254 2527 nostris
1283 2471 1465 2541 dispar
1501 2481 1583 2526 est
1608 2472 1754 2527 vocis
1783 2471 1864 2525 in-

279 2558 618 2630 telligentia:
651 2560 756 2616 nisi
783 2561 907 2630 quia
941 2576 1038 2633 per
1076 2563 1198 2628 hoc,
1252 2565 1394 2631 quod
1437 2577 1540 2618 vox
1588 2561 1860 2632 loquentis

278 2653 639 2706 communiter
672 2653 947 2718 admonet,
974 2661 1058 2709 est
1097 2653 1353 2725 magister
1393 2653 1641 2720 interior,
1671 2653 1764 2723 qui
1794 2654 1860 2709 de

278 2741 432 2795 vocis
455 2740 806 2812 intelligentia
835 2743 1094 2813 quosdam
1119 2743 1426 2814 specialiter
1455 2742 1630 2799 docet.
1660 2743 1737 2799 De
1757 2743 1862 2799 hac

280 2845 497 2901 quoque
526 2829 758 2902 Spiritus
781 2834 951 2889 sancti
985 2836 1158 2904 gratia
1193 2850 1290 2906 per
1317 2831 1577 2888 Joannem
1619 2834 1818 2890 dicitur
1843 2854 1856 2890 :

286 2942 302 2973 ι
328 2921 481 2978 Sicut
498 2924 677 2979 unctio
697 2924 812 2995 ejus
835 2925 990 2980 docet
1003 2941 1096 2982 vos
1109 2925 1175 2980 de
1189 2926 1437 2980 omnibus
1451 2923 1501 2997 (1
1515 2923 1676 2978 Joan.
1695 2924 1818 2996 xu).
1832 2943 1851 2976 θ

279 3016 388 3071 Per
422 3031 606 3071 vocem
650 3032 778 3087 ergo
811 3032 917 3072 non
959 3017 1263 3082 instruitur,
1319 3017 1535 3088 quando
1573 3031 1728 3072 mens
1759 3030 1858 3088 per

277 3105 529 3176 spiritum
557 3122 662 3163 non
686 3107 916 3178 ungitur.
955 3106 1060 3163 Sed
1089 3123 1188 3163 cur
1221 3108 1322 3164 ista
1364 3109 1431 3164 de
1463 3107 1710 3164 doctrina
1752 3107 1856 3164 ho-

1963 1921 2242 1977 abscondit
2287 1935 2379 1975 eos
2428 1919 2538 1973 Rex
2585 1919 2840 1986 caelestis,
2891 1922 2992 1976 hoc
3026 1929 3130 1986 est,
3188 1924 3441 1990 protexit,
3471 1940 3542 1978 ne

1963 2015 2198 2070 humana
2249 2013 2454 2068 malitia
2507 2013 2792 2068 lmderetur
2845 2022 3154 2069 sanctorum
3207 2014 3532 2070 innocentia.

1969 2125 1987 2156 ι
2025 2105 2268 2162 Custodit
2310 2106 2454 2160 enim
2504 2105 2760 2160 Dominus
2807 2120 2995 2160 omnes
3040 2106 3320 2178 diligentes
3372 2123 3451 2173 se,
3481 2115 3538 2162 et

1962 2211 2150 2251 omnes
2197 2206 2509 2266 peccatores
2562 2195 2824 2265 disperdit
2872 2195 3044 2268 (Psal.
3097 2197 3328 2268 cxuv);
3363 2215 3380 2248 ι
3432 2207 3531 2253 et:

1969 2307 1987 2340 ι
2021 2287 2384 2342 Ambulabunt
2411 2287 2676 2353 homines,
2718 2295 2776 2341 ut
2810 2288 2934 2342 caci
2955 2328 2971 2354 ,
3002 2289 3129 2358 quia
3153 2289 3380 2344 Domino
3408 2305 3532 2359 pec-

1961 2382 2223 2439 eaverunt
2246 2381 2434 2453 (Soph.
2466 2381 2528 2455 ι).
2565 2401 2582 2434 ι

2037 2494 2056 2527 ι
2087 2474 2311 2529 Factum
2339 2481 2424 2529 est
2453 2474 2677 2530 verbum
2719 2474 2932 2530 Domini
2963 2475 3031 2528 ad
3069 2473 3357 2529 .leremiam
3386 2484 3536 2544 post.

1966 2585 1985 2618 ι
2027 2580 2188 2635 quam
2209 2565 2578 2620 combusserat
2603 2581 2698 2620 rex
2718 2565 2989 2630 volumen,
3013 2572 3067 2620 et
3091 2580 3366 2620 sermones
3389 2581 3536 2635 quos

1967 2675 1986 2708 ι
2016 2657 2308 2727 scripserat
2330 2656 2541 2712 Barueh
2563 2672 2628 2712 ex
2649 2672 2743 2712 ore
2764 2655 3031 2723 Jeremim,
3051 2657 3234 2713 dicens
3261 2671 3274 2710 :
3297 2655 3532 2710 Rursum

1966 2766 1984 2800 ι
2017 2747 2144 2802 tolle
2155 2748 2406 2803 volumen
2424 2747 2590 2813 aliud,
2614 2756 2668 2802 et
2691 2748 2867 2803 scribe
2887 2748 2941 2802 in
2967 2763 3031 2802 eo
3046 2761 3238 2802 omnes
3251 2760 3530 2802 sermones

1965 2858 1984 2890 ι
2017 2838 2247 2908 priores,
2281 2838 2373 2908 qui
2401 2847 2558 2893 erant
2586 2837 2641 2892 in
2671 2837 2940 2892 volumine
2966 2837 3160 2906 primo,
3195 2839 3338 2907 quod
3381 2852 3532 2892 com-

1964 2950 1982 2983 ι
2011 2929 2185 2986 bussit
2207 2928 2450 2986 Joachim
2507 2947 2600 2986 rex
2645 2929 2802 2997 Juda,
2849 2939 2903 2986 et
2946 2931 3012 2986 ad
3060 2928 3304 2985 Joachim
3354 2945 3535 3000 regem

1962 3035 1984 3072 ι
2017 3017 2178 3084 Juda,
2205 3019 2352 3074 dices
2382 3037 2396 3074 :
2426 3018 2550 3075 llaec
2579 3020 2707 3076 dicit
2730 3019 3027 3076 Dominus:
3079 3020 3158 3075 Tu
3190 3021 3550 3076 combussisti.

1963 3129 1982 3162 ι
2011 3109 2261 3164 volumen
2303 3109 2462 3175 illud,
2499 3109 2683 3166 dicens
2715 3127 2728 3163 :
2759 3109 2938 3177 Quare
2976 3110 3236 3180 scripsisti
3273 3110 3324 3164 in
3352 3124 3417 3164 eo
3439 3125 3535 3163 an-

278 3196 487 3250 tninum
535 3196 803 3266 loquimur
831 3199 1043 3268 quando
1081 3207 1138 3254 et
1188 3199 1301 3269 ipse
1345 3199 1590 3255 conditor
1632 3215 1738 3254 non
1786 3199 1854 3254 ad
1882 3172 1927 3235 Ο
1964 3217 1982 3251 ι
2017 3199 2297 3262 nuntians,
2341 3199 2568 3254 festinus
2606 3199 2786 3255 veniet
2820 3214 2916 3254 rex
2946 3172 3233 3270 Babylonis
3261 3207 3532 3253 et'vasta-

274 3286 632 3341 eruditionem
660 3287 864 3343 homini
911 3287 1170 3358 loquitur,
1196 3289 1242 3345 si
1281 3289 1452 3345 eidem
1503 3289 1707 3345 homini
1755 3305 1854 3360 per

278 3377 591 3432 unctionem
623 3378 845 3448 spiritus
896 3395 1004 3435 non
1053 3381 1340 3452 loquatur?
1366 3379 1657 3453 (MAURUS.)
1693 3380 1854 3437 Certe

273 3471 411 3525 Cain
446 3471 755 3542 priusquam
785 3472 1142 3529 fratricidium
1181 3478 1343 3544 opere
1372 3481 1726 3544 perpetraret,
1753 3489 1853 3527 au—

272 3563 454 3618 divit:
513 3581 530 3614 ι
585 3561 847 3631 Peccasti,
895 3563 1114 3636 quiesce
1155 3561 1307 3637 (Cen.
1360 3564 1466 3634 ιιι).
1513 3583 1532 3616 ι
1568 3563 1676 3619 Sed
1725 3563 1852 3635 quia

269 3652 450 3723 culpis
473 3653 585 3708 suis
610 3652 946 3726 exigentibus
965 3669 1152 3718 vocem
1173 3655 1502 3722 admonitus,
1532 3670 1640 3710 non
1671 3653 1724 3709 in
1753 3671 1854 3710 un-

271 3744 458 3799 ctione
507 3742 694 3800 audire
744 3744 839 3799 Dei
887 3745 1050 3802 verba
1091 3746 1286 3817 potuit,
1323 3746 1416 3802 sed
1461 3760 1681 3801 servare
1716 3761 1851 3802 con-

276 3837 499 3908 tempsit
529 3851 544 3890 :
579 3836 658 3892 sic
685 3845 740 3892 et
767 3853 928 3904 nunc,
969 3853 1088 3909 quae
1123 3847 1422 3909 sequuntur
1469 3838 1523 3892 in
1555 3839 1659 3893 hoc
1703 3838 1850 3910 capi-

274 3927 415 3994 tulo,
455 3928 660 3999 prolata
704 3929 1110 3996 demonstrant,
1162 3929 1306 4000 quod
1355 3927 1599 3984 Joachim
1649 3943 1744 3983 rex
1795 3937 1852 3982 et

269 4018 419 4075 servi
443 4018 576 4090 ejus,
613 4017 739 4088 quia
767 4034 873 4074 non
918 4016 1135 4074 fuerunt
1182 4017 1415 4089 Spiritus
1444 4017 1616 4074 sancti
1653 4016 1848 4090 gratia,

271 4125 384 4181 qua
423 4109 678 4181 propheta
704 4109 915 4166 loeutus
963 4117 1072 4175 est,
1124 4109 1270 4167 intus
1314 4109 1638 4176 illuminati,
1683 4109 1850 4166 verba

271 4201 374 4257 Dei
397 4199 611 4270 quidem
635 4200 822 4256 audire
847 4215 977 4258 aure
1003 4203 1245 4273 corporis
1262 4209 1535 4273 poterant,
1577 4202 1674 4259 sed
1706 4202 1851 4258 auri-

270 4293 378 4347 bus
402 4290 578 4347 cordis
604 4307 709 4348 non
733 4300 1002 4362 poterant,
1031 4309 1166 4365 quas
1191 4292 1449 4350 Dominus
1473 4293 1528 4349 in
1555 4293 1850 4366 Evangelio

267 4385 522 4457 requirit,
549 4387 733 4444 dicens
760 4405 773 4442 :
806 4406 826 4440 ι
857 4387 960 4454 Qui
986 4387 1149 4443 habet
1171 4402 1331 4444 aures
1372 4387 1626 4443 audiendi
1666 4386 1850 4442 audiat

265 4476 605 4548 (Manium;
664 4477 792 4536 Luc.
837 4478 980 4552 vni).
1015 4497 1034 4532 ι
1089 4478 1156 4554 Et
1199 4477 1255 4534 in
1296 4478 1618 4550 Apocalypsi
1642 4497 1710 4533 ε.»
1745 4477 1848 4547 Qui
1872 4520 1926 4581 Β

265 4569 452 4634 habet,
502 4568 693 4638 inquit,
741 4584 901 4626 aures
944 4569 1192 4626 audiendi
1218 4571 1402 4626 audiat
1450 4569 1580 4641 quid
1610 4570 1846 4642 Spiritus

262 4661 418 4715 dicat
446 4660 688 4716 ecclesiis
710 4661 892 4732 (Apoc.
933 4661 1017 4735 ιι).
1057 4681 1076 4715 ι
1109 4661 1245 4718 Nam
1271 4661 1538 4734 sequitur.

347 4770 365 4802 ι
413 4751 527 4806 Rex
573 4761 751 4807 autem
779 4753 1002 4809 sedebat
1040 4752 1095 4808 in
1123 4754 1291 4810 domo.
1318 4753 1537 4809 hiemali
1577 4753 1633 4809 in
1664 4769 1851 4810 mense

267 4867 289 4898 ε
331 4859 478 4900 nono
507 4858 522 4898 :
551 4854 606 4900 et
631 4844 805 4915 posita
834 4854 954 4900 erat
973 4845 1124 4901 arula
1151 4860 1333 4902 coram
1361 4860 1428 4900 eo
1447 4845 1640 4916 prunis
1667 4845 1846 4916 plena.

267 4956 288 4990 α
327 4937 574 5007 Cumque
614 4936 832 5008 legisset
878 4937 978 4992 vix
1012 4945 1122 4993 tres
1176 4937 1414 5009 pagellas
1460 4937 1546 4992 vel
1594 4946 1848 5006 quatuor,

266 5047 288 5078 c
323 5025 488 5080 scidit
531 5024 658 5081 illud
698 5026 952 5098 scalpello
979 5028 1192 5093 scribae,
1219 5035 1274 5082 et
1300 5027 1528 5099 projecit
1561 5029 1614 5082 in
1644 5028 1845 5099 ignem,

267 5135 288 5168 ι
326 5115 422 5184 qui
443 5123 563 5170 erat
590 5131 752 5186 super
775 5116 1006 5183 arulam,
1049 5118 1220 5172 donec
1247 5127 1654 5173 consumeretur
1686 5134 1847 5175 omne

268 5228 289 5261 ι
327 5205 581 5262 volumen
607 5207 738 5278 igni,
761 5209 853 5278 qui
890 5218 1010 5264 erat
1033 5208 1087 5262 in
1113 5207 1288 5274 arula,
1317 5219 1374 5263 et
1399 5224 1507 5264 non
1528 5210 1842 5279 timuerunt,

268 5316 291 5350 ι
323 5312 513 5366 neque
561 5298 836 5354 sciderunt
886 5300 1205 5354 vestimenta
1256 5314 1355 5355 sua
1407 5316 1503 5356 rex
1547 5309 1604 5356 et
1655 5317 1854 5358 ornnes.

270 5410 289 5443 ι
328 5389 478 5445 servi
505 5389 640 5460 ejus,
666 5390 1346 5459 quiaudieruntuniversos
1358 5407 1636 5448 sermones
1659 5392 1844 5460 istos,»

263 5488 326 5535 et
354 5477 585 5546 reliqua.
643 5477 686 5534 Ο
734 5479 979 5534 miranda
1005 5479 1219 5534 caecitas
1261 5480 1519 5536 humanm
1547 5481 1761 5548 mentis,
1793 5493 1849 5537 et

278 5563 563 5638 stupdnda
593 5570 834 5640 nequitia
874 5570 1111 5626 indurati
1150 5570 1368 5627 cordis!
1405 5567 1507 5635 Qui
1559 5569 1864 5624 debuerant

285 5659 513 5713 litonitis
542 5660 875 5715 salutaribus
904 5661 1223 5730 compnngi,
1249 5663 1315 5715 ad
1351 5671 1698 5731 peccatorum
1726 5673 1860 5716 suo-

280 5765 410 5805 rum
442 5750 834 5818 ptenitentiam,
865 5751 1033 5807 verba
1054 5749 1268 5805 Domini
1297 5755 1349 5805 In
1384 5750 1781 5821 libro-scripta,
1807 5750 1860 5804 in

1958 3309 1978 3344 ι
2013 3291 2091 3346 bit
2117 3298 2316 3345 terram
2346 3291 2504 3354 hanc,
2535 3299 2592 3345 et
2615 3304 2827 3345 cessare
2854 3289 3016 3345 faciet
3043 3305 3107 3345 ex
3143 3289 3230 3352 illa
3259 3289 3536 3344 hominem

1960 3401 1979 3434 ι
2011 3389 2066 3438 et
2084 3382 2408 3454 iumentum.
2438 3380 2729 3452 Propterea
2753 3381 2869 3437 lucc
2896 3381 3028 3438 dicit
3061 3383 3317 3438 Deminus
3342 3391 3539 3438 contra

1959 3490 1978 3526 ι
2009 3471 2255 3527 Joachim
2285 3485 2469 3542 regem
2498 3469 2673 3526 Juda:
2708 3470 2823 3526 Non
2870 3472 2986 3526 erit
3023 3487 3088 3527 ex
3126 3488 3192 3528 eo
3222 3472 3332 3542 quii-
3350 3473 3538 3528 sedeat

1960 3582 1980 3615 ι
2017 3577 2180 3633 super
2205 3561 2398 3618 solium
2429 3561 2619 3627 David,
2653 3569 2708 3617 et
2730 3561 2962 3618 cadaver
2983 3561 3435 3634 eiusnprojicietur
3460 3563 3533 3618 ad

1959 3673 1978 3708 ι
2015 3661 2204 3708 aestum
2248 3668 2346 3724 per
2369 3653 2531 3717 diem,
2564 3660 2624 3707 et
2643 3652 2709 3706 ad
2757 3654 2876 3722 gelu
2923 3669 3020 3725 per
3057 3663 3291 3718 noctem,
3323 3666 3379 3710 et
3408 3655 3536 3710 visi-

1958 3763 1976 3796 ι
2008 3744 2133 3798 tabo
2159 3753 2348 3799 contra
2377 3759 2536 3809 eum,..
2558 3752 2614 3799 et
2659 3755 2846 3799 contra
2872 3759 3054 3800 semen
3087 3745 3225 3815 ejus,
3259 3754 3315 3800 et
3343 3755 3533 3800 contra

1959 3854 1978 3888 ι
2010 3849 2196 3891 servos
2240 3833 2368 3905 ejus
2403 3834 2721 3903 iniquitates
2769 3850 2916 3900 suas,
2969 3844 3024 3889 et
3068 3837 3328 3891 adducam
3368 3852 3532 3907 super

1960 3941 1979 3976 ι
2015 3938 2110 3979 eos
2153 3931 2210 3980 et
2248 3937 2411 3992 super
2449 3921 2782 3977 habitatores
2807 3921 3137 3990 Jerusalem,
3181 3933 3234 3980 et
3263 3939 3427 3994 super
3453 3925 3534 3979 via-

1957 4035 1977 4069 ι
2015 4032 2104 4073 ros
2129 4014 2288 4081 Iuda,
2315 4031 2476 4072 omne
2503 4015 2728 4083 malum,
2757 4017 2902 4087 quod
2930 4018 3159 4074 locutus.
3174 4035 3294 4074 sum
3317 4019 3384 4072 ad
3413 4035 3528 4089 eos,

1957 4127 1976 4160 ι
2006 4115 2060 4163 et
2095 4123 2200 4164 non
2229 4107 2532 4183 audierunt.
2571 4126 2589 4159 ι
2623 4106 2816 4162 Merito
2844 4108 3080 4163 vindicta
3113 4117 3295 4165 secuta
3327 4120 3410 4166 est
3443 4127 3531 4167 re-

1952 4215 2076 4274 gem
2116 4198 2401 4270 perﬁdum,
2447 4207 2508 4253 ut
2549 4198 2641 4269 qui
2674 4215 2951 4256 sermones
2981 4199 3195 4256 Domini
3242 4201 3474 4272 scriptos
3500 4218 3533 4258 a

1950 4293 2211 4364 propheta
2239 4290 2564 4356 combussit,
2592 4289 2646 4344 in
2675 4290 2800 4363 igne
2835 4291 3005 4363 ipsius
3044 4293 3276 4348 cadaver
3298 4295 3528 4364 projice-

1952 4393 2100 4441 retur
2129 4383 2197 4439 ad
2223 4390 2416 4438 aestum
2442 4397 2540 4453 per
2583 4381 2749 4449 diem,
2791 4391 2847 4437 et
2871 4384 2939 4438 ad
2965 4383 3084 4450 gelu
3129 4399 3228 4455 per
3271 4394 3484 4440 noctem
3514 4404 3527 4441 :

1952 4483 2217 4548 quatenus
2242 4482 2430 4529 contra
2457 4487 2578 4529 eum
2617 4481 2674 4528 et
2696 4481 2886 4528 contra
2931 4488 3115 4530 semen
3144 4474 3281 4546 ejus,
3312 4484 3368 4531 et
3395 4493 3528 4532 con-

1952 4580 2034 4624 tra
2080 4583 2267 4624 servos
2309 4566 2427 4638 ejus
2469 4567 2824 4623 visitarentur
2869 4567 3184 4639 iniquitates
3235 4584 3452 4636 eorum,
3474 4581 3531 4625 et

1949 4677 2111 4717 omne
2132 4661 2332 4716 malum
2390 4662 2532 4731 quod
2555 4662 2768 4718 locutus
2787 4671 2873 4717 est
2899 4661 3156 4718 Dominus
3184 4681 3346 4734 super
3376 4667 3529 4720 viros

1947 4751 2104 4818 Juda,
2136 4761 2189 4808 et
2215 4753 2548 4808 habitatores
2580 4751 2878 4809 Jerusalem
2903 4753 3161 4811 velociter
3195 4759 3478 4812 adveniret
3509 4776 3523 4810 :

1949 4856 2010 4901 ut
2032 4847 2365 4912 ostendatur,
2394 4846 2536 4916 quod
2566 4848 3108 4919 quicunqueDomini
3134 4850 3400 4905 mandatis
3433 4865 3520 4903 re-

1950 4937 2108 4992 bellis
2149 4937 2444 5003 exstiterit,
2494 4945 2552 4991 et
2601 4939 2796 4993 durum
2840 4953 2936 4994 cor
2977 4947 3141 5009 atque
3183 4939 3526 5007 impaenitens

1954 5026 2223 5092 habuerit,
2257 5035 2461 5082 certam
2510 5027 2728 5083 ultionis
2772 5028 3066 5084 vindictam
3119 5029 3346 5083 subeat:
3391 5043 3526 5097 quo-

1953 5117 2096 5171 niam
2121 5118 2276 5188 juxta
2330 5117 2479 5172 Pauli
2539 5120 2883 5175 sententiam.
2917 5139 2936 5172 ‹
2994 5121 3124 5186 Quae
3176 5119 3524 5176 seminaverit

1950 5209 2113 5264 homo
2155 5209 2269 5262 haec
2295 5217 2350 5263 et
2393 5215 2592 5274 metet;
2635 5218 2695 5265 et
2734 5212 2824 5281 qui
2871 5217 3103 5265 seminat
3147 5209 3200 5263 in
3241 5225 3421 5274 carne,
3457 5212 3524 5265 de

1951 5315 2115 5356 carne
2159 5308 2325 5354 metet
2353 5301 2793 5371 corruptionem:
2840 5299 2931 5369 qui
2984 5308 3163 5354 autem
3204 5300 3438 5356 seminat
3463 5301 3522 5355 in

1948 5389 2164 5460 spiritu,
2190 5389 2256 5444 de
2282 5389 2473 5458 spiritu
2517 5398 2682 5444 metet
2721 5389 2884 5442 vitam
2924 5397 3202 5444 aeternam.
3233 5409 3251 5442 ι
3286 5388 3392 5445 Sed
3420 5407 3520 5445 no-

1953 5487 2170 5540 tandum
2201 5482 2342 5554 quod
2389 5483 2442 5537 in
2471 5483 2611 5538 libro
2636 5481 3085 5552 Paralipomenon
3115 5482 3333 5554 legitur,
3375 5485 3521 5553 quod

1951 5576 2093 5631 hunc
2141 5573 2386 5630 Joachim
2448 5573 2945 5629 Nabuchodonosor
2992 5590 3088 5630 rex
3143 5574 3519 5632 Chaldaeorum

1951 5666 2191 5720 vinctum
2227 5665 2431 5720 catenis
2468 5665 2682 5720 duxerit
2706 5665 2758 5720 in
2787 5664 3130 5736 Babylonem.
3160 5667 3366 5738 Regum
3396 5683 3525 5724 vero

1950 5757 2086 5812 liber
2126 5767 2311 5812 narrat
2344 5757 2484 5826 quod
2515 5758 2776 5813 dormiret
2819 5756 3063 5815 Joachim
3111 5777 3232 5816 cum
3276 5761 3518 5830 patrihus

3396 363 3542 417 tu7r
3631 338 3636 344 ’
