  <div class='ocr_page' id='page_1' title='image "/cluster/home/n/w/nwhite01/storage/ocr_20150623/111/hvd.32044054759766/541.png"; bbox 0 0 3970 6190; ppageno 0'>
   <div class='ocr_carea' id='block_1_1' title="bbox 462 359 601 414">
    <p class='ocr_par' dir='ltr' id='par_1_1' title="bbox 462 359 601 414">
     <span class='ocr_line' id='line_1_1' title="bbox 462 359 601 414; baseline -0.022 0"><span class='ocrx_word' id='word_1_1' title='bbox 462 360 487 414; x_wconf 74' lang='grc'>1</span> <span class='ocrx_word' id='word_1_2' title='bbox 498 359 601 413; x_wconf 74' lang='lat'><strong>075</strong></span> 
     </span>
    </p>
   </div>
   <div class='ocr_carea' id='block_1_2' title="bbox 1132 359 3081 422">
    <p class='ocr_par' dir='ltr' id='par_1_2' title="bbox 1132 359 3081 422">
     <span class='ocr_line' id='line_1_2' title="bbox 1132 359 3081 422; baseline 0.002 -9"><span class='ocrx_word' id='word_1_3' title='bbox 1132 359 1190 414; x_wconf 78' lang='grc' dir='ltr'><strong>Β.</strong></span> <span class='ocrx_word' id='word_1_4' title='bbox 1233 360 1481 416; x_wconf 72' lang='lat' dir='ltr'><strong>RABANI</strong></span> <span class='ocrx_word' id='word_1_5' title='bbox 1521 361 1736 418; x_wconf 78' lang='lat' dir='ltr'><strong>MAURI</strong></span> <span class='ocrx_word' id='word_1_6' title='bbox 1774 361 2089 418; x_wconf 72' lang='lat' dir='ltr'><strong>AHCHiEP.</strong></span> <span class='ocrx_word' id='word_1_7' title='bbox 2127 362 2433 422; x_wconf 70' lang='lat' dir='ltr'><strong>MOGUNT.</strong></span> <span class='ocrx_word' id='word_1_8' title='bbox 2471 363 2751 422; x_wconf 71' lang='lat' dir='ltr'><strong>OPERUM</strong></span> <span class='ocrx_word' id='word_1_9' title='bbox 2790 362 2969 419; x_wconf 75' lang='lat' dir='ltr'><strong>PARS</strong></span> <span class='ocrx_word' id='word_1_10' title='bbox 2995 363 3081 419; x_wconf 86' lang='grc' dir='ltr'><strong>ιιι.</strong></span> 
     </span>
    </p>
   </div>
   <div class='ocr_carea' id='block_1_3' title="bbox 3556 364 3707 420">
    <p class='ocr_par' dir='ltr' id='par_1_3' title="bbox 3556 364 3707 420">
     <span class='ocr_line' id='line_1_3' title="bbox 3556 364 3707 420; baseline 0.02 -3"><span class='ocrx_word' id='word_1_11' title='bbox 3556 364 3707 420; x_wconf 63' lang='lat'><strong>{07$</strong></span> 
     </span>
    </p>
   </div>
   <div class='ocr_carea' id='block_1_4' title="bbox 458 465 3719 542">
    <p class='ocr_par' dir='ltr' id='par_1_4' title="bbox 458 465 3719 542">
     <span class='ocr_line' id='line_1_4' title="bbox 458 465 3719 542; baseline 0.001 -18"><span class='ocrx_word' id='word_1_12' title='bbox 458 471 594 533; x_wconf 81' lang='lat' dir='ltr'><strong>suis,</strong></span> <span class='ocrx_word' id='word_1_13' title='bbox 618 467 1025 535; x_wconf 77' lang='lat' dir='ltr'><strong>regnaveritquc</strong></span> <span class='ocrx_word' id='word_1_14' title='bbox 1055 465 1301 522; x_wconf 87' lang='lat' dir='ltr'><strong>Ioachim</strong></span> <span class='ocrx_word' id='word_1_15' title='bbox 1332 467 1473 523; x_wconf 91' lang='lat' dir='ltr'><strong>ﬁlius</strong></span> <span class='ocrx_word' id='word_1_16' title='bbox 1506 467 1625 537; x_wconf 88' lang='lat' dir='ltr'><strong>ejus</strong></span> <span class='ocrx_word' id='word_1_17' title='bbox 1654 484 1751 539; x_wconf 88' lang='lat' dir='ltr'><strong>pro</strong></span> <span class='ocrx_word' id='word_1_18' title='bbox 1793 484 1878 524; x_wconf 91' lang='lat' dir='ltr'><strong>eo.</strong></span> <span class='ocrx_word' id='word_1_19' title='bbox 1924 468 2031 525; x_wconf 89' lang='lat' dir='ltr'><strong>Sed</strong></span> <span class='ocrx_word' id='word_1_20' title='bbox 2057 478 2105 533; x_wconf 80' lang='grc' dir='ltr'>Α</span> <span class='ocrx_word' id='word_1_21' title='bbox 2139 489 2157 520; x_wconf 74' lang='grc' dir='ltr'>ι</span> <span class='ocrx_word' id='word_1_22' title='bbox 2190 471 2424 527; x_wconf 88' lang='lat' dir='ltr'><strong>donosor</strong></span> <span class='ocrx_word' id='word_1_23' title='bbox 2438 484 2532 524; x_wconf 85' lang='lat' dir='ltr'><strong>rex</strong></span> <span class='ocrx_word' id='word_1_24' title='bbox 2543 468 2827 542; x_wconf 80' lang='lat' dir='ltr'><strong>Babylonis</strong></span> <span class='ocrx_word' id='word_1_25' title='bbox 2851 470 3068 525; x_wconf 88' lang='lat' dir='ltr'><strong>interra</strong></span> <span class='ocrx_word' id='word_1_26' title='bbox 3087 468 3244 536; x_wconf 88' lang='lat' dir='ltr'><strong>Iuda,</strong></span> <span class='ocrx_word' id='word_1_27' title='bbox 3259 476 3316 525; x_wconf 90' lang='lat' dir='ltr'><strong>et</strong></span> <span class='ocrx_word' id='word_1_28' title='bbox 3331 484 3443 525; x_wconf 90' lang='lat' dir='ltr'><strong>non</strong></span> <span class='ocrx_word' id='word_1_29' title='bbox 3464 470 3719 527; x_wconf 80' lang='lat' dir='ltr'><strong>obedivit</strong></span> 
     </span>
    </p>
   </div>
   <div class='ocr_carea' id='block_1_5' title="bbox 436 541 2035 627">
    <p class='ocr_par' dir='ltr' id='par_1_5' title="bbox 436 541 2035 627">
     <span class='ocr_line' id='line_1_5' title="bbox 436 541 2035 627; baseline 0.001 -14"><span class='ocrx_word' id='word_1_30' title='bbox 436 541 726 627; x_wconf 42' lang='lat' dir='ltr'><strong>&#39;Iosephus</strong></span> <span class='ocrx_word' id='word_1_31' title='bbox 762 555 1224 627; x_wconf 83' lang='lat' dir='ltr'><strong>bistoriographus</strong></span> <span class='ocrx_word' id='word_1_32' title='bbox 1260 555 1566 612; x_wconf 69' lang='lat' dir='ltr'><strong>Iudaeorum</strong></span> <span class='ocrx_word' id='word_1_33' title='bbox 1606 557 1692 613; x_wconf 86' lang='lat' dir='ltr'><strong>his</strong></span> <span class='ocrx_word' id='word_1_34' title='bbox 1732 559 1911 613; x_wconf 86' lang='lat' dir='ltr'><strong>verbis</strong></span> <span class='ocrx_word' id='word_1_35' title='bbox 1946 558 2035 614; x_wconf 86' lang='lat' dir='ltr'><strong>Ie-</strong></span> 
     </span>
    </p>
   </div>
   <div class='ocr_carea' id='block_1_6' title="bbox 457 646 2036 718">
    <p class='ocr_par' dir='ltr' id='par_1_6' title="bbox 457 646 2036 718">
     <span class='ocr_line' id='line_1_6' title="bbox 457 646 2036 718; baseline -0.001 -14"><span class='ocrx_word' id='word_1_36' title='bbox 457 648 646 705; x_wconf 73' lang='lat' dir='ltr'><strong>remia:</strong></span> <span class='ocrx_word' id='word_1_37' title='bbox 689 646 861 717; x_wconf 82' lang='lat' dir='ltr'><strong>magis</strong></span> <span class='ocrx_word' id='word_1_38' title='bbox 900 646 1230 702; x_wconf 84' lang='lat' dir='ltr'><strong>concordare</strong></span> <span class='ocrx_word' id='word_1_39' title='bbox 1278 647 1528 703; x_wconf 89' lang='lat' dir='ltr'><strong>videtur:</strong></span> <span class='ocrx_word' id='word_1_40' title='bbox 1572 662 1820 703; x_wconf 78' lang='lat' dir='ltr'><strong>asserens</strong></span> <span class='ocrx_word' id='word_1_41' title='bbox 1860 648 2036 718; x_wconf 89' lang='lat' dir='ltr'><strong>ipsum</strong></span> 
     </span>
    </p>
   </div>
   <div class='ocr_carea' id='block_1_7' title="bbox 462 735 2033 809">
    <p class='ocr_par' dir='ltr' id='par_1_7' title="bbox 462 735 2033 809">
     <span class='ocr_line' id='line_1_7' title="bbox 462 735 2033 809; baseline 0 -15"><span class='ocrx_word' id='word_1_42' title='bbox 462 738 710 794; x_wconf 79' lang='lat' dir='ltr'><strong>Ioachim</strong></span> <span class='ocrx_word' id='word_1_43' title='bbox 737 744 948 809; x_wconf 87' lang='lat' dir='ltr'><strong>patrem</strong></span> <span class='ocrx_word' id='word_1_44' title='bbox 989 735 1264 793; x_wconf 73' lang='lat' dir='ltr'><strong>Iechonia:</strong></span> <span class='ocrx_word' id='word_1_45' title='bbox 1302 753 1333 791; x_wconf 86' lang='lat' dir='ltr'><strong>a</strong></span> <span class='ocrx_word' id='word_1_46' title='bbox 1381 752 1506 809; x_wconf 85' lang='lat' dir='ltr'><strong>rege</strong></span> <span class='ocrx_word' id='word_1_47' title='bbox 1531 736 1818 808; x_wconf 84' lang='lat' dir='ltr'><strong>Babylonis</strong></span> <span class='ocrx_word' id='word_1_48' title='bbox 1852 738 1905 792; x_wconf 92' lang='lat' dir='ltr'><strong>in</strong></span> <span class='ocrx_word' id='word_1_49' title='bbox 1942 736 2033 794; x_wconf 88' lang='lat' dir='ltr'><strong>Ie-</strong></span> 
     </span>
    </p>
   </div>
   <div class='ocr_carea' id='block_1_8' title="bbox 462 826 2035 901">
    <p class='ocr_par' dir='ltr' id='par_1_8' title="bbox 462 826 2035 901">
     <span class='ocr_line' id='line_1_8' title="bbox 462 826 2035 901; baseline -0.003 -17"><span class='ocrx_word' id='word_1_50' title='bbox 462 829 696 884; x_wconf 86' lang='lat' dir='ltr'><strong>rusalem</strong></span> <span class='ocrx_word' id='word_1_51' title='bbox 726 826 895 887; x_wconf 86' lang='lat' dir='ltr'><strong>fuisse</strong></span> <span class='ocrx_word' id='word_1_52' title='bbox 922 826 1287 892; x_wconf 80' lang='lat' dir='ltr'><strong>interfectum,</strong></span> <span class='ocrx_word' id='word_1_53' title='bbox 1327 842 1432 882; x_wconf 86' lang='lat' dir='ltr'><strong>non</strong></span> <span class='ocrx_word' id='word_1_54' title='bbox 1456 828 1727 897; x_wconf 89' lang='lat' dir='ltr'><strong>captivum</strong></span> <span class='ocrx_word' id='word_1_55' title='bbox 1763 827 1816 882; x_wconf 91' lang='lat' dir='ltr'><strong>in</strong></span> <span class='ocrx_word' id='word_1_56' title='bbox 1857 826 2035 901; x_wconf 80' lang='lat' dir='ltr'><strong>Baby-</strong></span> 
     </span>
    </p>
   </div>
   <div class='ocr_carea' id='block_1_9' title="bbox 461 915 2036 986">
    <p class='ocr_par' dir='ltr' id='par_1_9' title="bbox 461 915 2036 986">
     <span class='ocr_line' id='line_1_9' title="bbox 461 915 2036 986; baseline 0.001 -15"><span class='ocrx_word' id='word_1_57' title='bbox 461 918 637 973; x_wconf 87' lang='lat' dir='ltr'><strong>lonem</strong></span> <span class='ocrx_word' id='word_1_58' title='bbox 658 915 901 983; x_wconf 83' lang='lat' dir='ltr'><strong>ductum,</strong></span> <span class='ocrx_word' id='word_1_59' title='bbox 937 917 1029 986; x_wconf 87' lang='lat' dir='ltr'><strong>qui</strong></span> <span class='ocrx_word' id='word_1_60' title='bbox 1070 916 1125 971; x_wconf 91' lang='lat' dir='ltr'><strong>in</strong></span> <span class='ocrx_word' id='word_1_61' title='bbox 1153 917 1361 973; x_wconf 89' lang='lat' dir='ltr'><strong>decimo</strong></span> <span class='ocrx_word' id='word_1_62' title='bbox 1392 915 1788 986; x_wconf 85' lang='lat' dir='ltr'><strong>Antiquitatum</strong></span> <span class='ocrx_word' id='word_1_63' title='bbox 1815 933 2036 973; x_wconf 89' lang='lat' dir='ltr'><strong>suarum</strong></span> 
     </span>
    </p>
   </div>
   <div class='ocr_carea' id='block_1_10' title="bbox 464 1006 2038 1079">
    <p class='ocr_par' dir='ltr' id='par_1_10' title="bbox 464 1006 2038 1079">
     <span class='ocr_line' id='line_1_10' title="bbox 464 1006 2038 1079; baseline 0.001 -15"><span class='ocrx_word' id='word_1_64' title='bbox 464 1009 605 1064; x_wconf 87' lang='lat' dir='ltr'><strong>libro</strong></span> <span class='ocrx_word' id='word_1_65' title='bbox 632 1009 705 1064; x_wconf 88' lang='lat' dir='ltr'><strong>ita</strong></span> <span class='ocrx_word' id='word_1_66' title='bbox 730 1006 917 1073; x_wconf 86' lang='lat' dir='ltr'><strong>refert,</strong></span> <span class='ocrx_word' id='word_1_67' title='bbox 943 1007 1170 1064; x_wconf 89' lang='lat' dir='ltr'><strong>dicens:</strong></span> <span class='ocrx_word' id='word_1_68' title='bbox 1206 1007 1343 1061; x_wconf 88' lang='lat' dir='ltr'><strong>Dum</strong></span> <span class='ocrx_word' id='word_1_69' title='bbox 1383 1022 1478 1062; x_wconf 89' lang='lat' dir='ltr'><strong>rex</strong></span> <span class='ocrx_word' id='word_1_70' title='bbox 1516 1007 2038 1079; x_wconf 81' lang='lat' dir='ltr'><strong>Babyloniaeintras—</strong></span> 
     </span>
    </p>
   </div>
   <div class='ocr_carea' id='block_1_11' title="bbox 464 1097 2039 1169">
    <p class='ocr_par' dir='ltr' id='par_1_11' title="bbox 464 1097 2039 1169">
     <span class='ocr_line' id='line_1_11' title="bbox 464 1097 2039 1169; baseline -0.003 -11"><span class='ocrx_word' id='word_1_71' title='bbox 464 1109 549 1159; x_wconf 90' lang='lat' dir='ltr'><strong>set</strong></span> <span class='ocrx_word' id='word_1_72' title='bbox 569 1101 623 1156; x_wconf 90' lang='lat' dir='ltr'><strong>in</strong></span> <span class='ocrx_word' id='word_1_73' title='bbox 651 1100 948 1164; x_wconf 89' lang='lat' dir='ltr'><strong>civitatem,</strong></span> <span class='ocrx_word' id='word_1_74' title='bbox 983 1099 1142 1154; x_wconf 89' lang='lat' dir='ltr'><strong>ﬁdem</strong></span> <span class='ocrx_word' id='word_1_75' title='bbox 1168 1113 1510 1169; x_wconf 78' lang='lat' dir='ltr'><strong>nequaquam</strong></span> <span class='ocrx_word' id='word_1_76' title='bbox 1538 1099 1790 1164; x_wconf 89' lang='lat' dir='ltr'><strong>servavit,</strong></span> <span class='ocrx_word' id='word_1_77' title='bbox 1833 1099 1927 1154; x_wconf 88' lang='lat' dir='ltr'><strong>sed</strong></span> <span class='ocrx_word' id='word_1_78' title='bbox 1950 1097 2039 1168; x_wconf 89' lang='lat' dir='ltr'><strong>ju-</strong></span> 
     </span>
    </p>
   </div>
   <div class='ocr_carea' id='block_1_12' title="bbox 469 1186 2038 1258">
    <p class='ocr_par' dir='ltr' id='par_1_12' title="bbox 469 1186 2038 1258">
     <span class='ocr_line' id='line_1_12' title="bbox 469 1186 2038 1258; baseline -0.001 -12"><span class='ocrx_word' id='word_1_79' title='bbox 469 1205 635 1246; x_wconf 87' lang='lat' dir='ltr'><strong>venes</strong></span> <span class='ocrx_word' id='word_1_80' title='bbox 678 1187 1000 1243; x_wconf 88' lang='lat' dir='ltr'><strong>fortissimos</strong></span> <span class='ocrx_word' id='word_1_81' title='bbox 1040 1195 1094 1242; x_wconf 88' lang='lat' dir='ltr'><strong>et</strong></span> <span class='ocrx_word' id='word_1_82' title='bbox 1127 1186 1525 1258; x_wconf 67' lang='lat' dir='ltr'><strong>pulchritudine</strong></span> <span class='ocrx_word' id='word_1_83' title='bbox 1553 1188 1777 1243; x_wconf 88' lang='lat' dir='ltr'><strong>decoros</strong></span> <span class='ocrx_word' id='word_1_84' title='bbox 1825 1188 2038 1245; x_wconf 88' lang='lat' dir='ltr'><strong>Ieroso—</strong></span> 
     </span>
    </p>
   </div>
   <div class='ocr_carea' id='block_1_13' title="bbox 466 1278 2039 1353">
    <p class='ocr_par' dir='ltr' id='par_1_13' title="bbox 466 1278 2039 1353">
     <span class='ocr_line' id='line_1_13' title="bbox 466 1278 2039 1353; baseline -0.003 -16"><span class='ocrx_word' id='word_1_85' title='bbox 466 1283 853 1353; x_wconf 82' lang='lat' dir='ltr'><strong>lymitanorum</strong></span> <span class='ocrx_word' id='word_1_86' title='bbox 890 1280 1088 1337; x_wconf 81' lang='lat' dir='ltr'><strong>occidit</strong></span> <span class='ocrx_word' id='word_1_87' title='bbox 1123 1296 1229 1335; x_wconf 88' lang='lat' dir='ltr'><strong>una</strong></span> <span class='ocrx_word' id='word_1_88' title='bbox 1269 1295 1393 1335; x_wconf 91' lang='lat' dir='ltr'><strong>cum</strong></span> <span class='ocrx_word' id='word_1_89' title='bbox 1420 1294 1546 1351; x_wconf 86' lang='lat' dir='ltr'><strong>rege</strong></span> <span class='ocrx_word' id='word_1_90' title='bbox 1586 1278 1850 1347; x_wconf 88' lang='lat' dir='ltr'><strong>Ioachim,</strong></span> <span class='ocrx_word' id='word_1_91' title='bbox 1877 1294 2039 1349; x_wconf 84' lang='lat' dir='ltr'><strong>quem</strong></span> 
     </span>
    </p>
   </div>
   <div class='ocr_carea' id='block_1_14' title="bbox 466 1368 2039 1440">
    <p class='ocr_par' dir='ltr' id='par_1_14' title="bbox 466 1368 2039 1440">
     <span class='ocr_line' id='line_1_14' title="bbox 466 1368 2039 1440; baseline -0.002 -13"><span class='ocrx_word' id='word_1_92' title='bbox 466 1373 628 1428; x_wconf 88' lang='lat' dir='ltr'><strong>etiam</strong></span> <span class='ocrx_word' id='word_1_93' title='bbox 665 1378 792 1426; x_wconf 90' lang='lat' dir='ltr'><strong>ante</strong></span> <span class='ocrx_word' id='word_1_94' title='bbox 813 1385 997 1425; x_wconf 87' lang='lat' dir='ltr'><strong>muros</strong></span> <span class='ocrx_word' id='word_1_95' title='bbox 1039 1368 1365 1440; x_wconf 85' lang='lat' dir='ltr'><strong>insepultum</strong></span> <span class='ocrx_word' id='word_1_96' title='bbox 1406 1370 1595 1439; x_wconf 87' lang='lat' dir='ltr'><strong>projici</strong></span> <span class='ocrx_word' id='word_1_97' title='bbox 1630 1368 1813 1438; x_wconf 88' lang='lat' dir='ltr'><strong>jussit.</strong></span> <span class='ocrx_word' id='word_1_98' title='bbox 1845 1369 2039 1424; x_wconf 83' lang='lat' dir='ltr'><strong>Filium</strong></span> 
     </span>
    </p>
   </div>
   <div class='ocr_carea' id='block_1_15' title="bbox 464 1458 2041 1531">
    <p class='ocr_par' dir='ltr' id='par_1_15' title="bbox 464 1458 2041 1531">
     <span class='ocr_line' id='line_1_15' title="bbox 464 1458 2041 1531; baseline -0.002 -16"><span class='ocrx_word' id='word_1_99' title='bbox 464 1476 594 1516; x_wconf 93' lang='lat' dir='ltr'><strong>vero</strong></span> <span class='ocrx_word' id='word_1_100' title='bbox 622 1460 738 1531; x_wconf 84' lang='lat' dir='ltr'><strong>ejus</strong></span> <span class='ocrx_word' id='word_1_101' title='bbox 779 1458 1023 1516; x_wconf 80' lang='lat' dir='ltr'><strong>Ioachim</strong></span> <span class='ocrx_word' id='word_1_102' title='bbox 1063 1459 1348 1514; x_wconf 72' lang='lat' dir='ltr'><strong>constituit</strong></span> <span class='ocrx_word' id='word_1_103' title='bbox 1395 1473 1575 1530; x_wconf 89' lang='lat' dir='ltr'><strong>regem</strong></span> <span class='ocrx_word' id='word_1_104' title='bbox 1616 1459 1880 1513; x_wconf 65' lang='lat' dir='ltr'><strong>universa</strong></span> <span class='ocrx_word' id='word_1_105' title='bbox 1918 1473 2041 1528; x_wconf 84' lang='lat' dir='ltr'><strong>pro-</strong></span> 
     </span>
    </p>
   </div>
   <div class='ocr_carea' id='block_1_16' title="bbox 468 1547 2042 1618">
    <p class='ocr_par' dir='ltr' id='par_1_16' title="bbox 468 1547 2042 1618">
     <span class='ocr_line' id='line_1_16' title="bbox 468 1547 2042 1618; baseline -0.001 -15"><span class='ocrx_word' id='word_1_106' title='bbox 468 1550 674 1605; x_wconf 63' lang='lat' dir='ltr'><strong>vinciat.</strong></span> <span class='ocrx_word' id='word_1_107' title='bbox 704 1549 812 1605; x_wconf 84' lang='lat' dir='ltr'><strong>Eos</strong></span> <span class='ocrx_word' id='word_1_108' title='bbox 837 1557 1036 1614; x_wconf 89' lang='lat' dir='ltr'><strong>autem,</strong></span> <span class='ocrx_word' id='word_1_109' title='bbox 1075 1548 1168 1618; x_wconf 91' lang='lat' dir='ltr'><strong>qui</strong></span> <span class='ocrx_word' id='word_1_110' title='bbox 1194 1556 1351 1602; x_wconf 91' lang='lat' dir='ltr'><strong>erant</strong></span> <span class='ocrx_word' id='word_1_111' title='bbox 1372 1548 1425 1602; x_wconf 93' lang='lat' dir='ltr'><strong>in</strong></span> <span class='ocrx_word' id='word_1_112' title='bbox 1467 1547 1818 1618; x_wconf 73' lang='lat' dir='ltr'><strong>dignitatibus</strong></span> <span class='ocrx_word' id='word_1_113' title='bbox 1840 1548 2042 1603; x_wconf 84' lang='lat' dir='ltr'><strong>consti-</strong></span> 
     </span>
    </p>
   </div>
   <div class='ocr_carea' id='block_1_17' title="bbox 465 1636 2039 1708">
    <p class='ocr_par' dir='ltr' id='par_1_17' title="bbox 465 1636 2039 1708">
     <span class='ocr_line' id='line_1_17' title="bbox 465 1636 2039 1708; baseline -0.004 -11"><span class='ocrx_word' id='word_1_114' title='bbox 465 1641 585 1708; x_wconf 87' lang='lat' dir='ltr'><strong>tuti,</strong></span> <span class='ocrx_word' id='word_1_115' title='bbox 609 1655 831 1696; x_wconf 87' lang='lat' dir='ltr'><strong>numero</strong></span> <span class='ocrx_word' id='word_1_116' title='bbox 854 1639 957 1695; x_wconf 82' lang='lat' dir='ltr'><strong>tria</strong></span> <span class='ocrx_word' id='word_1_117' title='bbox 983 1638 1146 1694; x_wconf 82' lang='lat' dir='ltr'><strong>millia</strong></span> <span class='ocrx_word' id='word_1_118' title='bbox 1174 1638 1413 1708; x_wconf 88' lang='lat' dir='ltr'><strong>captivos</strong></span> <span class='ocrx_word' id='word_1_119' title='bbox 1432 1637 1645 1693; x_wconf 89' lang='lat' dir='ltr'><strong>induxit</strong></span> <span class='ocrx_word' id='word_1_120' title='bbox 1668 1636 2039 1707; x_wconf 81' lang='lat' dir='ltr'><strong>Babyloniam,</strong></span> 
     </span>
    </p>
   </div>
   <div class='ocr_carea' id='block_1_18' title="bbox 465 1726 2041 1800">
    <p class='ocr_par' dir='ltr' id='par_1_18' title="bbox 465 1726 2041 1800">
     <span class='ocr_line' id='line_1_18' title="bbox 465 1726 2041 1800; baseline -0.004 -16"><span class='ocrx_word' id='word_1_121' title='bbox 465 1730 607 1789; x_wconf 91' lang='lat' dir='ltr'><strong>inter</strong></span> <span class='ocrx_word' id='word_1_122' title='bbox 630 1744 766 1800; x_wconf 87' lang='lat' dir='ltr'><strong>quos</strong></span> <span class='ocrx_word' id='word_1_123' title='bbox 790 1738 908 1784; x_wconf 88' lang='lat' dir='ltr'><strong>erat</strong></span> <span class='ocrx_word' id='word_1_124' title='bbox 938 1729 1199 1799; x_wconf 88' lang='lat' dir='ltr'><strong>propheta</strong></span> <span class='ocrx_word' id='word_1_125' title='bbox 1236 1726 1508 1792; x_wconf 86' lang='lat' dir='ltr'><strong>Ezechiel,</strong></span> <span class='ocrx_word' id='word_1_126' title='bbox 1538 1742 1661 1783; x_wconf 91' lang='lat' dir='ltr'><strong>cum</strong></span> <span class='ocrx_word' id='word_1_127' title='bbox 1692 1734 1836 1782; x_wconf 84' lang='lat' dir='ltr'><strong>esset</strong></span> <span class='ocrx_word' id='word_1_128' title='bbox 1864 1726 2041 1780; x_wconf 88' lang='lat' dir='ltr'><strong>adhuc</strong></span> 
     </span>
    </p>
   </div>
   <div class='ocr_carea' id='block_1_19' title="bbox 2139 557 3716 630">
    <p class='ocr_par' dir='ltr' id='par_1_19' title="bbox 2139 557 3716 630">
     <span class='ocr_line' id='line_1_19' title="bbox 2139 557 3716 630; baseline 0.003 -18"><span class='ocrx_word' id='word_1_129' title='bbox 2139 579 2158 612; x_wconf 77' lang='grc' dir='ltr'>ι</span> <span class='ocrx_word' id='word_1_130' title='bbox 2197 561 2312 630; x_wconf 86' lang='lat' dir='ltr'><strong>ipse</strong></span> <span class='ocrx_word' id='word_1_131' title='bbox 2330 569 2383 615; x_wconf 91' lang='lat' dir='ltr'><strong>et</strong></span> <span class='ocrx_word' id='word_1_132' title='bbox 2416 560 2557 615; x_wconf 83' lang='lat' dir='ltr'><strong>servi</strong></span> <span class='ocrx_word' id='word_1_133' title='bbox 2581 558 2718 629; x_wconf 85' lang='lat' dir='ltr'><strong>ejus,</strong></span> <span class='ocrx_word' id='word_1_134' title='bbox 2741 567 2795 614; x_wconf 90' lang='lat' dir='ltr'><strong>et</strong></span> <span class='ocrx_word' id='word_1_135' title='bbox 2815 557 3041 629; x_wconf 86' lang='lat' dir='ltr'><strong>populus</strong></span> <span class='ocrx_word' id='word_1_136' title='bbox 3070 566 3231 614; x_wconf 68' lang='lat' dir='ltr'><strong>terrae</strong></span> <span class='ocrx_word' id='word_1_137' title='bbox 3256 559 3441 614; x_wconf 88' lang='lat' dir='ltr'><strong>verbis</strong></span> <span class='ocrx_word' id='word_1_138' title='bbox 3467 559 3716 626; x_wconf 83' lang='lat' dir='ltr'><strong>Domini,</strong></span> 
     </span>
    </p>
   </div>
   <div class='ocr_carea' id='block_1_20' title="bbox 2140 645 3710 721">
    <p class='ocr_par' dir='ltr' id='par_1_20' title="bbox 2140 645 3710 721">
     <span class='ocr_line' id='line_1_20' title="bbox 2140 645 3710 721; baseline 0 -18"><span class='ocrx_word' id='word_1_139' title='bbox 2140 673 2161 703; x_wconf 77' lang='grc' dir='ltr'>ι</span> <span class='ocrx_word' id='word_1_140' title='bbox 2196 665 2317 721; x_wconf 69' lang='lat' dir='ltr'><strong>quae</strong></span> <span class='ocrx_word' id='word_1_141' title='bbox 2364 650 2573 705; x_wconf 90' lang='lat' dir='ltr'><strong>locutus</strong></span> <span class='ocrx_word' id='word_1_142' title='bbox 2612 658 2699 705; x_wconf 87' lang='lat' dir='ltr'><strong>est</strong></span> <span class='ocrx_word' id='word_1_143' title='bbox 2741 648 2795 704; x_wconf 93' lang='lat' dir='ltr'><strong>in</strong></span> <span class='ocrx_word' id='word_1_144' title='bbox 2848 663 3012 703; x_wconf 88' lang='lat' dir='ltr'><strong>manu</strong></span> <span class='ocrx_word' id='word_1_145' title='bbox 3053 645 3302 703; x_wconf 62' lang='lat' dir='ltr'><strong>Ieremia</strong></span> <span class='ocrx_word' id='word_1_146' title='bbox 3344 648 3655 719; x_wconf 64' lang='lat' dir='ltr'><strong>propheta.</strong></span> <span class='ocrx_word' id='word_1_147' title='bbox 3688 668 3710 703; x_wconf 73' lang='grc' dir='ltr'><strong>ο</strong></span> 
     </span>
    </p>
   </div>
   <div class='ocr_carea' id='block_1_21' title="bbox 2135 736 3717 812">
    <p class='ocr_par' dir='ltr' id='par_1_21' title="bbox 2135 736 3717 812">
     <span class='ocr_line' id='line_1_21' title="bbox 2135 736 3717 812; baseline 0 -18"><span class='ocrx_word' id='word_1_148' title='bbox 2135 739 2425 812; x_wconf 49' lang='lat' dir='ltr'><strong>(Mannum)</strong></span> <span class='ocrx_word' id='word_1_149' title='bbox 2453 738 2607 807; x_wconf 85' lang='lat' dir='ltr'><strong>Quod</strong></span> <span class='ocrx_word' id='word_1_150' title='bbox 2650 737 2905 794; x_wconf 85' lang='lat' dir='ltr'><strong>Sedecias</strong></span> <span class='ocrx_word' id='word_1_151' title='bbox 2929 747 3053 808; x_wconf 89' lang='lat' dir='ltr'><strong>post</strong></span> <span class='ocrx_word' id='word_1_152' title='bbox 3077 736 3354 805; x_wconf 84' lang='lat' dir='ltr'><strong>Ioaehim,</strong></span> <span class='ocrx_word' id='word_1_153' title='bbox 3385 740 3484 809; x_wconf 88' lang='lat' dir='ltr'><strong>qui</strong></span> <span class='ocrx_word' id='word_1_154' title='bbox 3510 754 3717 812; x_wconf 81' lang='lat' dir='ltr'><strong>cogno-</strong></span> 
     </span>
    </p>
   </div>
   <div class='ocr_carea' id='block_1_22' title="bbox 2135 827 3720 899">
    <p class='ocr_par' dir='ltr' id='par_1_22' title="bbox 2135 827 3720 899">
     <span class='ocr_line' id='line_1_22' title="bbox 2135 827 3720 899; baseline 0 -15"><span class='ocrx_word' id='word_1_155' title='bbox 2135 829 2370 885; x_wconf 86' lang='lat' dir='ltr'><strong>minatus</strong></span> <span class='ocrx_word' id='word_1_156' title='bbox 2397 837 2481 885; x_wconf 90' lang='lat' dir='ltr'><strong>est</strong></span> <span class='ocrx_word' id='word_1_157' title='bbox 2499 827 2810 894; x_wconf 85' lang='lat' dir='ltr'><strong>Iechonias,</strong></span> <span class='ocrx_word' id='word_1_158' title='bbox 2841 828 3149 899; x_wconf 74' lang='lat' dir='ltr'><strong>regnaverit</strong></span> <span class='ocrx_word' id='word_1_159' title='bbox 3177 842 3371 883; x_wconf 83' lang='lat' dir='ltr'><strong>novem</strong></span> <span class='ocrx_word' id='word_1_160' title='bbox 3396 829 3581 893; x_wconf 79' lang='lat' dir='ltr'><strong>annis,</strong></span> <span class='ocrx_word' id='word_1_161' title='bbox 3608 845 3720 884; x_wconf 83' lang='lat' dir='ltr'><strong>non</strong></span> 
     </span>
    </p>
   </div>
   <div class='ocr_carea' id='block_1_23' title="bbox 2136 916 3720 989">
    <p class='ocr_par' dir='ltr' id='par_1_23' title="bbox 2136 916 3720 989">
     <span class='ocr_line' id='line_1_23' title="bbox 2136 916 3720 989; baseline -0.002 -13"><span class='ocrx_word' id='word_1_162' title='bbox 2136 919 2308 976; x_wconf 85' lang='lat' dir='ltr'><strong>solum</strong></span> <span class='ocrx_word' id='word_1_163' title='bbox 2349 918 2629 985; x_wconf 80' lang='lat' dir='ltr'><strong>Ieremias,</strong></span> <span class='ocrx_word' id='word_1_164' title='bbox 2657 918 2752 974; x_wconf 90' lang='lat' dir='ltr'><strong>sed</strong></span> <span class='ocrx_word' id='word_1_165' title='bbox 2789 917 2927 973; x_wconf 87' lang='lat' dir='ltr'><strong>liber</strong></span> <span class='ocrx_word' id='word_1_166' title='bbox 2953 916 3161 989; x_wconf 82' lang='lat' dir='ltr'><strong>Regum</strong></span> <span class='ocrx_word' id='word_1_167' title='bbox 3183 926 3237 972; x_wconf 90' lang='lat' dir='ltr'><strong>et</strong></span> <span class='ocrx_word' id='word_1_168' title='bbox 3276 917 3454 974; x_wconf 80' lang='lat' dir='ltr'><strong>Verba</strong></span> <span class='ocrx_word' id='word_1_169' title='bbox 3500 918 3720 974; x_wconf 86' lang='lat' dir='ltr'><strong>dierum</strong></span> 
     </span>
    </p>
   </div>
   <div class='ocr_carea' id='block_1_24' title="bbox 2136 1005 3705 1079">
    <p class='ocr_par' dir='ltr' id='par_1_24' title="bbox 2136 1005 3705 1079">
     <span class='ocr_line' id='line_1_24' title="bbox 2136 1005 3705 1079; baseline -0.002 -14"><span class='ocrx_word' id='word_1_170' title='bbox 2136 1017 2360 1065; x_wconf 87' lang='lat' dir='ltr'><strong>narrant</strong></span> <span class='ocrx_word' id='word_1_171' title='bbox 2388 1027 2401 1061; x_wconf 89' lang='lat'><strong>:</strong></span> <span class='ocrx_word' id='word_1_172' title='bbox 2427 1007 2692 1077; x_wconf 83' lang='lat' dir='ltr'><strong>siquidem</strong></span> <span class='ocrx_word' id='word_1_173' title='bbox 2735 1014 2860 1077; x_wconf 90' lang='lat' dir='ltr'><strong>post</strong></span> <span class='ocrx_word' id='word_1_174' title='bbox 2876 1005 3077 1063; x_wconf 85' lang='lat' dir='ltr'><strong>Iosiam</strong></span> <span class='ocrx_word' id='word_1_175' title='bbox 3104 1015 3312 1079; x_wconf 86' lang='lat' dir='ltr'><strong>patrem</strong></span> <span class='ocrx_word' id='word_1_176' title='bbox 3348 1007 3471 1078; x_wconf 87' lang='lat' dir='ltr'><strong>ejus</strong></span> <span class='ocrx_word' id='word_1_177' title='bbox 3511 1022 3705 1077; x_wconf 82' lang='lat' dir='ltr'><strong>regna-</strong></span> 
     </span>
    </p>
   </div>
   <div class='ocr_carea' id='block_1_25' title="bbox 2135 1097 3717 1169">
    <p class='ocr_par' dir='ltr' id='par_1_25' title="bbox 2135 1097 3717 1169">
     <span class='ocr_line' id='line_1_25' title="bbox 2135 1097 3717 1169; baseline -0.002 -14"><span class='ocrx_word' id='word_1_178' title='bbox 2135 1101 2214 1155; x_wconf 90' lang='lat' dir='ltr'><strong>vit</strong></span> <span class='ocrx_word' id='word_1_179' title='bbox 2258 1099 2495 1157; x_wconf 79' lang='lat' dir='ltr'><strong>Ioachaz</strong></span> <span class='ocrx_word' id='word_1_180' title='bbox 2547 1099 2824 1155; x_wconf 85' lang='lat' dir='ltr'><strong>mensibus</strong></span> <span class='ocrx_word' id='word_1_181' title='bbox 2858 1097 3055 1165; x_wconf 89' lang='lat' dir='ltr'><strong>tribus,</strong></span> <span class='ocrx_word' id='word_1_182' title='bbox 3098 1106 3220 1168; x_wconf 87' lang='lat' dir='ltr'><strong>post</strong></span> <span class='ocrx_word' id='word_1_183' title='bbox 3246 1113 3426 1169; x_wconf 72' lang='lat' dir='ltr'><strong>quem</strong></span> <span class='ocrx_word' id='word_1_184' title='bbox 3453 1098 3717 1164; x_wconf 84' lang='lat' dir='ltr'><strong>Eliacim,</strong></span> 
     </span>
    </p>
   </div>
   <div class='ocr_carea' id='block_1_26' title="bbox 2136 1188 3719 1262">
    <p class='ocr_par' dir='ltr' id='par_1_26' title="bbox 2136 1188 3719 1262">
     <span class='ocr_line' id='line_1_26' title="bbox 2136 1188 3719 1262; baseline 0.001 -17"><span class='ocrx_word' id='word_1_185' title='bbox 2136 1191 2229 1262; x_wconf 92' lang='lat' dir='ltr'><strong>qui</strong></span> <span class='ocrx_word' id='word_1_186' title='bbox 2257 1201 2312 1247; x_wconf 89' lang='lat' dir='ltr'><strong>et</strong></span> <span class='ocrx_word' id='word_1_187' title='bbox 2352 1189 2598 1246; x_wconf 91' lang='lat' dir='ltr'><strong>Ioacbim</strong></span> <span class='ocrx_word' id='word_1_188' title='bbox 2627 1188 2803 1251; x_wconf 90' lang='lat' dir='ltr'><strong>frater</strong></span> <span class='ocrx_word' id='word_1_189' title='bbox 2830 1189 2949 1260; x_wconf 90' lang='lat' dir='ltr'><strong>ejus</strong></span> <span class='ocrx_word' id='word_1_190' title='bbox 2977 1190 3136 1245; x_wconf 89' lang='lat' dir='ltr'><strong>annis</strong></span> <span class='ocrx_word' id='word_1_191' title='bbox 3160 1204 3375 1246; x_wconf 85' lang='lat' dir='ltr'><strong>novem.</strong></span> <span class='ocrx_word' id='word_1_192' title='bbox 3404 1189 3544 1246; x_wconf 83' lang='lat' dir='ltr'><strong>Post</strong></span> <span class='ocrx_word' id='word_1_193' title='bbox 3573 1191 3719 1247; x_wconf 84' lang='lat' dir='ltr'><strong>hunc</strong></span> 
     </span>
    </p>
   </div>
   <div class='ocr_carea' id='block_1_27' title="bbox 2136 1275 3720 1351">
    <p class='ocr_par' dir='ltr' id='par_1_27' title="bbox 2136 1275 3720 1351">
     <span class='ocr_line' id='line_1_27' title="bbox 2136 1275 3720 1351; baseline 0.001 -18"><span class='ocrx_word' id='word_1_194' title='bbox 2136 1294 2349 1351; x_wconf 88' lang='lat' dir='ltr'><strong>quoque</strong></span> <span class='ocrx_word' id='word_1_195' title='bbox 2377 1276 2622 1334; x_wconf 89' lang='lat' dir='ltr'><strong>Ioachim</strong></span> <span class='ocrx_word' id='word_1_196' title='bbox 2661 1277 2802 1333; x_wconf 90' lang='lat' dir='ltr'><strong>ﬁlius</strong></span> <span class='ocrx_word' id='word_1_197' title='bbox 2829 1275 3075 1333; x_wconf 90' lang='lat' dir='ltr'><strong>Ioachim</strong></span> <span class='ocrx_word' id='word_1_198' title='bbox 3110 1278 3391 1334; x_wconf 83' lang='lat' dir='ltr'><strong>mensibus</strong></span> <span class='ocrx_word' id='word_1_199' title='bbox 3431 1278 3612 1333; x_wconf 84' lang='lat' dir='ltr'><strong>tribus</strong></span> <span class='ocrx_word' id='word_1_200' title='bbox 3664 1288 3720 1334; x_wconf 86' lang='lat' dir='ltr'><strong>et</strong></span> 
     </span>
    </p>
   </div>
   <div class='ocr_carea' id='block_1_28' title="bbox 2138 1368 3721 1442">
    <p class='ocr_par' dir='ltr' id='par_1_28' title="bbox 2138 1368 3721 1442">
     <span class='ocr_line' id='line_1_28' title="bbox 2138 1368 3721 1442; baseline -0.003 -13"><span class='ocrx_word' id='word_1_201' title='bbox 2138 1372 2325 1429; x_wconf 89' lang='lat' dir='ltr'><strong>diebus</strong></span> <span class='ocrx_word' id='word_1_202' title='bbox 2357 1370 2566 1437; x_wconf 88' lang='lat' dir='ltr'><strong>decem,</strong></span> <span class='ocrx_word' id='word_1_203' title='bbox 2595 1378 2717 1442; x_wconf 91' lang='lat' dir='ltr'><strong>post</strong></span> <span class='ocrx_word' id='word_1_204' title='bbox 2742 1384 2902 1439; x_wconf 85' lang='lat' dir='ltr'><strong>quem</strong></span> <span class='ocrx_word' id='word_1_205' title='bbox 2931 1368 3187 1426; x_wconf 89' lang='lat' dir='ltr'><strong>Sedecias</strong></span> <span class='ocrx_word' id='word_1_206' title='bbox 3212 1378 3443 1440; x_wconf 87' lang='lat' dir='ltr'><strong>patruus</strong></span> <span class='ocrx_word' id='word_1_207' title='bbox 3484 1368 3631 1439; x_wconf 84' lang='lat' dir='ltr'><strong>ejus,</strong></span> <span class='ocrx_word' id='word_1_208' title='bbox 3660 1378 3721 1424; x_wconf 86' lang='lat' dir='ltr'><strong>ut</strong></span> 
     </span>
    </p>
   </div>
   <div class='ocr_carea' id='block_1_29' title="bbox 2139 1458 3718 1530">
    <p class='ocr_par' dir='ltr' id='par_1_29' title="bbox 2139 1458 3718 1530">
     <span class='ocr_line' id='line_1_29' title="bbox 2139 1458 3718 1530; baseline -0.001 -14"><span class='ocrx_word' id='word_1_209' title='bbox 2139 1460 2370 1517; x_wconf 83' lang='lat' dir='ltr'><strong>diximus</strong></span> <span class='ocrx_word' id='word_1_210' title='bbox 2393 1460 2550 1515; x_wconf 87' lang='lat' dir='ltr'><strong>annis</strong></span> <span class='ocrx_word' id='word_1_211' title='bbox 2582 1473 2795 1526; x_wconf 90' lang='lat' dir='ltr'><strong>novem,</strong></span> <span class='ocrx_word' id='word_1_212' title='bbox 2822 1458 2916 1514; x_wconf 89' lang='lat' dir='ltr'><strong>sed</strong></span> <span class='ocrx_word' id='word_1_213' title='bbox 2934 1474 3122 1514; x_wconf 89' lang='lat' dir='ltr'><strong>omnes</strong></span> <span class='ocrx_word' id='word_1_214' title='bbox 3149 1458 3206 1513; x_wconf 89' lang='lat' dir='ltr'><strong>hi</strong></span> <span class='ocrx_word' id='word_1_215' title='bbox 3223 1458 3393 1529; x_wconf 91' lang='lat' dir='ltr'><strong>iniqui</strong></span> <span class='ocrx_word' id='word_1_216' title='bbox 3419 1467 3475 1513; x_wconf 91' lang='lat' dir='ltr'><strong>et</strong></span> <span class='ocrx_word' id='word_1_217' title='bbox 3488 1458 3718 1530; x_wconf 86' lang='lat' dir='ltr'><strong>pessimi</strong></span> 
     </span>
    </p>
   </div>
   <div class='ocr_carea' id='block_1_30' title="bbox 2138 1547 3722 1620">
    <p class='ocr_par' dir='ltr' id='par_1_30' title="bbox 2138 1547 3722 1620">
     <span class='ocr_line' id='line_1_30' title="bbox 2138 1547 3722 1620; baseline 0 -17"><span class='ocrx_word' id='word_1_218' title='bbox 2138 1561 2294 1620; x_wconf 88' lang='lat' dir='ltr'><strong>reges</strong></span> <span class='ocrx_word' id='word_1_219' title='bbox 2307 1548 2545 1616; x_wconf 90' lang='lat' dir='ltr'><strong>fuerunt,</strong></span> <span class='ocrx_word' id='word_1_220' title='bbox 2559 1550 2649 1620; x_wconf 90' lang='lat' dir='ltr'><strong>qui</strong></span> <span class='ocrx_word' id='word_1_221' title='bbox 2662 1558 2850 1605; x_wconf 88' lang='lat' dir='ltr'><strong>contra</strong></span> <span class='ocrx_word' id='word_1_222' title='bbox 2864 1549 3037 1620; x_wconf 86' lang='lat' dir='ltr'><strong>legem</strong></span> <span class='ocrx_word' id='word_1_223' title='bbox 3054 1547 3264 1603; x_wconf 88' lang='lat' dir='ltr'><strong>Domini</strong></span> <span class='ocrx_word' id='word_1_224' title='bbox 3277 1559 3722 1619; x_wconf 81' lang='lat' dir='ltr'><strong>repugnaverunt</strong></span> 
     </span>
    </p>
   </div>
   <div class='ocr_carea' id='block_1_31' title="bbox 2139 1637 3717 1712">
    <p class='ocr_par' dir='ltr' id='par_1_31' title="bbox 2139 1637 3717 1712">
     <span class='ocr_line' id='line_1_31' title="bbox 2139 1637 3717 1712; baseline -0.002 -17"><span class='ocrx_word' id='word_1_225' title='bbox 2139 1646 2194 1695; x_wconf 87' lang='lat' dir='ltr'><strong>et</strong></span> <span class='ocrx_word' id='word_1_226' title='bbox 2218 1639 2532 1696; x_wconf 59' lang='lat' dir='ltr'><strong>idololatriae</strong></span> <span class='ocrx_word' id='word_1_227' title='bbox 2550 1640 2720 1712; x_wconf 87' lang='lat' dir='ltr'><strong>magis</strong></span> <span class='ocrx_word' id='word_1_228' title='bbox 2742 1654 2902 1710; x_wconf 84' lang='lat' dir='ltr'><strong>quam</strong></span> <span class='ocrx_word' id='word_1_229' title='bbox 2944 1639 3127 1695; x_wconf 91' lang='lat' dir='ltr'><strong>divino</strong></span> <span class='ocrx_word' id='word_1_230' title='bbox 3150 1637 3320 1694; x_wconf 89' lang='lat' dir='ltr'><strong>cultui</strong></span> <span class='ocrx_word' id='word_1_231' title='bbox 3339 1638 3515 1693; x_wconf 83' lang='lat' dir='ltr'><strong>dediti</strong></span> <span class='ocrx_word' id='word_1_232' title='bbox 3535 1646 3717 1704; x_wconf 84' lang='lat' dir='ltr'><strong>erant,</strong></span> 
     </span>
    </p>
   </div>
   <div class='ocr_carea' id='block_1_32' title="bbox 2142 1727 3619 1800">
    <p class='ocr_par' dir='ltr' id='par_1_32' title="bbox 2142 1727 3619 1800">
     <span class='ocr_line' id='line_1_32' title="bbox 2142 1727 3619 1800; baseline 0.003 -19"><span class='ocrx_word' id='word_1_233' title='bbox 2142 1736 2468 1800; x_wconf 90' lang='lat' dir='ltr'><strong>quapropter</strong></span> <span class='ocrx_word' id='word_1_234' title='bbox 2486 1727 2690 1799; x_wconf 87' lang='lat' dir='ltr'><strong>justam</strong></span> <span class='ocrx_word' id='word_1_235' title='bbox 2717 1729 3008 1785; x_wconf 84' lang='lat' dir='ltr'><strong>vindictam</strong></span> <span class='ocrx_word' id='word_1_236' title='bbox 3034 1729 3248 1786; x_wconf 85' lang='lat' dir='ltr'><strong>Domini</strong></span> <span class='ocrx_word' id='word_1_237' title='bbox 3278 1740 3619 1786; x_wconf 83' lang='lat' dir='ltr'><strong>meruerunt.</strong></span> 
     </span>
    </p>
   </div>
   <div class='ocr_carea' id='block_1_33' title="bbox 464 1808 3715 1892">
    <p class='ocr_par' dir='ltr' id='par_1_33' title="bbox 464 1808 3715 1892">
     <span class='ocr_line' id='line_1_33' title="bbox 464 1808 3715 1892; baseline -0.004 -15"><span class='ocrx_word' id='word_1_238' title='bbox 464 1836 618 1892; x_wconf 84' lang='lat' dir='ltr'><strong>puer.</strong></span> <span class='ocrx_word' id='word_1_239' title='bbox 647 1820 746 1876; x_wconf 83' lang='lat' dir='ltr'><strong>Hic</strong></span> <span class='ocrx_word' id='word_1_240' title='bbox 777 1834 908 1890; x_wconf 84' lang='lat' dir='ltr'><strong>ergo</strong></span> <span class='ocrx_word' id='word_1_241' title='bbox 940 1818 1101 1873; x_wconf 88' lang='lat' dir='ltr'><strong>tinem</strong></span> <span class='ocrx_word' id='word_1_242' title='bbox 1132 1818 1320 1873; x_wconf 87' lang='lat' dir='ltr'><strong>habuit</strong></span> <span class='ocrx_word' id='word_1_243' title='bbox 1343 1816 1588 1872; x_wconf 90' lang='lat' dir='ltr'><strong>Ioachim</strong></span> <span class='ocrx_word' id='word_1_244' title='bbox 1622 1833 1739 1883; x_wconf 86' lang='lat' dir='ltr'><strong>rex,</strong></span> <span class='ocrx_word' id='word_1_245' title='bbox 1782 1816 1875 1887; x_wconf 91' lang='lat' dir='ltr'><strong>qui</strong></span> <span class='ocrx_word' id='word_1_246' title='bbox 1902 1816 2040 1870; x_wconf 86' lang='lat' dir='ltr'><strong>vixit</strong></span> <span class='ocrx_word' id='word_1_247' title='bbox 2065 1808 2112 1866; x_wconf 81' lang='grc' dir='ltr'><strong>Β</strong></span> <span class='ocrx_word' id='word_1_248' title='bbox 2214 1836 2231 1870; x_wconf 82' lang='grc' dir='ltr'>ι</span> <span class='ocrx_word' id='word_1_249' title='bbox 2265 1817 2332 1873; x_wconf 83' lang='lat' dir='ltr'><strong>Et</strong></span> <span class='ocrx_word' id='word_1_250' title='bbox 2379 1818 2525 1873; x_wconf 81' lang='lat' dir='ltr'><strong>misit</strong></span> <span class='ocrx_word' id='word_1_251' title='bbox 2552 1834 2649 1874; x_wconf 73' lang='lat' dir='ltr'><strong>rex</strong></span> <span class='ocrx_word' id='word_1_252' title='bbox 2701 1816 2954 1875; x_wconf 80' lang='lat' dir='ltr'><strong>Sedecias</strong></span> <span class='ocrx_word' id='word_1_253' title='bbox 2991 1816 3178 1874; x_wconf 79' lang='lat' dir='ltr'><strong>Juchal</strong></span> <span class='ocrx_word' id='word_1_254' title='bbox 3226 1818 3399 1874; x_wconf 82' lang='lat' dir='ltr'><strong>ﬁlium</strong></span> <span class='ocrx_word' id='word_1_255' title='bbox 3441 1816 3715 1885; x_wconf 61' lang='lat' dir='ltr'><strong>Semeliz,</strong></span> 
     </span>
    </p>
   </div>
   <div class='ocr_carea' id='block_1_34' title="bbox 465 1908 2040 1982">
    <p class='ocr_par' dir='ltr' id='par_1_34' title="bbox 465 1908 2040 1982">
     <span class='ocr_line' id='line_1_34' title="bbox 465 1908 2040 1982; baseline -0.001 -17"><span class='ocrx_word' id='word_1_256' title='bbox 465 1910 679 1982; x_wconf 86' lang='lat' dir='ltr'><strong>quidem</strong></span> <span class='ocrx_word' id='word_1_257' title='bbox 706 1911 864 1965; x_wconf 90' lang='lat' dir='ltr'><strong>annis</strong></span> <span class='ocrx_word' id='word_1_258' title='bbox 888 1923 982 1964; x_wconf 87' lang='lat' dir='ltr'><strong>sex</strong></span> <span class='ocrx_word' id='word_1_259' title='bbox 1007 1916 1062 1963; x_wconf 87' lang='lat' dir='ltr'><strong>et</strong></span> <span class='ocrx_word' id='word_1_260' title='bbox 1090 1908 1331 1978; x_wconf 80' lang='lat' dir='ltr'><strong>triginta,</strong></span> <span class='ocrx_word' id='word_1_261' title='bbox 1363 1908 1608 1979; x_wconf 81' lang='lat' dir='ltr'><strong>regnavit</strong></span> <span class='ocrx_word' id='word_1_262' title='bbox 1652 1916 1834 1962; x_wconf 85' lang='lat' dir='ltr'><strong>autem</strong></span> <span class='ocrx_word' id='word_1_263' title='bbox 1881 1908 2040 1964; x_wconf 85' lang='lat' dir='ltr'><strong>annis</strong></span> 
     </span>
    </p>
   </div>
   <div class='ocr_carea' id='block_1_35' title="bbox 462 1997 2041 2068">
    <p class='ocr_par' dir='ltr' id='par_1_35' title="bbox 462 1997 2041 2068">
     <span class='ocr_line' id='line_1_35' title="bbox 462 1997 2041 2068; baseline -0.001 -12"><span class='ocrx_word' id='word_1_264' title='bbox 462 2016 676 2064; x_wconf 79' lang='lat' dir='ltr'><strong>novem.</strong></span> <span class='ocrx_word' id='word_1_265' title='bbox 720 1999 1009 2056; x_wconf 85' lang='lat' dir='ltr'><strong>Successor</strong></span> <span class='ocrx_word' id='word_1_266' title='bbox 1035 2014 1163 2055; x_wconf 89' lang='lat' dir='ltr'><strong>vero</strong></span> <span class='ocrx_word' id='word_1_267' title='bbox 1208 1999 1357 2068; x_wconf 83' lang='lat' dir='ltr'><strong>regni</strong></span> <span class='ocrx_word' id='word_1_268' title='bbox 1399 1997 1664 2066; x_wconf 87' lang='lat' dir='ltr'><strong>Ioacbim,</strong></span> <span class='ocrx_word' id='word_1_269' title='bbox 1689 2013 1781 2053; x_wconf 85' lang='lat' dir='ltr'><strong>rex</strong></span> <span class='ocrx_word' id='word_1_270' title='bbox 1824 1998 2041 2055; x_wconf 83' lang='lat' dir='ltr'><strong>nomine</strong></span> 
     </span>
    </p>
   </div>
   <div class='ocr_carea' id='block_1_36' title="bbox 466 2089 2036 2162">
    <p class='ocr_par' dir='ltr' id='par_1_36' title="bbox 466 2089 2036 2162">
     <span class='ocr_line' id='line_1_36' title="bbox 466 2089 2036 2162; baseline -0.002 -15"><span class='ocrx_word' id='word_1_271' title='bbox 466 2092 632 2159; x_wconf 79' lang='lat' dir='ltr'><strong>Onus,</strong></span> <span class='ocrx_word' id='word_1_272' title='bbox 663 2091 906 2162; x_wconf 74' lang='lat' dir='ltr'><strong>regnavit</strong></span> <span class='ocrx_word' id='word_1_273' title='bbox 953 2089 1226 2146; x_wconf 89' lang='lat' dir='ltr'><strong>mensibus</strong></span> <span class='ocrx_word' id='word_1_274' title='bbox 1266 2090 1440 2146; x_wconf 90' lang='lat' dir='ltr'><strong>tribus</strong></span> <span class='ocrx_word' id='word_1_275' title='bbox 1487 2097 1543 2143; x_wconf 90' lang='lat' dir='ltr'><strong>et</strong></span> <span class='ocrx_word' id='word_1_276' title='bbox 1599 2089 1784 2147; x_wconf 82' lang='lat' dir='ltr'><strong>diebus</strong></span> <span class='ocrx_word' id='word_1_277' title='bbox 1830 2089 2036 2146; x_wconf 87' lang='lat' dir='ltr'><strong>decem.</strong></span> 
     </span>
    </p>
   </div>
   <div class='ocr_carea' id='block_1_37' title="bbox 467 2180 2039 2240">
    <p class='ocr_par' dir='ltr' id='par_1_37' title="bbox 467 2180 2039 2240">
     <span class='ocr_line' id='line_1_37' title="bbox 467 2180 2039 2240; baseline -0.001 0"><span class='ocrx_word' id='word_1_278' title='bbox 467 2183 573 2240; x_wconf 85' lang='lat' dir='ltr'><strong>Sed</strong></span> <span class='ocrx_word' id='word_1_279' title='bbox 628 2191 810 2238; x_wconf 90' lang='lat' dir='ltr'><strong>utrum</strong></span> <span class='ocrx_word' id='word_1_280' title='bbox 856 2180 1154 2239; x_wconf 88' lang='lat' dir='ltr'><strong>Ierusalem</strong></span> <span class='ocrx_word' id='word_1_281' title='bbox 1192 2197 1260 2237; x_wconf 91' lang='lat' dir='ltr'><strong>an</strong></span> <span class='ocrx_word' id='word_1_282' title='bbox 1307 2183 1362 2238; x_wconf 90' lang='lat' dir='ltr'><strong>in</strong></span> <span class='ocrx_word' id='word_1_283' title='bbox 1411 2181 1660 2238; x_wconf 75' lang='lat' dir='ltr'><strong>Chaldzea</strong></span> <span class='ocrx_word' id='word_1_284' title='bbox 1709 2192 2039 2240; x_wconf 78' lang='lat' dir='ltr'><strong>memoratus</strong></span> 
     </span>
    </p>
   </div>
   <div class='ocr_carea' id='block_1_38' title="bbox 466 2271 2037 2343">
    <p class='ocr_par' dir='ltr' id='par_1_38' title="bbox 466 2271 2037 2343">
     <span class='ocr_line' id='line_1_38' title="bbox 466 2271 2037 2343; baseline -0.001 -14"><span class='ocrx_word' id='word_1_285' title='bbox 466 2272 707 2329; x_wconf 85' lang='lat' dir='ltr'><strong>Ioachim</strong></span> <span class='ocrx_word' id='word_1_286' title='bbox 762 2271 1004 2343; x_wconf 90' lang='lat' dir='ltr'><strong>perierit,</strong></span> <span class='ocrx_word' id='word_1_287' title='bbox 1050 2286 1155 2326; x_wconf 92' lang='lat' dir='ltr'><strong>non</strong></span> <span class='ocrx_word' id='word_1_288' title='bbox 1217 2271 1348 2326; x_wconf 86' lang='lat' dir='ltr'><strong>mihi</strong></span> <span class='ocrx_word' id='word_1_289' title='bbox 1405 2272 1616 2327; x_wconf 90' lang='lat' dir='ltr'><strong>videtur</strong></span> <span class='ocrx_word' id='word_1_290' title='bbox 1664 2273 2037 2343; x_wconf 69' lang='lat' dir='ltr'><strong>qumrendum,</strong></span> 
     </span>
    </p>
   </div>
   <div class='ocr_carea' id='block_1_39' title="bbox 466 2360 2041 2433">
    <p class='ocr_par' dir='ltr' id='par_1_39' title="bbox 466 2360 2041 2433">
     <span class='ocr_line' id='line_1_39' title="bbox 466 2360 2041 2433; baseline 0.001 -15"><span class='ocrx_word' id='word_1_291' title='bbox 466 2378 590 2418; x_wconf 89' lang='lat' dir='ltr'><strong>eum</strong></span> <span class='ocrx_word' id='word_1_292' title='bbox 626 2370 838 2419; x_wconf 86' lang='lat' dir='ltr'><strong>constat</strong></span> <span class='ocrx_word' id='word_1_293' title='bbox 877 2376 1062 2416; x_wconf 89' lang='lat' dir='ltr'><strong>verum</strong></span> <span class='ocrx_word' id='word_1_294' title='bbox 1092 2360 1246 2429; x_wconf 91' lang='lat' dir='ltr'><strong>juxta</strong></span> <span class='ocrx_word' id='word_1_295' title='bbox 1304 2360 1380 2428; x_wconf 91' lang='lat' dir='ltr'><strong>id,</strong></span> <span class='ocrx_word' id='word_1_296' title='bbox 1426 2362 1569 2432; x_wconf 85' lang='lat' dir='ltr'><strong>quod</strong></span> <span class='ocrx_word' id='word_1_297' title='bbox 1624 2363 1881 2433; x_wconf 83' lang='lat' dir='ltr'><strong>propheta</strong></span> <span class='ocrx_word' id='word_1_298' title='bbox 1915 2370 2041 2420; x_wconf 87' lang='lat' dir='ltr'><strong>ante</strong></span> 
     </span>
    </p>
   </div>
   <div class='ocr_carea' id='block_1_40' title="bbox 462 2450 2038 2524">
    <p class='ocr_par' dir='ltr' id='par_1_40' title="bbox 462 2450 2038 2524">
     <span class='ocr_line' id='line_1_40' title="bbox 462 2450 2038 2524; baseline -0.001 -15"><span class='ocrx_word' id='word_1_299' title='bbox 462 2454 803 2524; x_wconf 71' lang='lat' dir='ltr'><strong>prmdixerat,</strong></span> <span class='ocrx_word' id='word_1_300' title='bbox 831 2452 1059 2508; x_wconf 80' lang='lat' dir='ltr'><strong>cadaver</strong></span> <span class='ocrx_word' id='word_1_301' title='bbox 1102 2450 1219 2521; x_wconf 87' lang='lat' dir='ltr'><strong>ejus</strong></span> <span class='ocrx_word' id='word_1_302' title='bbox 1247 2466 1368 2508; x_wconf 83' lang='lat' dir='ltr'><strong>esse</strong></span> <span class='ocrx_word' id='word_1_303' title='bbox 1410 2450 1706 2524; x_wconf 89' lang='lat' dir='ltr'><strong>projectum</strong></span> <span class='ocrx_word' id='word_1_304' title='bbox 1754 2452 1820 2509; x_wconf 88' lang='lat' dir='ltr'><strong>ad</strong></span> <span class='ocrx_word' id='word_1_305' title='bbox 1847 2462 2038 2510; x_wconf 66' lang='lat' dir='ltr'><strong>aestum</strong></span> 
     </span>
    </p>
   </div>
   <div class='ocr_carea' id='block_1_41' title="bbox 465 2540 2039 2612">
    <p class='ocr_par' dir='ltr' id='par_1_41' title="bbox 465 2540 2039 2612">
     <span class='ocr_line' id='line_1_41' title="bbox 465 2540 2039 2612; baseline 0 -14"><span class='ocrx_word' id='word_1_306' title='bbox 465 2557 559 2612; x_wconf 75' lang='lat' dir='ltr'><strong>per</strong></span> <span class='ocrx_word' id='word_1_307' title='bbox 586 2540 728 2598; x_wconf 89' lang='lat' dir='ltr'><strong>diem</strong></span> <span class='ocrx_word' id='word_1_308' title='bbox 758 2542 895 2598; x_wconf 88' lang='lat' dir='ltr'><strong>etad</strong></span> <span class='ocrx_word' id='word_1_309' title='bbox 922 2540 1040 2612; x_wconf 89' lang='lat' dir='ltr'><strong>gelu</strong></span> <span class='ocrx_word' id='word_1_310' title='bbox 1066 2556 1162 2612; x_wconf 92' lang='lat' dir='ltr'><strong>per</strong></span> <span class='ocrx_word' id='word_1_311' title='bbox 1187 2549 1419 2598; x_wconf 86' lang='lat' dir='ltr'><strong>noctem.</strong></span> <span class='ocrx_word' id='word_1_312' title='bbox 1452 2542 1604 2608; x_wconf 85' lang='lat' dir='ltr'><strong>Quod</strong></span> <span class='ocrx_word' id='word_1_313' title='bbox 1628 2542 1886 2599; x_wconf 90' lang='lat' dir='ltr'><strong>nimirum</strong></span> <span class='ocrx_word' id='word_1_314' title='bbox 1912 2558 2039 2598; x_wconf 84' lang='lat' dir='ltr'><strong>con-</strong></span> 
     </span>
    </p>
   </div>
   <div class='ocr_carea' id='block_1_42' title="bbox 464 2633 2040 2705">
    <p class='ocr_par' dir='ltr' id='par_1_42' title="bbox 464 2633 2040 2705">
     <span class='ocr_line' id='line_1_42' title="bbox 464 2633 2040 2705; baseline 0.003 -19"><span class='ocrx_word' id='word_1_315' title='bbox 464 2633 744 2688; x_wconf 80' lang='lat' dir='ltr'><strong>venienter</strong></span> <span class='ocrx_word' id='word_1_316' title='bbox 788 2640 966 2688; x_wconf 88' lang='lat' dir='ltr'><strong>actum</strong></span> <span class='ocrx_word' id='word_1_317' title='bbox 988 2641 1210 2698; x_wconf 41' lang='lat' dir='ltr'><strong>est,.ut</strong></span> <span class='ocrx_word' id='word_1_318' title='bbox 1251 2634 1343 2704; x_wconf 89' lang='lat' dir='ltr'><strong>qui</strong></span> <span class='ocrx_word' id='word_1_319' title='bbox 1388 2633 1725 2705; x_wconf 89' lang='lat' dir='ltr'><strong>Scripturam</strong></span> <span class='ocrx_word' id='word_1_320' title='bbox 1766 2635 2040 2705; x_wconf 88' lang='lat' dir='ltr'><strong>propheti-</strong></span> 
     </span>
    </p>
   </div>
   <div class='ocr_carea' id='block_1_43' title="bbox 469 2724 2043 2799">
    <p class='ocr_par' dir='ltr' id='par_1_43' title="bbox 469 2724 2043 2799">
     <span class='ocr_line' id='line_1_43' title="bbox 469 2724 2043 2799; baseline 0.004 -23"><span class='ocrx_word' id='word_1_321' title='bbox 469 2737 591 2777; x_wconf 89' lang='lat' dir='ltr'><strong>cam</strong></span> <span class='ocrx_word' id='word_1_322' title='bbox 618 2738 684 2779; x_wconf 88' lang='lat' dir='ltr'><strong>ex</strong></span> <span class='ocrx_word' id='word_1_323' title='bbox 712 2724 851 2780; x_wconf 90' lang='lat' dir='ltr'><strong>libro</strong></span> <span class='ocrx_word' id='word_1_324' title='bbox 872 2725 1140 2782; x_wconf 88' lang='lat' dir='ltr'><strong>abscisam</strong></span> <span class='ocrx_word' id='word_1_325' title='bbox 1162 2725 1282 2798; x_wconf 87' lang='lat' dir='ltr'><strong>igne</strong></span> <span class='ocrx_word' id='word_1_326' title='bbox 1311 2742 1656 2783; x_wconf 90' lang='lat' dir='ltr'><strong>concremare</strong></span> <span class='ocrx_word' id='word_1_327' title='bbox 1683 2728 1907 2794; x_wconf 87' lang='lat' dir='ltr'><strong>studuit,</strong></span> <span class='ocrx_word' id='word_1_328' title='bbox 1964 2728 2043 2799; x_wconf 93' lang='lat' dir='ltr'><strong>ip-</strong></span> 
     </span>
    </p>
   </div>
   <div class='ocr_carea' id='block_1_44' title="bbox 468 2815 1966 2891">
    <p class='ocr_par' dir='ltr' id='par_1_44' title="bbox 468 2815 1966 2891">
     <span class='ocr_line' id='line_1_44' title="bbox 468 2815 1966 2891; baseline 0.002 -20"><span class='ocrx_word' id='word_1_329' title='bbox 468 2816 580 2872; x_wconf 87' lang='lat' dir='ltr'><strong>sius</strong></span> <span class='ocrx_word' id='word_1_330' title='bbox 609 2815 840 2872; x_wconf 86' lang='lat' dir='ltr'><strong>eadaver</strong></span> <span class='ocrx_word' id='word_1_331' title='bbox 862 2825 994 2873; x_wconf 73' lang='lat' dir='ltr'><strong>aestu</strong></span> <span class='ocrx_word' id='word_1_332' title='bbox 1025 2816 1154 2873; x_wconf 89' lang='lat' dir='ltr'><strong>solis</strong></span> <span class='ocrx_word' id='word_1_333' title='bbox 1200 2825 1257 2873; x_wconf 90' lang='lat' dir='ltr'><strong>et</strong></span> <span class='ocrx_word' id='word_1_334' title='bbox 1293 2817 1414 2891; x_wconf 87' lang='lat' dir='ltr'><strong>gelu</strong></span> <span class='ocrx_word' id='word_1_335' title='bbox 1443 2819 1617 2874; x_wconf 83' lang='lat' dir='ltr'><strong>noctis</strong></span> <span class='ocrx_word' id='word_1_336' title='bbox 1643 2817 1966 2885; x_wconf 76' lang='lat' dir='ltr'><strong>afﬁceretur.</strong></span> 
     </span>
    </p>
   </div>
   <div class='ocr_carea' id='block_1_45' title="bbox 553 2902 2040 2965">
    <p class='ocr_par' dir='ltr' id='par_1_45' title="bbox 553 2902 2040 2965">
     <span class='ocr_line' id='line_1_45' title="bbox 553 2902 2040 2965; baseline 0.004 -9"><span class='ocrx_word' id='word_1_337' title='bbox 553 2922 571 2955; x_wconf 75' lang='grc' dir='ltr'>ι</span> <span class='ocrx_word' id='word_1_338' title='bbox 603 2902 866 2961; x_wconf 74' lang='lat' dir='ltr'><strong>Iere‘lnias</strong></span> <span class='ocrx_word' id='word_1_339' title='bbox 899 2914 1076 2962; x_wconf 89' lang='lat' dir='ltr'><strong>autem</strong></span> <span class='ocrx_word' id='word_1_340' title='bbox 1122 2906 1241 2961; x_wconf 91' lang='lat' dir='ltr'><strong>tulit</strong></span> <span class='ocrx_word' id='word_1_341' title='bbox 1263 2906 1510 2963; x_wconf 88' lang='lat' dir='ltr'><strong>volumen</strong></span> <span class='ocrx_word' id='word_1_342' title='bbox 1543 2907 1687 2964; x_wconf 88' lang='lat' dir='ltr'><strong>aliud</strong></span> <span class='ocrx_word' id='word_1_343' title='bbox 1723 2915 1779 2963; x_wconf 91' lang='lat' dir='ltr'><strong>et</strong></span> <span class='ocrx_word' id='word_1_344' title='bbox 1800 2907 1948 2965; x_wconf 88' lang='lat' dir='ltr'><strong>dedit</strong></span> <span class='ocrx_word' id='word_1_345' title='bbox 1974 2907 2040 2963; x_wconf 92' lang='lat' dir='ltr'><strong>il-</strong></span> 
     </span>
    </p>
   </div>
   <div class='ocr_carea' id='block_1_46' title="bbox 474 2993 2037 3069">
    <p class='ocr_par' dir='ltr' id='par_1_46' title="bbox 474 2993 2037 3069">
     <span class='ocr_line' id='line_1_46' title="bbox 474 2993 2037 3069; baseline 0.004 -24"><span class='ocrx_word' id='word_1_346' title='bbox 474 3014 492 3044; x_wconf 67' lang='lat' dir='ltr'><strong><em>a</em></strong></span> <span class='ocrx_word' id='word_1_347' title='bbox 532 2993 619 3047; x_wconf 88' lang='lat' dir='ltr'><strong>iud</strong></span> <span class='ocrx_word' id='word_1_348' title='bbox 649 2993 857 3050; x_wconf 86' lang='lat' dir='ltr'><strong>Baruch</strong></span> <span class='ocrx_word' id='word_1_349' title='bbox 888 2994 994 3050; x_wconf 90' lang='lat' dir='ltr'><strong>ﬁlio</strong></span> <span class='ocrx_word' id='word_1_350' title='bbox 1014 2994 1188 3052; x_wconf 72' lang='lat' dir='ltr'><strong>Neria:</strong></span> <span class='ocrx_word' id='word_1_351' title='bbox 1214 2997 1420 3059; x_wconf 68' lang='lat' dir='ltr'><strong>scribae,</strong></span> <span class='ocrx_word' id='word_1_352' title='bbox 1449 2997 1543 3068; x_wconf 90' lang='lat' dir='ltr'><strong>qui</strong></span> <span class='ocrx_word' id='word_1_353' title='bbox 1567 2997 1785 3069; x_wconf 82' lang='lat' dir='ltr'><strong>scripsit</strong></span> <span class='ocrx_word' id='word_1_354' title='bbox 1801 2997 1857 3052; x_wconf 92' lang='lat' dir='ltr'><strong>in</strong></span> <span class='ocrx_word' id='word_1_355' title='bbox 1882 3012 1949 3054; x_wconf 92' lang='lat' dir='ltr'><strong>eo</strong></span> <span class='ocrx_word' id='word_1_356' title='bbox 1970 3012 2037 3053; x_wconf 91' lang='lat' dir='ltr'><strong>ex</strong></span> 
     </span>
    </p>
   </div>
   <div class='ocr_carea' id='block_1_47' title="bbox 2144 1907 3718 1978">
    <p class='ocr_par' dir='ltr' id='par_1_47' title="bbox 2144 1907 3718 1978">
     <span class='ocr_line' id='line_1_47' title="bbox 2144 1907 3718 1978; baseline 0.002 -16"><span class='ocrx_word' id='word_1_357' title='bbox 2144 1929 2162 1961; x_wconf 82' lang='grc' dir='ltr'>ι</span> <span class='ocrx_word' id='word_1_358' title='bbox 2193 1916 2248 1964; x_wconf 89' lang='lat' dir='ltr'><strong>et</strong></span> <span class='ocrx_word' id='word_1_359' title='bbox 2272 1907 2598 1978; x_wconf 89' lang='lat' dir='ltr'><strong>Sophoniam</strong></span> <span class='ocrx_word' id='word_1_360' title='bbox 2651 1907 2816 1964; x_wconf 90' lang='lat' dir='ltr'><strong>ﬁlium</strong></span> <span class='ocrx_word' id='word_1_361' title='bbox 2848 1907 3060 1965; x_wconf 69' lang='lat' dir='ltr'><strong>Maasim</strong></span> <span class='ocrx_word' id='word_1_362' title='bbox 3080 1908 3420 1964; x_wconf 87' lang='lat' dir='ltr'><strong>sacerdotem</strong></span> <span class='ocrx_word' id='word_1_363' title='bbox 3449 1910 3519 1964; x_wconf 90' lang='lat' dir='ltr'><strong>ad</strong></span> <span class='ocrx_word' id='word_1_364' title='bbox 3561 1907 3718 1965; x_wconf 84' lang='lat' dir='ltr'><strong>Iere-</strong></span> 
     </span>
    </p>
   </div>
   <div class='ocr_carea' id='block_1_48' title="bbox 2142 1997 3718 2071">
    <p class='ocr_par' dir='ltr' id='par_1_48' title="bbox 2142 1997 3718 2071">
     <span class='ocr_line' id='line_1_48' title="bbox 2142 1997 3718 2071; baseline 0.001 -19"><span class='ocrx_word' id='word_1_365' title='bbox 2142 2017 2163 2051; x_wconf 75' lang='grc' dir='ltr'><strong>σ</strong></span> <span class='ocrx_word' id='word_1_366' title='bbox 2199 1999 2361 2054; x_wconf 89' lang='lat' dir='ltr'><strong>miam</strong></span> <span class='ocrx_word' id='word_1_367' title='bbox 2411 1999 2728 2071; x_wconf 87' lang='lat' dir='ltr'><strong>prophetam</strong></span> <span class='ocrx_word' id='word_1_368' title='bbox 2751 2038 2768 2065; x_wconf 90' lang='lat'><strong>,</strong></span> <span class='ocrx_word' id='word_1_369' title='bbox 2809 1998 2995 2055; x_wconf 90' lang='lat' dir='ltr'><strong>dicens</strong></span> <span class='ocrx_word' id='word_1_370' title='bbox 3022 2016 3037 2054; x_wconf 90' lang='lat'><strong>:</strong></span> <span class='ocrx_word' id='word_1_371' title='bbox 3069 1997 3177 2056; x_wconf 91' lang='lat' dir='ltr'><strong>Ora</strong></span> <span class='ocrx_word' id='word_1_372' title='bbox 3212 2013 3313 2070; x_wconf 92' lang='lat' dir='ltr'><strong>pro</strong></span> <span class='ocrx_word' id='word_1_373' title='bbox 3340 1998 3502 2053; x_wconf 88' lang='lat' dir='ltr'><strong>nobis</strong></span> <span class='ocrx_word' id='word_1_374' title='bbox 3533 1997 3718 2054; x_wconf 90' lang='lat' dir='ltr'><strong>Domi-</strong></span> 
     </span>
    </p>
   </div>
   <div class='ocr_carea' id='block_1_49' title="bbox 2143 2087 3720 2147">
    <p class='ocr_par' dir='ltr' id='par_1_49' title="bbox 2143 2087 3720 2147">
     <span class='ocr_line' id='line_1_49' title="bbox 2143 2087 3720 2147; baseline -0.001 -4"><span class='ocrx_word' id='word_1_375' title='bbox 2143 2109 2162 2142; x_wconf 76' lang='grc' dir='ltr'>ι</span> <span class='ocrx_word' id='word_1_376' title='bbox 2201 2106 2329 2144; x_wconf 92' lang='lat' dir='ltr'><strong>num</strong></span> <span class='ocrx_word' id='word_1_377' title='bbox 2350 2090 2518 2147; x_wconf 90' lang='lat' dir='ltr'><strong>Deum</strong></span> <span class='ocrx_word' id='word_1_378' title='bbox 2536 2098 2776 2146; x_wconf 89' lang='lat' dir='ltr'><strong>nostrum</strong></span> <span class='ocrx_word' id='word_1_379' title='bbox 2805 2106 2820 2145; x_wconf 90' lang='lat'><strong>:</strong></span> <span class='ocrx_word' id='word_1_380' title='bbox 2845 2087 3112 2146; x_wconf 88' lang='lat' dir='ltr'><strong>Ieremias</strong></span> <span class='ocrx_word' id='word_1_381' title='bbox 3127 2097 3305 2144; x_wconf 90' lang='lat' dir='ltr'><strong>autem</strong></span> <span class='ocrx_word' id='word_1_382' title='bbox 3331 2087 3503 2143; x_wconf 88' lang='lat' dir='ltr'><strong>libere</strong></span> <span class='ocrx_word' id='word_1_383' title='bbox 3524 2090 3720 2143; x_wconf 80' lang='lat' dir='ltr'><strong>ambu-</strong></span> 
     </span>
    </p>
   </div>
   <div class='ocr_carea' id='block_1_50' title="bbox 2143 2177 3718 2252">
    <p class='ocr_par' dir='ltr' id='par_1_50' title="bbox 2143 2177 3718 2252">
     <span class='ocr_line' id='line_1_50' title="bbox 2143 2177 3718 2252; baseline -0.001 -19"><span class='ocrx_word' id='word_1_384' title='bbox 2143 2199 2162 2233; x_wconf 80' lang='grc' dir='ltr'>ι</span> <span class='ocrx_word' id='word_1_385' title='bbox 2201 2181 2347 2237; x_wconf 88' lang='lat' dir='ltr'><strong>labat</strong></span> <span class='ocrx_word' id='word_1_386' title='bbox 2369 2182 2426 2236; x_wconf 90' lang='lat' dir='ltr'><strong>in</strong></span> <span class='ocrx_word' id='word_1_387' title='bbox 2477 2181 2654 2237; x_wconf 90' lang='lat' dir='ltr'><strong>medio</strong></span> <span class='ocrx_word' id='word_1_388' title='bbox 2690 2180 2916 2252; x_wconf 88' lang='lat' dir='ltr'><strong>populi:</strong></span> <span class='ocrx_word' id='word_1_389' title='bbox 2945 2194 3050 2235; x_wconf 86' lang='lat' dir='ltr'><strong>non</strong></span> <span class='ocrx_word' id='word_1_390' title='bbox 3082 2179 3227 2236; x_wconf 92' lang='lat' dir='ltr'><strong>enim</strong></span> <span class='ocrx_word' id='word_1_391' title='bbox 3274 2177 3545 2233; x_wconf 83' lang='lat' dir='ltr'><strong>miserant</strong></span> <span class='ocrx_word' id='word_1_392' title='bbox 3590 2193 3718 2233; x_wconf 87' lang='lat' dir='ltr'><strong>eum</strong></span> 
     </span>
    </p>
   </div>
   <div class='ocr_carea' id='block_1_51' title="bbox 2143 2267 3720 2340">
    <p class='ocr_par' dir='ltr' id='par_1_51' title="bbox 2143 2267 3720 2340">
     <span class='ocr_line' id='line_1_51' title="bbox 2143 2267 3720 2340; baseline -0.001 -17"><span class='ocrx_word' id='word_1_393' title='bbox 2143 2288 2163 2323; x_wconf 72' lang='grc' dir='ltr'>ι</span> <span class='ocrx_word' id='word_1_394' title='bbox 2201 2271 2256 2327; x_wconf 92' lang='lat' dir='ltr'><strong>in</strong></span> <span class='ocrx_word' id='word_1_395' title='bbox 2308 2270 2609 2327; x_wconf 89' lang='lat' dir='ltr'><strong>custodiam</strong></span> <span class='ocrx_word' id='word_1_396' title='bbox 2657 2270 2909 2327; x_wconf 85' lang='lat' dir='ltr'><strong>carceris.</strong></span> <span class='ocrx_word' id='word_1_397' title='bbox 2947 2288 2967 2323; x_wconf 74' lang='grc' dir='ltr'><strong><em>ι</em></strong></span> <span class='ocrx_word' id='word_1_398' title='bbox 3038 2268 3393 2340; x_wconf 80' lang='lat' dir='ltr'><strong>Nequaquam</strong></span> <span class='ocrx_word' id='word_1_399' title='bbox 3455 2267 3720 2323; x_wconf 84' lang='lat' dir='ltr'><strong>Sedecias</strong></span> 
     </span>
    </p>
   </div>
   <div class='ocr_carea' id='block_1_52' title="bbox 2139 2356 3721 2431">
    <p class='ocr_par' dir='ltr' id='par_1_52' title="bbox 2139 2356 3721 2431">
     <span class='ocr_line' id='line_1_52' title="bbox 2139 2356 3721 2431; baseline -0.005 -15"><span class='ocrx_word' id='word_1_400' title='bbox 2139 2374 2298 2417; x_wconf 88' lang='lat' dir='ltr'><strong>orare</strong></span> <span class='ocrx_word' id='word_1_401' title='bbox 2323 2375 2420 2431; x_wconf 91' lang='lat' dir='ltr'><strong>pro</strong></span> <span class='ocrx_word' id='word_1_402' title='bbox 2454 2375 2536 2426; x_wconf 91' lang='lat' dir='ltr'><strong>se,</strong></span> <span class='ocrx_word' id='word_1_403' title='bbox 2581 2367 2639 2415; x_wconf 91' lang='lat' dir='ltr'><strong>et</strong></span> <span class='ocrx_word' id='word_1_404' title='bbox 2679 2373 2778 2430; x_wconf 88' lang='lat' dir='ltr'><strong>pro</strong></span> <span class='ocrx_word' id='word_1_405' title='bbox 2823 2356 3019 2430; x_wconf 87' lang='lat' dir='ltr'><strong>p0pulo</strong></span> <span class='ocrx_word' id='word_1_406' title='bbox 3045 2372 3143 2413; x_wconf 90' lang='lat' dir='ltr'><strong>suo</strong></span> <span class='ocrx_word' id='word_1_407' title='bbox 3172 2357 3494 2427; x_wconf 86' lang='lat' dir='ltr'><strong>prophetam</strong></span> <span class='ocrx_word' id='word_1_408' title='bbox 3524 2366 3721 2426; x_wconf 79' lang='lat' dir='ltr'><strong>postu-</strong></span> 
     </span>
    </p>
   </div>
   <div class='ocr_carea' id='block_1_53' title="bbox 2140 2446 3722 2519">
    <p class='ocr_par' dir='ltr' id='par_1_53' title="bbox 2140 2446 3722 2519">
     <span class='ocr_line' id='line_1_53' title="bbox 2140 2446 3722 2519; baseline -0.002 -15"><span class='ocrx_word' id='word_1_409' title='bbox 2140 2448 2290 2514; x_wconf 88' lang='lat' dir='ltr'><strong>lavit,</strong></span> <span class='ocrx_word' id='word_1_410' title='bbox 2316 2448 2408 2519; x_wconf 91' lang='lat' dir='ltr'><strong>qui</strong></span> <span class='ocrx_word' id='word_1_411' title='bbox 2430 2448 2624 2504; x_wconf 84' lang='lat' dir='ltr'><strong>divinis</strong></span> <span class='ocrx_word' id='word_1_412' title='bbox 2666 2448 2934 2504; x_wconf 88' lang='lat' dir='ltr'><strong>mandatis</strong></span> <span class='ocrx_word' id='word_1_413' title='bbox 2957 2446 3175 2503; x_wconf 89' lang='lat' dir='ltr'><strong>obedire</strong></span> <span class='ocrx_word' id='word_1_414' title='bbox 3201 2446 3393 2511; x_wconf 86' lang='lat' dir='ltr'><strong>noiuit,</strong></span> <span class='ocrx_word' id='word_1_415' title='bbox 3422 2446 3552 2516; x_wconf 89' lang='lat' dir='ltr'><strong>quia</strong></span> <span class='ocrx_word' id='word_1_416' title='bbox 3585 2446 3722 2501; x_wconf 77' lang='lat' dir='ltr'><strong>seri-</strong></span> 
     </span>
    </p>
   </div>
   <div class='ocr_carea' id='block_1_54' title="bbox 2136 2535 3717 2611">
    <p class='ocr_par' dir='ltr' id='par_1_54' title="bbox 2136 2535 3717 2611">
     <span class='ocr_line' id='line_1_54' title="bbox 2136 2535 3717 2611; baseline -0.002 -18"><span class='ocrx_word' id='word_1_417' title='bbox 2136 2545 2290 2611; x_wconf 91' lang='lat' dir='ltr'><strong>ptum</strong></span> <span class='ocrx_word' id='word_1_418' title='bbox 2310 2546 2419 2594; x_wconf 90' lang='lat' dir='ltr'><strong>est:</strong></span> <span class='ocrx_word' id='word_1_419' title='bbox 2443 2555 2461 2589; x_wconf 87' lang='grc'><strong>‹</strong></span> <span class='ocrx_word' id='word_1_420' title='bbox 2482 2537 2583 2606; x_wconf 86' lang='lat' dir='ltr'><strong>Qui</strong></span> <span class='ocrx_word' id='word_1_421' title='bbox 2612 2537 2810 2594; x_wconf 89' lang='lat' dir='ltr'><strong>avertit</strong></span> <span class='ocrx_word' id='word_1_422' title='bbox 2829 2551 3015 2592; x_wconf 90' lang='lat' dir='ltr'><strong>aurem</strong></span> <span class='ocrx_word' id='word_1_423' title='bbox 3034 2551 3186 2592; x_wconf 87' lang='lat' dir='ltr'><strong>suam</strong></span> <span class='ocrx_word' id='word_1_424' title='bbox 3209 2550 3278 2590; x_wconf 91' lang='lat' dir='ltr'><strong>ne</strong></span> <span class='ocrx_word' id='word_1_425' title='bbox 3300 2535 3483 2591; x_wconf 88' lang='lat' dir='ltr'><strong>audiat</strong></span> <span class='ocrx_word' id='word_1_426' title='bbox 3510 2535 3717 2606; x_wconf 83' lang='lat' dir='ltr'><strong>legem,</strong></span> 
     </span>
    </p>
   </div>
   <div class='ocr_carea' id='block_1_55' title="bbox 2137 2625 3725 2700">
    <p class='ocr_par' dir='ltr' id='par_1_55' title="bbox 2137 2625 3725 2700">
     <span class='ocr_line' id='line_1_55' title="bbox 2137 2625 3725 2700; baseline -0.003 -14"><span class='ocrx_word' id='word_1_427' title='bbox 2137 2628 2311 2686; x_wconf 91' lang='lat' dir='ltr'><strong>oratio</strong></span> <span class='ocrx_word' id='word_1_428' title='bbox 2355 2629 2469 2699; x_wconf 91' lang='lat' dir='ltr'><strong>ejus</strong></span> <span class='ocrx_word' id='word_1_429' title='bbox 2511 2629 2617 2684; x_wconf 92' lang='lat' dir='ltr'><strong>erit</strong></span> <span class='ocrx_word' id='word_1_430' title='bbox 2666 2628 3012 2685; x_wconf 79' lang='lat' dir='ltr'><strong>exsecrabilis</strong></span> <span class='ocrx_word' id='word_1_431' title='bbox 3039 2626 3210 2700; x_wconf 82' lang='lat' dir='ltr'><strong>(Psal.</strong></span> <span class='ocrx_word' id='word_1_432' title='bbox 3237 2625 3475 2698; x_wconf 86' lang='lat' dir='ltr'><strong>xxvm):</strong></span> <span class='ocrx_word' id='word_1_433' title='bbox 3506 2644 3529 2678; x_wconf 73' lang='grc' dir='ltr'><strong><em>ι</em></strong></span> <span class='ocrx_word' id='word_1_434' title='bbox 3562 2625 3725 2682; x_wconf 88' lang='lat' dir='ltr'><strong>Unde</strong></span> 
     </span>
    </p>
   </div>
   <div class='ocr_carea' id='block_1_56' title="bbox 2139 2718 3727 2793">
    <p class='ocr_par' dir='ltr' id='par_1_56' title="bbox 2139 2718 3727 2793">
     <span class='ocr_line' id='line_1_56' title="bbox 2139 2718 3727 2793; baseline -0.003 -17"><span class='ocrx_word' id='word_1_435' title='bbox 2139 2720 2279 2776; x_wconf 87' lang='lat' dir='ltr'><strong>idem</strong></span> <span class='ocrx_word' id='word_1_436' title='bbox 2307 2720 2568 2793; x_wconf 84' lang='lat' dir='ltr'><strong>propheta</strong></span> <span class='ocrx_word' id='word_1_437' title='bbox 2615 2718 2883 2777; x_wconf 89' lang='lat' dir='ltr'><strong>Ieremias</strong></span> <span class='ocrx_word' id='word_1_438' title='bbox 2922 2719 3224 2790; x_wconf 89' lang='lat' dir='ltr'><strong>prohibitus</strong></span> <span class='ocrx_word' id='word_1_439' title='bbox 3260 2726 3373 2784; x_wconf 89' lang='lat' dir='ltr'><strong>est,</strong></span> <span class='ocrx_word' id='word_1_440' title='bbox 3407 2733 3477 2773; x_wconf 85' lang='lat' dir='ltr'><strong>ne</strong></span> <span class='ocrx_word' id='word_1_441' title='bbox 3524 2727 3727 2773; x_wconf 71' lang='lat' dir='ltr'><strong>oraret</strong></span> 
     </span>
    </p>
   </div>
   <div class='ocr_carea' id='block_1_57' title="bbox 2135 2808 3726 2881">
    <p class='ocr_par' dir='ltr' id='par_1_57' title="bbox 2135 2808 3726 2881">
     <span class='ocr_line' id='line_1_57' title="bbox 2135 2808 3726 2881; baseline -0.001 -16"><span class='ocrx_word' id='word_1_442' title='bbox 2135 2825 2234 2881; x_wconf 88' lang='lat' dir='ltr'><strong>pro</strong></span> <span class='ocrx_word' id='word_1_443' title='bbox 2258 2809 2359 2877; x_wconf 90' lang='lat' dir='ltr'><strong>eis,</strong></span> <span class='ocrx_word' id='word_1_444' title='bbox 2403 2809 2615 2866; x_wconf 91' lang='lat' dir='ltr'><strong>dicente</strong></span> <span class='ocrx_word' id='word_1_445' title='bbox 2642 2812 2711 2866; x_wconf 92' lang='lat' dir='ltr'><strong>ad</strong></span> <span class='ocrx_word' id='word_1_446' title='bbox 2754 2826 2876 2866; x_wconf 89' lang='lat' dir='ltr'><strong>eum</strong></span> <span class='ocrx_word' id='word_1_447' title='bbox 2906 2810 3169 2866; x_wconf 91' lang='lat' dir='ltr'><strong>Domino:</strong></span> <span class='ocrx_word' id='word_1_448' title='bbox 3205 2827 3226 2862; x_wconf 70' lang='grc' dir='ltr'><em>ς</em></span> <span class='ocrx_word' id='word_1_449' title='bbox 3260 2808 3340 2863; x_wconf 85' lang='lat' dir='ltr'><strong>Tu</strong></span> <span class='ocrx_word' id='word_1_450' title='bbox 3369 2816 3555 2862; x_wconf 87' lang='lat' dir='ltr'><strong>autem</strong></span> <span class='ocrx_word' id='word_1_451' title='bbox 3606 2809 3726 2863; x_wconf 85' lang='lat' dir='ltr'><strong>noli</strong></span> 
     </span>
    </p>
   </div>
   <div class='ocr_carea' id='block_1_58' title="bbox 2136 2897 3723 2970">
    <p class='ocr_par' dir='ltr' id='par_1_58' title="bbox 2136 2897 3723 2970">
     <span class='ocr_line' id='line_1_58' title="bbox 2136 2897 3723 2970; baseline -0.001 -15"><span class='ocrx_word' id='word_1_452' title='bbox 2136 2914 2295 2955; x_wconf 88' lang='lat' dir='ltr'><strong>orare</strong></span> <span class='ocrx_word' id='word_1_453' title='bbox 2317 2914 2413 2970; x_wconf 92' lang='lat' dir='ltr'><strong>pro</strong></span> <span class='ocrx_word' id='word_1_454' title='bbox 2446 2899 2641 2970; x_wconf 89' lang='lat' dir='ltr'><strong>populo</strong></span> <span class='ocrx_word' id='word_1_455' title='bbox 2690 2900 2814 2966; x_wconf 90' lang='lat' dir='ltr'><strong>hoc,</strong></span> <span class='ocrx_word' id='word_1_456' title='bbox 2844 2912 3018 2970; x_wconf 91' lang='lat' dir='ltr'><strong>neque</strong></span> <span class='ocrx_word' id='word_1_457' title='bbox 3045 2912 3291 2954; x_wconf 85' lang='lat' dir='ltr'><strong>assumas</strong></span> <span class='ocrx_word' id='word_1_458' title='bbox 3332 2912 3431 2969; x_wconf 91' lang='lat' dir='ltr'><strong>pro</strong></span> <span class='ocrx_word' id='word_1_459' title='bbox 3462 2898 3550 2954; x_wconf 86' lang='lat' dir='ltr'><strong>eis</strong></span> <span class='ocrx_word' id='word_1_460' title='bbox 3596 2897 3723 2953; x_wconf 88' lang='lat' dir='ltr'><strong>lau-</strong></span> 
     </span>
    </p>
   </div>
   <div class='ocr_carea' id='block_1_59' title="bbox 2138 2986 3843 3059">
    <p class='ocr_par' dir='ltr' id='par_1_59' title="bbox 2138 2986 3843 3059">
     <span class='ocr_line' id='line_1_59' title="bbox 2138 2986 3843 3059; baseline -0.001 -15"><span class='ocrx_word' id='word_1_461' title='bbox 2138 2987 2259 3044; x_wconf 90' lang='lat' dir='ltr'><strong>dem</strong></span> <span class='ocrx_word' id='word_1_462' title='bbox 2286 2996 2341 3043; x_wconf 91' lang='lat' dir='ltr'><strong>et</strong></span> <span class='ocrx_word' id='word_1_463' title='bbox 2368 2989 2690 3055; x_wconf 91' lang='lat' dir='ltr'><strong>orationem,</strong></span> <span class='ocrx_word' id='word_1_464' title='bbox 2723 2989 2850 3059; x_wconf 89' lang='lat' dir='ltr'><strong>quia</strong></span> <span class='ocrx_word' id='word_1_465' title='bbox 2897 3002 3005 3043; x_wconf 91' lang='lat' dir='ltr'><strong>non</strong></span> <span class='ocrx_word' id='word_1_466' title='bbox 3030 2987 3316 3043; x_wconf 86' lang='lat' dir='ltr'><strong>exaudiam</strong></span> <span class='ocrx_word' id='word_1_467' title='bbox 3338 2996 3411 3055; x_wconf 87' lang='lat' dir='ltr'><strong>te,</strong></span> <span class='ocrx_word' id='word_1_468' title='bbox 3442 2986 3583 3043; x_wconf 89' lang='lat' dir='ltr'><strong>dicit</strong></span> <span class='ocrx_word' id='word_1_469' title='bbox 3616 2988 3727 3043; x_wconf 86' lang='lat' dir='ltr'><strong>Do-</strong></span> <span class='ocrx_word' id='word_1_470' title='bbox 3834 3046 3843 3056; x_wconf 65' lang='grc'><em>,</em></span> 
     </span>
    </p>
   </div>
   <div class='ocr_carea' id='block_1_60' title="bbox 474 3077 2564 3159">
    <p class='ocr_par' dir='ltr' id='par_1_60' title="bbox 474 3077 2564 3159">
     <span class='ocr_line' id='line_1_60' title="bbox 474 3077 2564 3159; baseline 0.004 -23"><span class='ocrx_word' id='word_1_471' title='bbox 474 3101 497 3133; x_wconf 79' lang='grc' dir='ltr'><strong>ι-</strong></span> <span class='ocrx_word' id='word_1_472' title='bbox 528 3096 623 3138; x_wconf 90' lang='lat' dir='ltr'><strong>ore</strong></span> <span class='ocrx_word' id='word_1_473' title='bbox 647 3080 891 3139; x_wconf 72' lang='lat' dir='ltr'><strong>Ieremia:</strong></span> <span class='ocrx_word' id='word_1_474' title='bbox 916 3099 1106 3141; x_wconf 86' lang='lat' dir='ltr'><strong>omnes</strong></span> <span class='ocrx_word' id='word_1_475' title='bbox 1129 3100 1405 3144; x_wconf 88' lang='lat' dir='ltr'><strong>sermones</strong></span> <span class='ocrx_word' id='word_1_476' title='bbox 1427 3087 1576 3153; x_wconf 90' lang='lat' dir='ltr'><strong>libri,</strong></span> <span class='ocrx_word' id='word_1_477' title='bbox 1599 3103 1761 3159; x_wconf 85' lang='lat' dir='ltr'><strong>quem</strong></span> <span class='ocrx_word' id='word_1_478' title='bbox 1784 3089 2037 3145; x_wconf 86' lang='lat' dir='ltr'><strong>combus-</strong></span> <span class='ocrx_word' id='word_1_479' title='bbox 2070 3148 2108 3159; x_wconf 49' lang='grc' dir='ltr'><strong>Α</strong></span> <span class='ocrx_word' id='word_1_480' title='bbox 2140 3077 2319 3133; x_wconf 65' lang='lat' dir='ltr'><strong>minus</strong></span> <span class='ocrx_word' id='word_1_481' title='bbox 2342 3078 2505 3135; x_wconf 77' lang='lat' dir='ltr'><strong>Deus-</strong></span> <span class='ocrx_word' id='word_1_482' title='bbox 2544 3098 2564 3133; x_wconf 73' lang='grc'><strong><em>³</em></strong></span> 
     </span>
    </p>
   </div>
   <div class='ocr_carea' id='block_1_61' title="bbox 475 3148 2033 3247">
    <p class='ocr_par' dir='ltr' id='par_1_61' title="bbox 475 3148 2033 3247">
     <span class='ocr_line' id='line_1_61' title="bbox 475 3148 2033 3247; baseline 0.008 -27"><span class='ocrx_word' id='word_1_483' title='bbox 475 3188 491 3220; x_wconf 70' lang='grc' dir='ltr'><em>α</em></span> <span class='ocrx_word' id='word_1_484' title='bbox 530 3178 676 3226; x_wconf 86' lang='lat' dir='ltr'><strong>serat</strong></span> <span class='ocrx_word' id='word_1_485' title='bbox 696 3169 936 3228; x_wconf 90' lang='lat' dir='ltr'><strong>Ioachim</strong></span> <span class='ocrx_word' id='word_1_486' title='bbox 950 3186 1044 3226; x_wconf 86' lang='lat' dir='ltr'><strong>rex</strong></span> <span class='ocrx_word' id='word_1_487' title='bbox 1071 3170 1204 3229; x_wconf 89' lang='lat' dir='ltr'><strong>Iuda</strong></span> <span class='ocrx_word' id='word_1_488' title='bbox 1238 3175 1357 3244; x_wconf 85' lang='lat' dir='ltr'><strong>igne</strong></span> <span class='ocrx_word' id='word_1_489' title='bbox 1382 3193 1395 3229; x_wconf 91' lang='lat'><strong>:</strong></span> <span class='ocrx_word' id='word_1_490' title='bbox 1425 3183 1481 3231; x_wconf 91' lang='lat' dir='ltr'><strong>et</strong></span> <span class='ocrx_word' id='word_1_491' title='bbox 1502 3148 2033 3247; x_wconf 67' lang='lat' dir='ltr'><strong>insuperadditisunt</strong></span> 
     </span>
    </p>
   </div>
   <div class='ocr_carea' id='block_1_62' title="bbox 2134 3148 3727 3247">
    <p class='ocr_par' dir='ltr' id='par_1_62' title="bbox 2214 3165 3727 3242">
     <span class='ocr_line' id='line_1_62' title="bbox 2214 3165 3727 3242; baseline 0.003 -23"><span class='ocrx_word' id='word_1_492' title='bbox 2214 3184 2233 3218; x_wconf 70' lang='grc' dir='ltr'>ι</span> <span class='ocrx_word' id='word_1_493' title='bbox 2266 3166 2434 3242; x_wconf 89' lang='lat' dir='ltr'><strong>igitur</strong></span> <span class='ocrx_word' id='word_1_494' title='bbox 2466 3165 3312 3240; x_wconf 82' lang='lat' dir='ltr'><strong>exercitusPharaonisegrcssus</strong></span> <span class='ocrx_word' id='word_1_495' title='bbox 3356 3175 3440 3223; x_wconf 87' lang='lat' dir='ltr'><strong>est</strong></span> <span class='ocrx_word' id='word_1_496' title='bbox 3489 3167 3567 3223; x_wconf 83' lang='lat' dir='ltr'><strong>de</strong></span> <span class='ocrx_word' id='word_1_497' title='bbox 3624 3167 3727 3224; x_wconf 65' lang='lat' dir='ltr'><strong>2E-</strong></span> 
     </span>
    </p>
   </div>
   <div class='ocr_carea' id='block_1_63' title="bbox 476 3259 2039 3333">
    <p class='ocr_par' dir='ltr' id='par_1_63' title="bbox 476 3259 2039 3333">
     <span class='ocr_line' id='line_1_63' title="bbox 476 3259 2039 3333; baseline 0.009 -25"><span class='ocrx_word' id='word_1_498' title='bbox 476 3276 495 3307; x_wconf 73' lang='lat' dir='ltr'><strong>c</strong></span> <span class='ocrx_word' id='word_1_499' title='bbox 536 3272 813 3314; x_wconf 89' lang='lat' dir='ltr'><strong>sermones</strong></span> <span class='ocrx_word' id='word_1_500' title='bbox 836 3259 1003 3315; x_wconf 92' lang='lat' dir='ltr'><strong>multo</strong></span> <span class='ocrx_word' id='word_1_501' title='bbox 1017 3259 1221 3329; x_wconf 85' lang='lat' dir='ltr'><strong>plures,</strong></span> <span class='ocrx_word' id='word_1_502' title='bbox 1240 3277 1400 3332; x_wconf 90' lang='lat' dir='ltr'><strong>quam</strong></span> <span class='ocrx_word' id='word_1_503' title='bbox 1423 3272 1579 3319; x_wconf 90' lang='lat' dir='ltr'><strong>antea</strong></span> <span class='ocrx_word' id='word_1_504' title='bbox 1597 3263 1827 3320; x_wconf 89' lang='lat' dir='ltr'><strong>fuerant.</strong></span> <span class='ocrx_word' id='word_1_505' title='bbox 1858 3284 1877 3318; x_wconf 77' lang='grc' dir='ltr'><strong><em>ι</em></strong></span> <span class='ocrx_word' id='word_1_506' title='bbox 1899 3265 2039 3333; x_wconf 88' lang='lat' dir='ltr'><strong>Quid</strong></span> 
     </span>
    </p>
   </div>
   <div class='ocr_carea' id='block_1_64' title="bbox 471 3348 2036 3421">
    <p class='ocr_par' dir='ltr' id='par_1_64' title="bbox 471 3348 2036 3421">
     <span class='ocr_line' id='line_1_64' title="bbox 471 3348 2036 3421; baseline 0.007 -22"><span class='ocrx_word' id='word_1_507' title='bbox 471 3360 602 3417; x_wconf 88' lang='lat' dir='ltr'><strong>ergo</strong></span> <span class='ocrx_word' id='word_1_508' title='bbox 628 3348 757 3411; x_wconf 87' lang='lat' dir='ltr'><strong>vult,</strong></span> <span class='ocrx_word' id='word_1_509' title='bbox 782 3348 923 3418; x_wconf 90' lang='lat' dir='ltr'><strong>quod</strong></span> <span class='ocrx_word' id='word_1_510' title='bbox 943 3349 1204 3420; x_wconf 88' lang='lat' dir='ltr'><strong>propheta</strong></span> <span class='ocrx_word' id='word_1_511' title='bbox 1218 3358 1484 3421; x_wconf 65' lang='lat' dir='ltr'><strong>praecepto</strong></span> <span class='ocrx_word' id='word_1_512' title='bbox 1498 3351 1710 3408; x_wconf 91' lang='lat' dir='ltr'><strong>Domini</strong></span> <span class='ocrx_word' id='word_1_513' title='bbox 1738 3355 2036 3410; x_wconf 85' lang='lat' dir='ltr'><strong>commoni-</strong></span> 
     </span>
    </p>
   </div>
   <div class='ocr_carea' id='block_1_65' title="bbox 473 3436 2035 3517">
    <p class='ocr_par' dir='ltr' id='par_1_65' title="bbox 473 3436 2035 3517">
     <span class='ocr_line' id='line_1_65' title="bbox 473 3436 2035 3517; baseline 0.013 -28"><span class='ocrx_word' id='word_1_514' title='bbox 473 3444 583 3505; x_wconf 84' lang='lat' dir='ltr'><strong>tus,</strong></span> <span class='ocrx_word' id='word_1_515' title='bbox 613 3445 737 3512; x_wconf 78' lang='lat' dir='ltr'><strong>post</strong></span> <span class='ocrx_word' id='word_1_516' title='bbox 760 3436 1186 3500; x_wconf 80' lang='lat' dir='ltr'><strong>combustionem</strong></span> <span class='ocrx_word' id='word_1_517' title='bbox 1216 3447 1413 3517; x_wconf 73' lang='lat' dir='ltr'><strong>prioris</strong></span> <span class='ocrx_word' id='word_1_518' title='bbox 1429 3442 1718 3507; x_wconf 81' lang='lat' dir='ltr'><strong>voluminis</strong></span> <span class='ocrx_word' id='word_1_519' title='bbox 1746 3443 1866 3507; x_wconf 89' lang='lat' dir='ltr'><strong>tulit</strong></span> <span class='ocrx_word' id='word_1_520' title='bbox 1893 3446 2035 3509; x_wconf 77' lang='lat' dir='ltr'><strong>aliud</strong></span> 
     </span>
    </p>
   </div>
   <div class='ocr_carea' id='block_1_66' title="bbox 477 3528 2036 3611">
    <p class='ocr_par' dir='ltr' id='par_1_66' title="bbox 477 3528 2036 3611">
     <span class='ocr_line' id='line_1_66' title="bbox 477 3528 2036 3611; baseline 0.01 -28"><span class='ocrx_word' id='word_1_521' title='bbox 477 3528 756 3598; x_wconf 84' lang='lat' dir='ltr'><strong>volumen,</strong></span> <span class='ocrx_word' id='word_1_522' title='bbox 796 3537 850 3585; x_wconf 90' lang='lat' dir='ltr'><strong>et</strong></span> <span class='ocrx_word' id='word_1_523' title='bbox 875 3530 1021 3585; x_wconf 76' lang='lat' dir='ltr'><strong>dedit</strong></span> <span class='ocrx_word' id='word_1_524' title='bbox 1047 3531 1175 3589; x_wconf 89' lang='lat' dir='ltr'><strong>illud</strong></span> <span class='ocrx_word' id='word_1_525' title='bbox 1201 3532 1415 3590; x_wconf 90' lang='lat' dir='ltr'><strong>Baruch</strong></span> <span class='ocrx_word' id='word_1_526' title='bbox 1441 3536 1652 3605; x_wconf 61' lang='lat' dir='ltr'><strong>scriba},</strong></span> <span class='ocrx_word' id='word_1_527' title='bbox 1689 3538 1780 3608; x_wconf 91' lang='lat' dir='ltr'><strong>qui</strong></span> <span class='ocrx_word' id='word_1_528' title='bbox 1818 3541 2036 3611; x_wconf 89' lang='lat' dir='ltr'><strong>scripsit</strong></span> 
     </span>
    </p>
   </div>
   <div class='ocr_carea' id='block_1_67' title="bbox 474 3616 2030 3695">
    <p class='ocr_par' dir='ltr' id='par_1_67' title="bbox 474 3616 2030 3695">
     <span class='ocr_line' id='line_1_67' title="bbox 474 3616 2030 3695; baseline 0.006 -23"><span class='ocrx_word' id='word_1_529' title='bbox 474 3616 529 3673; x_wconf 90' lang='lat' dir='ltr'><strong>in</strong></span> <span class='ocrx_word' id='word_1_530' title='bbox 562 3632 627 3673; x_wconf 88' lang='lat' dir='ltr'><strong>eo</strong></span> <span class='ocrx_word' id='word_1_531' title='bbox 652 3632 717 3673; x_wconf 85' lang='lat' dir='ltr'><strong>ex</strong></span> <span class='ocrx_word' id='word_1_532' title='bbox 741 3633 836 3674; x_wconf 91' lang='lat' dir='ltr'><strong>ore</strong></span> <span class='ocrx_word' id='word_1_533' title='bbox 876 3618 1042 3691; x_wconf 90' lang='lat' dir='ltr'><strong>ipsius</strong></span> <span class='ocrx_word' id='word_1_534' title='bbox 1070 3617 1314 3677; x_wconf 84' lang='lat' dir='ltr'><strong>Ieremiae</strong></span> <span class='ocrx_word' id='word_1_535' title='bbox 1344 3637 1533 3679; x_wconf 90' lang='lat' dir='ltr'><strong>omnes</strong></span> <span class='ocrx_word' id='word_1_536' title='bbox 1561 3639 1837 3684; x_wconf 89' lang='lat' dir='ltr'><strong>sermones</strong></span> <span class='ocrx_word' id='word_1_537' title='bbox 1884 3628 2030 3695; x_wconf 90' lang='lat' dir='ltr'><strong>libri,</strong></span> 
     </span>
    </p>
   </div>
   <div class='ocr_carea' id='block_1_68' title="bbox 471 3704 2035 3786">
    <p class='ocr_par' dir='ltr' id='par_1_68' title="bbox 471 3704 2035 3786">
     <span class='ocr_line' id='line_1_68' title="bbox 471 3704 2035 3786; baseline 0.006 -24"><span class='ocrx_word' id='word_1_538' title='bbox 471 3721 631 3778; x_wconf 90' lang='lat' dir='ltr'><strong>quem</strong></span> <span class='ocrx_word' id='word_1_539' title='bbox 652 3706 1021 3764; x_wconf 89' lang='lat' dir='ltr'><strong>eombusserat</strong></span> <span class='ocrx_word' id='word_1_540' title='bbox 1033 3704 1275 3765; x_wconf 87' lang='lat' dir='ltr'><strong>Ioacbim</strong></span> <span class='ocrx_word' id='word_1_541' title='bbox 1307 3726 1403 3765; x_wconf 87' lang='lat' dir='ltr'><strong>rex</strong></span> <span class='ocrx_word' id='word_1_542' title='bbox 1427 3709 1562 3766; x_wconf 91' lang='lat' dir='ltr'><strong>Iuda</strong></span> <span class='ocrx_word' id='word_1_543' title='bbox 1588 3711 1696 3783; x_wconf 81' lang='lat' dir='ltr'><strong>igni</strong></span> <span class='ocrx_word' id='word_1_544' title='bbox 1724 3731 1736 3766; x_wconf 93' lang='lat'>:</span> <span class='ocrx_word' id='word_1_545' title='bbox 1765 3713 1869 3770; x_wconf 88' lang='lat' dir='ltr'><strong>nisi</strong></span> <span class='ocrx_word' id='word_1_546' title='bbox 1891 3708 2035 3786; x_wconf 86' lang='lat' dir='ltr'><strong>quod</strong></span> 
     </span>
    </p>
   </div>
   <div class='ocr_carea' id='block_1_69' title="bbox 473 3796 2033 3879">
    <p class='ocr_par' dir='ltr' id='par_1_69' title="bbox 473 3796 2033 3879">
     <span class='ocr_line' id='line_1_69' title="bbox 473 3796 2033 3879; baseline 0.008 -28"><span class='ocrx_word' id='word_1_547' title='bbox 473 3796 755 3870; x_wconf 85' lang='lat' dir='ltr'><strong>reprobata</strong></span> <span class='ocrx_word' id='word_1_548' title='bbox 778 3797 846 3853; x_wconf 94' lang='lat' dir='ltr'><strong>ob</strong></span> <span class='ocrx_word' id='word_1_549' title='bbox 867 3798 1147 3868; x_wconf 90' lang='lat' dir='ltr'><strong>perﬁdiam</strong></span> <span class='ocrx_word' id='word_1_550' title='bbox 1179 3797 1382 3867; x_wconf 66' lang='lat' dir='ltr'><strong>Iudaea,</strong></span> <span class='ocrx_word' id='word_1_551' title='bbox 1407 3800 1529 3856; x_wconf 91' lang='lat' dir='ltr'><strong>libri</strong></span> <span class='ocrx_word' id='word_1_552' title='bbox 1563 3801 1695 3874; x_wconf 88' lang='lat' dir='ltr'><strong>legis</strong></span> <span class='ocrx_word' id='word_1_553' title='bbox 1714 3811 1771 3858; x_wconf 93' lang='lat' dir='ltr'><strong>et</strong></span> <span class='ocrx_word' id='word_1_554' title='bbox 1803 3805 2033 3879; x_wconf 89' lang='lat' dir='ltr'><strong>prophe-</strong></span> 
     </span>
    </p>
   </div>
   <div class='ocr_carea' id='block_1_70' title="bbox 475 3884 2035 3970">
    <p class='ocr_par' dir='ltr' id='par_1_70' title="bbox 475 3884 2035 3970">
     <span class='ocr_line' id='line_1_70' title="bbox 475 3884 2035 3970; baseline 0.01 -31"><span class='ocrx_word' id='word_1_555' title='bbox 475 3895 653 3941; x_wconf 90' lang='lat' dir='ltr'><strong>tarum</strong></span> <span class='ocrx_word' id='word_1_556' title='bbox 684 3886 751 3941; x_wconf 93' lang='lat' dir='ltr'><strong>ad</strong></span> <span class='ocrx_word' id='word_1_557' title='bbox 797 3889 1033 3961; x_wconf 87' lang='lat' dir='ltr'><strong>gentium</strong></span> <span class='ocrx_word' id='word_1_558' title='bbox 1069 3884 1296 3946; x_wconf 85' lang='lat' dir='ltr'><strong>salutem</strong></span> <span class='ocrx_word' id='word_1_559' title='bbox 1351 3893 1548 3948; x_wconf 87' lang='lat' dir='ltr'><strong>servati</strong></span> <span class='ocrx_word' id='word_1_560' title='bbox 1600 3898 1746 3961; x_wconf 88' lang='lat' dir='ltr'><strong>sunt,</strong></span> <span class='ocrx_word' id='word_1_561' title='bbox 1794 3894 1862 3951; x_wconf 90' lang='lat' dir='ltr'><strong>ad</strong></span> <span class='ocrx_word' id='word_1_562' title='bbox 1902 3913 2035 3970; x_wconf 90' lang='lat' dir='ltr'><strong>quas</strong></span> 
     </span>
    </p>
   </div>
   <div class='ocr_carea' id='block_1_71' title="bbox 472 3975 2031 4052">
    <p class='ocr_par' dir='ltr' id='par_1_71' title="bbox 472 3975 2031 4052">
     <span class='ocr_line' id='line_1_71' title="bbox 472 3975 2031 4052; baseline 0.008 -22"><span class='ocrx_word' id='word_1_563' title='bbox 472 3977 648 4032; x_wconf 88' lang='lat' dir='ltr'><strong>onmis</strong></span> <span class='ocrx_word' id='word_1_564' title='bbox 673 3975 841 4048; x_wconf 89' lang='lat' dir='ltr'><strong>gloria</strong></span> <span class='ocrx_word' id='word_1_565' title='bbox 868 3979 1081 4036; x_wconf 76' lang='lat' dir='ltr'><strong>Veteris</strong></span> <span class='ocrx_word' id='word_1_566' title='bbox 1108 3980 1437 4037; x_wconf 89' lang='lat' dir='ltr'><strong>Testamenti</strong></span> <span class='ocrx_word' id='word_1_567' title='bbox 1456 3996 1577 4052; x_wconf 88' lang='lat' dir='ltr'><strong>post</strong></span> <span class='ocrx_word' id='word_1_568' title='bbox 1596 3984 1797 4040; x_wconf 88' lang='lat' dir='ltr'><strong>Christi</strong></span> <span class='ocrx_word' id='word_1_569' title='bbox 1829 3988 2031 4042; x_wconf 90' lang='lat' dir='ltr'><strong>adven-</strong></span> 
     </span>
    </p>
   </div>
   <div class='ocr_carea' id='block_1_72' title="bbox 471 4067 2032 4148">
    <p class='ocr_par' dir='ltr' id='par_1_72' title="bbox 471 4067 2032 4148">
     <span class='ocr_line' id='line_1_72' title="bbox 471 4067 2032 4148; baseline 0.008 -27"><span class='ocrx_word' id='word_1_570' title='bbox 471 4075 581 4121; x_wconf 86' lang='lat' dir='ltr'><strong>tum</strong></span> <span class='ocrx_word' id='word_1_571' title='bbox 611 4067 866 4122; x_wconf 88' lang='lat' dir='ltr'><strong>translata</strong></span> <span class='ocrx_word' id='word_1_572' title='bbox 911 4079 994 4125; x_wconf 89' lang='lat' dir='ltr'><strong>est</strong></span> <span class='ocrx_word' id='word_1_573' title='bbox 1013 4110 1031 4136; x_wconf 94' lang='lat'><strong>,</strong></span> <span class='ocrx_word' id='word_1_574' title='bbox 1057 4070 1310 4142; x_wconf 87' lang='lat' dir='ltr'><strong>quoniam</strong></span> <span class='ocrx_word' id='word_1_575' title='bbox 1344 4090 1363 4124; x_wconf 75' lang='grc' dir='ltr'><strong><em>ι</em></strong></span> <span class='ocrx_word' id='word_1_576' title='bbox 1393 4073 1575 4127; x_wconf 92' lang='lat' dir='ltr'><strong>omnia</strong></span> <span class='ocrx_word' id='word_1_577' title='bbox 1623 4074 1678 4129; x_wconf 91' lang='lat' dir='ltr'><strong>in</strong></span> <span class='ocrx_word' id='word_1_578' title='bbox 1706 4074 1875 4148; x_wconf 88' lang='lat' dir='ltr'><strong>ﬁgura</strong></span> <span class='ocrx_word' id='word_1_579' title='bbox 1903 4092 2032 4134; x_wconf 83' lang='lat' dir='ltr'><strong>con-</strong></span> 
     </span>
    </p>
   </div>
   <div class='ocr_carea' id='block_1_73' title="bbox 470 4154 2030 4234">
    <p class='ocr_par' dir='ltr' id='par_1_73' title="bbox 470 4154 2030 4234">
     <span class='ocr_line' id='line_1_73' title="bbox 470 4154 2030 4234; baseline 0.007 -25"><span class='ocrx_word' id='word_1_580' title='bbox 470 4154 747 4226; x_wconf 86' lang='lat' dir='ltr'><strong>tingebant</strong></span> <span class='ocrx_word' id='word_1_581' title='bbox 794 4155 945 4212; x_wconf 90' lang='lat' dir='ltr'><strong>illis:</strong></span> <span class='ocrx_word' id='word_1_582' title='bbox 977 4158 1178 4230; x_wconf 89' lang='lat' dir='ltr'><strong>scripta</strong></span> <span class='ocrx_word' id='word_1_583' title='bbox 1230 4169 1357 4214; x_wconf 90' lang='lat' dir='ltr'><strong>sunt</strong></span> <span class='ocrx_word' id='word_1_584' title='bbox 1406 4168 1588 4217; x_wconf 90' lang='lat' dir='ltr'><strong>autem</strong></span> <span class='ocrx_word' id='word_1_585' title='bbox 1628 4162 1695 4217; x_wconf 91' lang='lat' dir='ltr'><strong>ad</strong></span> <span class='ocrx_word' id='word_1_586' title='bbox 1734 4164 2030 4234; x_wconf 90' lang='lat' dir='ltr'><strong>correptio-</strong></span> 
     </span>
    </p>
   </div>
   <div class='ocr_carea' id='block_1_74' title="bbox 475 4244 2030 4319">
    <p class='ocr_par' dir='ltr' id='par_1_74' title="bbox 475 4244 2030 4319">
     <span class='ocr_line' id='line_1_74' title="bbox 475 4244 2030 4319; baseline 0.007 -23"><span class='ocrx_word' id='word_1_587' title='bbox 475 4258 594 4297; x_wconf 91' lang='lat' dir='ltr'><strong>nem</strong></span> <span class='ocrx_word' id='word_1_588' title='bbox 622 4251 881 4311; x_wconf 88' lang='lat' dir='ltr'><strong>nostram,</strong></span> <span class='ocrx_word' id='word_1_589' title='bbox 921 4244 989 4301; x_wconf 90' lang='lat' dir='ltr'><strong>ad</strong></span> <span class='ocrx_word' id='word_1_590' title='bbox 1014 4261 1149 4319; x_wconf 87' lang='lat' dir='ltr'><strong>quos</strong></span> <span class='ocrx_word' id='word_1_591' title='bbox 1176 4245 1312 4303; x_wconf 87' lang='lat' dir='ltr'><strong>ﬁnes</strong></span> <span class='ocrx_word' id='word_1_592' title='bbox 1347 4247 1663 4306; x_wconf 71' lang='lat' dir='ltr'><strong>smcuiorum</strong></span> <span class='ocrx_word' id='word_1_593' title='bbox 1703 4251 2030 4308; x_wconf 89' lang='lat' dir='ltr'><strong>devenerunt</strong></span> 
     </span>
    </p>
   </div>
   <div class='ocr_carea' id='block_1_75' title="bbox 471 4332 2027 4416">
    <p class='ocr_par' dir='ltr' id='par_1_75' title="bbox 471 4332 2027 4416">
     <span class='ocr_line' id='line_1_75' title="bbox 471 4332 2027 4416; baseline 0.009 -30"><span class='ocrx_word' id='word_1_594' title='bbox 471 4332 523 4404; x_wconf 73' lang='grc' dir='ltr'><strong>(Ι</strong></span> <span class='ocrx_word' id='word_1_595' title='bbox 545 4334 663 4390; x_wconf 85' lang='lat' dir='ltr'><strong>Cor.</strong></span> <span class='ocrx_word' id='word_1_596' title='bbox 692 4336 769 4409; x_wconf 89' lang='lat' dir='ltr'><strong>x).</strong></span> <span class='ocrx_word' id='word_1_597' title='bbox 801 4357 821 4390; x_wconf 72' lang='grc' dir='ltr'><strong>ι</strong></span> <span class='ocrx_word' id='word_1_598' title='bbox 847 4337 1000 4394; x_wconf 86' lang='lat' dir='ltr'><strong>Unde</strong></span> <span class='ocrx_word' id='word_1_599' title='bbox 1044 4339 1182 4395; x_wconf 90' lang='lat' dir='ltr'><strong>bene</strong></span> <span class='ocrx_word' id='word_1_600' title='bbox 1212 4340 1492 4397; x_wconf 89' lang='lat' dir='ltr'><strong>subditur:</strong></span> <span class='ocrx_word' id='word_1_601' title='bbox 1516 4351 1572 4398; x_wconf 88' lang='lat' dir='ltr'><strong>et</strong></span> <span class='ocrx_word' id='word_1_602' title='bbox 1614 4344 1830 4416; x_wconf 89' lang='lat' dir='ltr'><strong>insuper</strong></span> <span class='ocrx_word' id='word_1_603' title='bbox 1863 4344 2027 4400; x_wconf 89' lang='lat' dir='ltr'><strong>additi</strong></span> 
     </span>
    </p>
   </div>
   <div class='ocr_carea' id='block_1_76' title="bbox 473 4426 2023 4501">
    <p class='ocr_par' dir='ltr' id='par_1_76' title="bbox 473 4426 2023 4501">
     <span class='ocr_line' id='line_1_76' title="bbox 473 4426 2023 4501; baseline 0.008 -26"><span class='ocrx_word' id='word_1_604' title='bbox 473 4429 598 4477; x_wconf 86' lang='lat' dir='ltr'><strong>sunt</strong></span> <span class='ocrx_word' id='word_1_605' title='bbox 636 4438 913 4483; x_wconf 89' lang='lat' dir='ltr'><strong>sermones</strong></span> <span class='ocrx_word' id='word_1_606' title='bbox 961 4426 1128 4483; x_wconf 90' lang='lat' dir='ltr'><strong>multo</strong></span> <span class='ocrx_word' id='word_1_607' title='bbox 1156 4427 1337 4500; x_wconf 89' lang='lat' dir='ltr'><strong>plures</strong></span> <span class='ocrx_word' id='word_1_608' title='bbox 1361 4470 1376 4496; x_wconf 94' lang='lat'><strong>,</strong></span> <span class='ocrx_word' id='word_1_609' title='bbox 1405 4445 1565 4501; x_wconf 90' lang='lat' dir='ltr'><strong>quam</strong></span> <span class='ocrx_word' id='word_1_610' title='bbox 1619 4438 1745 4486; x_wconf 91' lang='lat' dir='ltr'><strong>ante</strong></span> <span class='ocrx_word' id='word_1_611' title='bbox 1790 4431 2023 4499; x_wconf 89' lang='lat' dir='ltr'><strong>fuerant,</strong></span> 
     </span>
    </p>
   </div>
   <div class='ocr_carea' id='block_1_77' title="bbox 472 4512 2023 4586">
    <p class='ocr_par' dir='ltr' id='par_1_77' title="bbox 472 4512 2023 4586">
     <span class='ocr_line' id='line_1_77' title="bbox 472 4512 2023 4586; baseline 0.008 -22"><span class='ocrx_word' id='word_1_612' title='bbox 472 4512 595 4580; x_wconf 88' lang='lat' dir='ltr'><strong>quia</strong></span> <span class='ocrx_word' id='word_1_613' title='bbox 625 4512 698 4568; x_wconf 87' lang='lat' dir='ltr'><strong>illi</strong></span> <span class='ocrx_word' id='word_1_614' title='bbox 725 4513 1004 4570; x_wconf 90' lang='lat' dir='ltr'><strong>historiam</strong></span> <span class='ocrx_word' id='word_1_615' title='bbox 1036 4524 1263 4586; x_wconf 90' lang='lat' dir='ltr'><strong>tantum,</strong></span> <span class='ocrx_word' id='word_1_616' title='bbox 1316 4535 1414 4575; x_wconf 91' lang='lat' dir='ltr'><strong>nos</strong></span> <span class='ocrx_word' id='word_1_617' title='bbox 1443 4528 1624 4576; x_wconf 90' lang='lat' dir='ltr'><strong>autem</strong></span> <span class='ocrx_word' id='word_1_618' title='bbox 1651 4536 1773 4576; x_wconf 90' lang='lat' dir='ltr'><strong>cum</strong></span> <span class='ocrx_word' id='word_1_619' title='bbox 1798 4522 2023 4578; x_wconf 87' lang='lat' dir='ltr'><strong>historia</strong></span> 
     </span>
    </p>
   </div>
   <div class='ocr_carea' id='block_1_78' title="bbox 468 4601 2032 4682">
    <p class='ocr_par' dir='ltr' id='par_1_78' title="bbox 468 4601 2032 4682">
     <span class='ocr_line' id='line_1_78' title="bbox 468 4601 2032 4682; baseline 0.008 -28"><span class='ocrx_word' id='word_1_620' title='bbox 468 4601 751 4671; x_wconf 84' lang='lat' dir='ltr'><strong>mysticum</strong></span> <span class='ocrx_word' id='word_1_621' title='bbox 798 4619 1015 4660; x_wconf 88' lang='lat' dir='ltr'><strong>sensum</strong></span> <span class='ocrx_word' id='word_1_622' title='bbox 1072 4607 1376 4664; x_wconf 91' lang='lat' dir='ltr'><strong>habemus:</strong></span> <span class='ocrx_word' id='word_1_623' title='bbox 1420 4609 1496 4664; x_wconf 92' lang='lat' dir='ltr'><strong>illi</strong></span> <span class='ocrx_word' id='word_1_624' title='bbox 1545 4609 1689 4665; x_wconf 92' lang='lat' dir='ltr'><strong>enim</strong></span> <span class='ocrx_word' id='word_1_625' title='bbox 1738 4626 1899 4682; x_wconf 89' lang='lat' dir='ltr'><strong>super</strong></span> <span class='ocrx_word' id='word_1_626' title='bbox 1936 4626 2032 4667; x_wconf 88' lang='lat' dir='ltr'><strong>cor</strong></span> 
     </span>
    </p>
   </div>
   <div class='ocr_carea' id='block_1_79' title="bbox 467 4689 2031 4772">
    <p class='ocr_par' dir='ltr' id='par_1_79' title="bbox 467 4689 2031 4772">
     <span class='ocr_line' id='line_1_79' title="bbox 467 4689 2031 4772; baseline 0.009 -28"><span class='ocrx_word' id='word_1_627' title='bbox 467 4689 711 4746; x_wconf 83' lang='lat' dir='ltr'><strong>velamen</strong></span> <span class='ocrx_word' id='word_1_628' title='bbox 764 4692 1074 4762; x_wconf 89' lang='lat' dir='ltr'><strong>habebant,</strong></span> <span class='ocrx_word' id='word_1_629' title='bbox 1121 4712 1245 4753; x_wconf 92' lang='lat' dir='ltr'><strong>cum</strong></span> <span class='ocrx_word' id='word_1_630' title='bbox 1299 4697 1567 4770; x_wconf 85' lang='lat' dir='ltr'><strong>legeretur</strong></span> <span class='ocrx_word' id='word_1_631' title='bbox 1616 4700 1840 4772; x_wconf 82' lang='lat' dir='ltr'><strong>Moyses.</strong></span> <span class='ocrx_word' id='word_1_632' title='bbox 1872 4720 1890 4753; x_wconf 71' lang='grc' dir='ltr'><em>ς</em></span> <span class='ocrx_word' id='word_1_633' title='bbox 1923 4700 2031 4757; x_wconf 80' lang='lat' dir='ltr'><strong>Nos</strong></span> 
     </span>
    </p>
   </div>
   <div class='ocr_carea' id='block_1_80' title="bbox 467 4783 2030 4861">
    <p class='ocr_par' dir='ltr' id='par_1_80' title="bbox 467 4783 2030 4861">
     <span class='ocr_line' id='line_1_80' title="bbox 467 4783 2030 4861; baseline 0.008 -26"><span class='ocrx_word' id='word_1_634' title='bbox 467 4788 645 4836; x_wconf 76' lang='lat' dir='ltr'><strong>autem</strong></span> <span class='ocrx_word' id='word_1_635' title='bbox 691 4783 924 4838; x_wconf 86' lang='lat' dir='ltr'><strong>revelata</strong></span> <span class='ocrx_word' id='word_1_636' title='bbox 974 4784 1111 4842; x_wconf 86' lang='lat' dir='ltr'><strong>facie</strong></span> <span class='ocrx_word' id='word_1_637' title='bbox 1158 4787 1378 4860; x_wconf 89' lang='lat' dir='ltr'><strong>gloriam</strong></span> <span class='ocrx_word' id='word_1_638' title='bbox 1428 4791 1639 4846; x_wconf 90' lang='lat' dir='ltr'><strong>Domini</strong></span> <span class='ocrx_word' id='word_1_639' title='bbox 1688 4791 2030 4861; x_wconf 87' lang='lat' dir='ltr'><strong>speculantes</strong></span> 
     </span>
    </p>
   </div>
   <div class='ocr_carea' id='block_1_81' title="bbox 466 4873 2029 4948">
    <p class='ocr_par' dir='ltr' id='par_1_81' title="bbox 466 4873 2029 4948">
     <span class='ocr_line' id='line_1_81' title="bbox 466 4873 2029 4948; baseline 0.008 -21"><span class='ocrx_word' id='word_1_640' title='bbox 466 4874 520 4928; x_wconf 79' lang='lat' dir='ltr'><strong>in</strong></span> <span class='ocrx_word' id='word_1_641' title='bbox 575 4873 821 4929; x_wconf 85' lang='lat' dir='ltr'><strong>eamdem</strong></span> <span class='ocrx_word' id='word_1_642' title='bbox 851 4873 1135 4948; x_wconf 78' lang='lat' dir='ltr'><strong>imaginem</strong></span> <span class='ocrx_word' id='word_1_643' title='bbox 1180 4879 1631 4936; x_wconf 79' lang='lat' dir='ltr'><strong>transformamur</strong></span> <span class='ocrx_word' id='word_1_644' title='bbox 1659 4922 1675 4948; x_wconf 95' lang='lat'><strong>,</strong></span> <span class='ocrx_word' id='word_1_645' title='bbox 1721 4896 1753 4937; x_wconf 87' lang='lat' dir='ltr'><strong>a</strong></span> <span class='ocrx_word' id='word_1_646' title='bbox 1786 4882 2029 4939; x_wconf 78' lang='lat' dir='ltr'><strong>claritate</strong></span> 
     </span>
    </p>
   </div>
   <div class='ocr_carea' id='block_1_82' title="bbox 466 4963 2028 5041">
    <p class='ocr_par' dir='ltr' id='par_1_82' title="bbox 466 4963 2028 5041">
     <span class='ocr_line' id='line_1_82' title="bbox 466 4963 2028 5041; baseline 0.006 -22"><span class='ocrx_word' id='word_1_647' title='bbox 466 4965 519 5019; x_wconf 90' lang='lat' dir='ltr'><strong>in</strong></span> <span class='ocrx_word' id='word_1_648' title='bbox 573 4963 885 5020; x_wconf 84' lang='lat' dir='ltr'><strong>claritatem</strong></span> <span class='ocrx_word' id='word_1_649' title='bbox 907 4973 1220 5039; x_wconf 85' lang='lat' dir='ltr'><strong>tanquama</strong></span> <span class='ocrx_word' id='word_1_650' title='bbox 1254 4968 1463 5025; x_wconf 86' lang='lat' dir='ltr'><strong>Domini</strong></span> <span class='ocrx_word' id='word_1_651' title='bbox 1506 4972 1739 5041; x_wconf 90' lang='lat' dir='ltr'><strong>spiritu:</strong></span> <span class='ocrx_word' id='word_1_652' title='bbox 1769 4972 2028 5028; x_wconf 84' lang='lat' dir='ltr'><strong>Dominus</strong></span> 
     </span>
    </p>
   </div>
   <div class='ocr_carea' id='block_1_83' title="bbox 464 5057 2027 5131">
    <p class='ocr_par' dir='ltr' id='par_1_83' title="bbox 464 5057 2027 5131">
     <span class='ocr_line' id='line_1_83' title="bbox 464 5057 2027 5131; baseline 0.005 -22"><span class='ocrx_word' id='word_1_653' title='bbox 464 5063 644 5111; x_wconf 82' lang='lat' dir='ltr'><strong>autem</strong></span> <span class='ocrx_word' id='word_1_654' title='bbox 672 5057 893 5128; x_wconf 74' lang='lat' dir='ltr'><strong>spiritus</strong></span> <span class='ocrx_word' id='word_1_655' title='bbox 938 5065 1038 5122; x_wconf 86' lang='lat' dir='ltr'><strong>est,</strong></span> <span class='ocrx_word' id='word_1_656' title='bbox 1068 5059 1161 5114; x_wconf 89' lang='lat' dir='ltr'><strong>ubi</strong></span> <span class='ocrx_word' id='word_1_657' title='bbox 1207 5068 1385 5115; x_wconf 89' lang='lat' dir='ltr'><strong>autem</strong></span> <span class='ocrx_word' id='word_1_658' title='bbox 1434 5062 1655 5131; x_wconf 89' lang='lat' dir='ltr'><strong>spiritus</strong></span> <span class='ocrx_word' id='word_1_659' title='bbox 1685 5061 1922 5121; x_wconf 92' lang='lat' dir='ltr'><strong>Domini.</strong></span> <span class='ocrx_word' id='word_1_660' title='bbox 1954 5062 2027 5117; x_wconf 91' lang='lat' dir='ltr'><strong>ibi</strong></span> 
     </span>
    </p>
   </div>
   <div class='ocr_carea' id='block_1_84' title="bbox 465 5144 1146 5220">
    <p class='ocr_par' dir='ltr' id='par_1_84' title="bbox 465 5144 1146 5220">
     <span class='ocr_line' id='line_1_84' title="bbox 465 5144 1146 5220; baseline 0.001 -21"><span class='ocrx_word' id='word_1_661' title='bbox 465 5144 684 5201; x_wconf 60' lang='lat' dir='ltr'><strong>ibertas</strong></span> <span class='ocrx_word' id='word_1_662' title='bbox 717 5145 804 5220; x_wconf 84' lang='grc' dir='ltr'><strong>(ΙΙ</strong></span> <span class='ocrx_word' id='word_1_663' title='bbox 826 5144 950 5202; x_wconf 81' lang='lat' dir='ltr'><strong>Cor.</strong></span> <span class='ocrx_word' id='word_1_664' title='bbox 982 5145 1087 5219; x_wconf 78' lang='grc' dir='ltr'><strong>ιη).</strong></span> <span class='ocrx_word' id='word_1_665' title='bbox 1126 5166 1146 5200; x_wconf 72' lang='grc' dir='ltr'><strong><em>ι</em></strong></span> 
     </span>
    </p>
   </div>
   <div class='ocr_carea' id='block_1_85' title="bbox 996 5257 1500 5316">
    <p class='ocr_par' dir='ltr' id='par_1_85' title="bbox 996 5257 1500 5316">
     <span class='ocr_line' id='line_1_85' title="bbox 996 5257 1500 5316; baseline 0.004 -2"><span class='ocrx_word' id='word_1_666' title='bbox 996 5257 1219 5316; x_wconf 82' lang='lat' dir='ltr'><strong>CAPUT</strong></span> <span class='ocrx_word' id='word_1_667' title='bbox 1242 5257 1500 5316; x_wconf 74' lang='lat' dir='ltr'><strong>XXXVII.</strong></span> 
     </span>
    </p>
   </div>
   <div class='ocr_carea' id='block_1_86' title="bbox 467 5344 2022 5423">
    <p class='ocr_par' dir='ltr' id='par_1_86' title="bbox 467 5344 2022 5423">
     <span class='ocr_line' id='line_1_86' title="bbox 467 5344 2022 5423; baseline 0.004 -22"><span class='ocrx_word' id='word_1_668' title='bbox 467 5344 748 5423; x_wconf 59' lang='lat' dir='ltr'><strong>Sedechias</strong></span> <span class='ocrx_word' id='word_1_669' title='bbox 794 5350 1007 5423; x_wconf 64' lang='lat' dir='ltr'><strong>mandat</strong></span> <span class='ocrx_word' id='word_1_670' title='bbox 1034 5368 1195 5423; x_wconf 74' lang='lat' dir='ltr'><strong>orare</strong></span> <span class='ocrx_word' id='word_1_671' title='bbox 1215 5350 1492 5423; x_wconf 72' lang='lat' dir='ltr'><strong>Dominum</strong></span> <span class='ocrx_word' id='word_1_672' title='bbox 1520 5368 1615 5422; x_wconf 82' lang='lat' dir='ltr'><strong>pro</strong></span> <span class='ocrx_word' id='word_1_673' title='bbox 1642 5368 1697 5406; x_wconf 84' lang='lat' dir='ltr'><strong>se</strong></span> <span class='ocrx_word' id='word_1_674' title='bbox 1736 5361 1783 5406; x_wconf 83' lang='lat' dir='ltr'><strong>et</strong></span> <span class='ocrx_word' id='word_1_675' title='bbox 1811 5352 2022 5423; x_wconf 86' lang='lat' dir='ltr'><strong>populo,</strong></span> 
     </span>
    </p>
   </div>
   <div class='ocr_carea' id='block_1_87' title="bbox 533 5416 2023 5488">
    <p class='ocr_par' dir='ltr' id='par_1_87' title="bbox 533 5416 2023 5488">
     <span class='ocr_line' id='line_1_87' title="bbox 533 5416 2023 5488; baseline 0.005 -19"><span class='ocrx_word' id='word_1_676' title='bbox 533 5416 789 5471; x_wconf 67' lang='lat' dir='ltr'><strong>Ieremia:</strong></span> <span class='ocrx_word' id='word_1_677' title='bbox 810 5419 1012 5488; x_wconf 78' lang='lat' dir='ltr'><strong>capitur</strong></span> <span class='ocrx_word' id='word_1_678' title='bbox 1048 5430 1095 5473; x_wconf 85' lang='lat' dir='ltr'><strong>et</strong></span> <span class='ocrx_word' id='word_1_679' title='bbox 1125 5421 1351 5474; x_wconf 76' lang='lat' dir='ltr'><strong>mittitur</strong></span> <span class='ocrx_word' id='word_1_680' title='bbox 1374 5421 1431 5474; x_wconf 81' lang='lat' dir='ltr'><strong>in</strong></span> <span class='ocrx_word' id='word_1_681' title='bbox 1456 5416 1734 5487; x_wconf 66' lang='lat' dir='ltr'><strong>carcerem,</strong></span> <span class='ocrx_word' id='word_1_682' title='bbox 1774 5416 1860 5475; x_wconf 75' lang='lat' dir='ltr'><strong>cui</strong></span> <span class='ocrx_word' id='word_1_683' title='bbox 1877 5416 2023 5477; x_wconf 68' lang='lat' dir='ltr'><strong>tores</strong></span> 
     </span>
    </p>
   </div>
   <div class='ocr_carea' id='block_1_88' title="bbox 532 5487 1141 5557">
    <p class='ocr_par' dir='ltr' id='par_1_88' title="bbox 532 5487 1141 5557">
     <span class='ocr_line' id='line_1_88' title="bbox 532 5487 1141 5557; baseline 0.005 -18"><span class='ocrx_word' id='word_1_684' title='bbox 532 5487 686 5553; x_wconf 75' lang='lat' dir='ltr'><strong>panis</strong></span> <span class='ocrx_word' id='word_1_685' title='bbox 710 5487 939 5557; x_wconf 70' lang='lat' dir='ltr'><strong>quotidie</strong></span> <span class='ocrx_word' id='word_1_686' title='bbox 963 5488 1141 5543; x_wconf 73' lang='lat' dir='ltr'><strong>datur.</strong></span> 
     </span>
    </p>
   </div>
   <div class='ocr_carea' id='block_1_89' title="bbox 541 5595 2027 5672">
    <p class='ocr_par' dir='ltr' id='par_1_89' title="bbox 541 5595 2027 5672">
     <span class='ocr_line' id='line_1_89' title="bbox 541 5595 2027 5672; baseline 0.008 -27"><span class='ocrx_word' id='word_1_687' title='bbox 541 5611 562 5645; x_wconf 73' lang='grc' dir='ltr'>ι</span> <span class='ocrx_word' id='word_1_688' title='bbox 584 5595 654 5651; x_wconf 76' lang='lat' dir='ltr'><strong>Et</strong></span> <span class='ocrx_word' id='word_1_689' title='bbox 679 5598 922 5666; x_wconf 87' lang='lat' dir='ltr'><strong>regnavit</strong></span> <span class='ocrx_word' id='word_1_690' title='bbox 948 5613 1043 5653; x_wconf 88' lang='lat' dir='ltr'><strong>rex</strong></span> <span class='ocrx_word' id='word_1_691' title='bbox 1071 5599 1327 5657; x_wconf 86' lang='lat' dir='ltr'><strong>Sedecias</strong></span> <span class='ocrx_word' id='word_1_692' title='bbox 1354 5601 1497 5658; x_wconf 83' lang='lat' dir='ltr'><strong>ﬁlius</strong></span> <span class='ocrx_word' id='word_1_693' title='bbox 1527 5601 1687 5658; x_wconf 72' lang='lat' dir='ltr'><strong>Iosite</strong></span> <span class='ocrx_word' id='word_1_694' title='bbox 1710 5614 1813 5672; x_wconf 89' lang='lat' dir='ltr'><strong>pro</strong></span> <span class='ocrx_word' id='word_1_695' title='bbox 1835 5600 2027 5657; x_wconf 79' lang='lat' dir='ltr'><strong>Iecho-</strong></span> 
     </span>
    </p>
   </div>
   <div class='ocr_carea' id='block_1_90' title="bbox 474 5684 2025 5763">
    <p class='ocr_par' dir='ltr' id='par_1_90' title="bbox 474 5684 2025 5763">
     <span class='ocr_line' id='line_1_90' title="bbox 474 5684 2025 5763; baseline 0.008 -27"><span class='ocrx_word' id='word_1_696' title='bbox 474 5699 503 5735; x_wconf 81' lang='grc' dir='ltr'>ι</span> <span class='ocrx_word' id='word_1_697' title='bbox 517 5684 603 5738; x_wconf 80' lang='lat' dir='ltr'><strong>nia</strong></span> <span class='ocrx_word' id='word_1_698' title='bbox 625 5686 736 5739; x_wconf 86' lang='lat' dir='ltr'><strong>ﬁlio</strong></span> <span class='ocrx_word' id='word_1_699' title='bbox 760 5684 1021 5752; x_wconf 77' lang='lat' dir='ltr'><strong>Ioaebim,</strong></span> <span class='ocrx_word' id='word_1_700' title='bbox 1037 5704 1197 5758; x_wconf 87' lang='lat' dir='ltr'><strong>quem</strong></span> <span class='ocrx_word' id='word_1_701' title='bbox 1218 5692 1497 5748; x_wconf 87' lang='lat' dir='ltr'><strong>constituit</strong></span> <span class='ocrx_word' id='word_1_702' title='bbox 1528 5704 1707 5763; x_wconf 81' lang='lat' dir='ltr'><strong>regem</strong></span> <span class='ocrx_word' id='word_1_703' title='bbox 1740 5690 2025 5748; x_wconf 83' lang='lat' dir='ltr'><strong>Nabucho-</strong></span> 
     </span>
    </p>
   </div>
   <div class='ocr_carea' id='block_1_91' title="bbox 2142 3254 3725 3329">
    <p class='ocr_par' dir='ltr' id='par_1_91' title="bbox 2142 3254 3725 3329">
     <span class='ocr_line' id='line_1_91' title="bbox 2142 3254 3725 3329; baseline 0.004 -22"><span class='ocrx_word' id='word_1_704' title='bbox 2142 3273 2161 3307; x_wconf 76' lang='grc' dir='ltr'>ι</span> <span class='ocrx_word' id='word_1_705' title='bbox 2196 3264 2376 3329; x_wconf 84' lang='lat' dir='ltr'><strong>gypto,</strong></span> <span class='ocrx_word' id='word_1_706' title='bbox 2411 3268 2467 3313; x_wconf 91' lang='lat' dir='ltr'><strong>et</strong></span> <span class='ocrx_word' id='word_1_707' title='bbox 2489 3256 2769 3314; x_wconf 89' lang='lat' dir='ltr'><strong>audientes</strong></span> <span class='ocrx_word' id='word_1_708' title='bbox 2797 3256 3051 3325; x_wconf 67' lang='lat' dir='ltr'><strong>Chaldaei,</strong></span> <span class='ocrx_word' id='word_1_709' title='bbox 3073 3256 3168 3328; x_wconf 90' lang='lat' dir='ltr'><strong>qui</strong></span> <span class='ocrx_word' id='word_1_710' title='bbox 3192 3254 3507 3313; x_wconf 88' lang='lat' dir='ltr'><strong>obsidebant</strong></span> <span class='ocrx_word' id='word_1_711' title='bbox 3543 3255 3725 3314; x_wconf 86' lang='lat' dir='ltr'><strong>Ieru-</strong></span> 
     </span>
    </p>
   </div>
   <div class='ocr_carea' id='block_1_92' title="bbox 2141 3343 3722 3417">
    <p class='ocr_par' dir='ltr' id='par_1_92' title="bbox 2141 3343 3722 3417">
     <span class='ocr_line' id='line_1_92' title="bbox 2141 3343 3722 3417; baseline 0.006 -22"><span class='ocrx_word' id='word_1_712' title='bbox 2141 3361 2160 3395; x_wconf 73' lang='lat' dir='ltr'><strong>c</strong></span> <span class='ocrx_word' id='word_1_713' title='bbox 2194 3345 2359 3400; x_wconf 89' lang='lat' dir='ltr'><strong>salem</strong></span> <span class='ocrx_word' id='word_1_714' title='bbox 2383 3343 2752 3414; x_wconf 89' lang='lat' dir='ltr'><strong>hujuscemodi</strong></span> <span class='ocrx_word' id='word_1_715' title='bbox 2780 3346 3048 3411; x_wconf 90' lang='lat' dir='ltr'><strong>nuntium,</strong></span> <span class='ocrx_word' id='word_1_716' title='bbox 3092 3354 3427 3402; x_wconf 89' lang='lat' dir='ltr'><strong>recesserant</strong></span> <span class='ocrx_word' id='word_1_717' title='bbox 3447 3346 3516 3417; x_wconf 76' lang='lat' dir='ltr'><strong>ab</strong></span> <span class='ocrx_word' id='word_1_718' title='bbox 3548 3345 3722 3403; x_wconf 85' lang='lat' dir='ltr'><strong>Ieru-</strong></span> 
     </span>
    </p>
   </div>
   <div class='ocr_carea' id='block_1_93' title="bbox 2139 3432 3720 3492">
    <p class='ocr_par' dir='ltr' id='par_1_93' title="bbox 2139 3432 3720 3492">
     <span class='ocr_line' id='line_1_93' title="bbox 2139 3432 3720 3492; baseline 0.004 -6"><span class='ocrx_word' id='word_1_719' title='bbox 2139 3453 2158 3485; x_wconf 84' lang='grc'><strong>«</strong></span> <span class='ocrx_word' id='word_1_720' title='bbox 2192 3434 2376 3490; x_wconf 90' lang='lat' dir='ltr'><strong>salem.</strong></span> <span class='ocrx_word' id='word_1_721' title='bbox 2406 3434 2690 3491; x_wconf 88' lang='lat' dir='ltr'><strong>Etfactum</strong></span> <span class='ocrx_word' id='word_1_722' title='bbox 2711 3445 2793 3491; x_wconf 84' lang='lat' dir='ltr'><strong>est</strong></span> <span class='ocrx_word' id='word_1_723' title='bbox 2816 3435 3037 3492; x_wconf 90' lang='lat' dir='ltr'><strong>verbum</strong></span> <span class='ocrx_word' id='word_1_724' title='bbox 3069 3432 3281 3490; x_wconf 90' lang='lat' dir='ltr'><strong>Domini</strong></span> <span class='ocrx_word' id='word_1_725' title='bbox 3313 3436 3379 3490; x_wconf 88' lang='lat' dir='ltr'><strong>ad</strong></span> <span class='ocrx_word' id='word_1_726' title='bbox 3405 3432 3720 3492; x_wconf 84' lang='lat' dir='ltr'><strong>Ieremiam</strong></span> 
     </span>
    </p>
   </div>
   <div class='ocr_carea' id='block_1_94' title="bbox 2138 3524 3715 3603">
    <p class='ocr_par' dir='ltr' id='par_1_94' title="bbox 2138 3524 3715 3603">
     <span class='ocr_line' id='line_1_94' title="bbox 2138 3524 3715 3603; baseline -0.002 -18"><span class='ocrx_word' id='word_1_727' title='bbox 2138 3551 2156 3585; x_wconf 73' lang='grc' dir='ltr'>ι</span> <span class='ocrx_word' id='word_1_728' title='bbox 2190 3527 2507 3603; x_wconf 84' lang='lat' dir='ltr'><strong>prophetam</strong></span> <span class='ocrx_word' id='word_1_729' title='bbox 2522 3525 2702 3583; x_wconf 84' lang='lat' dir='ltr'><strong>dicens</strong></span> <span class='ocrx_word' id='word_1_730' title='bbox 2732 3544 2747 3581; x_wconf 89' lang='lat'><strong>:</strong></span> <span class='ocrx_word' id='word_1_731' title='bbox 2771 3524 2897 3583; x_wconf 55' lang='lat' dir='ltr'><strong>Haec</strong></span> <span class='ocrx_word' id='word_1_732' title='bbox 2920 3525 3048 3581; x_wconf 88' lang='lat' dir='ltr'><strong>dicit</strong></span> <span class='ocrx_word' id='word_1_733' title='bbox 3066 3525 3321 3583; x_wconf 80' lang='lat' dir='ltr'><strong>Dominus</strong></span> <span class='ocrx_word' id='word_1_734' title='bbox 3341 3524 3681 3587; x_wconf 61' lang='lat' dir='ltr'><strong>Deuslsrat&#39;l</strong></span> <span class='ocrx_word' id='word_1_735' title='bbox 3696 3547 3715 3582; x_wconf 87' lang='lat'><strong>:</strong></span> 
     </span>
    </p>
   </div>
   <div class='ocr_carea' id='block_1_95' title="bbox 2138 3616 3718 3697">
    <p class='ocr_par' dir='ltr' id='par_1_95' title="bbox 2138 3616 3718 3697">
     <span class='ocr_line' id='line_1_95' title="bbox 2138 3616 3718 3697; baseline 0.004 -23"><span class='ocrx_word' id='word_1_736' title='bbox 2138 3640 2157 3674; x_wconf 74' lang='grc' dir='ltr'>ι</span> <span class='ocrx_word' id='word_1_737' title='bbox 2194 3621 2284 3680; x_wconf 88' lang='lat' dir='ltr'><strong>Sic</strong></span> <span class='ocrx_word' id='word_1_738' title='bbox 2305 3616 2495 3680; x_wconf 87' lang='lat' dir='ltr'><strong>dicetis</strong></span> <span class='ocrx_word' id='word_1_739' title='bbox 2516 3625 2626 3697; x_wconf 86' lang='lat' dir='ltr'><strong>regi</strong></span> <span class='ocrx_word' id='word_1_740' title='bbox 2653 3624 2809 3690; x_wconf 90' lang='lat' dir='ltr'><strong>Iuda,</strong></span> <span class='ocrx_word' id='word_1_741' title='bbox 2839 3624 2932 3695; x_wconf 93' lang='lat' dir='ltr'><strong>qui</strong></span> <span class='ocrx_word' id='word_1_742' title='bbox 2956 3623 3103 3680; x_wconf 91' lang='lat' dir='ltr'><strong>misit</strong></span> <span class='ocrx_word' id='word_1_743' title='bbox 3140 3639 3234 3679; x_wconf 85' lang='lat' dir='ltr'><strong>vos</strong></span> <span class='ocrx_word' id='word_1_744' title='bbox 3260 3624 3327 3679; x_wconf 87' lang='lat' dir='ltr'><strong>ad</strong></span> <span class='ocrx_word' id='word_1_745' title='bbox 3355 3623 3718 3696; x_wconf 74' lang='lat' dir='ltr'><strong>interrogan-</strong></span> 
     </span>
    </p>
   </div>
   <div class='ocr_carea' id='block_1_96' title="bbox 2137 3710 3721 3783">
    <p class='ocr_par' dir='ltr' id='par_1_96' title="bbox 2137 3710 3721 3783">
     <span class='ocr_line' id='line_1_96' title="bbox 2137 3710 3721 3783; baseline 0.003 -18"><span class='ocrx_word' id='word_1_746' title='bbox 2137 3731 2156 3764; x_wconf 73' lang='grc' dir='ltr'>ι</span> <span class='ocrx_word' id='word_1_747' title='bbox 2190 3711 2315 3767; x_wconf 92' lang='lat' dir='ltr'><strong>dum</strong></span> <span class='ocrx_word' id='word_1_748' title='bbox 2338 3728 2461 3768; x_wconf 91' lang='lat' dir='ltr'><strong>me:</strong></span> <span class='ocrx_word' id='word_1_749' title='bbox 2492 3710 2627 3770; x_wconf 85' lang='lat' dir='ltr'><strong>Ecce</strong></span> <span class='ocrx_word' id='word_1_750' title='bbox 2675 3714 2945 3770; x_wconf 87' lang='lat' dir='ltr'><strong>exercitus</strong></span> <span class='ocrx_word' id='word_1_751' title='bbox 2973 3713 3287 3777; x_wconf 73' lang='lat' dir='ltr'><strong>Pharaonis,</strong></span> <span class='ocrx_word' id='word_1_752' title='bbox 3310 3712 3402 3783; x_wconf 93' lang='lat' dir='ltr'><strong>qui</strong></span> <span class='ocrx_word' id='word_1_753' title='bbox 3444 3728 3721 3783; x_wconf 80' lang='lat' dir='ltr'><strong>egressus</strong></span> 
     </span>
    </p>
   </div>
   <div class='ocr_carea' id='block_1_97' title="bbox 2137 3802 3720 3869">
    <p class='ocr_par' dir='ltr' id='par_1_97' title="bbox 2137 3802 3720 3869">
     <span class='ocr_line' id='line_1_97' title="bbox 2137 3802 3720 3869; baseline 0.005 -17"><span class='ocrx_word' id='word_1_754' title='bbox 2137 3818 2156 3852; x_wconf 74' lang='grc' dir='ltr'>ι</span> <span class='ocrx_word' id='word_1_755' title='bbox 2201 3810 2282 3857; x_wconf 91' lang='lat' dir='ltr'><strong>est</strong></span> <span class='ocrx_word' id='word_1_756' title='bbox 2301 3802 2527 3858; x_wconf 75' lang='lat' dir='ltr'><strong>vobisin</strong></span> <span class='ocrx_word' id='word_1_757' title='bbox 2574 3802 2853 3869; x_wconf 85' lang='lat' dir='ltr'><strong>auxilium,</strong></span> <span class='ocrx_word' id='word_1_758' title='bbox 2886 3812 3186 3859; x_wconf 86' lang='lat' dir='ltr'><strong>revertetur</strong></span> <span class='ocrx_word' id='word_1_759' title='bbox 3216 3803 3271 3858; x_wconf 90' lang='lat' dir='ltr'><strong>in</strong></span> <span class='ocrx_word' id='word_1_760' title='bbox 3311 3810 3514 3858; x_wconf 89' lang='lat' dir='ltr'><strong>terram</strong></span> <span class='ocrx_word' id='word_1_761' title='bbox 3539 3819 3720 3860; x_wconf 71' lang='lat' dir='ltr'><strong>suam</strong></span> 
     </span>
    </p>
   </div>
   <div class='ocr_carea' id='block_1_98' title="bbox 2136 3886 3721 3963">
    <p class='ocr_par' dir='ltr' id='par_1_98' title="bbox 2136 3886 3721 3963">
     <span class='ocr_line' id='line_1_98' title="bbox 2136 3886 3721 3963; baseline 0.005 -21"><span class='ocrx_word' id='word_1_762' title='bbox 2136 3908 2154 3941; x_wconf 78' lang='grc' dir='ltr'>ι</span> <span class='ocrx_word' id='word_1_763' title='bbox 2198 3886 2249 3944; x_wconf 89' lang='lat' dir='ltr'><strong>in</strong></span> <span class='ocrx_word' id='word_1_764' title='bbox 2301 3890 2615 3963; x_wconf 66' lang='lat' dir='ltr'><strong>Egyptum,</strong></span> <span class='ocrx_word' id='word_1_765' title='bbox 2649 3900 2705 3947; x_wconf 90' lang='lat' dir='ltr'><strong>et</strong></span> <span class='ocrx_word' id='word_1_766' title='bbox 2752 3891 2960 3948; x_wconf 87' lang='lat' dir='ltr'><strong>redient</strong></span> <span class='ocrx_word' id='word_1_767' title='bbox 3009 3891 3267 3959; x_wconf 59' lang='lat' dir='ltr'><strong>Chaldaei,</strong></span> <span class='ocrx_word' id='word_1_768' title='bbox 3311 3899 3367 3947; x_wconf 89' lang='lat' dir='ltr'><strong>et</strong></span> <span class='ocrx_word' id='word_1_769' title='bbox 3415 3891 3721 3950; x_wconf 84' lang='lat' dir='ltr'><strong>bellabunt</strong></span> 
     </span>
    </p>
   </div>
   <div class='ocr_carea' id='block_1_99' title="bbox 2134 3978 3719 4051">
    <p class='ocr_par' dir='ltr' id='par_1_99' title="bbox 2134 3978 3719 4051">
     <span class='ocr_line' id='line_1_99' title="bbox 2134 3978 3719 4051; baseline 0.005 -23"><span class='ocrx_word' id='word_1_770' title='bbox 2134 3993 2154 4028; x_wconf 77' lang='grc' dir='ltr'>ι</span> <span class='ocrx_word' id='word_1_771' title='bbox 2195 3986 2381 4033; x_wconf 90' lang='lat' dir='ltr'><strong>contra</strong></span> <span class='ocrx_word' id='word_1_772' title='bbox 2422 3978 2689 4034; x_wconf 88' lang='lat' dir='ltr'><strong>civitatem</strong></span> <span class='ocrx_word' id='word_1_773' title='bbox 2716 3979 2874 4044; x_wconf 89' lang='lat' dir='ltr'><strong>hanc,</strong></span> <span class='ocrx_word' id='word_1_774' title='bbox 2915 3987 2970 4034; x_wconf 89' lang='lat' dir='ltr'><strong>et</strong></span> <span class='ocrx_word' id='word_1_775' title='bbox 2991 3980 3205 4051; x_wconf 87' lang='lat' dir='ltr'><strong>capient</strong></span> <span class='ocrx_word' id='word_1_776' title='bbox 3233 3995 3371 4045; x_wconf 91' lang='lat' dir='ltr'><strong>eam,</strong></span> <span class='ocrx_word' id='word_1_777' title='bbox 3406 3987 3465 4033; x_wconf 89' lang='lat' dir='ltr'><strong>et</strong></span> <span class='ocrx_word' id='word_1_778' title='bbox 3509 3979 3719 4036; x_wconf 78' lang='lat' dir='ltr'><strong>incen-</strong></span> 
     </span>
    </p>
   </div>
   <div class='ocr_carea' id='block_1_100' title="bbox 2127 4066 3720 4140">
    <p class='ocr_par' dir='ltr' id='par_1_100' title="bbox 2127 4066 3720 4140">
     <span class='ocr_line' id='line_1_100' title="bbox 2127 4066 3720 4140; baseline 0.004 -19"><span class='ocrx_word' id='word_1_779' title='bbox 2127 4066 2257 4123; x_wconf 91' lang='lat' dir='ltr'><strong>dent</strong></span> <span class='ocrx_word' id='word_1_780' title='bbox 2288 4068 2414 4139; x_wconf 84' lang='lat' dir='ltr'><strong>igni,</strong></span> <span class='ocrx_word' id='word_1_781' title='bbox 2450 4088 2467 4121; x_wconf 77' lang='grc' dir='ltr'><strong>ι</strong></span> <span class='ocrx_word' id='word_1_782' title='bbox 2488 4075 2545 4124; x_wconf 92' lang='lat' dir='ltr'><strong>et</strong></span> <span class='ocrx_word' id='word_1_783' title='bbox 2568 4068 2791 4140; x_wconf 88' lang='lat' dir='ltr'><strong>reliqua.</strong></span> <span class='ocrx_word' id='word_1_784' title='bbox 2838 4068 3112 4137; x_wconf 89' lang='lat' dir='ltr'><strong>Quomodo</strong></span> <span class='ocrx_word' id='word_1_785' title='bbox 3137 4076 3314 4124; x_wconf 87' lang='lat' dir='ltr'><strong>autem</strong></span> <span class='ocrx_word' id='word_1_786' title='bbox 3359 4067 3611 4123; x_wconf 65' lang='lat' dir='ltr'><strong>Chaldzri</strong></span> <span class='ocrx_word' id='word_1_787' title='bbox 3642 4073 3720 4128; x_wconf 82' lang='lat' dir='ltr'><strong>ad</strong></span> 
     </span>
    </p>
   </div>
   <div class='ocr_carea' id='block_1_101' title="bbox 2129 4154 3717 4232">
    <p class='ocr_par' dir='ltr' id='par_1_101' title="bbox 2129 4154 3717 4232">
     <span class='ocr_line' id='line_1_101' title="bbox 2129 4154 3717 4232; baseline 0.003 -19"><span class='ocrx_word' id='word_1_788' title='bbox 2129 4167 2342 4230; x_wconf 88' lang='lat' dir='ltr'><strong>tempus</strong></span> <span class='ocrx_word' id='word_1_789' title='bbox 2412 4158 2670 4217; x_wconf 86' lang='lat' dir='ltr'><strong>solverint</strong></span> <span class='ocrx_word' id='word_1_790' title='bbox 2724 4154 3291 4232; x_wconf 83' lang='lat' dir='ltr'><strong>Ierosoiymitannrum</strong></span> <span class='ocrx_word' id='word_1_791' title='bbox 3355 4159 3717 4217; x_wconf 86' lang='lat' dir='ltr'><strong>obsidionem</strong></span> 
     </span>
    </p>
   </div>
   <div class='ocr_carea' id='block_1_102' title="bbox 2125 4249 3715 4325">
    <p class='ocr_par' dir='ltr' id='par_1_102' title="bbox 2125 4249 3715 4325">
     <span class='ocr_line' id='line_1_102' title="bbox 2125 4249 3715 4325; baseline 0.003 -20"><span class='ocrx_word' id='word_1_792' title='bbox 2125 4259 2350 4322; x_wconf 89' lang='lat' dir='ltr'><strong>propter</strong></span> <span class='ocrx_word' id='word_1_793' title='bbox 2384 4249 2668 4325; x_wconf 64' lang='lat' dir='ltr'><strong>Egyptios</strong></span> <span class='ocrx_word' id='word_1_794' title='bbox 2708 4254 3059 4308; x_wconf 88' lang='lat' dir='ltr'><strong>adventantes</strong></span> <span class='ocrx_word' id='word_1_795' title='bbox 3087 4294 3102 4318; x_wconf 92' lang='lat'><strong>,</strong></span> <span class='ocrx_word' id='word_1_796' title='bbox 3145 4251 3408 4324; x_wconf 87' lang='lat' dir='ltr'><strong>Iosephus</strong></span> <span class='ocrx_word' id='word_1_797' title='bbox 3462 4253 3715 4309; x_wconf 80' lang='lat' dir='ltr'><strong>manife-</strong></span> 
     </span>
    </p>
   </div>
   <div class='ocr_carea' id='block_1_103' title="bbox 2126 4340 3716 4415">
    <p class='ocr_par' dir='ltr' id='par_1_103' title="bbox 2126 4340 3716 4415">
     <span class='ocr_line' id='line_1_103' title="bbox 2126 4340 3716 4415; baseline 0.003 -20"><span class='ocrx_word' id='word_1_798' title='bbox 2126 4350 2274 4396; x_wconf 88' lang='lat' dir='ltr'><strong>stat:</strong></span> <span class='ocrx_word' id='word_1_799' title='bbox 2299 4341 2391 4413; x_wconf 90' lang='lat' dir='ltr'><strong>qui</strong></span> <span class='ocrx_word' id='word_1_800' title='bbox 2419 4340 2633 4398; x_wconf 76' lang='lat' dir='ltr'><strong>Vafrem</strong></span> <span class='ocrx_word' id='word_1_801' title='bbox 2672 4355 2855 4414; x_wconf 89' lang='lat' dir='ltr'><strong>regem</strong></span> <span class='ocrx_word' id='word_1_802' title='bbox 2883 4340 3101 4415; x_wconf 62' lang='grc' dir='ltr'><strong>,Ἑωρίί</strong></span> <span class='ocrx_word' id='word_1_803' title='bbox 3125 4340 3321 4399; x_wconf 70' lang='lat' dir='ltr'><strong>Iudaeis</strong></span> <span class='ocrx_word' id='word_1_804' title='bbox 3357 4341 3409 4396; x_wconf 92' lang='lat' dir='ltr'><strong>in</strong></span> <span class='ocrx_word' id='word_1_805' title='bbox 3430 4341 3716 4400; x_wconf 84' lang='lat' dir='ltr'><strong>auxilium</strong></span> 
     </span>
    </p>
   </div>
   <div class='ocr_carea' id='block_1_104' title="bbox 2128 4430 3715 4499">
    <p class='ocr_par' dir='ltr' id='par_1_104' title="bbox 2128 4430 3715 4499">
     <span class='ocr_line' id='line_1_104' title="bbox 2128 4430 3715 4499; baseline 0.004 -14"><span class='ocrx_word' id='word_1_806' title='bbox 2128 4433 2341 4488; x_wconf 88' lang='lat' dir='ltr'><strong>venisse</strong></span> <span class='ocrx_word' id='word_1_807' title='bbox 2393 4433 2661 4489; x_wconf 88' lang='lat' dir='ltr'><strong>narrando</strong></span> <span class='ocrx_word' id='word_1_808' title='bbox 2712 4433 2785 4488; x_wconf 90' lang='lat' dir='ltr'><strong>ita</strong></span> <span class='ocrx_word' id='word_1_809' title='bbox 2834 4432 3016 4499; x_wconf 89' lang='lat' dir='ltr'><strong>refert,</strong></span> <span class='ocrx_word' id='word_1_810' title='bbox 3064 4432 3250 4489; x_wconf 86' lang='lat' dir='ltr'><strong>dicens</strong></span> <span class='ocrx_word' id='word_1_811' title='bbox 3274 4450 3289 4488; x_wconf 88' lang='lat'><strong>:</strong></span> <span class='ocrx_word' id='word_1_812' title='bbox 3316 4430 3530 4487; x_wconf 85' lang='lat' dir='ltr'><strong>interea</strong></span> <span class='ocrx_word' id='word_1_813' title='bbox 3562 4434 3715 4492; x_wconf 85' lang='lat' dir='ltr'><strong>dum</strong></span> 
     </span>
    </p>
   </div>
   <div class='ocr_carea' id='block_1_105' title="bbox 2130 4520 3711 4598">
    <p class='ocr_par' dir='ltr' id='par_1_105' title="bbox 2130 4520 3711 4598">
     <span class='ocr_line' id='line_1_105' title="bbox 2130 4520 3711 4598; baseline 0.003 -21"><span class='ocrx_word' id='word_1_814' title='bbox 2130 4523 2232 4579; x_wconf 88' lang='lat' dir='ltr'><strong>hoc</strong></span> <span class='ocrx_word' id='word_1_815' title='bbox 2268 4520 2603 4596; x_wconf 83' lang='lat' dir='ltr'><strong>cognovisset</strong></span> <span class='ocrx_word' id='word_1_816' title='bbox 2642 4520 2947 4598; x_wconf 69' lang='lat' dir='ltr'><strong>Babylonia:</strong></span> <span class='ocrx_word' id='word_1_817' title='bbox 2975 4540 3067 4580; x_wconf 84' lang='lat' dir='ltr'><strong>rex</strong></span> <span class='ocrx_word' id='word_1_818' title='bbox 3100 4532 3279 4581; x_wconf 88' lang='lat' dir='ltr'><strong>castra</strong></span> <span class='ocrx_word' id='word_1_819' title='bbox 3309 4522 3473 4579; x_wconf 65' lang='lat' dir='ltr'><strong>movh</strong></span> <span class='ocrx_word' id='word_1_820' title='bbox 3500 4524 3711 4581; x_wconf 81' lang='lat' dir='ltr'><strong>adver-</strong></span> 
     </span>
    </p>
   </div>
   <div class='ocr_carea' id='block_1_106' title="bbox 2129 4612 3711 4684">
    <p class='ocr_par' dir='ltr' id='par_1_106' title="bbox 2129 4612 3711 4684">
     <span class='ocr_line' id='line_1_106' title="bbox 2129 4612 3711 4684; baseline 0.003 -16"><span class='ocrx_word' id='word_1_821' title='bbox 2129 4628 2222 4669; x_wconf 90' lang='lat' dir='ltr'><strong>sus</strong></span> <span class='ocrx_word' id='word_1_822' title='bbox 2249 4628 2394 4680; x_wconf 90' lang='lat' dir='ltr'><strong>eum,</strong></span> <span class='ocrx_word' id='word_1_823' title='bbox 2414 4622 2469 4669; x_wconf 89' lang='lat' dir='ltr'><strong>et</strong></span> <span class='ocrx_word' id='word_1_824' title='bbox 2491 4612 2682 4669; x_wconf 86' lang='lat' dir='ltr'><strong>aﬁlicta</strong></span> <span class='ocrx_word' id='word_1_825' title='bbox 2711 4615 3082 4684; x_wconf 87' lang='lat' dir='ltr'><strong>provincia,et</strong></span> <span class='ocrx_word' id='word_1_826' title='bbox 3104 4615 3428 4670; x_wconf 90' lang='lat' dir='ltr'><strong>munitiones</strong></span> <span class='ocrx_word' id='word_1_827' title='bbox 3450 4612 3567 4683; x_wconf 88' lang='lat' dir='ltr'><strong>ejus</strong></span> <span class='ocrx_word' id='word_1_828' title='bbox 3586 4632 3711 4673; x_wconf 87' lang='lat' dir='ltr'><strong>una</strong></span> 
     </span>
    </p>
   </div>
   <div class='ocr_carea' id='block_1_107' title="bbox 2130 4701 3711 4776">
    <p class='ocr_par' dir='ltr' id='par_1_107' title="bbox 2130 4701 3711 4776">
     <span class='ocr_line' id='line_1_107' title="bbox 2130 4701 3711 4776; baseline 0.004 -21"><span class='ocrx_word' id='word_1_829' title='bbox 2130 4701 2409 4772; x_wconf 90' lang='lat' dir='ltr'><strong>diripiens,</strong></span> <span class='ocrx_word' id='word_1_830' title='bbox 2439 4704 2505 4759; x_wconf 79' lang='lat' dir='ltr'><strong>a‘d</strong></span> <span class='ocrx_word' id='word_1_831' title='bbox 2532 4704 2704 4776; x_wconf 88' lang='lat' dir='ltr'><strong>ipsam</strong></span> <span class='ocrx_word' id='word_1_832' title='bbox 2741 4703 3192 4776; x_wconf 81' lang='lat' dir='ltr'><strong>Ierosolymorum</strong></span> <span class='ocrx_word' id='word_1_833' title='bbox 3237 4704 3507 4760; x_wconf 84' lang='lat' dir='ltr'><strong>civitatem</strong></span> <span class='ocrx_word' id='word_1_834' title='bbox 3538 4705 3711 4761; x_wconf 82' lang='lat' dir='ltr'><strong>obsi-</strong></span> 
     </span>
    </p>
   </div>
   <div class='ocr_carea' id='block_1_108' title="bbox 2130 4790 3711 4866">
    <p class='ocr_par' dir='ltr' id='par_1_108' title="bbox 2130 4790 3711 4866">
     <span class='ocr_line' id='line_1_108' title="bbox 2130 4790 3711 4866; baseline 0.004 -20"><span class='ocrx_word' id='word_1_835' title='bbox 2130 4790 2357 4848; x_wconf 90' lang='lat' dir='ltr'><strong>dendam</strong></span> <span class='ocrx_word' id='word_1_836' title='bbox 2388 4806 2511 4849; x_wconf 90' lang='lat' dir='ltr'><strong>cum</strong></span> <span class='ocrx_word' id='word_1_837' title='bbox 2557 4808 2752 4866; x_wconf 88' lang='lat' dir='ltr'><strong>magno</strong></span> <span class='ocrx_word' id='word_1_838' title='bbox 2778 4796 3031 4851; x_wconf 85' lang='lat' dir='ltr'><strong>veniebat</strong></span> <span class='ocrx_word' id='word_1_839' title='bbox 3067 4795 3330 4851; x_wconf 87' lang='lat' dir='ltr'><strong>exercitu.</strong></span> <span class='ocrx_word' id='word_1_840' title='bbox 3362 4793 3475 4849; x_wconf 78' lang='lat' dir='ltr'><strong>Rex</strong></span> <span class='ocrx_word' id='word_1_841' title='bbox 3508 4804 3711 4853; x_wconf 83' lang='lat' dir='ltr'><strong>autem</strong></span> 
     </span>
    </p>
   </div>
   <div class='ocr_carea' id='block_1_109' title="bbox 2130 4880 3707 4954">
    <p class='ocr_par' dir='ltr' id='par_1_109' title="bbox 2130 4880 3707 4954">
     <span class='ocr_line' id='line_1_109' title="bbox 2130 4880 3707 4954; baseline 0.004 -19"><span class='ocrx_word' id='word_1_842' title='bbox 2130 4880 2412 4952; x_wconf 64' lang='lat' dir='ltr'><strong>Egyptius</strong></span> <span class='ocrx_word' id='word_1_843' title='bbox 2452 4882 2695 4950; x_wconf 81' lang='lat' dir='ltr'><strong>audiens,</strong></span> <span class='ocrx_word' id='word_1_844' title='bbox 2735 4884 2859 4954; x_wconf 87' lang='lat' dir='ltr'><strong>quia</strong></span> <span class='ocrx_word' id='word_1_845' title='bbox 2887 4885 2939 4940; x_wconf 89' lang='lat' dir='ltr'><strong>ei</strong></span> <span class='ocrx_word' id='word_1_846' title='bbox 2968 4882 3220 4941; x_wconf 86' lang='lat' dir='ltr'><strong>Sedecias</strong></span> <span class='ocrx_word' id='word_1_847' title='bbox 3268 4884 3473 4945; x_wconf 80' lang='lat' dir='ltr'><strong>amicus</strong></span> <span class='ocrx_word' id='word_1_848' title='bbox 3522 4898 3707 4953; x_wconf 82' lang='lat' dir='ltr'><strong>esset,</strong></span> 
     </span>
    </p>
   </div>
   <div class='ocr_carea' id='block_1_110' title="bbox 2128 4970 3709 5039">
    <p class='ocr_par' dir='ltr' id='par_1_110' title="bbox 2128 4970 3709 5039">
     <span class='ocr_line' id='line_1_110' title="bbox 2128 4970 3709 5039; baseline 0.003 -14"><span class='ocrx_word' id='word_1_849' title='bbox 2128 4978 2339 5039; x_wconf 88' lang='lat' dir='ltr'><strong>sumpta</strong></span> <span class='ocrx_word' id='word_1_850' title='bbox 2362 4970 2557 5025; x_wconf 88' lang='lat' dir='ltr'><strong>virtute</strong></span> <span class='ocrx_word' id='word_1_851' title='bbox 2578 4972 2813 5027; x_wconf 88' lang='lat' dir='ltr'><strong>maxima</strong></span> <span class='ocrx_word' id='word_1_852' title='bbox 2828 4972 3168 5039; x_wconf 87' lang='lat' dir='ltr'><strong>bellatorum,</strong></span> <span class='ocrx_word' id='word_1_853' title='bbox 3184 4973 3330 5029; x_wconf 84' lang='lat' dir='ltr'><strong>venit</strong></span> <span class='ocrx_word' id='word_1_854' title='bbox 3360 4972 3427 5027; x_wconf 88' lang='lat' dir='ltr'><strong>ad</strong></span> <span class='ocrx_word' id='word_1_855' title='bbox 3449 4970 3709 5030; x_wconf 60' lang='lat' dir='ltr'><strong>Indum</strong></span> 
     </span>
    </p>
   </div>
   <div class='ocr_carea' id='block_1_111' title="bbox 2129 5060 3705 5136">
    <p class='ocr_par' dir='ltr' id='par_1_111' title="bbox 2129 5060 3705 5136">
     <span class='ocr_line' id='line_1_111' title="bbox 2129 5060 3705 5136; baseline 0.005 -23"><span class='ocrx_word' id='word_1_856' title='bbox 2129 5060 2280 5130; x_wconf 86' lang='lat' dir='ltr'><strong>quasi</strong></span> <span class='ocrx_word' id='word_1_857' title='bbox 2319 5061 2437 5131; x_wconf 88' lang='lat' dir='ltr'><strong>ejus</strong></span> <span class='ocrx_word' id='word_1_858' title='bbox 2461 5061 2731 5118; x_wconf 82' lang='lat' dir='ltr'><strong>soluturus</strong></span> <span class='ocrx_word' id='word_1_859' title='bbox 2758 5064 3146 5120; x_wconf 88' lang='lat' dir='ltr'><strong>obsessionem.</strong></span> <span class='ocrx_word' id='word_1_860' title='bbox 3165 5063 3488 5136; x_wconf 83' lang='lat' dir='ltr'><strong>Babylonius</strong></span> <span class='ocrx_word' id='word_1_861' title='bbox 3508 5074 3705 5121; x_wconf 77' lang='lat' dir='ltr'><strong>autem</strong></span> 
     </span>
    </p>
   </div>
   <div class='ocr_carea' id='block_1_112' title="bbox 2131 5148 3708 5226">
    <p class='ocr_par' dir='ltr' id='par_1_112' title="bbox 2131 5148 3708 5226">
     <span class='ocr_line' id='line_1_112' title="bbox 2131 5148 3708 5226; baseline 0.004 -22"><span class='ocrx_word' id='word_1_862' title='bbox 2131 5151 2354 5205; x_wconf 84' lang='lat' dir='ltr'><strong>recessit</strong></span> <span class='ocrx_word' id='word_1_863' title='bbox 2389 5150 2457 5205; x_wconf 90' lang='lat' dir='ltr'><strong>ab</strong></span> <span class='ocrx_word' id='word_1_864' title='bbox 2486 5148 2831 5223; x_wconf 86' lang='lat' dir='ltr'><strong>Ierosolymis</strong></span> <span class='ocrx_word' id='word_1_865' title='bbox 2853 5193 2865 5216; x_wconf 93' lang='lat'><strong>,</strong></span> <span class='ocrx_word' id='word_1_866' title='bbox 2890 5161 2945 5207; x_wconf 91' lang='lat' dir='ltr'><strong>et</strong></span> <span class='ocrx_word' id='word_1_867' title='bbox 2970 5154 3207 5208; x_wconf 88' lang='lat' dir='ltr'><strong>occurrit</strong></span> <span class='ocrx_word' id='word_1_868' title='bbox 3232 5151 3502 5226; x_wconf 66' lang='lat' dir='ltr'><strong>Egyptiis</strong></span> <span class='ocrx_word' id='word_1_869' title='bbox 3532 5170 3546 5206; x_wconf 76' lang='grc' dir='ltr'>ε</span> <span class='ocrx_word' id='word_1_870' title='bbox 3573 5152 3708 5210; x_wconf 77' lang='lat' dir='ltr'><strong>Eis-</strong></span> 
     </span>
    </p>
   </div>
   <div class='ocr_carea' id='block_1_113' title="bbox 2129 5239 3704 5313">
    <p class='ocr_par' dir='ltr' id='par_1_113' title="bbox 2129 5239 3704 5313">
     <span class='ocr_line' id='line_1_113' title="bbox 2129 5239 3704 5313; baseline 0.005 -20"><span class='ocrx_word' id='word_1_871' title='bbox 2129 5248 2235 5308; x_wconf 85' lang='lat' dir='ltr'><strong>que</strong></span> <span class='ocrx_word' id='word_1_872' title='bbox 2279 5239 2585 5307; x_wconf 83' lang='lat' dir='ltr'><strong>congressis</strong></span> <span class='ocrx_word' id='word_1_873' title='bbox 2642 5241 2827 5311; x_wconf 63' lang='lat' dir='ltr'><strong>praelia</strong></span> <span class='ocrx_word' id='word_1_874' title='bbox 2866 5244 3157 5311; x_wconf 87' lang='lat' dir='ltr'><strong>superavit,</strong></span> <span class='ocrx_word' id='word_1_875' title='bbox 3191 5250 3248 5297; x_wconf 88' lang='lat' dir='ltr'><strong>et</strong></span> <span class='ocrx_word' id='word_1_876' title='bbox 3286 5244 3461 5298; x_wconf 82' lang='lat' dir='ltr'><strong>eosin</strong></span> <span class='ocrx_word' id='word_1_877' title='bbox 3506 5240 3704 5313; x_wconf 75' lang='lat' dir='ltr'><strong>fugam</strong></span> 
     </span>
    </p>
   </div>
   <div class='ocr_carea' id='block_1_114' title="bbox 2126 5328 3704 5404">
    <p class='ocr_par' dir='ltr' id='par_1_114' title="bbox 2126 5328 3704 5404">
     <span class='ocr_line' id='line_1_114' title="bbox 2126 5328 3704 5404; baseline 0.005 -19"><span class='ocrx_word' id='word_1_878' title='bbox 2126 5342 2315 5385; x_wconf 81' lang='lat' dir='ltr'><strong>versos</strong></span> <span class='ocrx_word' id='word_1_879' title='bbox 2352 5331 2418 5385; x_wconf 89' lang='lat' dir='ltr'><strong>de</strong></span> <span class='ocrx_word' id='word_1_880' title='bbox 2449 5328 2606 5401; x_wconf 84' lang='lat' dir='ltr'><strong>Syria</strong></span> <span class='ocrx_word' id='word_1_881' title='bbox 2651 5332 2828 5402; x_wconf 86' lang='lat' dir='ltr'><strong>coegit</strong></span> <span class='ocrx_word' id='word_1_882' title='bbox 2876 5331 3043 5388; x_wconf 83' lang='lat' dir='ltr'><strong>exire.</strong></span> <span class='ocrx_word' id='word_1_883' title='bbox 3069 5333 3315 5404; x_wconf 87' lang='lat' dir='ltr'><strong>Dumque</strong></span> <span class='ocrx_word' id='word_1_884' title='bbox 3363 5333 3704 5393; x_wconf 75' lang='lat' dir='ltr'><strong>excessisset</strong></span> 
     </span>
    </p>
   </div>
   <div class='ocr_carea' id='block_1_115' title="bbox 2125 5416 3708 5494">
    <p class='ocr_par' dir='ltr' id='par_1_115' title="bbox 2125 5416 3708 5494">
     <span class='ocr_line' id='line_1_115' title="bbox 2125 5416 3708 5494; baseline 0.007 -22"><span class='ocrx_word' id='word_1_885' title='bbox 2125 5416 2537 5490; x_wconf 77' lang='lat' dir='ltr'><strong>Babyloniorum</strong></span> <span class='ocrx_word' id='word_1_886' title='bbox 2577 5434 2671 5476; x_wconf 84' lang='lat' dir='ltr'><strong>rex</strong></span> <span class='ocrx_word' id='word_1_887' title='bbox 2713 5422 2782 5477; x_wconf 85' lang='lat' dir='ltr'><strong>ab</strong></span> <span class='ocrx_word' id='word_1_888' title='bbox 2822 5419 3190 5494; x_wconf 81' lang='lat' dir='ltr'><strong>Icrosolymis,</strong></span> <span class='ocrx_word' id='word_1_889' title='bbox 3219 5425 3541 5494; x_wconf 85' lang='lat' dir='ltr'><strong>deeeperunt</strong></span> <span class='ocrx_word' id='word_1_890' title='bbox 3565 5421 3708 5483; x_wconf 81' lang='lat' dir='ltr'><strong>falsi</strong></span> 
     </span>
    </p>
   </div>
   <div class='ocr_carea' id='block_1_116' title="bbox 2128 5510 3699 5588">
    <p class='ocr_par' dir='ltr' id='par_1_116' title="bbox 2128 5510 3699 5588">
     <span class='ocr_line' id='line_1_116' title="bbox 2128 5510 3699 5588; baseline 0.001 -21"><span class='ocrx_word' id='word_1_891' title='bbox 2128 5512 2403 5581; x_wconf 61' lang='lat' dir='ltr'><strong>prophetae</strong></span> <span class='ocrx_word' id='word_1_892' title='bbox 2452 5510 2729 5567; x_wconf 87' lang='lat' dir='ltr'><strong>Sedeciam</strong></span> <span class='ocrx_word' id='word_1_893' title='bbox 2787 5514 3029 5571; x_wconf 88' lang='lat' dir='ltr'><strong>dicentes</strong></span> <span class='ocrx_word' id='word_1_894' title='bbox 3062 5533 3076 5569; x_wconf 91' lang='lat'><strong>:</strong></span> <span class='ocrx_word' id='word_1_895' title='bbox 3111 5515 3238 5585; x_wconf 90' lang='lat' dir='ltr'><strong>quia</strong></span> <span class='ocrx_word' id='word_1_896' title='bbox 3289 5530 3463 5586; x_wconf 89' lang='lat' dir='ltr'><strong>neque</strong></span> <span class='ocrx_word' id='word_1_897' title='bbox 3504 5514 3699 5588; x_wconf 78' lang='lat' dir='ltr'><strong>Baby-</strong></span> 
     </span>
    </p>
   </div>
   <div class='ocr_carea' id='block_1_117' title="bbox 2126 5599 3696 5678">
    <p class='ocr_par' dir='ltr' id='par_1_117' title="bbox 2126 5599 3696 5678">
     <span class='ocr_line' id='line_1_117' title="bbox 2126 5599 3696 5678; baseline 0.003 -23"><span class='ocrx_word' id='word_1_898' title='bbox 2126 5599 2298 5657; x_wconf 80' lang='lat' dir='ltr'><strong>lonios</strong></span> <span class='ocrx_word' id='word_1_899' title='bbox 2347 5602 2522 5658; x_wconf 87' lang='lat' dir='ltr'><strong>denuo</strong></span> <span class='ocrx_word' id='word_1_900' title='bbox 2575 5611 2762 5660; x_wconf 91' lang='lat' dir='ltr'><strong>contra</strong></span> <span class='ocrx_word' id='word_1_901' title='bbox 2806 5620 2928 5661; x_wconf 91' lang='lat' dir='ltr'><strong>eum</strong></span> <span class='ocrx_word' id='word_1_902' title='bbox 2972 5622 3231 5678; x_wconf 89' lang='lat' dir='ltr'><strong>pugnare,</strong></span> <span class='ocrx_word' id='word_1_903' title='bbox 3279 5608 3371 5663; x_wconf 84' lang='lat' dir='ltr'><strong>sed</strong></span> <span class='ocrx_word' id='word_1_904' title='bbox 3397 5605 3696 5661; x_wconf 78' lang='lat' dir='ltr'><strong>contributi</strong></span> 
     </span>
    </p>
   </div>
   <div class='ocr_carea' id='block_1_118' title="bbox 2125 5693 3693 5769">
    <p class='ocr_par' dir='ltr' id='par_1_118' title="bbox 2125 5693 3693 5769">
     <span class='ocr_line' id='line_1_118' title="bbox 2125 5693 3693 5769; baseline 0.004 -23"><span class='ocrx_word' id='word_1_905' title='bbox 2125 5706 2309 5747; x_wconf 85' lang='lat' dir='ltr'><strong>eorum</strong></span> <span class='ocrx_word' id='word_1_906' title='bbox 2340 5707 2474 5764; x_wconf 89' lang='lat' dir='ltr'><strong>quos</strong></span> <span class='ocrx_word' id='word_1_907' title='bbox 2501 5693 2567 5749; x_wconf 89' lang='lat' dir='ltr'><strong>de</strong></span> <span class='ocrx_word' id='word_1_908' title='bbox 2618 5696 2890 5765; x_wconf 72' lang='lat' dir='ltr'><strong>provincia</strong></span> <span class='ocrx_word' id='word_1_909' title='bbox 2937 5699 3004 5753; x_wconf 88' lang='lat' dir='ltr'><strong>ad</strong></span> <span class='ocrx_word' id='word_1_910' title='bbox 3028 5697 3372 5769; x_wconf 70' lang='lat' dir='ltr'><strong>Babyloniam</strong></span> <span class='ocrx_word' id='word_1_911' title='bbox 3416 5696 3693 5767; x_wconf 78' lang='lat' dir='ltr'><strong>demigra-</strong></span> 
     </span>
    </p>
   </div>
  </div>
