3970 6190
274 317 415 374 Ιοῖἷ

1154 312 1512 370 ΕΧΡΟὸΠΊΟ
1553 312 1775 387 SUPER
1814 312 2179 369 JEREMMM.
2221 342 2291 354 —--
2326 313 2451 369 LIB.
2494 313 2628 368 XIII.

3372 316 3530 374 1078"

263 438 489 497 xerunt,
514 443 637 485 cum
663 428 760 483 Dei
790 427 935 483 vasis
953 427 1223 485 omnibus.
1257 442 1378 497 qua:
1411 441 1506 480 rex
1548 424 1745 480 tulerat
1769 425 1837 479 ad
1865 437 1914 488 Α
1946 443 1964 476 ι
1995 436 2126 494 ergo
2162 423 2310 488 audi,
2330 423 2577 489 obsecro,
2608 423 3082 487 [hminemirem
3116 424 3294 478 valeat
3317 424 3509 495 depre-

263 539 379 578 uoc
414 519 669 591 templum
714 526 1133 575 reverterentur.
1165 516 1273 573 Sed
1306 516 1573 584 Jeremias
1602 517 1688 572 his
1715 532 1844 572 cun-

263 613 439 669 traria
472 595 637 683 atque
661 625 810 675 vera,
839 610 1110 665 transiens
1132 609 1187 664 in
1216 608 1452 664 medium
1474 607 1840 679 pntyhetayit,

262 703 456 759 dicens
485 720 499 756 :
531 701 674 773 quod
712 700 853 757 male
895 698 1113 770 quidem
1163 698 1407 755 facerent
1453 698 1554 763 illi,
1602 698 1694 767 qui
1729 696 1843 768 regi

263 794 405 852 talia
432 793 692 857 dicerent,
727 789 942 861 quando
964 804 1063 858 per
1100 787 1384 861 Egyptios
1417 787 1556 842 nihil
1600 785 1844 856 adjuvari

264 892 514 959 possut,
542 898 679 955 quos
701 882 887 953 utique
915 879 1204 936 devincens
1229 878 1535 951 Babylonia:
1551 893 1649 935 rex
1671 877 1726 932 in
1748 873 1844 931 Je-

267 976 546 1049 rosolyma
597 981 885 1038 remearet,
937 986 1164 1043 eamque
1203 970 1420 1026 fortiter
1464 970 1760 1036 obsideret,
1790 976 1845 1025 et

266 1067 531 1139 populum
575 1065 718 1120 fame
760 1070 1162 1134 corrumperet,
1201 1077 1267 1117 ac
1319 1060 1554 1131 reliquos
1604 1061 1847 1132 captivos

266 1156 570 1213 abduceret
594 1153 1029 1222 substantiasque
1069 1152 1349 1222 diriperet,
1397 1150 1558 1206 simul
1579 1159 1636 1206 et
1658 1151 1846 1221 templi

269 1248 494 1303 divitias
541 1245 889 1308 exhauriret,
928 1251 982 1298 et
1025 1256 1149 1297 eum
1188 1241 1408 1311 insuper
1451 1250 1844 1306 concremaret,

268 1339 660 1407 civitatemque
700 1336 1029 1391 obruerent:
1059 1343 1116 1389 et
1148 1342 1332 1389 essent
1380 1332 1627 1388 servituti
1671 1331 1847 1405 Baby-

270 1429 420 1484 lonis
458 1426 567 1498 regi
603 1426 826 1496 ejusque
869 1424 1151 1494 nepotibus
1186 1423 1344 1479 annis
1388 1422 1766 1494 septuaginta:
1796 1430 1852 1480 et

271 1520 349 1576 ad
379 1520 518 1574 hanc
570 1524 871 1573 remeantes
913 1516 1101 1572 urbem
1144 1514 1463 1570 aedificaturi
1503 1522 1687 1571 essent
1714 1522 1850 1570 tem-

269 1609 428 1680 plum
452 1623 636 1663 rursus
661 1617 716 1664 et
739 1605 1127 1678 Jerosolymam
1161 1606 1338 1661 denuo
1371 1605 1695 1675 reparaturi.
1724 1603 1851 1661 Haec

272 1700 493 1754 dicente
518 1696 773 1763 Jeremia,
803 1695 1020 1767 plurimi
1065 1696 1280 1765 quidem
1310 1694 1675 1760 crediderunt,
1702 1694 1849 1765 prin-

1948 533 1966 565 ι
1996 515 2140 571 catio
2162 530 2279 569 mea
2319 515 2373 571 in
2412 523 2700 583 conspectu
2728 524 2839 579 tuo,
2881 523 2936 569 et
2960 529 3028 569 ne
3061 515 3303 570 remittas
3345 532 3431 571 me
3458 519 3512 572 in

1946 626 1966 660 ι
2002 607 2220 663 domm
2248 605 2515 661 lonathan
2537 605 2746 671 scribae,
2776 620 2845 662 ne
2879 607 3082 662 moriar
3115 606 3208 661 ibi.
3255 605 3510 677 Bmepit

1948 715 1967 751 ι
2001 711 2131 768 ergo
2158 712 2253 751 rex
2293 695 2547 752 Sedecias
2574 705 2633 751 ut
2671 697 2978 752 traderetur
3016 696 3288 752 Jercmias
3320 698 3374 751 in
3416 713 3509 752 ve-

1948 804 1968 839 ι
1999 787 2217 852 stibulo,
2244 795 2302 843 et
2337 788 2558 842 daretur
2583 787 2635 841 ei
2664 795 2804 842 torta
2838 788 2993 857 panis
3025 788 3262 858 quotidie
3287 797 3520 858 excepto

1927 895 1968 930 .4
2005 878 2302 947 pulmento,
2336 879 2508 934 donec
2539 887 2990 934 consumerentur
3014 894 3201 935 omnes
3242 894 3408 948 panes
3448 880 3513 933 dc

1950 985 1968 1019 ι
2002 967 2243 1023 civitate.
2277 968 2346 1023 Et
2373 967 2572 1023 mansit
2592 966 2858 1023 Jeremias
2881 968 2935 1022 in
2961 969 3227 1023 vestibulo
3252 970 3510 1033 carceris,

1950 1073 1969 1107 ι
2003 1065 2106 1112 etc.
2146 1076 2163 1109 ι
2194 1056 2347 1123 Quod
2388 1055 2641 1113 Sedecias
2686 1055 2976 1113 Jeremiam
3007 1073 3113 1114 non
3159 1068 3369 1129 sponte,
3417 1059 3510 1114 sed

1944 1145 1998 1200 vi
2033 1145 2214 1216 populi
2258 1154 2498 1211 coactus,
2534 1154 2589 1202 et
2634 1156 2824 1219 rogatu
2872 1146 3177 1218 principum
3207 1149 3261 1203 in
3317 1149 3514 1204 calum-

1946 1236 2092 1289 niam
2117 1234 2485 1309 [profundum]
2507 1242 2743 1292 carceris
2780 1238 3040 1303 mitteret,
3068 1236 3268 1291 frustra
3294 1238 3519 1308 quidam

1944 1340 2067 1381 eum
2107 1337 2411 1383 excusant:
2462 1329 2590 1385 illud
2635 1331 2702 1385 ad
2737 1326 3203 1385 confirmationem
3245 1332 3519 1401 Opi:.i0ttis

1946 1431 2057 1472 sua:
2079 1418 2500 1485 introducentes,
2528 1421 2668 1490 quod
2698 1422 2769 1485 ci,
2799 1420 2952 1492 quasi
2995 1421 3085 1490 pio
3108 1421 3301 1476 aﬂ‘ectu
3329 1422 3383 1476 in
3414 1437 3512 1475 neu

1948 1508 2202 1564 cessitate
2224 1509 2471 1564 maxima:
2512 1509 2670 1564 famis
2686 1510 2912 1578 jusserit
2937 1511 3142 1566 cibaria
3168 1513 3316 1574 dare,
3342 1513 3520 1566 donec

1947 1607 2395 1654 consumerentur
2431 1615 2619 1655 omnes
2656 1617 2820 1671 panes
2860 1602 2928 1657 de
2963 1603 3221 1658 civitate:
3253 1605 3377 1657 dum
3406 1602 3513 1666 ille,

1949 1686 2040 1756 qui
2072 1687 2180 1742 Deo
2227 1688 2459 1744 infidelis
2503 1698 2560 1744 et
2592 1692 2896 1747 contrarius
2934 1690 3052 1753 fuit,
3110 1693 3310 1747 homini
3357 1693 3513 1746 fidem

271 1789 430 1857 cipes
460 1796 637 1842 autem
666 1792 721 1840 et
770 1784 918 1854 impii
970 1783 1270 1840 excessisse
1311 1797 1436 1838 eum
1473 1798 1505 1837 a
1537 1797 1634 1837 sua
1664 1791 1847 1838 mente
1878 1772 1922 1831 Β
1951 1775 2188 1846 perfecte
2220 1794 2441 1834 servare
2477 1795 2581 1834 non
2612 1782 2881 1849 potuerit:
2907 1783 3160 1851 quoniam
3183 1782 3334 1851 juxta
3373 1782 3513 1837 vui-
3557 1782 3565 1797 ‘

274 1876 554 1940 dicebant,
600 1887 830 1942 eumque
873 1872 974 1928 sub
1014 1872 1117 1927 hoc
1144 1870 1331 1927 fomite
1361 1869 1672 1942 [praetextu]
1703 1870 1848 1926 deri-

274 1964 502 2021 debant.
544 1964 711 2035 Igitur
738 1978 861 2019 cum
892 1963 940 2016 ei
986 1961 1275 2032 placuisset
1295 1962 1364 2016 ad
1396 1961 1630 2032 patriam
1659 1975 1854 2031 prope-

278 2064 428 2117 rare,
459 2065 577 2119 qua:
603 2048 799 2103 dicitur
827 2047 1066 2101 Anathot
1105 2055 1323 2102 centum
1367 2045 1709 2117 septuaginta
1740 2054 1852 2102 sta-

275 2145 390 2202 diis
409 2143 592 2214 procul
619 2141 686 2196 ab
713 2138 1061 2210 Jerosolymis
1082 2139 1394 2195 constituta.
1418 2136 1703 2194 lnveniens
1725 2152 1851 2192 eum

275 2237 336 2290 in
359 2235 551 2288 itinere
579 2230 794 2302 quidam
840 2229 1168 2300 principum,
1211 2229 1665 2299 comprehensum
1710 2227 1847 2283 deti-

276 2322 403 2379 nuit
452 2320 773 2377 calumniam
823 2318 1025 2375 faciens
1083 2317 1157 2384 ei,
1210 2317 1366 2389 quasi
1409 2317 1477 2372 ad
1529 2315 1853 2387 Babylonios

275 2415 426 2469 iret:
457 2411 549 2467 llle
594 2425 719 2466 vero
757 2408 971 2465 mentiri
999 2409 1217 2479 quidem
1265 2408 1417 2465 illum
1461 2417 1517 2464 et
1562 2407 1851 2464 calumnia:

274 2500 385 2558 sibi
412 2500 618 2555 crimen
669 2497 930 2553 fallaciter
976 2496 1194 2563 inferre,
1236 2512 1294 2553 se
1319 2512 1448 2552 vero
1499 2497 1568 2553 ad
1611 2496 1846 2567 patriam

274 2610 575 2669 properare
622 2591 852 2649 dicebat.
884 2591 1005 2659 Qui.
1035 2590 1104 2646 ad
1150 2591 1267 2647 haec
1295 2591 1458 2646 verba
1504 2606 1611 2646 non
1658 2589 1852 2656 ﬂexus,

276 2688 525 2743 vinctum
551 2682 771 2740 deduxit
808 2682 877 2739 ad
905 2680 1154 2738 Judicum
1208 2682 1544 2752 magistrum.
1580 2679 1625 2734 A
1659 2681 1855 2750 quibus

275 2776 467 2833 omnia
508 2775 733 2831 verbera
785 2782 841 2829 et
874 2780 1138 2828 tormenta
1185 2787 1473 2843 perpessus
1502 2812 1518 2838 ,
1571 2772 1640 2828 ad
1705 2773 1855 2828 necis

277 2864 608 2937 supplicium
654 2863 1031 2919 reservabatur
1064 2863 1193 2933 :qui
1219 2877 1318 2933 per
1341 2863 1609 2933 quoddam
1643 2871 1855 2934 tempus

280 2962 426 3024 lucc,
453 2974 572 3030 qua:
599 2957 948 3029 pnediximus
997 2955 1195 3026 injuste
1229 2957 1503 3014 sustinuit.
1529 2958 1686 3015 Anno
1722 2975 1855 3016 vero

278 3066 428 3107 nono
476 3049 754 3105 Sedecbiat
805 3048 950 3119 regis
1000 3048 1208 3105 decimo
1254 3050 1360 3117 die,
1408 3051 1613 3107 mensis
1659 3051 1852 3108 decimi

1955 1867 2084 1922 tatis
2115 1869 2437 1924 sententiam
2466 1910 2484 1935 ,
2527 1872 2616 1940 qui
2661 1871 2719 1925 in
2762 1870 2984 1927 minimo
3026 1871 3196 1926 fidelis
3236 1881 3337 1934 est,
3383 1880 3435 1925 et
3463 1872 3514 1925 in

1952 1956 2144 2026 majori
2191 1956 2362 2013 fidelis
2403 1968 2525 2015 est:
2555 1968 2610 2015 et
2641 1984 2660 2011 ι
2701 1961 2790 2029 qui
2826 1962 2881 2017 in
2918 1960 3130 2015 modico
3173 1962 3385 2030 iniquus
3413 1967 3520 2021 est,

1951 2056 2009 2103 et
2037 2048 2091 2103 in
2142 2048 2346 2119 majore
2372 2049 2588 2119 iniquus
2630 2058 2713 2105 est
2753 2050 2906 2120 (Luc.
2936 2052 3068 2123 xw).
3102 2071 3120 2103 I
3151 2050 3334 2105 Clarct
3372 2052 3517 2113 enim

1953 2142 2008 2197 in
2039 2143 2292 2211 operibus
2319 2140 2467 2211 ejus,
2482 2144 2624 2212 quod
2673 2160 2844 2214 neque
2866 2144 2920 2200 in
2960 2145 3052 2200 Dei
3085 2146 3301 2209 timore,
3343 2158 3523 2215 neque

1952 2233 2008 2288 in
2033 2233 2266 2301 proximi
2299 2232 2583 2289 dilectione
2618 2233 2818 2304 aliquid
2844 2233 2954 2289 Deo
2973 2244 3124 2305 grate
3149 2235 3339 2306 egerit,
3364 2242 3424 2289 et
3450 2233 3522 2287 ob

1954 2322 2058 2377 hoc
2087 2323 2335 2379 meritam
2369 2322 2656 2379 vindictam
2701 2333 3041 2395 peccatorum
3092 2340 3313 2382 suorum
3358 2327 3427 2382 ab
3446 2341 3524 2386 et.

1953 2414 2276 2484 susceperit.

2473 2505 2699 2564 CAPUT
2724 2507 2869 2563 XXX
2880 2508 3009 2565 Vill.

1955 2611 2227 2679 autem"
2244 2613 2502 2685 Ieremia:
2526 2616 2594 2685 ad
2614 2625 2853 2682 mortem,
2885 2618 3365 2673 mittiturinlucum
3391 2617 3512 2685 (uti,

2023 2699 2089 2766 ea:
2112 2700 2215 2766 quo
2234 2684 2301 2738 ab
2330 2684 2669 2740 Abdemelech
2704 2688 3013 2750 extrahitur,
3042 2698 3089 2741 et
3112 2688 3361 2758 pra'dicat
3393 2684 3518 2759 regi,

2025 2762 2079 2806 ut
2107 2762 2275 2824 prius.

2028 2885 2046 2917 ι
2075 2865 2143 2921 Ει
2166 2865 2419 2921 dixerunt
2453 2865 2721 2935 principes
2748 2868 2891 2939 regi:
2915 2866 3187 2938 [legamus
3213 2876 3263 2923 te
3286 2877 3342 2922 ut
3372 2869 3520 2924 ccci-

1959 2973 1980 3007 ι
2014 2956 2175 3011 datur
2210 2955 2374 3012 homo
2396 2956 2520 3013 iste.
2548 2957 2622 3013 De
2666 2958 2926 3014 industria
2949 2960 3091 3015 enim
3121 2960 3365 3016 dissolvit
3406 2975 3521 3015 ma-

1962 3064 1981 3098 ι
2017 3062 2120 3102 nus
2151 3046 2389 3101 virorum
2418 3047 2754 3114 bellantium,
2793 3049 2886 3119 qui
2931 3060 3309 3106 remanserunt
3355 3053 3411 3105 in
3440 3052 3519 3106 ci-

277 3139 538 3196 vicesima
583 3137 840 3203 secunda,
863 3137 1170 3212 Babylonia:
1201 3155 1297 3195 rex
1340 3140 1408 3196 ad
1458 3138 1851 3212 Jerosolymam
1881 3125 1925 3188 C
1962 3154 1982 3187 ε
2010 3136 2176 3192 male
2211 3136 2334 3202 hac,
2375 3144 2433 3193 οι
2479 3152 2672 3194 manus
2703 3139 2939 3195 universi
2966 3141 3166 3212 ρορυιί,
3200 3142 3424 3213 loquens
3453 3144 3521 3197 ad

275 3237 463 3286 castra
500 3237 733 3285 metatus
778 3237 885 3294 est,
924 3237 980 3284 et
1004 3228 1198 3285 sedens
1229 3230 1372 3286 circa
1419 3247 1540 3287 eam
1585 3232 1769 3289 decem
1798 3240 1854 3289 et

274 3329 408 3377 octo
431 3334 671 3386 menses,
717 3334 841 3375 cum
889 3319 1068 3375 studio
1102 3335 1309 3392 magae
1359 3321 1574 3376 virtutis
1594 3322 1804 3378 obsedit
1834 3341 1849 3377 :

278 3415 651 3483 obsessosque
671 3409 1082 3483 Jerosolymitas
1103 3413 1211 3467 duo
1232 3412 1370 3467 mala
1401 3411 1510 3467 alia
1533 3421 1589 3471 et
1616 3413 1852 3470 maxima

279 3501 677 3572 deprimebant,
708 3503 882 3558 morbi
926 3501 1155 3574 languor
1183 3511 1237 3557 et
1264 3501 1435 3560 fames
1455 3505 1536 3560 eis
1566 3505 1853 3561 vehemen-

280 3602 368 3651 ter
394 3593 667 3651 insistens.
697 3592 964 3651 Jeremias
999 3610 1128 3649 vero
1183 3596 1449 3666 propheta
1473 3611 1598 3653 cum
1620 3605 1767 3654 esset
1799 3597 1854 3653 in

279 3681 552 3747 custodia,
580 3699 686 3740 non
708 3684 975 3752 cessabat,
1016 3685 1110 3742 sed
1138 3685 1403 3745 clamabat
1429 3694 1487 3743 et
1528 3687 1858 3757 pradicabst

280 3782 472 3844 aperte
497 3774 765 3831 monendo
800 3775 1077 3851 populum,
1102 3784 1163 3833 ut
1214 3791 1396 3848 regem
1438 3776 1855 3849 Babyloniorum

280 3870 472 3933 portas
513 3863 817 3933 aperientes
847 3865 1196 3934 exciperent:
1242 3863 1356 3922 Hoc
1382 3866 1528 3925 enim
1570 3857 1732 3932 facto,
1761 3881 1858 3925 eos

280 3967 410 4006 cum
455 3951 601 4007 omni
648 3952 808 4008 domo
853 3967 1012 4023 posse
1040 3953 1258 4021 salvari,
1309 3953 1546 4025 alioquin
1600 3955 1857 4011 radicitus

280 4040 585 4109 asserebat,
632 4042 787 4098 evelli
815 4057 830 4099 :
861 4044 1296 4114 pratdicabatque
1332 4046 1559 4117 pariter,
1592 4046 1856 4117 quoniam

281 4136 331 4189 si
362 4134 452 4205 qui
509 4137 807 4193 manserint
834 4137 891 4201 in
931 4138 1177 4205 civitate,
1203 4139 1426 4197 omnino
1469 4141 1729 4212 perirent,
1764 4149 1860 4201 aut

283 4226 433 4279 fame
471 4228 793 4298 consumpti,
824 4236 917 4284 aut
957 4227 1149 4301 gladiis
1195 4229 1476 4299 hostium;
1522 4232 1568 4287 si
1614 4247 1746 4289 vero
1789 4232 1856 4288 ad

281 4319 473 4374 hostes
508 4316 878 4389 confugerent,
903 4329 960 4375 et
985 4320 1234 4377 inimicos
1257 4331 1314 4378 et
1338 4330 1571 4381 mortem
1593 4325 1855 4395 quodam-

279 4408 450 4465 modo
476 4407 829 4475 declinarent.
1440 4456 1445 4461 .

362 4514 381 4548 ι
417 4497 774 4563 Quamobrem
825 4498 950 4554 irati
994 4499 1264 4573 principes
1304 4511 1503 4559 contra
1535 4503 1852 4573 Jeremiam,

283 4603 306 4639 ι
341 4600 543 4639 caesum
562 4600 686 4642 eum
711 4585 1041 4642 miseruntin
1057 4603 1353 4656 carcerem,
1366 4591 1592 4663 quierat
1615 4592 1671 4649 in
1696 4594 1854 4651 domo

285 4696 307 4731 ι
348 4674 618 4733 Jonathan
634 4678 826 4734 scriba:
858 4692 875 4734 :
903 4679 1017 4753 ipse
1031 4680 1175 4736 enim
1201 4683 1525 4752 praepositus
1547 4693 1669 4741 erat
1692 4700 1855 4756 super

283 4788 305 4821 ε
336 4780 638 4822 carcerem.
668 4764 854 4836 itaque
873 4766 1145 4838 ingressus
1166 4778 1251 4825 est
1276 4767 1538 4829 Jeremias
1560 4772 1617 4829 in
1637 4774 1852 4829 domum

283 4881 304 4912 ι
348 4859 451 4914 laci
477 4859 533 4913 in
556 4857 846 4928 ergastulo,
870 4866 930 4914 et
955 4859 1097 4916 sedit
1123 4861 1197 4916 ibi
1219 4860 1485 4923 Ieremias
1506 4865 1697 4921 diebus
1716 4866 1855 4925 mul-

283 4974 302 5004 σ
346 4951 438 5005 tis.
468 4947 683 5004 Mittens
705 4957 884 5003 autem
911 4965 1008 5009 rex
1040 4949 1330 5009 Sedechias
1363 4955 1485 5010 tulit
1515 4971 1658 5022 eum,
1685 4956 1745 5013 et
1764 4957 1852 5013 in-

283 5062 305 5096 ι
352 5038 641 5113 terrogavit
664 5036 719 5092 in
744 5038 904 5101 domo
917 5055 1016 5095 sua
1042 5041 1374 5108 abscondite,
1399 5045 1638 5107 etdixit:
1665 5046 1858 5102 Putas-

287 5154 306 5186 ι
350 5147 420 5189 ne
443 5142 529 5187 est
547 5146 725 5188 sermo
748 5147 782 5186 a
805 5122 1075 5187 Domino?
1098 5133 1165 5188 Ει
1185 5135 1320 5190 dixit
1345 5134 1629 5203 Jeremias,
1665 5147 1768 5194 est.
1786 5138 1855 5197 Et

284 5245 307 5280 ι
353 5227 474 5281 ait:
505 5225 564 5280 In
601 5239 793 5280 manus
839 5226 983 5296 regis
1009 5225 1295 5297 Babylonis
1322 5227 1570 5284 traderis.
1609 5228 1683 5283 Et
1717 5229 1855 5287 dixit

286 5337 306 5368 ι
342 5314 606 5371 Jeremias
633 5315 700 5370 ad
739 5329 919 5385 regem
963 5313 1239 5370 Sedcciam
1274 5334 1287 5370 :
1316 5316 1453 5383 Quid
1485 5319 1705 5387 peccavi
1735 5319 1853 5386 tibi,

288 5427 307 5459 ι
347 5404 597 5460 ctscrvis
624 5405 752 5471 tuis,
800 5414 856 5461 et
889 5406 1082 5475 populo
1113 5414 1235 5471 tuo,
1282 5404 1408 5476 quia
1451 5409 1643 5465 misisti
1671 5426 1759 5465 me
1800 5412 1855 5466 in

288 5518 308 5550 ι
343 5499 561 5553 domum
587 5496 860 5552 carceris?
888 5494 988 5552 Ubi
1041 5507 1167 5551 sunt
1209 5498 1481 5569 prophetae
1520 5501 1719 5567 vestri,
1765 5503 1855 5572 qui

288 5604 309 5636 ε
350 5585 743 5654 prophetabant
791 5584 960 5649 vobis,
1016 5597 1069 5642 et
1092 5588 1378 5643 dicebant:
1411 5588 1527 5645 Non
1549 5584 1731 5647 veniet
1759 5608 1853 5646 rex

293 5694 311 5726 ι
350 5674 638 5750 Babylonis
666 5694 827 5747 super
851 5694 943 5733 vos
995 5688 1045 5732 ct
1087 5695 1247 5748 super
1286 5688 1482 5737 terram
1531 5683 1705 5738 hanc?
1738 5684 1853 5741 Non

1960 3244 1978 3278 ι
2009 3240 2125 3291 eos,
2166 3225 2324 3296 juxta
2375 3226 2491 3282 haec
2536 3227 2697 3282 verba
2736 3247 2750 3282 :
2786 3227 3060 3300 Siquidem
3091 3234 3249 3289 homo
3280 3234 3367 3288 hic
3416 3244 3523 3289 nou

1959 3333 1978 3366 ε
2011 3315 2205 3385 (ιιικῐίι
2250 3331 2440 3386 pacem
2468 3317 2648 3387 populi
2694 3319 2875 3391 hujus,
2923 3322 3018 3377 sed
3051 3322 3272 3377 malum.
3301 3323 3370 3377 Et
3391 3324 3521 3379 dixi!

1961 3423 1979 3456 ι
2011 3403 2315 3462 Sedecias:
2357 3406 2498 3462 Ecce
2523 3407 2580 3461 in
2610 3408 2857 3464 manibus
2897 3411 3095 3467 vestris
3125 3411 3238 3482 ipse
3279 3422 3383 3477 est,
3421 3426 3523 3467 nee

1961 3514 1979 3547 ι
2013 3497 2158 3552 enim
2188 3496 2272 3553 fas
2300 3506 2385 3554 est
2411 3514 2594 3572 regem
2626 3502 2778 3558 vobis
2826 3502 3133 3572 quidquam.
3157 3521 3375 3575 negare.
3410 3505 3505 3559 Tu-

1961 3604 1981 3638 σ
2014 3585 2331 3659 leruntergo
2349 3587 2662 3658 Jeremiam,
2682 3600 2738 3647 et
2756 3591 3236 3663 projecerueteum
3262 3596 3314 3650 in
3341 3596 3517 3654 lacum

1959 3696 1980 3732 ι
2012 3675 2246 3735 Helch
2259 3672 2353 3734 lilii
2373 3678 2648 3748 Amalech,
2670 3683 2891 3753 quierat
2910 3685 2964 3739 in
2987 3686 3249 3741 vestibulo
3269 3688 3525 3756 carceris,

1959 3789 1980 3824 ι
2017 3781 2074 3827 et
2095 3771 2463 3827 submiserunt
2492 3770 2781 3828 Jeremiam
2815 3773 3140 3840 infunibus;
3164 3778 3294 3831 etin
3324 3776 3526 3841 lacum,

1959 3880 1979 3914 ι
2014 3862 2070 3933 in
2091 3876 2199 3930 quo
2231 3877 2339 3917 non
2363 3869 2481 3918 erat
2505 3876 2666 3932 aqua,
2695 3863 2791 3919 sed
2817 3863 3010 3918 lutum.
3034 3866 3320 3921 Descendit
3342 3868 3522 3938 itaque

1960 3969 1981 4003 ι
2013 3950 2275 4007 Jeremias
2312 3951 2367 4007 in
2400 3965 2634 4007 caenum.
2670 3971 2690 4005 ι
2718 3951 3009 4025 (Mannum)
3038 3952 3137 4009 llic
3165 3963 3336 4024 patet,
3380 3959 3520 4026 quod

1955 4039 2212 4098 Sedecias
2254 4041 2308 4097 in
2353 4039 2645 4098 leremiam
2695 4057 2804 4098 non
2855 4042 3069 4099 sincero
3114 4043 3307 4102 al'eetn
3357 4048 3527 4103 mise—

1956 4133 2245 4191 ricordiam
2287 4134 2653 4203 impendebat.
2697 4133 2799 4203 Qui
2833 4134 2881 4190 si
2926 4150 3054 4193 vere
3077 4152 3202 4193 eum
3248 4138 3515 4210 diligeret,

1956 4222 2196 4292 nunquid
2225 4223 2295 4277 ob
2318 4222 2555 4279 favorem
2595 4239 2691 4279 seu
2728 4225 2974 4282 timorem
2998 4226 3297 4297 principum
3326 4229 3379 4283 in
3403 4244 3516 4300 poe-

1956 4328 2080 4369 nam
2108 4312 2347 4375 carceris
2400 4313 2718 4375 tendendum
2763 4314 2868 4371 illis
2914 4317 3193 4374 traderet?
3217 4319 3285 4374 Et
3324 4320 3394 4375 ob
3417 4321 3520 4376 hoc

1958 4401 2288 4459 infructuosa
2318 4401 2435 4472 ejus
2473 4402 2574 4459 fuit
2626 4406 2877 4462 simulata
2925 4409 3221 4477 miseratio,
3274 4412 3415 4467 sicut
3466 4425 3523 4468 et

1956 4492 2137 4555 Pilati,
2182 4493 2276 4564 qui
2308 4495 2359 4546 in
2389 4495 2638 4564 passione
2664 4496 2876 4554 Domini
2929 4508 3148 4570 accepta
3176 4518 3315 4571 aqua
3330 4518 3523 4559 coram

1954 4581 2100 4636 omni
2136 4581 2333 4653 p0pulo
2359 4582 2487 4638 lavit
2531 4601 2723 4642 manus
2768 4604 2900 4645 suas
2944 4591 3176 4647 dicens:
3217 4594 3524 4653 «Innocenti

1955 4691 2055 4746 ego
2078 4691 2195 4732 sum
2224 4692 2256 4731 a
2285 4677 2544 4749 sanguine
2555 4679 2684 4749 justi
2705 4680 2884 4750 hujus,
2914 4698 3010 4739 vos
3032 4684 3279 4742 videritis
3302 4686 3519 4758 (Halm.

1956 4767 2155 4853 xxvn):
2192 4787 2213 4823 ι
2255 4765 2321 4823 Et
2374 4778 2550 4826 tamen
2577 4782 2760 4841 postea
2789 4774 3110 4848 ﬂagellatum
3142 4782 3363 4837 tradidit
3397 4798 3520 4839 eum

1954 4854 2155 4916 Judaeis
2181 4870 2240 4915 ut
2266 4862 2688 4933 crucifigeretur.

2038 4968 2057 5001 ι
2084 4949 2299 5005 Δυιιὶνίι
2326 4959 2505 5007 autem
2551 4953 2911 5012 Abdemelech
2950 4957 3202 5029 Ethiops
3242 4963 3326 5015 v‘ir
3351 4972 3521 5016 etian-

1966 5060 1986 5092 ι
2022 5042 2174 5108 chus,
2203 5042 2434 5112 quierat
2465 5043 2523 5097 in
2546 5044 2705 5100 domo
2731 5046 2896 5116 regis,
2913 5050 3057 5118 quod
3078 5051 3353 5109 misissent
3371 5052 3511 5106 lere.

1965 5151 1986 5189 ι
2018 5138 2180 5191 miam
2207 5136 2262 5191 in
2296 5136 2494 5192 lacum.
2525 5136 2694 5193 Porro
2732 5153 2829 5194 rex
2851 5140 3071 5196 sedebat
3097 5140 3153 5194 in
3195 5150 3352 5210 porta
3384 5144 3518 5199 Ben-

1966 5247 1985 5281 ι
2014 5227 2206 5298 jamin.
2262 5227 2331 5280 Et
2379 5241 2630 5298 egressus
2679 5237 2765 5285 est
2824 5228 3188 5285 Abdemelech
3241 5233 3308 5288 de
3361 5235 3522 5290 domo

1965 5340 1984 5374 ι
2014 5319 2177 5389 regis,
2226 5325 2282 5372 et
2313 5317 2524 5373 locutus
2570 5327 2655 5374 est
2675 5314 2745 5373 ad
2796 5331 3003 5388 regem,
3022 5319 3246 5376 dicens:
3296 5322 3521 5380 Domine

1966 5431 1987 5465 ι
2028 5413 2099 5467 mi
2125 5425 2236 5474 rex,
2274 5411 2414 5467 male
2434 5410 2679 5467 fecerunt
2701 5411 2804 5467 viri
2830 5412 2941 5478 isti,
2972 5414 3151 5469 otmria
3190 5430 3523 5487 quaecunque

1965 5520 1983 5554 ι
2013 5509 2388 5572 perpetrarent
2444 5509 2630 5555 contra
2669 5499 2958 5557 Jeremiam
3002 5505 3353 5573 prophetarit,
3402 5507 3519 5561 mit-

1966 5610 1984 5647 ι
2017 5600 2322 5649 tenteseum
2346 5593 2401 5651 in
2418 5593 2617 5659 lacum,
2635 5595 2970 5651 utmoriatur
2991 5597 3065 5651 ibi
3083 5594 3239 5654 fame.
3264 5598 3379 5654 Non
3401 5608 3520 5654 sunt

1968 5703 1986 5735 ‹
2022 5683 2162 5739 enim
2201 5700 2367 5757 p:mes
2393 5684 2537 5742 ultra
2584 5684 2638 5742 iu
2662 5686 2897 5745 civitate.
2926 5688 3187 5761 Praecepit
3225 5690 3406 5757 itaque
3430 5706 3520 5746 rex
