3970 6190
1256 372 1623 431 EXPOSITIO
1655 372 1883 431 SUPER
1916 371 2286 433 JEREIHAM.
2327 404 2398 415 -—
2432 375 2562 433 LIB.
2604 375 2737 432 χιιι.

3489 374 3635 435 {089'

352 501 470 541 nus
513 482 695 554 aliquo
753 484 917 539 modo
971 483 1243 555 mitigaret
1297 485 1646 541 furibundum
1701 485 1943 540 animum
1973 494 2023 555 Α
2056 505 2075 537 ι
2104 485 2220 542 cias
2266 501 2364 542 rex
2407 486 2567 554 Juda,
2591 496 2646 544 et
2665 501 2855 545 omnes
2885 486 2988 542 viri
3040 486 3348 555 bellatores,
3377 488 3627 561 fugerunt

351 576 502 648 ejus,
529 573 867 630 etleviorem
900 574 972 629 ab
1014 587 1081 629 eo
1119 574 1418 645 susciperet
1459 575 1790 646 captivitatis
1826 590 1945 631 sen-

354 665 612 721 tentiam.
636 662 745 718 Sed
776 677 932 719 mens
958 663 1207 718 indurata
1233 664 1431 735 corrigi
1472 679 1581 719 non
1611 666 1786 735 potuit
1811 664 1941 721 boni

351 754 577 811 consilii
620 752 1005 825 providentia:
1049 752 1191 809 sicut
1235 762 1292 808 et
1346 753 1645 809 Pharaonis
1700 754 1943 808 animum

355 851 675 906 induratum
713 864 814 905 nec
839 848 1020 904 divina
1047 849 1335 919 correptio,
1367 863 1470 903 nec
1499 848 1667 919 Moysi
1697 847 1939 903 admoni-

358 943 442 998 tio
465 942 532 996 ad
559 941 939 1012 panitentiam
959 939 1206 995 mollivit.
1234 939 1311 996 De
1334 954 1443 1009 quo
1470 940 1600 995 dicit
1628 937 1940 1010 Scriptura:

365 1048 390 1082 ‹
428 1029 741 1085 lnduratum
767 1036 850 1083 est
896 1042 994 1083 cor
1015 1026 1319 1083 Pharaonis
1365 1041 1469 1083 nec
1518 1026 1725 1082 audivit
1754 1041 1942 1084 vocem

359 1120 581 1177 Domini
643 1117 850 1190 (Exod.
924 1118 1072 1190 vn),
1111 1137 1131 1170 ι
1193 1117 1544 1189 quoadusque
1613 1130 1946 1187 persequens

357 1210 642 1267 lsraelitas
663 1211 718 1267 in
746 1209 1001 1265 ﬂuctibus
1018 1209 1188 1266 maris
1212 1209 1381 1265 Rubri
1432 1225 1558 1267 cum
1576 1210 1821 1265 exercitu
1844 1222 1944 1264 suo

360 1302 679 1358 submersus
701 1308 807 1357 est.

441 1413 462 1447 ι
504 1394 802 1465 Respondit
853 1404 1034 1449 autem
1070 1392 1336 1450 Jeremias
1371 1410 1386 1446 :
1429 1391 1549 1449 Non
1606 1401 1660 1450 te
1705 1391 1941 1447 tradent.

368 1502 390 1537 ι
413 1484 555 1540 Audi
580 1498 787 1549 vocem,
804 1498 1008 1553 quaeso,
1024 1482 1258 1544 Domini.
1272 1497 1438 1552 quam
1457 1496 1559 1553 ego
1575 1480 1847 1551 loquorad
1868 1487 1942 1546 te,

366 1595 388 1626 ς
425 1583 483 1630 et
498 1575 634 1630 bene
655 1573 751 1629 tibi
765 1574 891 1639 erit,
908 1581 964 1629 et
980 1572 1128 1628 vivet
1143 1572 1324 1627 anima
1348 1579 1461 1626 tua.
1476 1570 1631 1639 Quod
1644 1572 1690 1627 si
1707 1570 1944 1626 nolueris
1965 1580 1976 1588 '

369 1684 391 1719 ι
435 1666 656 1737 egredi:
691 1664 793 1721 iste
819 1673 901 1720 est
920 1678 1122 1729 sermo,
1153 1677 1313 1733 quem
1337 1661 1574 1718 ostendit
1602 1661 1734 1717 mihi
1762 1661 1946 1716 Domi-

2052 595 2070 629 t
2100 584 2156 635 et
2178 578 2385 648 egressi
2419 586 2546 633 sunt
2563 586 2721 634 nocte
2736 579 2808 634 'de
2828 578 3047 634 civitate
3067 593 3164 648 per
3190 581 3331 633 viam
3365 580 3504 634 horti
3543 597 3628 639 re-

2052 687 2070 719 ι
2100 668 2186 740 gis
2222 676 2278 724 et
2329 683 2427 740 per
2451 678 2690 740 portam,
2714 686 2833 740 quae
2873 677 2991 726 erat
3028 670 3173 725 inter
3216 670 3351 726 duos
3404 685 3629 728 muros:

2051 778 2069 811 ι
2098 768 2153 813 et
2178 760 2383 830 egressi
2404 768 2533 815 sunt
2557 760 2625 815 ad
2650 759 2795 814 viam
2815 760 3033 817 deserti.
3055 760 3382 817 Persecutus
3408 770 3490 818 est
3530 778 3630 818 au-

2051 870 2070 903 ι
2103 860 2211 907 tem
2232 866 2324 907 eos
2353 851 2625 907 exercitus
2667 852 3044 907 Chaldaeorum
3077 870 3093 907 :
3121 862 3175 908 et
3201 856 3628 925 comprehende-

2051 960 2069 992 ι
2104 948 2230 995 runt
2270 940 2553 997 Sedeciam
2574 943 2628 997 in
2668 958 2861 1013 campo
2885 944 3191 1001 solitudinis
3221 945 3628 1013 Jerichontinae,

2051 1047 2070 1080 ι
2097 1037 2152 1083 et
2191 1037 2407 1099 captum
2445 1029 2785 1086 adduxerunt
2827 1031 2891 1085 ad
2919 1030 3413 1089 Nabuchodonosor
3444 1049 3626 1106 regem

2051 1140 2070 1173 ι
2098 1120 2731 1192 Babylonisinlteblata,
2771 1137 2891 1192 quat
2913 1132 2995 1178 est
3032 1123 3085 1178 in
3128 1132 3272 1180 terra
3315 1126 3532 1190 Emath,
3573 1133 3630 1179 et

2051 1231 2069 1262 ι
2097 1211 2308 1267 locutus
2330 1220 2414 1267 est
2432 1212 2500 1267 ad
2523 1226 2646 1266 eum
2662 1210 2886 1280 judicia.
2913 1212 2981 1267 Et
3000 1214 3198 1268 occidit
3220 1229 3314 1269 rex
3337 1214 3625 1285 Babylonis

2051 1320 2069 1354 ι
2101 1301 2242 1358 lilios
2281 1302 2519 1357 Sedeciae
2560 1302 2612 1357 in
2646 1301 2873 1357 Reblata
2913 1302 2968 1356 in
3012 1302 3187 1358 oculis
3203 1302 3340 1371 ejus,
3367 1311 3422 1357 et
3442 1318 3631 1358 omnes

2050 1412 2070 1448 ι
2094 1392 2305 1449 nobiles
2324 1390 2462 1448 Juda
2486 1392 2686 1449 occidit
2708 1410 2802 1448 rex
2826 1393 3134 1463 Babylonis.
3181 1393 3383 1450 Oculos
3415 1409 3628 1464 quoque

2051 1499 2070 1532 ι
2102 1480 2341 1537 δεάθείεε
2380 1481 2545 1547 eruit,
2578 1489 2632 1535 et
2653 1482 2826 1536 vinxit
2846 1496 2969 1537 eum
2994 1483 3365 1552 compedibus,
3386 1490 3447 1537 ut
3470 1482 3635 1538 duce-

2050 1590 2069 1624 ι
2097 1578 2245 1626 retur
2285 1570 2339 1624 in
2376 1570 2724 1643 Babylonem.
2766 1571 2992 1627 Domum
3029 1587 3243 1641 quoque
3278 1572 3421 1642 regis
3454 1580 3508 1626 et
3532 1570 3632 1625 do—

2051 1682 2069 1714 ι
2101 1677 2247 1718 ωιιω
2272 1661 2413 1733 vulgi
2444 1663 2843 1718 succenderunt
2886 1661 3120 1717 Chaldazi
3156 1664 3295 1732 igne,
3332 1670 3389 1716 et
3415 1676 3630 1715 murum

368 1776 392 1811 ι
426 1773 549 1815 nus.
596 1756 736 1813 Ecce
774 1770 966 1812 omnes
1004 1755 1281 1819 mulieres,
1313 1770 1435 1825 quae
1480 1758 1855 1809 remanserunt
1887 1752 1941 1805 in
2045 1752 2343 1810 Jerusalem
2370 1756 2776 1819 subverterunt,
2805 1773 2824 1806 ι
2865 1762 2971 1809 etc.
2999 1754 3291 1825 (MAUBUS.)
3322 1755 3394 1810 De
3418 1755 3519 1809 hac
3542 1769 3633 1807 va-

369 1865 392 1902 t
436 1847 599 1903 domo
620 1847 760 1919 regis
783 1845 943 1912 Juda,
964 1847 1263 1902 educentur
1289 1844 1358 1911 ad
1381 1843 1655 1914 principes
1677 1843 1821 1913 regis
1846 1840 1942 1895 Ba-
1973 1850 2022 1909 B
2049 1850 2282 1902 statione
2302 1846 2472 1911 urbis,
2486 1846 2866 1915 etcaptivitate
2888 1846 3069 1917 pepuli
3091 1845 3304 1915 plenius
3328 1845 3380 1899 in
3405 1860 3633 1915 sequen-

369 1958 390 1993 ι
416 1938 649 2010 bylonis,
671 1947 729 1993 et
746 1937 875 2007 ipsae
892 1936 1075 1993 dicent
1099 1954 1113 1991 :
1136 1936 1479 1991 Seduxeruut
1509 1944 1561 1990 te
1584 1942 1639 1991 et
1653 1933 1948 2005 prmvalue—
2049 1934 2192 1990 tibus
2213 1935 2353 1989 idem
2399 1936 2658 2004 propheta
2699 1943 2883 1989 narrat
2916 1953 2928 1989 :
2955 1935 3096 1989 unde
3131 1934 3476 2005 allegoricam
3518 1931 3633 2001 ejus

370 2051 391 2083 ι
421 2040 550 2087 runt
592 2031 880 2086 adversum
925 2038 978 2085 te
1004 2028 1107 2084 viri
1127 2028 1337 2099 paciﬁci
1376 2028 1867 2094 tui,'demerserunt
1892 2025 1949 2081 in
2046 2028 2443 2097 expositionem
2491 2026 2560 2081 ad
2600 2026 2850 2083 eumdem
2874 2026 3050 2081 locum
3075 2026 3421 2081 distulimus:
3452 2024 3633 2094 ibique

371 2143 390 2175 ι
427 2137 589 2178 caeno
611 2131 667 2177 et
689 2120 900 2177 lubrico
923 2121 1089 2192 pedes
1110 2128 1247 2184 tuos,
1277 2128 1333 2175 et
1354 2126 1697 2176 recesserunt
1717 2134 1747 2173 a
1771 2125 1844 2172 te.
1880 2116 1949 2171 Et
2047 2121 2095 2176 si
2123 2120 2384 2176 Dominus
2408 2118 2616 2173 dederit
2641 2118 2770 2173 stilo
2804 2117 3109 2173 disserturi.
3152 2115 3258 2172 Sed
3302 2124 3481 2170 tamen
3530 2130 3631 2169 uo-

372 2231 393 2266 ι
425 2227 619 2269 omnes
644 2226 843 2268 uxores
875 2220 997 2276 tuaz,
1021 2220 1081 2265 et
1104 2210 1200 2265 lilii
1247 2210 1323 2265 tui
1369 2209 1666 2266 educentur
1685 2209 1754 2264 ad
1780 2206 1945 2263 Chal-

373 2321 393 2356 ι
430 2304 595 2368 daeos,
629 2313 685 2359 et
713 2317 818 2358 non
848 2302 1072 2374 eﬂ'ugies
1093 2317 1285 2357 manus
1313 2317 1542 2359 eorum:
1572 2301 1665 2357 sed
1697 2301 1752 2355 in
1779 2314 1951 2361 manu,

371 2412 392 2447 ε
428 2393 575 2465 regis
595 2384 882 2464 Babylonis
909 2393 1165 2463 capieris,
1192 2400 1248 2447 et
1269 2392 1545 2465 civitatem
1563 2392 1704 2447 hanc
1725 2392 1944 2447 combu-

372 2504 393 2539 ι
416 2462 646 2556 ret‘igni,
668 2505 687 2537 ι
713 2462 770 2538 et
790 2462 1016 2553 reliqua.
1032 2481 1172 2550 Quid
1185 2491 1290 2548 est,
1304 2462 1734 2551 quodderemias
1755 2481 1821 2535 ad
1847 2479 1946 2536 Se-

371 2576 580 2632 deciam
620 2589 871 2631 sermone
930 2572 1144 2639 Domini
1186 2572 1516 2644 increpando
1541 2572 1718 2627 dicit:
1759 2590 1778 2623 ι
1805 2570 1945 2626 Ecce

367 2681 563 2724 omnes
601 2666 878 2730 mulieres,
923 2681 1043 2735 qua:
1090 2670 1465 2720 remanserunt
1512 2662 1569 2718 in
1599 2662 1759 2718 domo
1800 2660 1946 2732 regis

370 2755 533 2824 Juda,
562 2757 859 2814 educentur
880 2755 948 2810 ad
964 2755 1235 2826 principes
1257 2755 1401 2826 regis
1426 2753 1797 2825 Babylonis,et
1815 2753 1945 2823 ipsa:

369 2849 555 2906 dicent
585 2867 599 2903 :
629 2847 969 2904 Seduxerunt
997 2855 1068 2911 te,
1093 2856 1148 2901 et
1170 2844 1570 2916 praevaluerunt
1586 2842 1874 2899 adversum
1890 2849 1945 2897 te

371 2942 477 2996 viri
502 2940 711 3011 paciﬁci
739 2940 836 3005 tui,
866 2939 1232 2997 demerserunt
1262 2937 1317 2992 in
1339 2950 1497 2994 emno
1526 2945 1582 2992 et
1606 2933 1813 2990 lubrico
1850 2947 1943 3003 pe-

328 3058 333 3064 ι
374 3034 634 3098 destines,
665 3041 722 3088 et
745 3038 1087 3088 recesserunt
1110 3045 1142 3084 a
1169 3037 1223 3087 te
1270 3048 1290 3083 ι
1327 3028 1430 3084 nisi
1467 3036 1530 3083 ut
1553 3028 1802 3084 ostendat
1847 3042 1946 3083 no-

372 3124 462 3180 bis
481 3122 624 3193 quod
656 3121 798 3177 ﬂuxa
823 3120 1077 3193 cogitatio
1098 3161 1115 3186 ,
1140 3128 1198 3176 et
1234 3119 1535 3191 voluptuosi
1569 3118 1944 3175 consiliatores

2046 2212 2270 2267 tandum
2290 2210 2433 2281 quod
2454 2209 2622 2266 Isaias
2644 2209 2906 2280 propheta
2931 2209 2996 2264 de
3019 2208 3120 2263 hac
3138 2208 3390 2262 vastitate
3414 2207 3467 2261 in
3492 2205 3631 2261 libro

2043 2317 2143 2358 suo
2163 2301 2313 2372 paria
2336 2299 2586 2356 Jeremias
2607 2299 2905 2354 narrationi
2929 2297 3174 2368 protulit,
3200 2297 3389 2352 dicens
3413 2312 3428 2349 :
3459 2314 3477 2346 ι
3521 2290 3631 2349 Re-

2042 2396 2217 2453 cedite
2237 2411 2267 2450 a
2298 2410 2402 2460 me,
2428 2409 2615 2450 amare
2635 2392 2788 2458 ﬂebo,
2816 2392 2979 2447 nolite
3003 2391 3335 2456 incumbere,
3359 2396 3419 2443 ut
3437 2402 3631 2443 consoo

2040 2486 2224 2543 lemini
2239 2500 2500 2556 mesuper
2515 2485 2824 2540 vastitatem
2842 2484 2962 2539 lilia:
2973 2482 3156 2554 populi
3171 2482 3277 2537 mei
3308 2499 3321 2535 :
3354 2481 3470 2536 dies
3484 2482 3630 2534 enim

2042 2577 2435 2636 interfectionis
2477 2586 2536 2634 et
2570 2576 3015 2641 conculcationis,
3046 2584 3102 2630 et
3134 2573 3356 2629 ﬂetuum
3405 2571 3632 2626 Domino

2045 2672 2157 2727 Deo
2174 2670 2512 2727 exercituum
2538 2668 2595 2722 in
2620 2667 2756 2722 valle
2781 2667 3022 2732 visionis,
3049 2672 3296 2720 scrutans
3315 2677 3553 2725 murum,
3575 2666 3632 2715 et

2045 2761 2363 2834 mgniﬂcus
2374 2775 2537 2830 super
2549 2768 2805 2814 montem.
2822 2756 2889 2811 Et
2902 2755 3039 2811 clam
3054 2754 3285 2824 sumpsit
3297 2752 3604 2823 pharetram
3614 2789 3629 2814 ,

2044 2865 2262 2909 cursum
2283 2849 2518 2906 hominis
2540 2847 2758 2917 equitis,
2781 2854 2837 2902 et
2857 2845 3120 2916 parietem
3135 2841 3358 2898 nudavit
3385 2840 3627 2910 clypeus.

2044 2943 2115 2998 Et
2136 2950 2294 2998 eruat
2330 2940 2517 2997 electae
2551 2939 2722 2994 valles
2754 2946 2860 2993 tua:
2894 2935 3300 3006 quadrigarum,
3333 2940 3390 2987 et
3420 2931 3630 3001 equites

2045 3032 2419 3104 ponuntsedes
2430 3046 2560 3087 suas
2573 3031 2626 3085 in
2642 3036 2881 3100 porta,et
2893 3026 3222 3083 revelabitur
3233 3021 3629 3093 operimentum

2046 3119 2238 3177 Iudae:
2279 3130 2336 3176 et
2359 3120 2565 3177 videbis
2589 3120 2643 3174 in
2671 3118 2762 3173 illa
2782 3117 2870 3174 die
2904 3112 3386 3171 armamentarium
3437 3110 3630 3165 domus

375 3218 430 3274 in
481 3215 687 3275 lubrico
714 3213 1015 3270 carnalium
1061 3212 1473 3279 desideriorum,
1504 3220 1561 3268 et
1584 3225 1744 3267 coeno
1785 3210 1945 3266 vitio-
1973 3198 2018 3260 C
2051 3210 2239 3277 saltus,
2256 3219 2313 3266 et
2345 3210 2615 3266 scissuras
2667 3208 2906 3265 civitatis
2958 3205 3127 3261 David
3185 3202 3458 3266 videbitis,
3503 3201 3632 3270 quia

374 3322 494 3363 rum
522 3321 769 3378 gressum
792 3319 1017 3375 operum
1040 3311 1353 3361 nostron
1383 3304 1719 3374 demergunt,
1748 3313 1804 3357 et
1823 3316 1945 3357 eum

373 3400 641 3455 dimersos
678 3397 913 3453 viderint
962 3411 996 3452 a
1041 3395 1198 3451 nobis
1225 3395 1482 3452 recedunt
1516 3409 1533 3448 :
1566 3394 1694 3464 quia
1722 3393 1949 3464 perditis

375 3488 580 3544 nullum
606 3489 737 3545 utile
758 3489 1044 3546 consilium
1070 3489 1328 3560 deinceps
1354 3490 1485 3545 dare
1508 3497 1754 3555 possunt,
1771 3489 1866 3558 qui
1879 3489 1949 3544 ad

375 3582 483 3638 boc
503 3583 837 3640 solummodo
864 3582 1103 3640 studium
1130 3582 1533 3655 impendebant,
1560 3591 1622 3637 ut
1663 3581 1718 3638 in
1742 3581 1949 3654 peccati

373 3676 689 3745 voraginem
715 3675 816 3731 sibi
845 3674 1248 3731 consentientes
1284 3673 1686 3744 praecipitarent
1716 3688 1732 3727 :
1762 3674 1950 3743 sicque

374 3768 424 3823 si
452 3781 550 3822 nos
576 3750 801 3823 consilio
829 3749 1582 3837 divinarum‘Seripturarum
1627 3780 1660 3821 a
1710 3766 1949 3837 peccatis

376 3857 582 3914 nostris
619 3857 912 3929 corrigere,
946 3866 1003 3914 et
1044 3857 1255 3913 animas
1296 3864 1513 3912 nostras
1560 3872 1592 3911 a
1651 3855 1951 3925 perditione

376 3948 561 4004 futura
588 3963 686 4019 per
704 3948 1075 4018 paenitentiam
1101 3948 1333 4005 liberare
1370 3946 1641 4010 nolumus,
1663 3960 1788 4004 curn
1815 3960 1951 4000 uxo-

379 4039 554 4107 ribus,
576 4039 679 4095 hoc
701 4048 803 4104 est,
828 4037 1280 4110 concupiscentiis
1301 4036 1611 4093 carnalibus
1635 4044 1689 4090 et
1722 4034 1865 4099 liliis,
1895 4033 1951 4089 id

377 4137 487 4195 est,
530 4128 713 4202 pravis
731 4128 940 4186 actibus
988 4129 1056 4184 ad
1082 4126 1380 4193 Chaldaeos,
1410 4126 1505 4197 qui
1526 4126 1952 4195 interpretantur

378 4222 654 4279 damones
680 4222 996 4287 educemur,
1017 4227 1075 4276 et
1117 4221 1173 4275 in
1217 4234 1385 4275 manu
1439 4219 1584 4290 regis
1621 4216 1953 4275 confusionis

378 4320 599 4368 atem
610 4311 778 4368 vincti
805 4311 1080 4368 trademur
1110 4310 1241 4382 :qui
1258 4310 1535 4367 (ivitutern
1563 4315 1826 4375 nostram,
1848 4308 1953 4364 hoc

378 4410 488 4469 est,
535 4417 755 4460 carnem
806 4401 971 4459 simul
1012 4399 1952 4474 etanimamignecomburetin—

382 4492 767 4565 exstinguibili.

912 4602 1139 4662 CAPUT
1174 4602 1416 4660 XXXIX.

384 4691 547 4764 Fugit
590 4693 836 4764 sedecies
864 4705 1016 4764 capta
1036 4695 1261 4758 ciuitate,
1295 4692 1692 4763 contpreltems
1725 4707 1953 4764 entrea-

456 4762 563 4818 tur.
604 4762 861 4820 Jeremias
912 4762 1145 4820 Godolic
1178 4780 1297 4819 cum
1341 4762 1549 4819 ciuitate
1592 4762 1952 4829 committitur,

456 4832 796 4889 Abdemeleclt
824 4834 1098 4888 liberatur.

462 4944 482 4977 ι
512 4925 580 4981 Et
604 4924 805 4980 factum
827 4932 932 4990 est,
954 4932 1014 4978 ut
1036 4930 1318 4994 caperetur
1337 4919 1634 4978 Jerusalem
1649 4936 1792 4976 anno
1812 4935 1956 4976 nono

392 5032 415 5067 ι
451 5012 691 5070 Sedeeia
717 5014 859 5086 regis
888 5011 1049 5079 Juda,
1091 5026 1276 5068 mense
1314 5011 1545 5078 decimo,
1595 5011 1743 5066 venit
1780 5008 1959 5066 Nabu—

393 5121 417 5157 ι
453 5105 796 5162 chodonosor
821 5118 915 5159 rex
932 5102 1247 5177 Babylonis,
1272 5111 1328 5159 et
1354 5102 1532 5158 omnis
1549 5101 1821 5158 exercitus
1843 5100 1958 5172 ejus

394 5211 416 5246 ι
449 5191 516 5247 ad
528 5191 845 5259 Jerusalem,
875 5201 934 5249 et
958 5192 1240 5250 obsidebat
1263 5206 1384 5248 eam
1412 5210 1426 5245 :
1457 5191 1753 5248 Undecimo
1778 5201 1959 5248 autem

392 5302 415 5337 ι
451 5298 593 5339 anno
640 5281 912 5348 Sedeciae,
946 5298 1133 5339 mense
1184 5289 1398 5354 quarto,
1432 5282 1620 5353 quinta
1641 5282 1726 5338 die
1757 5283 1960 5339 mensis

395 5388 417 5424 ι
447 5380 632 5444 aperta
650 5380 735 5428 est
757 5372 973 5439 civitas,
1006 5380 1062 5429 et
1082 5371 1312 5444 ingressi
1335 5379 1460 5427 sunt
1480 5386 1666 5427 omnes
1687 5372 1960 5443 principes

397 5481 416 5516 ι
450 5462 591 5533 regis
610 5462 923 5536 Babylonis,
946 5471 1002 5520 et
1037 5464 1290 5521 sederunt
1314 5462 1367 5517 in
1391 5470 1545 5534 porta
1568 5463 1765 5528 media,
1793 5462 1961 5519 Nere-

397 5569 420 5607 a
446 5553 550 5626 gel,
575 5554 815 5619 Sereser,
845 5553 1298 5626 Semergarnabu,
1322 5550 1654 5617 Sarsachim,
1679 5552 1969 5624 Babsares,

400 5663 419 5698 ι
456 5643 700 5720 Neregel,
723 5644 969 5711 Sereser,
989 5644 1252 5717 Rehmag,
1281 5651 1338 5699 et
1357 5658 1547 5699 omnes
1596 5643 1785 5713 reliqui
1825 5646 1970 5715 prin-

406 5752 423 5787 ι
454 5735 600 5805 clpes
621 5735 763 5807 regis
791 5733 1093 5805 Babylonis.
1124 5732 1365 5804 Cumque
1396 5732 1617 5788 vidisset
1662 5746 1756 5787 cos
1800 5730 1964 5789 Sede-

2051 3301 2420 3371 multiplieataa
2447 3308 2593 3355 sunt.
2619 3300 2684 3354 Et
2712 3297 3080 3369 congregastis
3101 3309 3269 3364 aquas
3291 3293 3510 3365 piscinae
3544 3293 3629 3345 in-

2049 3390 2265 3448 ferioris
2283 3397 2342 3445 et
2363 3387 2870 3461 domos'Jerusalem
2884 3388 3214 3442 numerastis
3240 3404 3255 3440 :
3281 3393 3337 3442 et
3362 3382 3634 3440 destruxi~

2048 3482 2149 3537 stis
2168 3481 2388 3536 domum
2407 3478 2477 3534 ad
2498 3478 2849 3533 muniendum
2876 3491 3111 3543 murum,
3135 3484 3190 3531 et
3210 3475 3391 3530 lacum
3428 3471 3635 3529 fecistis

2047 3572 2190 3629 inter
2209 3572 2346 3628 duos
2370 3586 2579 3637 muros,
2598 3578 2656 3625 et
2674 3585 2871 3642 aquam
2899 3569 3119 3641 piscina;
3147 3569 3365 3633 veteris,
3414 3575 3470 3624 et
3522 3582 3631 3622 non

2048 3662 2370 3733 suspexistis
2399 3661 2470 3717 ad
2499 3676 2624 3717 eum
2661 3660 2753 3730 qui
2775 3659 2979 3716 iecerat
2997 3674 3138 3724 eam,
3162 3667 3218 3713 et
3262 3657 3633 3729 operationem

2048 3758 2166 3830 eius
2187 3758 2254 3814 de
2274 3756 2434 3827 longe
2453 3770 2564 3811 non
2587 3754 2819 3810 vidistis.
2862 3754 2928 3808 Et
2947 3752 3158 3809 vocavit
3178 3751 3437 3807 Dominus
3471 3764 3633 3805 exer-

2048 3849 2253 3904 cituum
2271 3846 2327 3901 in
2347 3845 2436 3902 die
2454 3844 2546 3900 illa
2582 3844 2650 3900 ad
2674 3843 2860 3899 ﬂetum
2878 3851 2934 3898 et
2952 3842 3250 3912 planctum,
3273 3848 3331 3895 et
3350 3839 3629 3895 calvitium

2048 3936 2118 3991 ad
2140 3934 2415 4006 cingulum
2438 3932 2604 3989 sacci.
2627 3932 2694 3986 Et
2718 3945 2845 3987 ecce
2872 3930 3125 4000 gaudium
3150 3937 3205 3984 et
3238 3927 3444 3993 laetitia,
3479 3929 3630 3985 occi-

2051 4026 2180 4082 dere
2203 4024 2420 4088 vitulos,
2444 4031 2505 4079 et
2525 4022 2741 4086 arietes,
2766 4021 3053 4078 comedere
3091 4035 3307 4082 carnes.
3346 4029 3401 4077 et
3440 4021 3627 4077 bibere

2050 4115 2256 4180 vinum,
2302 4112 2652 4170 comedamus
2695 4120 2752 4167 et
2801 4111 3068 4177 bibamus,
3110 4124 3235 4165 cras
3254 4109 3399 4166 enim
3432 4109 3633 4165 morie-

2051 4221 2191 4263 mur.
2208 4204 2277 4260 Et
2294 4202 2530 4260 revelata
2541 4210 2629 4259 est
2648 4202 2701 4257 in
2723 4200 2945 4256 auribus
2964 4200 3101 4256 meis
3116 4215 3220 4256 vox
3232 4199 3447 4255 Domini
3466 4214 3628 4255 exer-

2051 4297 2255 4353 cituum
2279 4314 2295 4350 :
2316 4295 2363 4352 si
2390 4294 2679 4351 dimittitur
2705 4292 2822 4349 hac
2848 4291 3105 4362 iniquitas
3134 4290 3288 4347 vobis
3312 4291 3484 4347 donec
3519 4305 3635 4345 mo-

2053 4386 2297 4451 riamini,
2344 4384 2475 4441 dicit
2525 4383 2786 4440 Dominus
2836 4382 3172 4438 exercituum
3214 4381 3349 4454 (Ira.
3393 4382 3553 4450 χιιι).
3605 4401 3627 4435 ι

2057 4474 2328 4549 (Iliorum)
2358 4472 2638 4530 lanifeste
2665 4472 3034 4545 captivitatem
3062 4472 3347 4537 describit,
3374 4487 3494 4543 quae
3532 4488 3635 4526 un-

1975 4551 2030 4612 Ῑ)
2056 4564 2267 4619 decimo
2310 4578 2452 4619 anno
2493 4563 2639 4635 regis
2670 4561 2911 4620 Sedecize
2938 4560 3081 4616 facta
3105 4570 3218 4628 est;
3248 4561 3315 4617 de
3339 4577 3442 4632 qua
3467 4569 3522 4617 et
3546 4559 3635 4617 Je-

2054 4655 2254 4711 remias
2280 4653 2405 4708 alibi
2429 4653 2685 4723 loquitur.
2727 4671 2746 4704 ι
2788 4652 2928 4707 Ecce
2969 4667 3071 4723 ego
3097 4650 3406 4707 convocabo
3448 4666 3638 4707 omnes

2055 4742 2402 4815 cognationes
2450 4756 2739 4814 regnorum
2767 4741 3074 4812 Aquilonis,
3124 4741 3201 4796 ait
3242 4741 3500 4796 Dominus
3540 4748 3637 4795 :et

2055 4834 2293 4899 venient,
2342 4839 2399 4888 et
2444 4840 2608 4903 ponet
2648 4833 3020 4903 unusquisque
3060 4831 3251 4887 solium
3285 4846 3441 4887 suum
3467 4829 3520 4883 in
3550 4830 3637 4883 in-

2060 4927 2228 4983 troitu
2255 4935 2535 4998 portarum
2553 4923 2871 4990 Jerusalem,
2909 4940 3072 4995 super
3095 4938 3285 4979 omnes
3307 4934 3490 4977 muros
3518 4918 3638 4990 ejus

2063 5020 2118 5076 in
2137 5019 2386 5076 circuitu.
2424 5037 2444 5072 ι
2481 5017 2634 5085 Quod
2664 5032 2731 5073 ne
2756 5025 3008 5086 putemus
3040 5029 3174 5070 voce
3213 5010 3553 5082 praedictum,
3581 5016 3655 5063 et'

2063 5124 2229 5180 opere
2266 5124 2373 5163 non
2405 5107 2698 5176 expletum,
2732 5106 2874 5161 idem
2915 5103 3179 5159 Jeremias
3222 5099 3297 5154 ait
3328 5117 3342 5153 :
3385 5115 3405 5150 ι
3461 5096 3638 5154 Unde-

2065 5201 2205 5256 cimo
2225 5212 2367 5253 anno
2389 5196 2684 5261 Sedechize,
2702 5200 2886 5251 mense
2900 5203 3111 5264 quarto,
3126 5190 3314 5261 quinta
3329 5189 3416 5245 die
3436 5187 3639 5243 mensis

2064 5298 2248 5359 aperta
2275 5296 2362 5343 est
2402 5286 2615 5352 civitas,
2652 5295 2708 5342 et
2740 5284 2969 5355 ingressi
2996 5289 3120 5337 sunt
3157 5294 3345 5335 omnes
3371 5279 3639 5351 principes

2066 5377 2207 5448 regis
2234 5377 2539 5449 Babylonis,
2564 5386 2619 5434 et
2647 5377 2900 5434 sederunt
2939 5375 2991 5429 in
3016 5381 3169 5443 porta
3192 5372 3390 5427 media.
3431 5390 3449 5423 ι
3489 5369 3638 5427 Tunc

2063 5482 2192 5537 ergo
2237 5466 2293 5522 in
2339 5467 2563 5523 circuitu
2616 5466 2850 5521 civitatis
2886 5463 3184 5520 Jerusalem
3233 5459 3640 5516 innumerabilis

2069 5555 2224 5612 fusus
2247 5566 2329 5613 est
2355 5556 2644 5622 exercitus,
2671 5563 2726 5610 et
2753 5563 2938 5625 aperta
2968 5561 3094 5610 sunt
3118 5560 3302 5609 sancta
3333 5560 3640 5607 sanctorum

2067 5646 2643 5712 etarmamentarium,
2672 5647 2814 5716 quod
2842 5661 3061 5701 nemore
3080 5644 3345 5700 consitum
3374 5650 3513 5707 erat,
3539 5644 3641 5697 bo~

2065 5736 2177 5793 stili
2207 5736 2549 5809 populatione
2568 5732 2889 5807 reseratum,
2918 5743 2971 5792 et
2993 5750 3088 5807 per
3120 5743 3343 5792 cunctas
3364 5733 3642 5801 urbispar-
