3970 6190
362 379 496 437 1083

1018 377 1082 436 Β.
1128 376 1382 433 MBAN!
1419 374 1640 433 MAURI
1675 366 1992 428 ARGIIIEP.
2034 362 2341 424 MOGUNT.
2381 360 2667 422 ωεκυιι
2702 360 2881 419 PARS
2917 361 3007 417 ill.

3476 356 3633 413 l0“.

359 498 439 547 tes
468 488 654 546 divisis
674 489 847 544 muris
872 488 1045 544 hostis
1080 486 1358 559 ingressus
1400 495 1502 543 est.
1549 486 1707 555 Quod
1755 491 1935 539 autem
1966 484 2013 544 A
2047 500 2065 531 ι
2094 481 2264 551 phan,
2295 489 2356 532 ut
2374 478 2605 532 intraret
2627 477 2847 532 domum
2873 484 2931 531 et
2956 474 3229 530 habitaret
3256 475 3310 528 in
3339 475 3561 545 populo.
3592 493 3612 526 ι

356 583 522 640 dicit:
560 600 578 635 ι
613 580 679 637 Et
706 581 1076 653 congregastis
1102 596 1271 650 aquas
1298 580 1521 650 piscium
1557 577 1853 644 inferioris,
1879 585 1936 634 et

358 675 547 730 domos
573 670 870 730 Ierusalem
892 672 1241 736 numerastis,
1268 680 1324 726 et
1344 670 1690 725 destruxistis
1716 668 1935 724 domum

359 766 429 820 ad
449 765 794 820 muniendum
824 778 1060 829 murum,
1096 770 1149 818 et
1191 762 1367 817 lacum
1410 761 1615 817 fecistis
1636 761 1781 815 inter
1803 760 1938 814 duos

360 866 565 917 muros,
594 861 648 908 et
673 865 865 922 aquam
896 852 1115 921 piscium
1138 851 1360 915 veteris,
1382 858 1437 904 et
1479 865 1586 905 non
1618 848 1944 919 suspexistis

364 945 431 999 ad
460 959 606 1007 eum,
655 944 747 1013 qui
800 941 1003 997 fecerat
1044 957 1184 1007 eam,
1249 949 1304 995 et
1351 948 1688 1011 operatorem
1727 939 1845 1008 ejus
1874 940 1941 994 de

362 1034 517 1106 longe
544 1049 650 1088 non
672 1033 900 1088 vidistis.
938 1053 955 1083 ι
983 1031 1179 1087 Narrat
1201 1032 1468 1101 quomodo
1488 1031 1824 1086 obsidionem
1845 1046 1943 1100 pa-

361 1124 602 1180 raverint
636 1138 762 1193 erga
789 1122 1084 1185 civitatem,
1111 1128 1165 1176 et
1193 1137 1361 1190 aquas
1399 1119 1672 1176 inferioris
1700 1119 1938 1190 piscinae,

360 1234 484 1289 quae
504 1217 621 1288 capi
648 1224 892 1286 poterant
917 1215 981 1269 ad
1020 1215 1353 1283 superiorem
1377 1212 1732 1267 munitionem
1767 1226 1939 1281 aquae.

365 1308 741 1362 transtulerint
764 1305 1160 1373 destructisque
1196 1303 1444 1359 domibus
1491 1316 1675 1357 muros
1710 1301 1945 1357 :edillca-

366 1398 562 1461 verint,
590 1406 643 1451 et
666 1411 764 1466 per
800 1394 1038 1466 singulas
1071 1394 1409 1464 cognationis
1451 1393 1642 1447 domus
1681 1399 1944 1461 quantum

368 1488 630 1543 haberent
669 1487 995 1558 acceperint,
1029 1485 1308 1554 denuoque
1330 1486 1621 1539 cisternam
1650 1485 1791 1540 inter
1811 1485 1947 1540 duos

370 1596 555 1635 muros
591 1587 646 1634 et
683 1580 942 1650 piscinam
976 1588 1217 1634 veterem
1256 1577 1608 1632 instaurarint
1631 1577 1698 1631 ad
1725 1591 1946 1632 servan-

370 1671 466 1726 das
500 1686 691 1741 aquas,
727 1678 783 1726 et
818 1685 924 1725 non
962 1670 1134 1740 magis
1171 1668 1264 1723 Dei
1312 1668 1627 1723 invocarent
1662 1666 1942 1733 auxilium,

370 1763 461 1832 qui
504 1761 753 1818 conditor
796 1770 879 1815 est
924 1760 1074 1815 urbis
1109 1760 1434 1829 piscinaque
1463 1756 1760 1813 Dominus:
1789 1757 1944 1827 quasi

2036 569 2222 626 Iustus
2244 577 2331 626 est
2350 570 2685 625 Dominuset
2709 576 2917 622 rectum
2931 565 3197 637 iudicium
3214 566 3353 636 eius,
3378 567 3473 635 qui
3499 567 3621 621 red-

2038 662 2116 716 dit
2156 659 2385 731 singulis
2423 658 2719 714 secundum
2739 672 2904 727 Opera
2949 670 3164 710 comm.
3197 654 3443 723 Denique
3482 655 3624 710 sicut

2038 766 2137 821 per
2164 751 2442 807 ministros
2468 747 2663 820 ﬂagelli
2693 746 2940 816 superbis
2963 753 3020 800 et
3037 744 3503 815 contemptoribus
3532 744 3619 799 di-

2039 859 2175 914 gnas
2215 843 2421 915 irrogat
2446 854 2654 913 poenas,
2688 841 2768 895 sic
2788 839 3088 895 mansuetis
3143 846 3201 893 et
3238 837 3643 893 obedientibus

2041 948 2138 1005 per
2164 934 2381 989 eosdem
2419 929 2782 986 miserationis
2825 935 2878 982 et
2917 927 3089 982 solatii
3122 928 3334 982 debitas
3360 926 3629 997 impendit

2040 1038 2219 1079 curas.
2252 1021 2406 1089 Quod
2432 1029 2488 1075 et
2512 1034 2656 1075 nunc
2681 1017 3009 1089 patefactum
3038 1026 3124 1072 est
3159 1018 3212 1071 in
3248 1016 3473 1073 Sedecia
3495 1031 3623 1084 rege

2042 1119 2098 1168 et
2123 1109 2357 1166 Ieremia
2377 1109 2663 1179 propheta,
2688 1122 2786 1178 per
2811 1106 3310 1161 Nabuchodonosor
3335 1105 3477 1174 regis
3502 1120 3628 1159 seu-

2045 1203 2288 1258 tentiam.
2321 1200 2431 1255 Nec
2467 1199 2684 1263 mirum,
2715 1199 2858 1268 quod
2885 1213 2953 1252 ex
2984 1197 3179 1253 iisdem
3205 1196 3513 1251 hominibus
3540 1195 3625 1249 di-

2043 1308 2199 1348 versa
2222 1291 2449 1361 singulis
2489 1289 2725 1357 disponit
2768 1288 3010 1358 pnemia,
3041 1289 3131 1357 qui
3163 1304 3231 1343 ex
3277 1288 3467 1343 iisdem
3512 1286 3628 1341 cleo

2046 1384 2243 1440 mentis
2264 1397 2365 1454 pro
2410 1381 2726 1436 meritomm
2754 1380 3016 1450 qualitate
3052 1378 3241 1435 electis
3281 1387 3339 1433 et
3385 1378 3629 1448 reprobis

2045 1477 2257 1532 diversa
2301 1476 2562 1545 impendit
2596 1478 3077 1533 remunerationes.
3115 1477 3249 1532 Nam
3282 1492 3419 1547 aqua
3465 1476 3631 1530 maris

2046 1566 2235 1631 Rubri,
2271 1581 2390 1634 quae
2418 1565 2654 1622 cultores
2687 1568 2779 1623 Dei
2813 1568 3007 1623 illresos
3051 1570 3301 1624 servabat
3334 1566 3627 1629 lsraelitas,

2044 1657 2232 1712 eadem
2263 1657 2531 1712 interfecit
2582 1656 2866 1729 Egyptios
2900 1659 3212 1714 idololatras
3238 1658 3439 1729 (Exod.
3473 1656 3627 1727 xlv);

2044 1748 2292 1804 similiter
2328 1749 2545 1803 ﬂamma
2581 1748 2781 1803 camini
2822 1748 2916 1819 qui
2966 1750 3107 1821 regis
3156 1747 3446 1820 Babylonis
3473 1747 3631 1817 juxta

370 1851 492 1907 aliis
525 1852 705 1908 verbis
749 1851 945 1907 dixerit
975 1865 989 1904 :
1022 1849 1299 1904 Fiduciam
1342 1847 1605 1902 habuistis
1646 1847 1699 1900 in
1728 1844 1947 1901 homine
1974 1860 2021 1918 Β
2050 1841 2322 1896 fornacem
2359 1852 2571 1896 atroces
2617 1840 2889 1896 interlbcit
2941 1842 3241 1905 ministros,
3283 1840 3477 1894 eadem
3510 1838 3633 1893 lau-

373 1951 430 1999 et
451 1958 553 1998 non
582 1942 635 1995 iu
663 1942 788 2005 Deo,
818 1941 907 2010 qui
950 1939 1123 1993 factor
1146 1944 1229 1992 est
1256 1936 1491 1991 hominis
1522 1953 1536 1990 :
1574 1953 1592 1987 ι
1624 1935 1692 1990 Et
1714 1935 1946 2000 vocavit,

375 2033 569 2105 inquit,
598 2032 859 2087 Dominus
883 2030 1025 2084 Deus
1063 2026 1397 2083 exercituum
1426 2027 1481 2081 in
1521 2027 1608 2082 die
1631 2025 1721 2080 illa
1759 2024 1826 2080 ad
1855 2024 1952 2079 lie-

376 2138 512 2191 tum,
564 2132 619 2181 ct
659 2123 954 2195 planctum,
985 2129 1041 2176 et
1069 2120 1342 2175 calvitium
1370 2119 1436 2174 ad
1462 2117 1734 2188 cingulum
1783 2116 1947 2181 sacci,

374 2227 429 2272 ct
456 2230 582 2273 ecce
605 2216 855 2286 gaudium
883 2222 940 2270 et
963 2214 1147 2268 laetitia
1173 2211 1425 2268 occidere
1448 2210 1665 2276 vitulos,
1701 2214 1757 2264 et
1791 2210 1953 2280 jugu-

374 2307 487 2364 lare
512 2308 735 2374 arietes,
759 2306 1041 2361 comedere
1073 2319 1287 2368 carnes,
1313 2309 1369 2358 ct
1391 2302 1579 2357 bibere
1605 2301 1786 2355 vinum
1815 2318 1829 2354 :
1862 2314 1952 2355 co-

376 2397 653 2453 medamus
682 2405 737 2452 et
764 2395 1032 2457 bibamus,
1063 2409 1186 2449 cras
1204 2394 1347 2448 enim
1374 2391 1689 2447 moriemur.
1712 2390 1781 2444 Et
1800 2404 1954 2445 reve-

376 2487 485 2543 lata
499 2498 583 2543 est
596 2488 648 2542 in
667 2485 887 2541 auribus
908 2486 1044 2540 meis
1061 2500 1163 2539 vox
1188 2483 1395 2538 Domini
1417 2482 1775 2545 exercituum,
1798 2482 1843 2536 si
1867 2482 1953 2535 di-

379 2577 610 2633 mittitur
635 2577 751 2631 harc
777 2575 1032 2643 iniquitas
1072 2575 1248 2638 vobis,
1273 2574 1441 2628 donec
1468 2566 1795 2636 moriamini,
1824 2573 1953 2628 dicit

382 2666 639 2723 Dominus
666 2666 809 2721 Deus
839 2666 1230 2720 exercituum.»
1266 2663 1589 2732 Captivitate
1616 2671 1881 2732 praesente
1898 2669 1956 2717 et

379 2758 600 2813 obsessa
618 2754 941 2821 Jerusalem,
965 2755 1196 2825 quicum
1228 2753 1449 2813 ferrum.
1474 2753 1663 2817 fames,
1693 2754 1830 2816 sitis,
1856 2768 1952 2806 nr-

382 2854 531 2919 geret
558 2846 765 2910 urbem,
796 2843 1028 2900 Ieremia
1074 2844 1141 2898 ad
1181 2844 1553 2915 paenitentiam
1601 2841 1949 2912 provocabat,

379 2944 432 2991 et
469 2936 776 2991 econtrario
828 2950 980 3005 reges
1010 2950 1073 2989 ac
1099 2934 1371 3004 principes
1409 2941 1465 2987 et
1491 2932 1681 3004 vulgus
1726 2932 1953 2987 miserm

376 3024 507 3090 bile,
539 3025 909 3095 desperatione
952 3025 1312 3096 pereuntium,
1353 3039 1413 3079 se
1456 3023 1705 3079 tradebat
1755 3022 1953 3093 epulis.

380 3112 523 3169 Nihil
549 3120 728 3169 autem
754 3114 835 3169 sic
861 3113 1085 3170 offundit
1126 3115 1314 3178 Deum,
1362 3129 1524 3184 quam
1568 3120 1691 3183 post
1733 3120 1955 3182 peomta

375 3215 560 3262 erecta
588 3206 794 3271 cervix,
822 3215 877 3261 et
905 3222 971 3261 ex
1000 3208 1374 3276 desperatione
1402 3214 1764 3275 contemptus.
1800 3204 1953 3260 Unde
1981 3222 2028 3285 ρ

378 3305 434 3353 et
459 3312 558 3367 per
578 3297 744 3353 Amos
772 3296 1009 3366 loquitur
1034 3316 1047 3351 :
1094 3318 1111 3348 ι
1142 3297 1319 3368 Super
1348 3307 1458 3352 tres
1486 3306 1542 3351 et
1578 3305 1811 3367 quatuor
1848 3294 1953 3352 im-

379 3387 610 3456 pietates
631 3401 738 3441 non
763 3386 1092 3441 adversabor
1118 3401 1241 3445 eum
1270 3400 1288 3439 :
1311 3386 1452 3456 quod
1473 3394 1531 3440 et
1555 3385 1871 3458 cogitaverit
1899 3393 1957 3441 et
1980 3430 1991 3437 .

378 3480 590 3545 fecerit,
617 3487 672 3533 et
693 3494 797 3534 non
819 3480 990 3550 egerit
1021 3479 1417 3551 pmnitentiam,
1442 3480 1662 3550 insuper
1682 3484 1737 3533 et
1762 3479 1956 3534 docue-

383 3571 455 3624 rit
499 3567 701 3624 malum
748 3569 928 3639 (Amos
969 3569 1052 3641 ιι).
1084 3589 1103 3622 ι
1134 3570 1288 3628 Unde
1311 3578 1367 3626 et
1394 3584 1539 3627 nunc
1567 3571 1803 3626 dicitur:
1841 3590 1860 3622 σ
1897 3569 1955 3625 Si

383 3659 685 3714 dimittetur
705 3660 822 3714 haec
854 3658 1110 3731 iniquitas
1133 3662 1286 3716 vobis
1308 3661 1481 3717 donec
1502 3662 1829 3716 moriemini.
1860 3680 1894 3721 ι,

458 3769 477 3803 ι
504 3748 841 3821 Prmceperat
857 3760 1035 3807 autem
1061 3751 1556 3809 Nabuchodonosor
1568 3767 1659 3808 rex
1672 3752 1960 3824 Babylonis

390 3858 408 3891 ι
438 3839 505 3895 de
533 3838 764 3896 Ieremia
797 3840 1152 3897 Nabuzardan
1185 3844 1444 3915 magistro
1466 3843 1688 3906 militiae,
1731 3845 1954 3900 dicens:

389 3948 407 3982 ι
436 3929 584 3985 Tolle
601 3930 767 3995 illum,
794 3939 850 3986 et
876 3946 1016 4003 pone
1041 3948 1203 4004 super
1226 3948 1346 3988 eum
1369 3934 1553 3989 oculos
1568 3942 1706 3998 tuos,
1721 3934 1961 4005 nihilque

390 4037 409 4071 ι
442 4020 491 4074 ei
518 4018 643 4075 mali
669 4020 858 4087 facias,
888 4023 983 4078 sed
1006 4032 1065 4077 ut
1092 4023 1342 4089 voluerit,
1374 4025 1453 4079 sic
1492 4023 1657 4079 facies
1703 4024 1774 4080 ei.
1818 4023 1961 4079 Misit

390 4128 410 4163 ι
444 4126 574 4181 ergo
634 4109 990 4167 Nabuzardan
1039 4114 1297 4184 magister
1354 4113 1598 4178 mililite,
1667 4121 1722 4167 et
1776 4111 1959 4167 Nabu-

390 4219 411 4254 ‹
445 4202 675 4269 sezban,
719 4210 774 4258 et
812 4201 1082 4258 Rabsares
1103 4245 1117 4269 ,
1172 4212 1226 4258 et
1262 4203 1509 4275 Neregel,
1544 4211 1600 4258 et
1629 4202 1876 4269 Sereser,
1905 4211 1958 4258 et

387 4306 411 4344 ‹
442 4290 705 4364 Rebmag,
740 4302 795 4350 et
816 4309 1002 4349 omnes
1022 4294 1307 4364 optimates
1329 4295 1471 4364 regis
1499 4294 1807 4366 Babylonis,
1853 4296 1957 4351 mi-

386 4402 411 4435 ‹
445 4395 634 4441 serunt
656 4394 711 4441 et
748 4387 983 4441 tulerunt
1007 4385 1293 4440 Ieremiam
1322 4386 1388 4440 de
1410 4386 1675 4441 vestibulo
1699 4389 1954 4454 carceris,

2047 1932 2239 1986 dantes
2261 1939 2317 1986 et
2346 1932 2724 1987 benedicentes
2754 1930 3042 1987 Dominum
3085 1933 3137 1987 in
3165 1931 3346 1987 medio
3376 1931 3517 2002 ignis
3546 1931 3631 1985 in-

2050 2032 2309 2080 nocentes
2330 2024 2672 2079 conservavit
2719 2039 2916 2096 pueros
2937 2025 3100 2096 (Dan.
3130 2023 3234 2097 ιιι).
3262 2022 3417 2080 Unde
3445 2025 3528 2077 vir
3548 2038 3635 2077 sa-

2048 2114 2203 2183 piens
2241 2114 2295 2168 in
2321 2113 2569 2168 laudibus
2603 2113 2695 2169 Dei
2728 2116 2842 2170 ait:
2877 2131 2895 2167 ι
2935 2115 3195 2170 Creatura
3223 2114 3372 2170 enim
3412 2114 3509 2169 tibi
3556 2112 3636 2167 fa-

2049 2204 2188 2259 ctori
2215 2204 2528 2260 deserviens
2559 2206 2908 2260 excandescit
2932 2206 2984 2259 in
3015 2213 3343 2260 tormentum
3373 2198 3635 2259 adversus

2050 2293 2303 2364 iniustos,
2325 2301 2380 2349 et
2408 2294 2582 2350 lenior
2608 2296 2670 2349 ﬁt
2699 2295 2766 2350 ad
2796 2294 3236 2351 benefaciendum
3279 2310 3381 2365 pro
3426 2294 3513 2349 his
3540 2296 3634 2365 qui

2052 2384 2105 2438 in
2141 2392 2193 2438 te
2214 2382 2491 2440 conﬁdunt
2508 2382 2660 2456 (Sep.
2688 2383 2823 2455 xvr).
2865 2404 2883 2437 ι
2916 2386 3030 2441 Hoc
3056 2386 3198 2441 idem
3221 2393 3279 2440 et
3306 2385 3363 2440 in
3399 2400 3630 2455 sequen-

2052 2472 2200 2529 tibus
2222 2474 2640 2537 demonstratur,
2670 2490 2795 2530 cum
2823 2474 3041 2530 dicitur.

2129 2583 2147 2615 ι
2182 2564 2264 2619 Ad
2291 2563 2582 2621 Ieremiam
2619 2574 2802 2622 autem
2829 2565 3005 2622 factus
3023 2566 3199 2622 fuerat
3218 2580 3402 2621 sermo
3421 2567 3633 2621 Domini

2059 2672 2080 2705 ι
2113 2668 2235 2709 cum
2279 2654 2497 2710 clausus
2538 2663 2682 2710 esset
2717 2655 2771 2710 in
2799 2656 3065 2711 vestibulo
3092 2656 3351 2723 carceris,
3398 2656 3589 2712 dicens
3617 2675 3632 2711 :

2060 2763 2079 2796 ι
2103 2745 2249 2801 Vade
2273 2755 2329 2802 et
2350 2746 2442 2803 dic
2463 2746 2822 2805 Abdemelech
2836 2748 3096 2821 Ethiopi,
3121 2751 3309 2806 dicens
3330 2770 3344 2805 :
3363 2749 3492 2806 Haec
3505 2750 3636 2806 dicit

2061 2853 2079 2887 ι
2104 2836 2363 2892 Dominus
2382 2839 2720 2894 exercituum
2746 2840 2889 2896 Deus
2908 2841 3071 2897 lsrael
3088 2861 3100 2895 :
3118 2843 3262 2898 Ecce
3273 2843 3636 2914 egoinducam

2061 2947 2080 2980 ι
2120 2942 2400 2986 sermones
2430 2945 2582 2987 meos
2606 2947 2772 3003 super
2799 2935 3075 2992 civitatem
3104 2937 3244 2991 hanc
3278 2939 3334 2992 in
3355 2938 3557 2993 malum
3584 2947 3635 2993 et

2030 3052 2035 3056 »
2062 3040 2082 3074 ι
2102 3037 2209 3077 non
2243 3023 2295 3078 in
2323 3024 2547 3090 bonum,
2575 3035 2629 3082 et
2651 3028 2880 3083 eruntin
2896 3041 3189 3101 conspectu
3206 3041 3302 3087 tuo
3326 3034 3381 3089 ln
3411 3034 3500 3089 die
3526 3034 3635 3100 illa,

2064 3130 2085 3164 ε
2111 3120 2165 3166 et
2185 3112 2431 3169 liberabo
2444 3123 2496 3170 te
2510 3116 2563 3170 in
2579 3116 2666 3172 die
2686 3117 2797 3184 illa,
2825 3119 2959 3175 dicit
2986 3120 3269 3187 Dominus,
3299 3132 3355 3177 et
3392 3138 3499 3179 non
3529 3133 3637 3179 tra-

2063 3221 2082 3253 ι
2117 3203 2261 3260 deris
2288 3205 2343 3259 in
2368 3220 2559 3262 manus
2603 3208 2865 3274 virorum,
2896 3226 3035 3282 quos
3082 3219 3140 3266 tu
3200 3213 3479 3276 formidas,
3532 3214 3626 3270 sed

2064 3309 2085 3345 ι
2116 3308 2312 3350 eruens
2364 3296 2605 3352 liberabo
2644 3306 2717 3364 te,
2752 3307 2808 3355 et
2848 3301 3027 3373 gladio
3062 3316 3173 3358 non
3210 3304 3397 3369 cades,
3421 3305 3639 3360 sederit

2065 3403 2085 3436 ι
2120 3384 2218 3439 tibi
2245 3387 2427 3440 anima
2458 3394 2549 3441 tua
2576 3388 2632 3442 in
2657 3390 2909 3453 salutem,
2938 3393 3065 3462 quia
3096 3392 3149 3446 in
3176 3407 3264 3447 me
3304 3393 3547 3448 habuisti
3580 3390 3637 3448 li-

2066 3491 2087 3525 c
2126 3473 2357 3537 duciam,
2386 3478 2463 3531 ait
2484 3476 2762 3535 Dominus.
2798 3500 2818 3532 ι
2844 3478 3137 3553 (Manlius)
3182 3481 3388 3537 Omnes
3410 3484 3503 3553 qni
3524 3495 3638 3553 spe-

2061 3576 2185 3623 rant
2209 3568 2262 3623 in
2300 3567 2529 3624 Domino
2562 3584 2669 3625 non
2704 3571 3105 3628 confundantur
3128 3592 3149 3629 :
3186 3593 3206 3627 c
3243 3574 3642 3630 confundantur

2061 3667 2242 3714 autem
2293 3659 2461 3729 iniqui
2514 3660 2774 3718 facientes
2821 3674 2959 3719 Vana
2997 3664 3170 3736 (Paul.
3211 3665 3348 3734 ml)
3382 3682 3398 3718 τ
3432 3684 3453 3717 ι
3506 3665 3643 3719 Ecce

2062 3752 2361 3821 principes,
2386 3752 2477 3821 qui
2523 3750 2813 3808 Ieremiam
2865 3736 3245 3826 expetiverunt
3286 3755 3355 3809 ad
3409 3754 3644 3809 careeris

2062 3856 2317 3913 pinnam:
2355 3843 2659 3900 Chaidaice
2678 3847 3005 3915 captivitatis
3036 3846 3277 3917 perpessi
3311 3856 3441 3900 sunt
3473 3846 3638 3899 vindi-

2066 3943 2229 3991 ctam.
2261 3934 2362 3990 llic
2400 3943 2583 3991 autem
2626 3938 2925 4002 eunuchus,
2954 3939 3051 4009 qui
3080 3938 3400 4008 prophetam
3448 3936 3635 3990 liberat

2066 4024 2133 4080 de
2158 4038 2396 4090 carcere,
2428 4027 2656 4082 Domino
2681 4039 3062 4083 renulnerante
3078 4027 3318 4099 perfecta
3341 4028 3545 4097 potitus
3562 4034 3644 4080 est

2066 4116 2334 4173 libertate.
2380 4117 2439 4173 Si
2484 4127 2663 4175 autem
2704 4118 3035 4191 allegoriam,
3073 4130 3238 4191 quam
3267 4132 3429 4190 supra
3456 4118 3642 4189 posui-

2065 4220 2188 4263 mus
2224 4208 2293 4263 de
2330 4209 2437 4264 hoc
2462 4211 2712 4265 eunucho
2752 4211 3005 4280 £thiope
3035 4211 3361 4281 respexeris,
3395 4210 3639 4265 eamdem

2064 4298 2512 4369 signiﬁcationem
2539 4300 2768 4366 invenis,
2796 4303 2922 4372 quia
2943 4302 3188 4357 liberatis
3213 4301 3416 4357 sanctis
3443 4299 3640 4372 praedi-

2064 4390 2342 4444 catoribus
2379 4405 2408 4444 a
2436 4392 2736 4459 perditione
2774 4385 2975 4460 futura,
3018 4400 3400 4463 persecutores
3450 4404 3638 4446 eorum

391 4491 413 4525 ‹
444 4483 500 4529 et
540 4475 879 4531 tradiderunt
904 4484 1026 4530 eum
1067 4474 1304 4531 Godoliie
1341 4474 1450 4532 tilio
1488 4476 1715 4531 Abieam
1742 4476 1831 4531 lilii
1856 4475 1956 4533 Sa-
1985 4468 2037 4528 Ι)
2065 4478 2266 4534 ultione
2297 4480 2550 4535 iuterient
2579 4491 2856 4552 perpetua.

1304 4722 1600 4798 LIBER
1657 4722 2112 4800 DECIMUS
2168 4723 2315 4817 QU
2336 4727 2690 4803 ARTUS.

1846 4885 2267 4899 ’Ἥ

458 4967 740 5037 Descripta
771 4965 1069 5021 vastatione
1099 4966 1268 5029 urbis,
1298 4972 1351 5019 et
1387 4964 1629 5028 interitu,
1679 4970 1964 5034 atquecu-

388 5064 635 5137 ptivitate
658 5059 837 5132 p0puli
860 5056 1068 5114 Iudaici
1098 5074 1219 5114 cum
1244 5056 1450 5128 perﬁdo
1487 5071 1634 5128 rege,
1675 5052 1787 5125 jam
1822 5071 1966 5110 nunc

389 5167 618 5209 narrare
642 5150 962 5220 incipiamus
982 5148 1108 5219 quid
1134 5147 1200 5202 de
1225 5144 1459 5203 Ieremia
1488 5146 1688 5202 factum
1712 5145 1804 5209 sit,
1822 5154 1874 5199 et
1900 5143 1967 5197 de

393 5243 635 5313 reliquiis
664 5241 866 5312 p0puli,
887 5248 942 5295 et
966 5239 1233 5309 quomodo
1252 5239 1390 5293 idem
1416 5236 1681 5308 propheta
1711 5233 1967 5305 parvissi-

394 5348 537 5389 inam
561 5332 860 5402 portionem
889 5330 1089 5385 relictae
1114 5329 1284 5400 plebis
1323 5344 1389 5382 ex
1411 5328 1574 5383 verbo
1617 5324 1833 5382 Domini
1873 5324 1965 5377 ad-

395 5425 684 5485 monuerit,
717 5431 777 5478 ut
804 5423 1055 5478 sederent
1080 5422 1255 5477 securi
1302 5422 1352 5476 in
1381 5429 1526 5476 terra
1571 5434 1687 5484 sua,
1720 5428 1773 5474 et
1804 5416 1968 5474 servi-

395 5522 518 5572 rent
544 5515 653 5586 regi
694 5512 1007 5583 Babylonis;
1037 5513 1137 5581 ipsi
1163 5527 1291 5568 vero
1322 5520 1729 5567 contemnentes
1770 5524 1971 5580 przeee-

396 5616 549 5680 ptum
594 5604 711 5668 Dei.
758 5604 938 5674 potius
993 5603 1270 5672 elegerunt
1306 5600 1541 5673 migrare
1567 5601 1620 5655 in
1653 5596 1964 5670 Egyptum,

402 5700 491 5753 ubi
519 5696 858 5765 postmodum
891 5709 984 5749 eos
1009 5694 1499 5751 Nabuchodonosor
1539 5692 1816 5763 reperiens
1855 5698 1965 5743 tru-

405 5784 622 5847 vitiavit,
667 5781 934 5849 simulque
980 5793 1176 5837 terram
1214 5785 1425 5854 A‘Zgypti
1457 5784 1701 5838 vastavit.
1734 5781 1886 5845 Quod
1914 5786 1969 5833 et

2067 4980 2305 5034 prmseus
2317 4969 2576 5038 propheta
2602 4968 2765 5025 etiam
2789 4985 2894 5025 nou
2918 4969 3103 5033 tacuit,
3118 4968 3211 5023 sed
3242 4965 3433 5021 salutis
3453 4963 3643 5021 lucida:

2068 5056 2305 5112 futurum
2334 5058 2413 5113 eis
2433 5066 2559 5114 ante
2590 5059 2862 5129 praedixit.

2654 5146 2880 5204 CAPUT
2926 5146 3038 5202 XL.

2071 5238 2346 5294 Liberatur
2389 5239 2667 5310 Ieremius,
2703 5240 2935 5310 prodicit
2961 5239 3219 5310 Jouunan
3241 5236 3477 5310 Godoliw
3508 5249 3643 5291 mor-

2410 5318 2511 5363 tem
2551 5309 2614 5362 ab
2639 5307 2853 5374 Isinacl,
2878 5325 2995 5380 qua:
3017 5309 3065 5361 ei
3108 5307 3319 5361 accidit.

2146 5426 2165 5459 ι
2197 5405 2388 5461 Sermo
2435 5404 2525 5476 qui
2579 5403 2751 5460 factus
2791 5415 2872 5459 est
2913 5404 2979 5458 ad
3020 5401 3310 5457 Ieremiam
3340 5419 3371 5457 a
3398 5400 3639 5460 Domino,

2075 5520 2094 5552 ι
2124 5508 2405 5572 postquam
2434 5498 2687 5553 dimissus
2709 5507 2791 5553 est
2804 5488 2843 5550 ’τι
2866 5496 3220 5550 Nabuzardan
3255 5494 3511 5568 magistro
3551 5492 3643 5547 mi-

2075 5610 2093 5643 ι
2129 5590 2257 5647 litim
2285 5592 2350 5646 de
2379 5590 2572 5656 Rama,
2601 5588 2815 5661 quando
2846 5587 2967 5641 tulit
3006 5604 3128 5641 eum
3174 5587 3412 5641 vinclum
3443 5596 3643 5641 catenis

2078 5702 2095 5732 α
2135 5683 2187 5736 in
2233 5681 2409 5737 medio
2435 5681 2673 5737 omnium
2702 5679 2790 5750 qui
2824 5676 3127 5746 migrabant
3157 5678 3220 5733 de
3245 5676 3544 5733 Ierusalem
3589 5684 3643 5729 et

2080 5794 2097 5826 ι
2129 5773 2286 5841 Iuda,
2344 5781 2398 5827 et
2453 5772 2783 5827 ducebantur
2816 5771 2865 5825 in
2892 5768 3233 5840 Babylonem.
3263 5766 3477 5823 Tullcus
3515 5780 3639 5835 ergo
