3970 6190
327 394 467 451 1085
1211 398 1570 457 ΕΧΡΟΒΙΊΊΟ
1609 399 1834 456 SUPER
1867 398 1895 453 J

2005 395 2237 452 EMIAM.
2277 426 2345 435 ——
2381 394 2507 450 LIB.
2550 395 2688 450 XIV.
3440 403 3573 459 £086

324 527 346 559 ι
385 507 638 578 princeps
677 504 883 563 militi'e
907 507 1220 574 Joremiam,
1249 513 1384 566 dixit
1417 513 1483 567 ad
1520 527 1642 566 eum
1669 529 1682 564 :
1711 511 1894 567 Domi-
1922 525 1970 582 Α
2003 529 2022 561 ι
2059 508 2325 578 Maspbat,
2355 515 2412 562 et
2436 507 2767 578 collegerunt
2793 509 2976 564 vinum
3003 520 3062 566 et
3084 526 3312 568 messem
3353 516 3570 572 inultam

324 620 350 655 ι
383 617 488 657 nus
517 601 656 657 Deus
680 610 806 657 tuus
827 603 1039 660 loeutus
1071 613 1154 660 est
1186 606 1384 660 malum
1413 606 1516 660 hoc
1539 621 1699 674 super
1719 605 1895 660 locum
2011 619 2029 652 ι
2067 600 2249 654 nimis.
2287 619 2305 651 ι
2336 599 2702 654 Miserationes
2751 601 2964 656 Domini
3015 603 3197 658 multae
3233 615 3359 660 sunt
3390 609 3572 676 nimis,

323 709 350 745 ι
380 692 567 755 istum,
594 700 650 747 et
682 693 907 749 adduxit
934 737 948 760 ,
979 705 1036 750 et
1057 695 1184 752 fecit
1211 698 1470 753 Dominus
1513 698 1656 752 sicut
1688 697 1896 752 locutus
2001 699 2058 746 et
2079 690 2280 761 judicia
2313 689 2430 758 ejus
2455 690 2681 760 abyssus
2711 690 2897 756 multa,
2943 692 3034 761 qui
3081 693 3222 748 sicut
3262 707 3574 764 peccatores

323 800 350 836 ι
375 791 483 850 est,
509 783 634 854 quia
661 786 926 855 peccastis
958 787 1205 853 Domino,
1229 798 1284 842 et
1306 803 1412 842 non
1443 787 1670 842 audistis
1710 803 1891 842 vocem

2002 791 2058 837 et
2077 781 2520 852 prtevarieatores
2550 781 2682 851 legis
2701 797 2810 836 sua:
2824 781 2968 850 juste
2992 783 3272 852 corripuit,
3298 787 3368 839 ita
3390 787 3563 842 humi-

326 890 351 924 ι
387 871 528 940 ejus,
551 880 606 927 et
631 871 804 926 factus
839 882 923 928 est
951 875 1100 930 vobis
1121 892 1298 932 sermo
1323 878 1430 932 hic.
1458 875 1609 931 Nunc
1627 893 1755 948 ergo
1772 893 1897 933 ecce
2003 874 2143 928 libus
2167 881 2222 928 et
2255 872 2626 928 obedientibus
2665 872 2766 926 sibi
2815 873 3237 929 misericorditer
3268 876 3444 931 solatii
3488 879 3572 933 sui

328 981 350 1014 ι
383 963 522 1018 solvi
551 971 603 1017 te
615 964 773 1018 hodie
785 963 850 1018 de
871 966 1100 1031 catenis,
1123 983 1240 1036 qua:
1261 977 1386 1023 sunt
1407 969 1458 1022 in
1481 969 1726 1024 manibus
1759 970 1892 1024 tuis:
2001 979 2159 1034 opem
2187 963 2430 1018 contulit.
2459 961 2564 1018 Per
2591 963 2737 1030 ipsos
2765 964 2906 1017 enim
2938 965 3141 1030 hostes,
3171 981 3268 1035 per
3300 982 3436 1035 quos
3461 982 3572 1038 per-

327 1071 350 1104 c
384 1054 431 1109 si
453 1054 627 1124 placet
647 1054 762 1119 tibi,
793 1062 852 1108 ut
875 1057 1056 1110 venias
1094 1073 1301 1113 mecum
1328 1059 1381 1113 in
1401 1059 1748 1129 Babylonem,
1775 1060 1896 1115 veni
2004 1053 2168 1108 ﬁdum
2192 1069 2370 1124 regem
2397 1061 2452 1106 et
2478 1052 2704 1107 rebelles
2753 1053 3029 1132 ministros
3070 1053 3184 1122 ejus
3218 1057 3446 1124 punivit,
3478 1073 3576 1127 per

329 1164 349 1197 ι
375 1153 432 1199 et
450 1161 644 1216 ponam
672 1145 858 1201 oculos
883 1162 1032 1202 meos
1069 1163 1230 1217 super
1256 1157 1328 1203 te.
1363 1147 1421 1204 Si
1451 1157 1629 1204 autem
1652 1150 1898 1219 displicet
2004 1143 2104 1197 hos
2127 1142 2290 1196 etiam
2335 1142 2577 1211 reliquiis
2609 1142 2792 1212 populi
2829 1144 2908 1197 sui
2935 1146 3269 1214 provisorem
3296 1147 3572 1204 Godoliam

334 1251 352 1286 ι
383 1236 482 1290 tibi
507 1236 912 1290 veniremecum
939 1237 990 1292 in
1013 1237 1551 1308 Babylonem,reside
1579 1256 1592 1291 :
1619 1240 1756 1294 Ecce
1781 1255 1898 1294 om-
2004 1233 2298 1298 constituit,
2344 1242 2404 1288 ut
2446 1233 2562 1301 ejus
2595 1233 2879 1302 prudentia
2933 1245 3092 1291 terra:
3143 1239 3317 1294 cultus
3368 1241 3573 1295 utiliter

332 1343 350 1376 ι
385 1327 471 1380 nis
502 1335 640 1381 terra
669 1326 721 1379 in
760 1339 1051 1395 conspectu
1098 1336 1190 1382 tuo
1237 1339 1342 1395 est,
1395 1329 1536 1398 quod
1583 1329 1808 1400 elegeris
1845 1337 1901 1383 et
2003 1331 2300 1386 exerceret,
2331 1330 2384 1378 et
2431 1323 2524 1392 qui
2571 1322 2802 1393 dispersi
2849 1324 3063 1380 fuerant
3117 1328 3573 1400 recolligereutur,

332 1431 350 1466 ι
386 1428 496 1483 quo
533 1413 793 1483 placuerit
819 1414 912 1468 tibi
943 1422 1001 1468 ut
1023 1415 1209 1481 vadas,
1247 1416 1373 1470 illuc
1409 1432 1591 1488 perge,
1612 1425 1667 1471 et
1687 1432 1898 1471 mecum
2006 1416 2438 1484 habitarentque,
2469 1415 2512 1469 si
2541 1417 2808 1470 mandatis
2848 1417 3058 1470 Domini
3101 1419 3322 1472 obedire
3357 1420 3576 1486 vellent,

331 1520 351 1552 ‹
389 1503 498 1556 noli
529 1502 733 1567 venire,
780 1503 870 1557 sed
901 1504 1083 1558 habita
1105 1505 1244 1574 apud
1271 1503 1550 1560 Godoliam
1577 1504 1743 1560 ﬁlium
1770 1505 1900 1560 Ahi-
2004 1506 2058 1560 in
2092 1513 2235 1558 terra
2279 1519 2376 1558 sua
2421 1505 2624 1573 absque
2679 1505 2872 1560 timore
2923 1506 3159 1561 hostium
3189 1518 3242 1563 et
3281 1510 3573 1564 calumnia.

329 1609 351 1642 4
387 1607 494 1646 :am
522 1590 613 1645 ﬁlii
646 1590 884 1660 Saphan,
901 1607 1062 1662 quem
1088 1595 1375 1664 prteposuit
1399 1608 1496 1649 rex
1517 1593 1803 1665 Babylonis
1823 1596 1900 1650 ci-
2004 1595 2227 1666 Mystice
2253 1602 2434 1648 autem
2455 1595 2596 1649 idem
2620 1594 2892 1660 Godolias,
2925 1596 3017 1665 qui
3044 1597 3430 1667 interpretatur
3468 1616 3578 1653 ma-

331 1697 352 1729 ο
373 1678 807 1735 vitatibusJudte.
824 1679 1016 1736 Habita
1037 1696 1166 1752 ergo
1177 1698 1299 1737 cum
1323 1698 1390 1737 eo
1415 1683 1469 1736 in
1496 1685 1673 1738 medio
1694 1684 1896 1753 populi,
2003 1685 2292 1755 gniﬁcatus
2315 1685 2540 1741 Domino
2562 1695 2742 1756 typum
2767 1688 2904 1757 gerit
2928 1697 3237 1744 sanctorum
3263 1692 3577 1759 prmdicato-

331 1789 350 1820 ε
390 1769 475 1824 vel
497 1786 814 1841 quocunque
838 1773 1102 1841 placuerit
1132 1774 1250 1840 tibi,
1283 1784 1340 1830 ut
1371 1775 1535 1831 vadas
1563 1776 1712 1830 vade.
1743 1776 1899 1830 Dedit
2007 1790 2148 1840 rum,
2179 1775 2272 1844 qui
2301 1776 2369 1829 ad
2409 1776 2511 1830 hoe
2539 1775 2719 1830 divino
2741 1784 2872 1830 nutu
2895 1777 3262 1846 praeﬁeiuntur
3282 1780 3336 1832 in
3360 1779 3576 1843 Inundo,

331 1878 352 1912 ι
386 1875 597 1930 quoque
621 1862 670 1915 ei
711 1863 969 1932 magister
1009 1863 1216 1918 militia:
1255 1864 1456 1920 cibaria
1484 1874 1536 1920 et
1567 1866 1898 1930 munuscula,
1933 1858 1977 1916 B
2007 1865 2263 1920 utﬁdeles
2289 1866 2488 1934 quique
2517 1873 2573 1920 et
2604 1865 2854 1920 timentes
2874 1867 3042 1920 Deum
3068 1867 3298 1921 habeant
3317 1867 3577 1938 refugium

333 1968 352 2002 ι
390 1959 446 2004 et
481 1951 681 2006 dimisit
703 1966 844 2005 eum.
877 1973 895 2005 ι
935 1953 1226 2025 (Mannum)
1258 1954 1526 2022 Quaeritur
1547 1965 1728 2011 autem
1766 1971 1902 2026 quo-
2007 1962 2063 2007 et
2085 1953 2357 2018 solatium,
2385 1969 2493 2023 quo
2519 1955 2725 2022 possint
2750 1954 3044 2008 subsistere
3085 1963 3140 2009 et
3189 1956 3242 2009 in
3283 1955 3376 2010 Dei
3413 1957 3580 2010 servi-

327 2039 492 2098 m0d0
525 2044 610 2099 hic
637 2060 817 2099 sermo
838 2045 1050 2100 Domini
1074 2047 1245 2104 factus
1271 2064 1392 2104 esse
1409 2049 1784 2117 adderemiam
1813 2049 1907 2103 de—
2009 2044 2084 2098 tio
2109 2044 2286 2098 devoti
2325 2058 2664 2113 permanere.
2698 2042 2762 2095 Hi
2795 2043 3002 2098 animas
3041 2057 3166 2098 suas
3190 2059 3286 2112 pro
3315 2047 3580 2113 proximis

328 2135 618 2200 scribatur,
650 2146 706 2191 et
744 2154 851 2192 non
895 2139 1201 2194 ostenditur
1243 2141 1365 2211 quis
1411 2141 1513 2196 iste
1532 2155 1710 2196 sermo
1747 2140 1908 2195 fuerit
2009 2134 2120 2188 suis
2144 2141 2369 2202 ponunt,
2401 2142 2454 2189 et
2489 2142 2675 2188 contra
2715 2133 2948 2202 perﬁdos
2973 2133 3326 2203 protectionis
3367 2145 3577 2190 scutum

328 2225 414 2280 vel
442 2226 568 2294 quid
585 2226 1032 2282 manifestaverit.
1063 2228 1212 2286 Unde
1235 2230 1288 2284 ni
1313 2229 1469 2285 fallor
1488 2231 1904 2300 daturintelligi,
2007 2231 2359 2294 opponentes,
2387 2239 2556 2292 usque
2585 2222 2652 2276 ad
2676 2231 2904 2276 mortem
2949 2223 3004 2276 in
3029 2233 3208 2292 coepto
3247 2221 3419 2278 ofﬁcio
3447 2223 3579 2278 ﬁde-

329 2315 472 2382 quod
505 2314 674 2384 ipsam
716 2315 1090 2372 liberationem
1129 2333 1278 2373 suam
1308 2334 1407 2388 per
1441 2319 1738 2389 principem
1768 2320 1908 2374 mili-
2007 2315 2130 2369 liter
2155 2314 2470 2383 persistunt.
2502 2313 2652 2368 Unde
2675 2313 2814 2368 sicut
2835 2311 3087 2367 Godolias
3125 2312 3383 2366 innocens
3402 2327 3432 2364 a
3456 2327 3579 2382 per-

331 2405 420 2459 tite
445 2405 626 2460 divino
666 2416 798 2460 nutu
848 2405 1068 2473 factam,
1113 2409 1374 2479 propheta
1401 2409 1612 2464 occulte
1637 2423 1732 2478 per
1762 2411 1904 2464 hunc
2009 2405 2116 2461 ﬁdo
2145 2414 2199 2460 et
2243 2406 2428 2460 doloso
2482 2404 2706 2459 lsmaele
2749 2404 2960 2458 occisus
3009 2411 3111 2468 est,
3142 2403 3215 2456 ita
3258 2411 3314 2456 et
3365 2403 3452 2456 isti
3482 2419 3578 2472 pro

332 2507 640 2548 sermonem
688 2496 755 2549 ad
797 2511 854 2552 se
887 2498 1155 2566 prolatum
1207 2499 1454 2554 intimare
1482 2499 1728 2565 voluerit,
1768 2500 1909 2554 sicut
2007 2497 2210 2553 Christi
2237 2497 2506 2552 nominea
2534 2494 2971 2566 persecutoribus
3011 2492 3287 2562 Evangelii
3324 2502 3379 2548 et
3426 2492 3582 2546 Chri—

333 2582 476 2636 idem
502 2580 855 2639 Nabuzardan
895 2587 963 2641 ad
982 2586 1270 2642 Jeremiam
1293 2589 1371 2642 ait
1397 2606 1411 2643 τ
1440 2607 1459 2640 ‹
1491 2589 1748 2643 Dominus
1767 2589 1908 2644 Deus
2008 2588 2197 2643 stianae
2221 2587 2498 2658 religionis
2519 2587 2915 2641 insecutoribus
2957 2585 3273 2639 innocenter
3317 2585 3580 2648 viventes,

335 2681 458 2725 tuus
480 2671 688 2727 locutus
715 2685 798 2728 est
825 2675 1022 2730 malum
1050 2678 1174 2742 hoc,
1198 2679 1322 2746 quia
1355 2679 1617 2747 peccastis
1659 2679 1908 2744 Domino,
2009 2692 2117 2732 non
2168 2676 2439 2746 trepidant
2482 2682 2711 2729 mortem
2752 2673 2935 2728 subire
2966 2672 3334 2742 temporalem.
3376 2671 3451 2728 De
3480 2687 3585 2741 quo

336 2771 391 2818 et
411 2778 516 2816 non
534 2764 1106 2835 audistisvocemejus.
1141 2787 1160 2819 ι
1190 2768 1340 2824 Unde
1367 2769 1411 2824 si
1435 2769 1534 2836 illi,
1561 2770 1652 2838 qui
1683 2769 1910 2824 Domino
2009 2775 2189 2820 autem
2218 2773 2273 2820 et
2301 2765 2590 2820 subditur:

336 2865 718 2927 peccaverunt,
748 2867 802 2913 et
829 2857 946 2927 ejus
975 2861 1090 2915 voci
1122 2876 1228 2916 non
1250 2861 1586 2926 obedierunt,
1618 2862 1774 2932 juxta
1796 2877 1911 2918 ser-
2085 2876 2104 2908 ι
2129 2855 2413 2912 Jobannan
2437 2865 2618 2911 autem
2642 2855 2781 2910 ﬁlius
2803 2853 3009 2920 Carcze,
3029 2864 3083 2910 et
3105 2869 3294 2910 omnes
3315 2855 3590 2926 principes

339 2965 554 3004 monem
592 2951 803 3006 Domini
828 2953 879 3006 in
901 2954 1267 3023 captivitatem
1295 2954 1479 3008 traditi
1495 2962 1622 3008 sunt
1653 2971 1667 3007 :
1695 2955 1796 3008 iste
1817 2953 1910 3022 qui
2015 2969 2034 3002 ‹
2073 2949 2362 3012 exercitus,
2390 2948 2480 3016 qui
2515 2946 2745 3017 dispersi
2775 2953 2930 3001 erant
2969 2946 3022 3000 in
3072 2946 3397 3017 regionibus,
3427 2962 3587 3000 vene-

338 3048 625 3108 peccantes
665 3041 946 3110 corripuit,
996 3051 1052 3097 et
1091 3042 1302 3096 Domini
1351 3043 1606 3097 mandato
1651 3043 1906 3108 obedivit,
2015 3059 2034 3092 ι
2078 3048 2204 3094 runt
2223 3041 2291 3094 ad
2311 3038 2589 3094 Godoliam
2616 3038 2668 3092 in
2695 3037 3030 3107 Masphat,et
3051 3037 3301 3092 dixerunt
3329 3037 3411 3093 ei:
3439 3037 3588 3092 Scito

333 3127 491 3198 juxta
529 3131 936 3199 promissionem
966 3129 1084 3200 ejus
1118 3132 1184 3188 de
1221 3133 1455 3188 hostium
1485 3148 1704 3188 suorum
1733 3134 1909 3187 mani-
1953 3198 1976 3200 _
2018 3148 2036 3180 ι
2078 3129 2220 3198 quod
2242 3127 2421 3183 Baalis
2453 3143 2547 3182 rex
2575 3127 2804 3182 ﬁliorum
2836 3127 3063 3181 Ammon
3095 3128 3241 3181 misit
3273 3126 3466 3182 Ismael
3521 3125 3587 3180 ﬁ-

339 3220 442 3274 bus
463 3198 611 3274 etde
639 3204 908 3290 ergastulo
938 3198 1174 3276 carceris
1201 3221 1458 3278 liberatus
1493 3232 1600 3279 est.
1935 3198 1980 3261 Ο
2016 3237 2036 3271 ι
2080 3219 2210 3274 lium
2255 3218 2536 3274 Natbania:
2582 3227 2864 3288 percutere
2911 3219 3143 3271 animam
3198 3227 3366 3272 tuam.
3391 3219 3460 3273 Et
3482 3233 3589 3274 non

419 3323 439 3357 ι
494 3308 655 3362 Venit
687 3317 864 3362 autem
890 3308 1150 3365 Jeremias
1186 3311 1254 3366 ad
1284 3311 1561 3368 Godoliam
1582 3311 1749 3366 ﬁlium
1777 3309 1910 3365 Ahi—
2016 3327 2036 3361 ι
2081 3309 2311 3364 credidit
2336 3309 2417 3363 eis
2436 3307 2688 3363 Godolias
2713 3307 2853 3361 ﬁlius
2872 3307 3120 3362 Abicam.
3151 3305 3432 3362 Johannan
3460 3323 3592 3364 vero

345 3417 364 3450 ι
395 3413 513 3452 eam
550 3397 603 3452 in
647 3397 909 3468 Masphat,
956 3407 1010 3454 et
1045 3400 1306 3456 habitavit
1355 3417 1476 3456 cum
1507 3417 1573 3457 eo
1626 3401 1680 3456 in
1735 3401 1910 3457 medio
2015 3416 2033 3449 ι
2078 3396 2218 3452 ﬁlius
2243 3396 2428 3453 ϐαι-θῶ
2478 3395 2614 3450 dixit
2654 3395 2722 3449 ad
2763 3393 3043 3450 Godoliam
3083 3409 3326 3450 seorsum
3374 3397 3428 3450 in
3475 3395 3590 3450 Ma-

348 3512 368 3544 ι
413 3491 618 3563 populi,
643 3492 730 3560 qui
759 3491 979 3547 relictus
1000 3492 1175 3547 fuerat
1204 3493 1257 3547 in
1292 3503 1456 3549 terra.
1487 3493 1620 3548 Cum
1662 3507 1790 3565 ergo
1817 3509 1910 3548 au—
2015 3505 2034 3538 «
2077 3486 2237 3556 Sphat
2261 3486 2487 3556 loquens
2511 3503 2525 3539 :
2553 3484 2642 3538 Ibo
2667 3494 2722 3540 et
2745 3486 3040 3554 percutiam
3071 3484 3262 3540 lsmael
3298 3485 3463 3540 ﬂlium
3485 3485 3592 3540 Na-

347 3603 364 3633 ι
409 3581 617 3636 dissent
651 3597 838 3636 omnes
885 3583 1156 3653 principes
1208 3584 1498 3648 exercitus,
1546 3584 1639 3654 qui
1685 3584 1911 3652 dispersi
2015 3596 2034 3628 ι
2077 3577 2273 3632 ιιιθηὶω
2303 3575 2450 3632 nullo
2483 3577 2708 3641 sciente,
2739 3592 2805 3631 ne
2837 3576 3130 3630 interﬁciat
3154 3577 3390 3632 animam
3419 3586 3588 3643 tuam,

347 3691 366 3724 ι
404 3673 620 3727 fuerant
666 3688 762 3742 per
815 3673 1083 3744 regiones,
1140 3674 1241 3744 ipsi
1287 3682 1344 3729 et
1375 3674 1504 3731 socii
1532 3688 1739 3739 eorum,
1771 3674 1911 3744 quod
2015 3686 2035 3719 ί
2078 3677 2134 3724 et
2164 3669 2494 3739 dissipentur
2538 3684 2726 3724 omnes
2766 3665 2959 3733 Judaei,
2989 3669 3078 3738 qui
3119 3671 3426 3740 congregati
3468 3679 3592 3725 sunt

346 3783 364 3815 ι
402 3761 729 3832 praefecisset
754 3776 849 3815 rex
870 3760 1157 3838 Babylonis
1184 3761 1461 3818 Godoliam
1495 3762 1661 3817 ﬁlium
1687 3762 1909 3818 Abicam
2016 3779 2036 3813 ‹
2080 3761 2148 3816 ad
2176 3770 2251 3827 te,
2279 3769 2333 3816 et
2353 3762 2604 3832 peribunt
2637 3760 2877 3830 reliquias
2917 3760 3073 3816 Juda.
3103 3759 3170 3816 Et
3216 3763 3292 3816 ait
3336 3762 3585 3820 Godclias

350 3873 368 3906 ι
411 3864 584 3917 terrae.
613 3861 667 3909 et
695 3853 837 3923 quod
865 3853 1294 3909 commendasset
1332 3855 1380 3914 ei
1420 3854 1584 3920 viros,
1631 3864 1686 3910 et
1723 3854 1913 3910 mulie—
2016 3871 2036 3904 ‹
2081 3851 2222 3908 ﬁlius
2244 3854 2472 3907 Abicam
2498 3854 2568 3907 ad
2605 3850 2883 3906 Johannan
2917 3851 3084 3906 ﬁlium
3133 3851 3334 3907 Careaz.
3367 3852 3484 3908 Noli
3517 3855 3593 3908 fa-

349 3964 368 3996 c
405 3962 508 4007 res,
545 3955 599 4000 et
623 3943 896 4014 parvulos,
925 3951 979 4000 et
1004 3944 1070 4000 de
1109 3946 1434 4014 pauperibus
1459 3955 1636 4010 terrae,
1685 3947 1774 4015 qui
1805 3961 1909 4000 non
2016 3961 2036 3994 ς
2075 3958 2201 3998 cere
2246 3945 2469 3998 verbum
2515 3944 2618 3998 hoc
2668 3959 2682 3995 :
2733 3940 2928 3996 falsum
2974 3942 3118 3996 enim
3148 3949 3202 3996 tu
3251 3943 3486 4012 loqueris
3529 3947 3594 4002 de

350 4058 368 4089 ε
406 4038 616 4093 fuerant
643 4037 887 4093 translati
907 4037 962 4092 in
980 4037 1332 4108 Babylonem,
1356 4043 1620 4091 venerunt
1642 4037 1711 4091 ad
1737 4035 1914 4090 Godo-
2021 4053 2040 4086 ι
2082 4033 2296 4090 lsmael.
2335 4053 2354 4086 ι
2435 4034 2441 4040 ’

349 4149 366 4180 ι
394 4129 519 4183 liam
550 4129 602 4182 in
631 4129 892 4198 Masphat,
921 4137 974 4182 et
989 4128 1180 4188 lsmael
1193 4127 1333 4182 ﬁlius
1347 4127 1648 4190 Nathanizn,
1675 4135 1729 4182 et
1752 4124 1912 4181 Joan—
2588 4122 2814 4180 CAPUT
2857 4122 2992 4178 XLI.

349 4238 367 4270 ι
401 4235 503 4273 nan
526 4218 664 4274 ﬁlius
684 4218 955 4284 Careae,et
975 4216 1266 4285 Jonatban,
1295 4225 1351 4273 et
1377 4216 1572 4273 Sareas
1598 4217 1741 4274 ﬁlius
1775 4218 1913 4272 The-

2026 4236 2209 4293 !smael
2238 4236 2425 4292 occidit
2452 4235 2731 4292 Godoliam
2759 4243 2810 4288 et
2835 4234 3100 4303 octoginta
3145 4235 3281 4288 viros
3321 4243 3500 4289 euntes
3541 4237 3594 4290 in

349 4329 367 4359 ι
407 4311 726 4373 nehumeth,
769 4317 825 4365 et
867 4310 960 4363 ﬁlii
988 4308 1270 4378 Ophi,qui
1298 4315 1452 4364 erant
1501 4308 1566 4364 de
1593 4307 1912 4377 Netophati,
2079 4306 2394 4388 Jerusalem,
2444 4305 2657 4388 solvatis
2717 4304 2892 4358 decem
2923 4303 3104 4373 .'-['ugit
3142 4303 3424 4360 Johannan
3485 4315 3603 4353 cum

349 4419 368 4450 ι
399 4396 648 4455 Jezonias
690 4399 831 4454 ﬁlius
884 4374 1147 4454 Maachati
1173 4374 1213 4463 ,—
1236 4398 1336 4466 ipsi
1371 4405 1426 4452 et
1461 4397 1560 4451 viri
1596 4374 1783 4452 eorum
1813 4411 1828 4449 :
1860 4403 1916 4450 et

1202 4374 1336 4466 'ipsi
1371 4405 1426 4452 et
1461 4397 1560 4451 viri
1596 4374 1783 4452 eorum
1813 4411 1828 4449 :
1860 4403 1916 4450 et
2083 4386 2196 4431 οετο
2222 4375 2344 4430 viris
2371 4375 2425 4430 ίη
2456 4374 2770 4446 rissimum-

349 4510 368 4541 ‹
399 4489 699 4559 juraviteis
729 4489 980 4546 Godolias
1016 4489 1158 4542 ﬁlius
1186 4487 1431 4552 Abicam,
1462 4485 1555 4540 ﬁlii
1594 4485 1830 4555 Saphan,
1859 4493 1913 4539 et
1937 4527 1990 4586 Β
2094 4509 2112 4542 ι
2142 4489 2209 4543 Ει
2239 4487 2438 4543 factum
2478 4495 2560 4541 est
2597 4487 2650 4540 in
2686 4500 2868 4540 mense
2915 4484 3174 4554 septimo,
3215 4484 3362 4539 venit
3407 4482 3590 4540 lsnucl

350 4603 370 4633 ι
399 4582 681 4637 comitibus
728 4597 935 4647 eorum,
995 4581 1179 4635 dicens
1212 4578 1423 4633 :Nolite
1469 4578 1664 4656 timere
1711 4574 1986 4634 servire"
2023 4602 2040 4634 ‹
2086 4581 2225 4636 ﬁlius
2267 4577 2546 4633 Nathauia:
2595 4575 2690 4631 ﬁlii
2748 4576 2978 4631 Elisama
3032 4574 3096 4630 de
3146 4574 3349 4629 semine
3398 4575 3596 4646 regali,

351 4694 368 4724 ε
401 4671 682 4727 Chaldazis.
739 4671 989 4728 Habitate
1013 4672 1067 4725 in
1111 4679 1250 4725 terra
1283 4678 1331 4724 et
1365 4668 1563 4723 servite
1595 4669 1708 4738 regi
1741 4669 1912 4740 Baby-
2024 4691 2042 4722 ι
2089 4679 2142 4726 et
2193 4670 2480 4739 optimates
2537 4667 2708 4736 regis,
2763 4675 2819 4720 et
2862 4665 3045 4720 decem
3077 4665 3178 4718 viri
3226 4680 3348 4718 cum
3394 4679 3492 4728 eo,
3532 4666 3606 4719 ad-

354 4780 373 4813 ι
410 4762 566 4826 lenis,
591 4773 643 4816 et
665 4763 800 4816 bene
826 4763 929 4816 erit
956 4762 1125 4816 vobis.
1157 4761 1292 4814 Ecce
1320 4759 1502 4813 habito
1551 4758 1604 4812 in
1650 4757 1913 4826 Masphat,
2025 4779 2043 4810 ι
2089 4759 2366 4814 Godoliam
2404 4757 2569 4811 ﬁlium
2598 4757 2825 4811 Abicam
2867 4755 2922 4808 in
2965 4755 3229 4824 Maspbat,
3258 4763 3312 4809 et
3348 4754 3599 4808 comede-

353 4871 371 4903 ι
408 4859 468 4905 ut
493 4851 839 4921 reSpondeam
865 4861 1133 4921 praecepto
1173 4849 1549 4915 Cbaldeorum,
1578 4848 1668 4918 qui
1697 4849 1918 4901 mittun-
2027 4868 2045 4900 ι
2087 4858 2212 4903 runt
2233 4848 2306 4902 ibi
2334 4862 2526 4918 panem
2561 4846 2716 4900 simul
2740 4847 2794 4900 in
2819 4844 3081 4915 Maspbat.
3117 4845 3481 4899 Snrrcxernnt
3505 4859 3600 4894 au-

353 4963 372 4994 ‹
407 4952 495 4997 tur
516 4945 581 4996 ad
604 4959 700 4998 nos
725 4962 738 4997 :
769 4945 876 4998 Vos
895 4951 1074 4996 autem
1099 4941 1328 5008 colligite
1351 4940 1763 5003 vindemiam,et
1784 4953 1919 4993 mes-
2029 4958 2046 4990 ‹
2094 4946 2198 4993 tem
2228 4935 2419 4992 lsmael
2445 4935 2586 4989 ﬁlius
2610 4935 2890 4989 Nathanize
2919 4942 2973 4988 et
2996 4935 3177 4987 decem
3204 4933 3326 4995 viri,
3359 4929 3449 4998 qui
3476 4943 3609 4982 cum

357 5050 377 5083 ε
419 5047 556 5098 sem,
585 5041 640 5086 et
666 5032 862 5096 oleum,
906 5040 961 5087 et
987 5030 1287 5086 condite-in
1315 5029 1460 5082 vasis
1487 5029 1699 5092 vestris,
1727 5036 1781 5083 et
1804 5043 1917 5081 ma—
2029 5047 2047 5078 ι
2093 5040 2157 5080 eo
2185 5036 2357 5089 erant,
2387 5034 2438 5078 et
2462 5033 2842 5094 percusserunt
2868 5021 3145 5076 Godoliam
3177 5022 3342 5074 ﬁlium
3371 5016 3597 5071 Abicam

358 5139 378 5172 ‹
413 5129 533 5175 nete
562 5121 613 5174 in
644 5122 869 5176 urbibus
909 5121 1126 5183 vestris,
1168 5134 1302 5188 quas
1343 5117 1556 5172 tenetis.
1593 5115 1698 5170 Sed
1729 5126 1783 5170 et
1804 5132 1919 5170 om-
2031 5136 2047 5168 ι
2092 5117 2186 5170 lilii
2233 5117 2449 5186 Saphan
2494 5115 2691 5185 gladio,
2750 5121 2805 5166 et
2848 5111 3231 5166 interfecerunt
3271 5122 3390 5160 eum
3435 5121 3602 5176 quem

358 5229 379 5260 ί
414 5225 512 5264 ttcs
543 5207 731 5274 Jttdzei,
769 5211 860 5280 qui
903 5219 1056 5266 erant
1101 5209 1153 5262 in
1200 5207 1375 5270 Moab,
1425 5215 1479 5260 et
1516 5206 1570 5259 in
1626 5205 1749 5259 ﬁliis
1790 5205 1920 5259 Aut-
2029 5229 2048 5261 ‹
2091 5205 2403 5278 praefecerat
2432 5221 2525 5259 rex
2549 5203 2834 5274 Babylonis
2855 5211 3027 5256 terra}.
3059 5198 3257 5253 Omnes
3277 5213 3486 5266 quoque
3506 5193 3603 5248 luo

359 5317 380 5350 ι
410 5315 554 5364 mon,
586 5301 718 5354 etin
748 5299 1000 5364 ldumma,
1043 5307 1095 5354 et
1147 5298 1199 5352 in
1257 5297 1523 5351 universis
1573 5295 1914 5365 regionibus:
2031 5317 2050 5349 ι
2095 5298 2257 5360 daeos,
2288 5297 2376 5364 qui
2413 5303 2564 5350 erant
2590 5309 2712 5349 eum
2742 5291 2962 5347 Godolia
2993 5290 3045 5342 in
3077 5287 3338 5356 Masphat.
3367 5296 3421 5340 et
3443 5286 3592 5341 Chal-

361 5407 380 5440 ι
413 5389 595 5446 audito
637 5392 779 5460 quod
820 5390 1051 5445 dedisset
1098 5404 1188 5442 rex
1242 5385 1528 5456 Babylonis
1571 5383 1825 5452 reliquias
1866 5383 1918 5436 in
2031 5407 2049 5439 ι
2089 5386 2255 5450 dicos,
2285 5385 2376 5454 qui
2403 5387 2598 5453 reperti
2629 5391 2754 5440 sunt
2784 5382 2880 5446 ibi,
2912 5389 2966 5434 ct
3000 5381 3144 5433 viros
3169 5377 3594 5447 bellatorcsper-

362 5497 384 5531 ι
415 5477 621 5548 Iudaea,
655 5491 712 5536 et
741 5482 882 5552 quod
930 5479 1310 5550 praeposuisset
1337 5491 1499 5547 super
1529 5490 1621 5530 eos
1647 5474 1926 5530 Godoliam
2030 5493 2049 5526 ‹
2095 5474 2261 5529 cussit
2295 5472 2504 5526 lsmael.
2538 5471 2785 5525 Secundo
2820 5477 3002 5522 autem
3033 5467 3119 5521 die
3144 5474 3430 5535 postquam
3461 5463 3602 5518 occi-
3691 5536 3696 5540 1

364 5587 386 5621 ι
418 5569 586 5625 ﬁlium
609 5571 834 5625 Abicam
881 5569 976 5623 ﬁlii
1007 5567 1245 5639 Saphan,
1292 5565 1497 5622 reversi
1518 5573 1660 5628 sunt,
1687 5564 1928 5634 inquam,
2033 5582 2051 5615 ‹
2097 5563 2248 5618 derat
2276 5561 2552 5617 Godoliam
2582 5560 2727 5613 nullo
2754 5559 2931 5614 adhuc
2953 5557 3180 5620 sciente,
3212 5563 3473 5608 venerunt
3499 5553 3611 5610 viri'

365 5678 384 5710 ι
425 5677 614 5718 omnes
638 5660 808 5718 Judaai
832 5661 898 5716 de
921 5661 1184 5715 universis
1211 5659 1364 5723 locis,
1395 5657 1464 5712 ad
1508 5673 1629 5728 quae
1680 5655 1931 5726 profuge-
2034 5673 2051 5704 ε
2095 5650 2160 5706 de
2208 5650 2445 5713 Sicbem,
2473 5657 2526 5703 et
2559 5647 2624 5702 de
2661 5647 2795 5714 Silo,
2827 5655 2882 5703 et
2935 5647 3002 5702 de
3037 5645 3280 5701 Samaria
3331 5644 3612 5714 octoginta

368 5767 384 5798 ι
424 5761 563 5815 rant,
586 5759 642 5807 et
668 5758 930 5808 venerunt
961 5749 1024 5804 ad
1049 5749 1325 5804 Godoliam
1359 5749 1411 5802 in
1453 5757 1652 5801 terram
1701 5744 1834 5800 Juda
1879 5745 1928 5799 in
2036 5763 2052 5795 ‹
2097 5743 2216 5807 viri,
2265 5740 2371 5796 rasi
2397 5739 2588 5807 barba,
2627 5749 2682 5795 et
2709 5739 2894 5795 scissis
2925 5738 3163 5795 vestibus
3192 5744 3245 5792 et
3275 5735 3606 5805 sQualentes.
