3970 6190
414 373 549 431 1087

1086 372 1147 430 Β.
1189 372 1443 431 ΒΑΒΔΝΙ
1479 371 1697 431 ωυιιι
1734 371 2052 428 Αιιαιιερ.
2093 370 2402 432 ιιοσυΝτ.
2442 370 2733 430 σιιειιιιιι
2759 371 2943 431 PARS
2978 372 3064 427 Ill.

3538 375 3686 431 rese

419 515 438 549 ι
481 509 705 551 munera
726 502 784 548 et
814 494 939 549 thus
965 493 1237 549 habebant
1262 495 1315 549 in
1344 509 1527 560 manu,
1555 502 1616 548 ut
1656 492 1916 548 oderrent
1936 494 1990 547 in
2019 496 2067 555 Α
2095 493 2257 547 etiam
2294 493 2515 547 minima
2546 492 2839 547 subtrahit.
2873 489 3028 546 Unde
3054 498 3109 544 et
3142 497 3288 546 reefe
3329 492 3533 547 dictum
3559 504 3643 549 est
3668 514 3681 546 :

416 606 438 639 ι
480 588 696 642 domum
722 585 948 640 Domini.
973 584 1235 655 Egressus
1254 599 1384 655 ergo
1399 575 1597 639 lsmael
1618 582 1768 637 ﬁlius
1792 582 1995 638 Natha-

416 696 437 730 ι
478 678 580 732 nia:
605 677 659 731 in
689 690 973 731 occursum
1012 690 1201 730 eorum
1245 677 1313 729 de
1352 674 1615 745 Masphat,
1663 674 1918 731 incedens
1941 683 1997 729 et

417 788 437 821 ε
481 768 698 839 plorans
726 766 857 821 ibat.
887 765 1022 821 Cum
1050 775 1231 821 autem
1272 766 1604 821 occurrisset
1639 766 1741 831 eis,
1768 766 1904 821 dixit
1928 767 1994 821 ad

415 879 435 911 ι
479 874 614 915 eos:
647 860 837 914 Venite
860 859 927 913 ad
961 858 1244 914 Godoliam
1274 858 1440 913 filium
1474 858 1720 914 Ahicam.
1743 857 1843 925 Qui
1871 874 1993 913 eum

416 975 434 1005 ι
478 954 751 1009 venissent
774 953 841 1008 ad
862 952 1097 1007 medium
1119 952 1371 1016 civitatis,
1401 952 1668 1007 interfecit
1687 967 1781 1007 eos
1802 952 1993 1009 lsmael

416 1063 434 1096 ι
480 1045 622 1100 illius
661 1043 942 1099 Nathania:
988 1044 1131 1097 circa
1188 1042 1421 1097 medium
1468 1042 1611 1108 laci,
1656 1043 1770 1114 ipse
1803 1052 1859 1097 et
1890 1044 1994 1098 viri

416 1154 433 1187 ι
478 1136 568 1204 qui
592 1142 894 1189 erantcum
918 1148 1004 1187 eo.
1044 1133 1238 1187 Decem
1286 1139 1465 1185 autem
1492 1131 1596 1185 viri
1636 1132 1835 1202 reperti
1868 1141 1995 1187 sunt

416 1247 433 1279 ι
483 1227 623 1282 inter
646 1241 762 1289 eos,
789 1227 882 1295 qui
907 1226 1156 1279 dixerunt
1202 1224 1269 1279 ad
1313 1222 1504 1277 lsmael
1538 1239 1551 1277 :
1589 1221 1704 1278 Noli
1745 1222 1993 1279 occidere

416 1338 433 1369 ι
481 1332 599 1382 nos,
623 1317 748 1387 quia
779 1316 1037 1371 habemus
1060 1315 1370 1368 thesaurum
1391 1313 1445 1367 in
1472 1328 1601 1384 agro
1625 1311 1901 1379 frumenti,
1938 1321 1995 1369 et

416 1430 434 1461 ι
478 1410 664 1465 hordei
690 1419 760 1465 et.
773 1409 876 1464 olei
915 1416 969 1462 et
1004 1407 1197 1462 mellis.
1229 1406 1298 1461 Et
1326 1405 1579 1470 cessavit,
1606 1413 1662 1460 et
1685 1420 1791 1459 non
1820 1404 1991 1459 inter-

416 1519 434 1552 ι
480 1501 608 1555 fecit
633 1516 727 1555 eos
765 1515 887 1555 cum
918 1498 1173 1553 fratribus
1215 1497 1345 1551 suis.
1385 1516 1403 1547 i
1431 1496 1634 1568 (Greg.)
1671 1495 1796 1550 Haec
1844 1494 1992 1551 fraus

412 1600 539 1647 tunc
561 1592 777 1662 quidem
807 1589 1161 1646 historialiter
1178 1604 1273 1659 per
1293 1587 1569 1643 lsmaelem
1597 1585 1740 1642 facta
1762 1593 1865 1651 est,
1896 1586 1993 1642 sed

412 1697 554 1737 nunc
581 1682 820 1752 quotidie
873 1680 1189 1752 spiritaliter
1233 1695 1332 1750 per
1377 1678 1657 1748 antiquum
1688 1678 1895 1733 hostem
1936 1677 1992 1733 in

412 1774 612 1829 mundo
647 1776 841 1844 agitur.
877 1773 1165 1829 Sciendum
1189 1787 1317 1826 vero
1337 1780 1439 1835 est,
1464 1770 1607 1841 quod
1641 1769 1782 1825 bona
1804 1775 1991 1823 nostra

2102 602 2123 636 ι
2153 586 2244 655 qui
2274 600 2397 640 cum
2426 587 2701 640 venissent
2730 586 2797 640 ad
2832 586 3069 641 medium
3114 584 3353 642 civitatis
3408 586 3687 645 interfeoit

2095 691 2210 731 eos.
2250 695 2269 729 ι
2301 675 2461 731 Viros
2492 691 2622 746 ergo
2656 676 2724 731 ad
2757 675 3031 732 offerenda
3062 675 3173 731 Deo
3201 690 3429 731 munera
3456 677 3684 733 venien-

2098 774 2196 831 tes,
2225 767 2277 820 in
2310 765 2489 821 medio
2510 766 2749 822 civitatis
2784 766 3063 831 interficit,
3089 768 3215 837 quia
3261 767 3463 823 divinis
3488 769 3688 825 dedit:

2098 861 2258 913 rebus
2282 867 2507 924 mentes,
2548 859 2653 914 nisi
2686 873 2878 929 magna
2908 873 2966 913 se
2992 859 3479 929 circumspectione
3499 868 3690 917 custo-

2096 949 2264 1012 diant,
2289 949 2617 1019 surripiente
2650 950 2805 1005 hoste
2835 951 2961 1004 dum
3000 950 3301 1005 devotionis
3342 961 3562 1020 portant
3586 954 3688 1009 ho-

2093 1039 2275 1105 stiam,
2304 1040 2359 1094 in
2389 1040 2505 1109 ipso
2545 1038 2739 1095 itinere
2761 1040 2996 1111 perdunt
3030 1040 3196 1095 vitam
3232 1042 3350 1096 :De
3393 1041 3550 1110 cnius
3588 1042 3686 1098 ho-

2095 1130 2196 1184 stis
2225 1145 2388 1184 manu
2415 1144 2522 1184 non
2558 1129 2825 1196 evaditur,
2866 1130 2972 1185 nisi
3000 1130 3165 1186 citius
3191 1131 3259 1187 ad
3303 1133 3685 1203 paenitentiam

2090 1232 2422 1277 recurvatur.
2460 1222 2587 1278 inde
2626 1221 2734 1278 illic
2780 1220 3125 1293 subiungitur
3156 1243 3169 1278 :
3208 1244 3227 1276 ι
3262 1224 3460 1280 Decem
3500 1236 3685 1283 autem

2092 1315 2193 1369 viri
2223 1315 2419 1385 reperti
2447 1323 2575 1370 sunt
2614 1315 2756 1370 inter
2794 1330 2889 1371 eos
2928 1316 3019 1385 qui
3051 1316 3302 1372 dixertmt
3332 1318 3400 1372 ad
3440 1319 3634 1375 lsmael
3667 1338 3684 1375 :

2094 1404 2212 1460 Noli
2235 1404 2484 1462 occidere
2521 1420 2639 1470 nos,
2667 1406 2793 1478 quia
2840 1406 3104 1462 habemus
3148 1409 3435 1465 thesauros
3466 1411 3519 1464 in
3554 1427 3687 1481 agro

2093 1494 2345 1551 frumenti
2375 1504 2432 1549 et
2454 1495 2640 1575 hordei
2667 1503 2723 1551 et
2742 1497 2844 1551 olei
2870 1504 2925 1552 et
2964 1497 3157 1564 mellis,
3210 1508 3267 1554 et
3313 1516 3422 1554 non
3481 1502 3686 1557 occidit

2092 1600 2203 1640 eos.
2244 1605 2263 1637 ο
2294 1584 2605 1640 Thesaurus
2626 1585 2823 1656 quippe
2849 1586 2902 1640 in
2934 1601 3082 1657 agro,
3105 1603 3229 1659 spes
3255 1588 3308 1643 in
3336 1591 3684 1660 ptenitentia,

2092 1692 2212 1748 qua:
2236 1678 2363 1748 quia
2392 1694 2497 1733 non
2526 1679 2783 1745 cernitur,
2812 1680 2967 1749 quasi
2999 1679 3051 1735 in
3085 1690 3230 1735 terra
3253 1679 3433 1737 cordis
3455 1681 3685 1738 suffossa

2094 1769 2420 1823 continetur.
2452 1768 2554 1836 Qui
2578 1783 2709 1841 ergo
2733 1770 3018 1827 thesauros
3058 1770 3113 1825 in
3144 1787 3273 1843 agro
3301 1771 3541 1828 habuere
3570 1792 3686 1830 ser-

415 1863 588 1918 tribns
629 1864 801 1917 modis
830 1863 1081 1932 antiquus
1108 1862 1281 1915 hostis
1312 1859 1634 1929 insequitur,
1660 1868 1721 1912 ut
1745 1857 1993 1912 videlicet
2021 1847 2067 1906 Β
2094 1861 2200 1914 vati
2228 1869 2382 1927 sunt,
2408 1862 2531 1932 quia
2560 1872 2683 1932 post
2712 1862 2991 1918 incautela:
3016 1879 3127 1918 sua:
3152 1864 3344 1919 vitium
3383 1865 3451 1919 ad
3482 1865 3685 1921 lamen-

414 1955 516 2009 hoc
541 1954 682 2023 quod
713 1964 919 2009 rectum
943 1968 1123 2008 coram
1154 1952 1465 2007 hominibus
1484 1950 1682 2020 agitur,
1715 1949 1766 2003 in
1795 1948 1993 2003 interni

408 2040 606 2112 iudicis
626 2051 913 2112 conspectu
936 2043 1173 2096 vitietur.
1198 2039 1499 2110 Aliquando
1524 2052 1755 2109 namque
1775 2038 1829 2092 in
1851 2038 1994 2093 bono

413 2151 576 2206 opere
603 2136 954 2191 intentionem
978 2134 1189 2205 polluit,
1222 2141 1280 2187 ut
1313 2146 1473 2187 omne
1492 2132 1636 2201 quod
1665 2130 1877 2184 actione
1904 2143 1992 2183 se-

411 2230 617 2299 quitur,
648 2245 713 2284 eo
746 2244 941 2299 purum
991 2227 1355 2295 mundumque
1395 2240 1503 2280 non
1540 2231 1735 2288 exstat,
1760 2237 1867 2293 quo
1893 2222 1995 2277 hoc

412 2321 483 2375 ab
518 2321 726 2393 origine
775 2322 1075 2391 perturbat.
1126 2318 1429 2390 Aliquando
1476 2317 1825 2373 intentionem
1866 2317 1996 2371 boni

415 2410 591 2481 operis
646 2410 838 2465 vitiare
879 2410 1306 2481 noniprtevalet,
1339 2407 1433 2463 sed
1484 2408 1539 2462 in
1590 2408 1705 2479 ipsa
1758 2408 1992 2472 actione,

416 2499 568 2570 quasi
599 2501 652 2553 in
684 2500 877 2556 itinere
902 2501 1141 2570 opponit,
1177 2507 1235 2553 ut
1274 2514 1395 2553 cum
1431 2498 1765 2570 propositum
1802 2497 1997 2552 mentis

416 2593 659 2647 securior
684 2593 913 2662 quisque
960 2592 1236 2662 egreditur
1267 2588 1550 2657 subiuncto
1575 2587 1812 2643 latenter
1837 2588 1994 2653 vitio,

417 2687 573 2755 quasi
601 2701 668 2741 ex
692 2680 903 2741 insidiis
927 2686 1226 2754 perimatur
1253 2703 1265 2738 :
1300 2683 1603 2754 Aliquando
1637 2696 1766 2737 vero
1792 2696 1890 2737 nec
1914 2680 1997 2734 in-

419 2779 714 2834 tentionem
740 2777 917 2842 vitiat,
951 2793 1051 2832 nec
1074 2777 1128 2831 in
1165 2776 1361 2830 itinere
1388 2774 1716 2843 supplantat,
1744 2772 1836 2828 sed
1861 2788 1997 2843 opus

418 2871 616 2926 bonum
656 2870 709 2924 in
741 2868 849 2924 fine
869 2868 1098 2923 actionis
1127 2866 1402 2937 illaqueat.
1432 2863 1567 2932 Quia
1587 2865 1730 2919 enim
1752 2864 1890 2919 bene
1912 2864 1998 2919 in-

418 2962 738 3018 choantibus
772 2962 995 3016 subesse
1018 2959 1070 3014 in
1100 2959 1290 3013 itinere
1312 2957 1534 3028 laqueos
1553 2954 1837 3011 Psalmista
1863 2970 1995 3010 con-

419 3060 690 3122 spexerat,
720 3059 865 3107 recte
893 3051 1211 3122 prephetico
1259 3048 1450 3120 plenus
1492 3047 1686 3119 spiritu
1736 3045 1951 3102 dicebat
1980 3063 1993 3099 :

418 3142 474 3199 lu
499 3145 585 3199 via
627 3144 731 3199 hac
778 3158 884 3213 qua
918 3141 1254 3195 ambulabam
1305 3139 1705 3194 absconderunt
1742 3136 1993 3207 laqueum

421 3234 571 3288 mihi.
595 3233 748 3301 Quod
772 3233 909 3287 bene
934 3245 997 3285 ac
1028 3229 1298 3285 subtiliter
1323 3227 1586 3283 Jeremias
1607 3226 1862 3281 insinuat.
1891 3223 1994 3290 Qui

419 3322 545 3377 dum
576 3328 728 3392 gesta
761 3320 894 3375 foris
916 3317 1121 3374 referre
1148 3317 1373 3382 studuit,
1396 3331 1515 3387 quae
1540 3317 1684 3370 intus
1706 3313 1846 3386 apud
1868 3329 1995 3368 nos-

419 3410 677 3479 metipsos
722 3414 979 3478 gerantur
1025 3405 1302 3471 indicavit,
1357 3403 1543 3459 dicens
1594 3422 1606 3459 :
1656 3422 1675 3454 t
1722 3404 1998 3458 Venerunt

417 3501 690 3571 octoginta
715 3500 814 3554 viri
839 3500 905 3554 de
930 3499 1170 3565 Sichem,
1195 3507 1251 3553 et
1280 3498 1344 3552 de
1389 3497 1524 3564 Silo,
1551 3507 1604 3552 et
1651 3497 1717 3552 de
1751 3495 1996 3552 Samaria

386 3621 393 3627 -
418 3593 527 3648 rasi
553 3591 742 3657 barba,
774 3601 828 3646 et
855 3591 1039 3646 scissis
1061 3590 1299 3645 vestibus
1337 3588 1663 3659 squalentes,
1691 3604 1915 3643 munera
1941 3598 1996 3643 et

421 3683 546 3740 thus
585 3683 857 3738 habebant
882 3685 937 3737 in
966 3696 1145 3746 manu,
1169 3690 1227 3736 ut
1254 3680 1511 3737 oﬂerrent
1554 3681 1606 3735 in
1643 3680 1860 3735 domum
1892 3679 1997 3734 Do-

422 3772 574 3828 mini.
597 3771 862 3844 Egressus
912 3780 1090 3826 autem
1118 3769 1309 3827 lsmael
1346 3770 1487 3826 filius
1518 3769 1798 3825 Nathanize
1832 3771 1884 3824 in
1911 3786 1998 3825 oc-

419 3876 636 3919 cursum
667 3875 854 3918 eorum
881 3862 946 3917 de
970 3860 1231 3931 Masphat,
1260 3861 1515 3916 incedens
1538 3868 1594 3915 et
1619 3859 1837 3930 plorans
1861 3859 1992 3914 ibat.

418 3951 661 4023 Cumque
684 3950 1010 4007 occurrisset
1039 3951 1139 4017 eis,
1167 3951 1302 4006 dixit
1321 3951 1387 4006 ad
1407 3965 1502 4007 eos
1526 3969 1539 4005 :
1574 3949 1762 4006 Venite
1792 3951 1859 4005 ad
1883 3949 1992 4007 Go-

420 4040 616 4097 doliam
636 4040 804 4097 filium
829 4040 1072 4097 Ahicam.
1100 4040 1200 4110 Qui
1226 4057 1349 4097 cum
1368 4041 1642 4097 venissent
1668 4040 1736 4095 ad
1760 4040 1995 4096 medium

419 4128 657 4185 civitatis
682 4130 955 4187 interfecit
980 4146 1092 4187 eos.
1130 4150 1149 4183 ι
1180 4131 1410 4187 Barbam
1432 4132 1629 4202 quippe
1651 4131 1869 4197 radunt,
1899 4131 1993 4201 qui

418 4224 521 4280 sibi
545 4224 612 4280 de
636 4226 869 4296 propriis
894 4225 1101 4281 viribus
1141 4225 1394 4281 ﬁduciam
1426 4224 1771 4281 subtrahunt.
1802 4223 1995 4279 Vestes

420 4313 705 4381 scindunt,
736 4315 828 4387 qui
866 4315 1215 4387 sibimetipsis
1246 4316 1517 4373 interioris
1545 4315 1758 4372 decoris
1782 4314 1991 4370 lacera-

420 4406 624 4461 tionem
651 4421 756 4462 non
793 4415 1042 4478 parcunt.
1073 4407 1319 4463 Oblaturi
1350 4409 1405 4463 in
1434 4407 1595 4464 domo
1631 4407 1843 4463 Domini
1869 4407 1994 4464 thus

421 4502 477 4549 et
511 4508 734 4549 munera
765 4496 1005 4560 veniunt,
1032 4497 1123 4566 qui
1153 4496 1411 4552 exhibere
1433 4511 1492 4552 se
1521 4496 1576 4552 in
1601 4494 1697 4553 Dei
1726 4497 1992 4553 sacrificio

419 4576 720 4641 oratiOnem
767 4601 889 4640 cum
934 4588 1188 4656 operibus
1221 4586 1539 4659 pollicentur
1566 4606 1578 4642 :
1603 4589 1697 4643 sed
1740 4596 1917 4644 tamen
1944 4589 1989 4644 si

420 4683 479 4725 se
505 4670 558 4725 in
581 4670 696 4741 ipsa
720 4680 920 4727 sancta:
942 4672 1245 4729 devotionis
1267 4674 1350 4728 via
1371 4683 1527 4729 caute
1552 4673 1739 4729 nolunt
1758 4674 1991 4731 circum-

419 4765 647 4836 spicere,
661 4764 854 4820 lsmael
878 4764 1157 4821 Nathanize
1172 4763 1310 4821 filius
1324 4765 1377 4820 in
1393 4781 1579 4821 eorum
1601 4781 1885 4822 occursum
1898 4782 1992 4822 ve-

419 4859 499 4915 nit
528 4872 544 4913 :
575 4858 703 4930 quia
732 4858 984 4914 nimirum
1011 4858 1237 4928 quilibet
1262 4859 1531 4931 malignus
1552 4861 1773 4929 spiritus
1794 4860 1993 4930 prioris

417 4950 523 5016 sui,
542 4949 758 5006 Satanae
786 4949 1047 5015 videlicet,
1064 4949 1307 5020 exemplo
1332 4950 1385 5004 in
1409 4951 1671 5022 superbiae
1690 4966 1874 5007 errore
1895 4968 1989 5023 ge-

416 5049 636 5096 neratus
659 5081 674 5105 ,
705 5055 764 5096 se
800 5040 869 5095 ad
894 5040 1143 5110 laqueum
1169 5040 1403 5110 deponit.
1436 5041 1512 5097 De
1545 5057 1654 5112 quo
1689 5051 1745 5098 et
1772 5043 1994 5099 benedi-

416 5132 594 5187 citur:
624 5151 642 5183 ι
675 5130 929 5189 incedens
958 5139 1012 5187 et
1039 5130 1255 5202 plorans
1281 5132 1393 5187 ibat
1424 5150 1438 5187 :
1480 5151 1499 5184 ι
1526 5133 1652 5202 quia
1685 5141 1745 5187 ut
1767 5134 1991 5190 devotas

416 5227 625 5276 mentes
668 5221 980 5277 interimere
1024 5220 1266 5277 feriendo
1305 5220 1614 5290 praevaleat,
1643 5222 1990 5292 semetipsum

415 5311 570 5380 quasi
605 5311 703 5365 sub
730 5310 995 5366 velamine
1018 5310 1231 5366 virtutis
1258 5310 1508 5374 occultat,
1535 5318 1591 5365 et
1616 5310 1742 5365 dum
1768 5326 1993 5367 concor5

414 5401 543 5456 dare
571 5416 630 5456 se
656 5416 784 5456 vere
831 5401 1133 5472 lugentibus
1188 5400 1426 5466 simulat,
1458 5397 1526 5454 ad
1570 5400 1750 5456 cordis
1802 5400 1988 5456 intima

413 5492 655 5547 securius
700 5492 995 5558 admissus,
1028 5492 1130 5547 hoc
1160 5491 1304 5561 quod
1343 5491 1489 5547 intus
1514 5490 1580 5547 de
1625 5490 1822 5547 virtute
1860 5490 1989 5547 latet

411 5583 629 5648 occidit,
660 5584 788 5653 quia
822 5583 1138 5652 plerumque
1173 5599 1231 5637 se
1263 5583 1488 5652 spondet
1525 5581 1593 5637 ad
1628 5581 1817 5637 altiora
1863 5597 1986 5651 pro—

412 5676 628 5729 vehere.
664 5674 815 5729 Unde
837 5674 1035 5730 dixisse
1064 5674 1375 5744 perhibetur
1400 5692 1412 5726 :
1450 5693 1467 5724 ι
1498 5671 1689 5729 Venite
1719 5672 1787 5727 ad
1809 5670 1985 5727 Codo-

416 5762 541 5816 liam
575 5760 740 5815 {ilium
763 5761 986 5815 Abicam
1015 5777 1029 5815 :
1063 5782 1081 5813 ι
1112 5770 1272 5831 atque
1312 5764 1437 5819 dum
1469 5763 1670 5832 maiora
1692 5761 1977 5833 promittit,

2097 1958 2208 2003 tum
2246 1950 2490 2015 rédeunt,
2524 1967 2625 2007 nec
2664 1952 2806 2023 capti
2833 1954 3155 2008 moriuntur.
3191 1954 3325 2010 Cum
3368 1972 3501 2011 vero
3540 1958 3682 2012 anti-

2095 2054 2234 2109 qnus
2264 2040 2435 2095 hostis
2482 2055 2658 2110 neque
2686 2041 2739 2096 in
2768 2042 2991 2097 exordio
3040 2043 3355 2099 intentionis
3400 2043 3549 2111 ferit,
3587 2062 3681 2100 ne-

2095 2144 2200 2199 que
2225 2130 2277 2184 in
2311 2131 2503 2187 itinere
2531 2133 2757 2188 actionis
2781 2134 3076 2205 intercipit,
3108 2136 3355 2191 duriores
3381 2137 3436 2191 in
3473 2136 3581 2191 fine
3598 2136 3683 2191 la-

2094 2235 2262 2289 queos
2294 2222 2548 2277 ostendit.
2581 2222 2751 2291 Quem
2782 2231 2933 2279 tanto
2955 2227 3183 2294 nequius
3211 2227 3449 2292 obsidet,
3479 2239 3685 2297 quanto

2096 2313 2269 2368 solum
2297 2315 2398 2369 sibi
2447 2315 2774 2370 remansisse
2803 2316 2870 2369 ad
2901 2315 3276 2385 decipiendum
3307 2315 3545 2371 videtur.
3575 2317 3681 2373 Hos

2096 2419 2328 2474 namque
2356 2404 2446 2459 fini
2481 2421 2577 2460 suo
2600 2405 2822 2475 laqueos
2848 2407 3120 2476 oppositos
3158 2408 3417 2476 propheta
3450 2422 3679 2479 conspe-

2095 2504 2272 2560 xerat,
2294 2511 2418 2551 cum
2453 2496 2665 2551 dicebat
2698 2514 2710 2549 :
2749 2514 2767 2546 ι
2803 2495 2908 2567 lpsi
2934 2495 3246 2550 calcaneum
3291 2511 3471 2550 meum
3499 2496 3682 2552 obser-

2095 2585 2485 2657 vabunt(Psal.
2518 2586 2627 2657 LV).
2664 2606 2684 2639 ι
2713 2586 2847 2654 Quia
2876 2587 3020 2641 enim
3061 2587 3114 2641 in
3153 2587 3409 2642 calcaneo
3451 2586 3575 2643 finis
3600 2597 3679 2643 est

2096 2675 2381 2746 corporis:
2420 2676 2548 2746 quid
2599 2691 2698 2748 per
2750 2677 2895 2732 hunc
2947 2676 3050 2732 nisi
3101 2674 3676 2750 terminus'figuratur

2096 2767 2357 2821 actionis?
2385 2765 2513 2822 Sive
2541 2781 2670 2838 ergo
2698 2766 2917 2837 maligni
2972 2768 3210 2838 spiritus,
3246 2769 3360 2823 sive
3404 2771 3557 2838 pravi
3588 2771 3678 2827 ho-

2098 2859 2271 2913 mines
2303 2858 2516 2913 illorum
2561 2859 2825 2929 superbia:
2857 2874 3115 2929 sequaces
3143 2860 3457 2915 calcaneum
3496 2863 3675 2917 ohser-

2097 2950 2299 3004 vabunt
2343 2962 2513 3004 tcum
2567 2948 2795 3004 actionis
2850 2949 3008 3003 bona!
3064 2949 3226 3005 finem
3288 2946 3482 3007 vitiare
3536 2952 3673 3007 desi-

2098 3042 2309 3097 derant.

2174 3148 2193 3182 ι
2220 3129 2394 3187 Lacus
2425 3138 2603 3185 autem
2645 3132 2700 3185 in
2730 3144 2890 3201 quem
2916 3129 3219 3201 proiecerat
3254 3132 3450 3188 lsmael
3500 3135 3676 3189 omnia

2103 3238 2121 3270 ι
2167 3221 2428 3276 cadavera
2466 3222 2728 3285 virorum,
2759 3235 2896 3290 quos
2941 3223 3207 3291 percussit
3247 3232 3471 3295 propter
3508 3222 3677 3280 Codo-

2102 3329 2121 3361 ι
2162 3310 2313 3377 llam,
2341 3312 2453 3382 ipse
2488 3320 2570 3367 est
2598 3324 2760 3381 quem
2790 3310 2919 3366 fecit
2962 3327 3056 3367 rex
3098 3312 3206 3367 Asa
3244 3323 3469 3384 propter
3510 3314 3675 3371 Bassa

2101 3422 2121 3456 ι
2169 3419 2349 3475 regem
2401 3403 2586 3459 Israel.
2631 3403 2811 3476 Ipsum
2867 3405 3094 3475 replevit
3162 3405 3354 3460 lsmael
3401 3407 3616 3463 occisis.
3652 3429 3670 3462 I

2097 3495 2387 3574 (Manlius)
2423 3496 2620 3551 Narrat
2662 3495 2800 3551 tam
2826 3494 3031 3568 Regum
3071 3494 3196 3567 (III
3234 3496 3361 3569 Reg.
3394 3498 3509 3571 xv),
3539 3502 3678 3570 quod

2094 3586 2265 3643 Baasa
2290 3600 2388 3642 rex
2416 3586 2580 3642 Israel
2627 3586 2931 3642 ascenderit
2969 3587 3021 3641 in
3063 3584 3325 3653 Judteam,
3361 3599 3418 3644 et
3446 3589 3679 3645 aedifica-

2094 3677 2233 3732 verit
2260 3675 2431 3731 Rama
2458 3685 2644 3731 utnon
2667 3676 3117 3748 possitquispiam
3142 3679 3325 3749 egredi
3346 3678 3428 3736 vel
3451 3680 3677 3753 ingredi,

2095 3767 2160 3821 de
2184 3774 2337 3835 parte
2354 3764 2460 3821 Asa
2488 3767 2631 3836 regis
2651 3763 2820 3821 ludat.
2838 3765 2992 3834 Quod
3014 3766 3237 3824 audiens
3257 3769 3363 3824 Asa
3390 3785 3483 3826 rex
3510 3770 3675 3838 Iudae,

2096 3856 2244 3911 misit
2270 3855 2338 3912 ad
2363 3855 2615 3913 Benedab
2650 3872 2835 3930 regem
2861 3857 3054 3930 Syriae,
3081 3858 3315 3916 oﬂerens
3348 3859 3427 3917 illi
3458 3880 3680 3920 munera

2095 3945 2247 4000 multi
2276 3945 2331 4000 in
2356 3960 2489 4001 auro
2507 3954 2565 4001 et
2586 3953 2832 4017 argento,
2847 3954 2908 4000 ut
2928 3945 3291 4017 disrumperet
3314 3948 3493 4006 ftedus
3535 3954 3676 4023 quod

2095 4035 2285 4091 habuit
2306 4051 2428 4092 cum
2458 4036 2632 4092 Baasa
2657 4052 2783 4109 rege
2800 4036 2992 4104 lsrael,
3015 4046 3071 4094 et
3095 4037 3264 4094 ferret
3287 4041 3387 4096 sibi
3420 4043 3674 4101 auxilium

2094 4134 2283 4181 contra
2310 4140 2454 4182 eum.
2492 4125 2595 4193 Qui
2626 4127 2778 4183 misit
2811 4128 3083 4200 principes
3104 4133 3379 4187 exercitus
3407 4134 3496 4188 sui
3520 4134 3570 4189 in
3599 4137 3675 4192 ci-

2093 4217 2290 4274 vitates
2321 4217 2503 4284 lsrael,
2550 4226 2607 4275 et
2644 4232 3031 4292 percusserunt
3072 4222 3303 4291 Aehion,
3355 4235 3411 4281 et
3457 4227 3590 4293 Dan,
3620 4237 3673 4283 et

2092 4305 2245 4374 Abel,
2267 4307 2485 4364 domum
2525 4307 2769 4375 Maacba,
2823 4321 2879 4368 et
2924 4313 3175 4369 universa
3201 4315 3532 4384 Cenneroth,
3560 4336 3673 4375 om-

2094 4410 2217 4451 nem
2251 4395 2459 4453 scilicet
2493 4406 2692 4454 terram
2726 4399 3014 4471 Neptalim.
3059 4402 3216 4471 Quod
3261 4422 3384 4462 cum
3437 4410 3671 4466 audisset

2096 4485 2265 4542 Bassa
2287 4486 2577 4544 intermisit
2601 4489 2872 4547 aediﬁcare
2900 4491 3093 4561 Rama,
3123 4501 3180 4549 et
3213 4511 3462 4553 reversus
3500 4508 3580 4555 est
3617 4501 3670 4555 in

2095 4585 2295 4632 terram
2324 4592 2498 4632 suam.
2522 4577 2637 4635 Rex
2661 4589 2841 4635 autem
2870 4581 2978 4636 Asa
3013 4583 3261 4640 nuntium
3290 4587 3434 4642 misit
3462 4587 3519 4644 in
3553 4605 3670 4644 om-

2094 4681 2217 4721 nem
2238 4665 2452 4735 Jndam,
2482 4676 2541 4723 ut
2569 4671 2727 4725 nemo
2765 4670 2838 4725 sit
2880 4684 3171 4730 excusatus
3198 4691 3213 4730 :
3242 4675 3311 4731 Et
3339 4678 3574 4734 tulerunt
3596 4679 3670 4734 ia-

2093 4757 2244 4829 pides
2267 4757 2435 4814 Rama
2452 4768 2509 4815 et
2532 4760 2712 4832 lingua
2733 4762 2849 4833 eius
2867 4763 3063 4832 quibus
3084 4765 3443 4823 aedificavth
3463 4768 3629 4824 Baasa
3650 4785 3666 4825 :

2092 4855 2148 4903 et
2167 4848 2435 4903 exstruxit
2460 4850 2526 4905 de
2555 4852 2760 4906 eisdem
2793 4867 2889 4908 rex
2920 4854 3049 4921 Asa,
3072 4853 3277 4915 Gabaa.
3316 4857 3592 4931 Beniamin
3615 4872 3667 4915 et

2095 4939 2360 5011 Masphat.
2390 4939 2502 4998 Hoc
2556 4952 2658 5008 est,
2697 4944 2839 5013 quod
2876 4960 3017 5002 nunc
3066 4946 3216 5013 dicit,
3267 4949 3443 5005 lacum
3480 4951 3666 5008 fecisse

2090 5031 2199 5087 Asa
2221 5040 2440 5103 propter
2463 5030 2631 5088 Baasa
2660 5050 2840 5105 regem
2886 5035 3072 5103 Israel,
3099 5052 3258 5107 quem
3286 5038 3477 5097 lsmael
3500 5043 3664 5115 reple-

2090 5124 2169 5179 vit
2193 5124 2405 5180 occisis.
2428 5123 2609 5180 Potuit
2627 5127 2771 5180 enim
2794 5124 2912 5181 ﬁeri
2941 5137 2998 5181 ut
3029 5128 3171 5184 inter
3198 5137 3393 5186 cetera
3418 5133 3661 5200 aedilicia,

2091 5232 2211 5287 qua:
2234 5216 2341 5273 Asa
2372 5233 2466 5274 rex
2488 5218 2793 5274 construxit
2822 5219 2876 5274 in
2907 5219 3171 5291 Masphat,
3205 5220 3398 5280 fecerit
3427 5225 3566 5281 hunc
3590 5226 3652 5280 la-

2090 5322 2212 5362 cum
2235 5322 2394 5379 quem
2419 5307 2698 5378 Scriptura
2722 5320 3107 5366 commemorat
3131 5327 3147 5343 ο
3174 5323 3395 5384 propter
3418 5330 3551 5387 opus
3570 5316 3659 5370 ali-

2094 5396 2237 5469 quod
2268 5398 2651 5452 necessarium.
2690 5396 2913 5470 Mystice
2943 5412 3124 5455 autem
3156 5404 3537 5475 quoscunque,
3557 5406 3660 5475 spi-

2092 5486 2265 5542 ritalis
2284 5486 2476 5541 lsmael
2506 5485 2653 5541 ferus
2676 5496 2731 5541 ct
2756 5489 3007 5555 crudelis,
3041 5490 3193 5559 cuius
3221 5507 3411 5548 manus
3447 5494 3659 5566 erigitur

2090 5587 2279 5634 contra
2307 5593 2515 5644 onmes,
2546 5587 2603 5633 et
2641 5594 2858 5649 semper
2896 5580 2960 5634 ad
2993 5584 3289 5638 nocendum
3320 5594 3537 5654 paratus
3558 5590 3651 5645 est,

2090 5671 2211 5727 dolo
2239 5670 2320 5727 vel
2365 5669 2551 5724 fraude
2586 5669 2934 5739 interfecerit,
2985 5674 3038 5728 in
3086 5676 3260 5730 lacum
3301 5676 3569 5747 sulphuris
3603 5685 3654 5732 et

2091 5764 2227 5832 ignis
2246 5761 2429 5817 aeterni
2460 5762 2833 5832 prxcipitabit.
