3970 6190
265 260 285 314 l
297 252 404 314 089'

1145 255 1513 313 EXPOSITIO
1552 256 1776 342 SUPER
1814 257 2181 314 .IEREMIAM.
2218 291 2286 300 —
2321 261 2450 317 LIB.
2492 260 2630 318 XIV.

3387 262 3526 322 I090

337 389 358 423 ι
395 370 466 424 Et
495 368 739 439 captivas
768 368 920 424 duxit
948 367 1138 424 lsmael
1161 384 1352 426 omnes
1382 371 1637 441 reliquias
1669 373 1847 444 populi
1876 379 1924 439 Α
1957 391 1978 426 ι
2019 383 2108 430 cet
2137 375 2258 432 illos
2289 395 2301 430 :
2331 386 2387 432 et
2408 379 2694 434 amicietur
2729 386 2875 434 terra
2909 379 3148 452 Egypti,
3179 380 3319 438 sicut
3343 383 3528 440 amici-

261 486 284 522 ι
329 466 424 538 qui
449 473 607 521 erant
630 465 682 519 in
715 465 978 534 Masphat,
1005 465 1143 520 ﬁlias
1172 467 1316 537 regis
1344 476 1400 522 et
1423 468 1732 524 universum
1755 483 1851 538 po-

263 577 285 612 ι
329 558 515 630 pulum
551 556 643 626 qui
702 564 1037 611 remanserat
1068 557 1122 610 in
1182 556 1468 626 Masphat,
1522 573 1657 628 quos
1705 573 1852 614 coni-

263 668 285 702 σ
330 648 686 703 mer-daverat
709 644 1068 700 Nabuzardan
1097 647 1350 716 princeps
1383 648 1586 702 militiae
1611 648 1850 704 Godolite

265 755 285 789 ι
334 737 448 792 ﬁlio
469 737 716 801 Ahicam,
747 744 804 790 et
836 735 980 804 cepit
1016 751 1110 791 eos
1139 735 1329 791 lsmael
1355 737 1496 792 ﬁlius
1524 737 1802 793 Natbanite
1831 757 1847 792 :

265 848 283 880 ι
333 838 388 882 et
410 829 542 884 abiit
578 837 641 881 ut
680 827 938 881 transiret
965 827 1031 880 ad
1061 826 1198 881 ﬁlios
1225 827 1478 882 Ammon.
1509 826 1728 882 Audivit
1755 844 1850 882 au—

264 937 284 970 α
336 927 443 973 tem
492 916 777 972 Johannan
831 916 972 970 ﬁlius
1003 915 1211 982 Careai,
1261 926 1315 972 et
1363 933 1552 974 omnes
1578 919 1850 990 principes

264 1029 284 1060 ι
333 1008 676 1071 bellatorum,
707 1007 798 1076 qui
820 1013 978 1061 erant
1017 1021 1139 1061 cum
1169 1021 1255 1074 eo,
1294 1023 1455 1063 omne
1485 1009 1682 1064 malum
1707 1009 1851 1080 quod

265 1115 285 1147 ‹
334 1095 538 1150 fecerat
558 1095 748 1149 lsmael
785 1093 927 1150 ﬁlius
959 1095 1258 1161 Nathaniaa,
1297 1107 1352 1153 et
1402 1101 1693 1170 assumptis
1725 1100 1849 1154 uni-

265 1206 285 1238 ι
337 1189 508 1243 versis
529 1187 682 1251 viris,
708 1185 937 1256 profecti
984 1197 1110 1244 sunt
1156 1196 1218 1242 ut
1261 1189 1526 1246 bellarent
1563 1192 1850 1248 adversum

266 1296 288 1330 ι
333 1277 522 1332 lsmael
547 1277 713 1332 ﬁlium
739 1276 1044 1343 Nathaniaa,
1082 1298 1102 1330 ι
1134 1287 1189 1334 et
1216 1278 1441 1350 reliqua.
1466 1280 1720 1352 Captivas
1747 1284 1849 1339 du-

259 1368 342 1422 cit
362 1366 554 1422 Ismael
573 1367 831 1436 reliquias
851 1369 1054 1438 populi,
1071 1367 1160 1437 qui
1183 1378 1338 1423 erant
1359 1371 1413 1424 in
1437 1371 1702 1441 Masphat,
1727 1388 1848 1428 cum

261 1459 536 1530 malignus
563 1459 786 1529 spiritus
815 1459 1000 1514 ﬁdeles
1021 1460 1311 1528 quoslibet,
1338 1463 1427 1531 qui
1453 1471 1608 1518 erant
1640 1464 1694 1518 in
1717 1480 1851 1520 con—

264 1549 613 1620 templatione
641 1557 695 1604 et
724 1549 1070 1605 meditatione
1104 1550 1238 1622 legis
1278 1551 1396 1618 Dei,
1435 1553 1519 1608 vel
1550 1554 1602 1608 in
1633 1557 1850 1626 speculo

261 1639 540 1702 virtutum,
576 1640 880 1695 seducendo
908 1641 1053 1696 vitiis
1081 1643 1397 1714 corrumpit,
1425 1653 1587 1714 atque
1610 1647 1850 1716 peccatis

1957 483 1976 516 ι
2023 472 2111 519 tur
2135 474 2317 534 pastor
2343 467 2506 536 pallio
2525 483 2623 524 suo
2641 508 2657 534 ,
2683 479 2740 524 et
2773 470 3084 543 egredietur
3121 471 3246 527 inde
3292 472 3345 526 in
3375 489 3530 544 pace,

1956 575 1976 607 ι
2019 565 2076 610 et
2108 566 2355 612 conteret
2385 567 2594 614 statuas
2618 561 2810 616 domus
2836 561 2985 628 solis,
3015 577 3135 631 quae
3156 573 3280 618 sunt
3309 563 3362 618 in
3386 573 3531 620 terra

1957 663 1977 696 ι
2022 645 2240 717 Egypti
2277 665 2294 700 :
2331 655 2396 703 et
2438 649 2660 704 delubra
2709 651 2931 706 deorum
2986 651 3202 723 Egypti
3255 656 3535 710 comburet

1956 755 1982 787 ς
2017 735 2147 808 igni.
2185 756 2206 790 ι
2237 738 2533 811 (Μλυιιυε.)
2562 739 2716 796 Hanc
2767 740 2949 812 fugam
2987 743 3338 814 reliquiarum
3367 745 3534 802 Israe-

1951 823 2081 880 litici
2114 825 2314 896 populi,
2344 837 2404 882 et
2434 828 2722 883 transitum
2754 839 2943 885 contra
2974 834 3197 887 verbum
3235 834 3448 890 Domini
3478 836 3531 889 in

1949 912 2264 985 Egyptum,
2304 931 2466 985 quam
2516 917 2603 972 hic
2647 918 2910 987 propheta
2958 919 3222 978 Jereinias
3272 923 3325 978 in
3363 925 3534 980 tribus

1951 1004 2219 1072 capitulis,
2257 1005 2361 1061 hoc
2389 1013 2493 1072 est,
2525 1006 2577 1060 in
2606 1017 2822 1062 centum
2847 1010 3235 1082 quinquaginta
3279 1023 3529 1082 quatuor,

1948 1099 2004 1147 et
2047 1102 2266 1149 centum
2303 1096 2689 1166 quinquaginta
2736 1099 2993 1168 quinque,
3035 1108 3091 1155 et
3133 1110 3352 1158 centum
3380 1104 3536 1174 quin-

1948 1186 2203 1256 quaginta
2231 1201 2350 1252 sex,
2379 1186 2535 1258 longa
2578 1190 2888 1244 narratione
2930 1192 3164 1245 retexuit
3194 1211 3207 1245 :
3239 1193 3366 1248 olim
3407 1203 3533 1249 ante

1948 1271 2115 1330 Isaias
2146 1277 2397 1345 praedixit
2426 1291 2440 1330 :
2473 1277 2576 1332 hoc
2618 1285 2734 1340 est,
2775 1287 2990 1334 centum
3022 1281 3409 1352 quinquaginta
3437 1300 3533 1338 an-

1949 1367 2055 1431 nis,
2107 1368 2197 1436 qui
2243 1366 2463 1422 fuerunt
2505 1369 2648 1423 inter
2704 1369 2892 1424 Isaiam
2930 1378 2985 1424 et
3023 1369 3335 1426 Jeremiam.
3387 1373 3535 1428 Scri-

1948 1464 2098 1526 ptum
2128 1464 2212 1510 est
2239 1457 2384 1510 enim
2433 1457 2507 1511 ita
2560 1457 2612 1511 in
2657 1457 2796 1513 libro
2846 1459 2997 1514 Isaia:
3041 1461 3315 1530 prophetae
3348 1479 3360 1514 :
3391 1482 3408 1512 ι
3443 1463 3533 1518 Va:

1949 1542 2045 1598 ﬁlii
2069 1544 2395 1608 desertores,
2419 1545 2548 1601 dicit
2571 1547 2851 1614 Dominus,
2873 1556 2932 1602 ut
2959 1549 3204 1604 faceretis
3223 1551 3531 1617 consilium,

1949 1643 2007 1688 et
2030 1649 2136 1688 non
2165 1651 2232 1690 ex
2261 1649 2347 1690 me
2385 1653 2400 1690 :
2427 1647 2484 1692 et
2505 1638 2822 1695 ordiremini
2853 1640 3034 1705 telam,
3061 1651 3117 1696 et
3159 1657 3266 1698 non
3291 1658 3389 1713 per
3424 1646 3536 1714 spi-

260 1727 468 1801 obtigai
491 1747 504 1782 :
529 1743 628 1783 nec
663 1744 770 1784 non
799 1738 857 1784 et
882 1729 1020 1786 ﬁlias
1045 1733 1208 1804 regis,
1239 1734 1343 1788 hoc
1382 1744 1485 1801 εει,
1511 1737 1718 1792 animas
1744 1753 1845 1792 no-
1875 1717 1924 1777 B
1951 1726 2115 1782 ritum
2140 1741 2338 1795 meum,
2361 1737 2421 1784 ut
2445 1730 2716 1787 adderetis
2739 1741 3022 1800 peccaturo
3046 1749 3208 1802 super
3227 1743 3529 1804 peccatum,

261 1819 421 1886 biles,
447 1821 642 1890 quibus
683 1821 874 1877 Petrus
901 1822 978 1876 ait
1010 1841 1024 1876 :
1061 1843 1079 1875 ι
1116 1824 1223 1880 Vos
1261 1826 1392 1880 estis
1430 1842 1601 1897 genus
1641 1830 1846 1899 regium

261 1922 322 1969 et
367 1912 703 1968 sacerdotale
734 1912 788 1983 (Ι
831 1911 975 1968 Petr.
1007 1914 1092 1988 ιι).
1131 1935 1150 1968 ι
1182 1916 1254 1972 Ut
1295 1917 1587 1973 transferat
1631 1920 1752 1976 illas
1779 1921 1848 1976 ad

264 2003 407 2058 ﬁlios
445 2003 697 2070 Ammon,
731 2005 823 2072 qui
863 2005 1250 2075 interpretatur
1281 2008 1460 2079 populi
1502 2013 1757 2078 misi-oris,
1793 2020 1849 2066 et

262 2109 362 2151 eos
403 2095 695 2165 participes
729 2104 783 2150 et
813 2096 989 2151 socios
1014 2095 1182 2151 faciat
1213 2098 1534 2168 perditionis
1568 2101 1848 2157 damnato-

263 2200 387 2238 rum
434 2193 487 2238 et
515 2185 567 2238 in
597 2199 833 2240 mcerore
879 2185 1212 2255 sempiterno
1241 2188 1676 2244 consistentium.
1708 2189 1849 2246 Con-

261 2284 350 2330 tra
380 2289 538 2344 quem
567 2272 853 2329 Johannan
870 2275 1026 2329 .lilius
1047 2275 1252 2341 Careaa,
1283 2285 1338 2331 et
1360 2293 1548 2333 omnes
1575 2280 1848 2350 principes

259 2367 603 2432 bellatorum,
621 2367 711 2435 qui
736 2357 862 2420 sunt
887 2381 1008 2421 cum
1031 2381 1116 2432 eo,
1141 2366 1503 2438 conﬁiguntur
1527 2383 1648 2423 cum
1672 2370 1853 2425 docto-

260 2473 353 2514 res
379 2457 550 2512 sancti
581 2464 636 2511 et
657 2456 914 2510 virtutum
937 2455 1038 2510 viri
1067 2457 1238 2526 gratia
1263 2465 1318 2514 et
1348 2458 1720 2514 misericordia
1751 2459 1848 2514 Dei

257 2549 574 2614 confortati,
630 2549 774 2618 quod
818 2556 976 2602 sonat
1011 2546 1278 2615 Johanna,
1339 2557 1528 2605 contra
1579 2551 1850 2620 nequitias

260 2641 534 2713 spiritales
570 2641 856 2711 pugnando
910 2640 1173 2694 reducunt
1222 2641 1609 2710 captivitatem,
1661 2650 1717 2696 et
1753 2657 1851 2711 per

260 2735 637 2807 pmnitentiam
660 2743 822 2802 atque
844 2733 1233 2788 correctionem
1257 2734 1458 2788 erroris
1478 2735 1561 2788 sui
1587 2734 1851 2789 reducunt

261 2841 385 2879 eam
421 2825 486 2878 ad
513 2831 752 2878 sanctam
784 2821 1081 2877 Ecclesiam
1116 2839 1130 2876 :
1161 2833 1222 2875 ut
1245 2823 1333 2892 qui
1364 2823 1697 2893 prtedaverat
1719 2839 1850 2880 con-

263 2915 417 2970 fusus
445 2915 699 2970 abscedat
726 2934 738 2969 :
769 2924 824 2970 et
860 2915 1248 2983 captivitatem,
1277 2929 1437 2983 quam
1476 2915 1672 2983 injuste
1699 2924 1847 2970 tene-

262 3006 376 3070 bat,
406 3014 691 3075 superatus
713 3006 946 3059 amittat.
987 3004 1142 3059 Sicut
1177 3004 1320 3058 enim
1349 3005 1481 3060 dicit
1510 3005 1801 3075 Apostolus
1829 3025 1843 3061 :

270 3115 291 3148 r
328 3097 581 3152 Resistitc
610 3097 846 3162 diabolo,
883 3104 936 3150 et
979 3095 1146 3168 fugite
1185 3112 1217 3150 a
1259 3097 1414 3152 nobis
1439 3098 1653 3169 (Ep/tes.
1685 3098 1783 3171 vi).
1823 3119 1842 3150 ›

340 3207 360 3242 ι
390 3189 534 3242 Tulit
553 3203 680 3259 ergo
704 3187 986 3242 Johannan
1015 3186 1157 3240 ﬁlius
1173 3187 1376 3252 Careae,
1409 3196 1464 3242 et
1493 3203 1680 3242 omnes
1703 3188 1850 3258 prin-

270 3295 292 3332 c
335 3279 485 3349 cipes
516 3279 855 3343 bellatorum,
889 3279 976 3346 qui
1005 3287 1304 3332 erantcum
1333 3293 1419 3342 eo,
1458 3279 1740 3335 universas
1764 3296 1849 3336 re-

271 3387 291 3420 ι
333 3369 530 3439 liquias
551 3370 714 3440 vulgi,
731 3385 868 3438 quas
894 3369 1183 3424 reduxerat
1205 3371 1272 3424 ab
1294 3369 1516 3424 Ismaele
1531 3371 1640 3426 ﬁlio
1653 3371 1848 3426 Nutha-

268 3480 288 3511 ‹
335 3461 438 3514 nia:
468 3461 535 3514 de
563 3461 828 3531 Masphat,
864 3471 1150 3530 postquam
1179 3462 1446 3530 percussit
1482 3462 1759 3517 Godoliam
1786 3463 1849 3516 ﬁ-

269 3573 287 3604 ι
335 3554 466 3608 lium
506 3554 753 3618 Ahicam,
786 3552 952 3609 fortes
994 3553 1141 3608 viros
1167 3553 1234 3608 ad
1276 3553 1540 3623 prmlium,
1571 3563 1624 3607 et
1652 3555 1846 3609 mulie-

268 3663 287 3694 ι
331 3659 437 3708 res,
505 3652 558 3698 et
602 3660 821 3714 pueros,
850 3653 904 3700 et
933 3645 1208 3700 eunuchos
1254 3660 1390 3714 quos
1447 3645 1734 3700 reduxerat
1781 3645 1848 3700 de

267 3753 285 3785 ι
330 3732 572 3798 Gabaon,
600 3742 655 3788 et
693 3735 960 3800 abierunt,
987 3744 1041 3790 et
1078 3737 1334 3790 sederunt
1368 3737 1774 3806 peregrinantes
1793 3737 1847 3791 in

268 3843 288 3874 ι
328 3823 608 3889 Chanaan,
640 3840 757 3893 quae
783 3835 866 3879 est
882 3825 1034 3894 juxta
1064 3824 1336 3881 Bethleem
1362 3842 1376 3880 :
1401 3836 1458 3881 ιιι
1486 3836 1772 3898 pergerent
1793 3835 1849 3883 et

270 3933 289 3965 c
336 3915 619 3969 introirent
641 3915 930 3987 Egyptum
979 3932 1009 3970 a
1057 3916 1194 3973 facie
1243 3919 1636 3974 Chaldaeorum.
1664 3920 1846 3975 Time-

269 4021 288 4056 α
333 4005 464 4059 bant
495 4005 637 4059 enim
664 4021 779 4070 eos,
806 4007 929 4075 quia
964 4017 1307 4076 percusserat
1349 4009 1542 4064 lsmael
1570 4009 1711 4064 ﬁlius
1738 4009 1846 4064 Na-

269 4113 290 4147 ι
339 4097 540 4151 thaniae
561 4096 838 4151 Godoliam
887 4097 1050 4152 ﬁlium
1076 4099 1323 4164 Aiebam,
1355 4114 1514 4169 quem
1544 4115 1850 4170 praeposue-

267 4205 289 4238 ι
331 4196 417 4240 rat
448 4201 542 4242 rex
571 4187 857 4258 Babylonis
900 4189 952 4242 in
995 4197 1138 4243 terra
1164 4189 1298 4246 Juda
1319 4232 1334 4256 ,
1363 4200 1494 4257 etc.,
1528 4211 1545 4242 ι
1579 4207 1749 4262 usque
1779 4191 1846 4246 ad

261 4293 390 4334 cum
418 4278 593 4334 locum
623 4280 711 4336 ubi
740 4281 996 4350 scriptum
1032 4288 1112 4336 est
1133 4282 1185 4336 in
1216 4283 1391 4352 capite
1423 4299 1576 4338 xuii.

703 4440 930 4496 CAPUT
969 4439 1104 4494 XLII
1132 4457 1198 4495 ετ
1226 4439 1408 4494 XLIII.

267 4569 504 4640 Rogatur
552 4569 827 4642 Ieremias
865 4570 1132 4624 consulere
1167 4571 1517 4642 progreliquis
1563 4568 1844 4642 Dominum

335 4650 384 4710 e_t
410 4641 700 4710 respondet,
724 4641 881 4694 nolite
908 4642 1104 4693 intrare
1128 4640 1182 4694 in
1222 4640 1528 4710 /Egyptum.
1558 4641 1634 4695 De
1680 4642 1844 4695 verbis

334 4708 587 4779 Ieremia:
627 4711 695 4762 ad
742 4710 1009 4779 populum,
1064 4728 1215 4779 quem
1267 4708 1552 4764 Johannan
1598 4711 1742 4779 ducit
1788 4713 1844 4766 in

338 4777 627 4847 zﬁgyptum
651 4793 668 4829 :
689 4777 946 4851 Jereinias
988 4777 1218 4833 ascendit
1235 4779 1484 4851 lapides,
1507 4781 1561 4834 in
1614 4777 1843 4851 Tapt'mis

336 4842 494 4916 super
519 4865 648 4918 quos
679 4849 750 4901 ait
774 4859 1014 4902 venturos
1047 4865 1214 4919 regem
1228 4842 1532 4920 Babylonis.

345 5013 367 5047 ο
409 4995 548 5051 Ecce
572 5011 672 5067 ego
700 4997 909 5050 mittam
944 5005 999 5052 et
1033 5011 1304 5051 assumam
1352 4996 1846 5054 Nabuchodonosor

269 5106 289 5139 α
337 5101 519 5157 regem
551 5087 836 5159 Babylonis
879 5103 1094 5143 servum
1127 5104 1326 5152 meum,
1355 5097 1410 5143 et
1451 5105 1649 5159 ponam
1691 5091 1842 5146 thro-

269 5198 289 5231 ε
335 5194 465 5233 num
516 5177 632 5247 ejus
662 5194 824 5248 super
849 5179 1054 5249 lapides
1087 5180 1220 5233 istos
1262 5193 1402 5248 quos
1451 5180 1706 5234 abscondi
1745 5190 1847 5235 :et

269 5289 291 5322 ‹
337 5278 544 5325 statuet
574 5269 766 5325 solium
809 5285 965 5325 suum
1007 5285 1171 5340 super
1187 5285 1312 5324 eos.
1345 5270 1686 5339 Veniensque
1716 5287 1844 5342 per-

271 5379 293 5411 ι
334 5361 504 5414 cutiet
536 5368 738 5415 terram
771 5360 1011 5432 Egypti,
1043 5375 1180 5429 quos
1211 5360 1263 5414 in
1295 5367 1486 5425 morte,
1517 5361 1570 5412 in
1596 5369 1843 5424 mortem,

271 5466 294 5500 ι
340 5456 398 5502 et
421 5463 556 5517 quos
582 5450 637 5504 in
663 5450 994 5519 captivitate,
1036 5451 1088 5504 in
1115 5451 1503 5519 captivitatem,
1533 5458 1587 5505 et
1626 5465 1763 5519 quos
1793 5451 1846 5504 in

271 5557 291 5590 ο
337 5538 532 5608 gladio,
557 5540 610 5593 in
633 5540 868 5610 gladium
894 5559 906 5594 :
936 5549 992 5595 et
1017 5541 1306 5596 succendet
1336 5542 1512 5612 ignem
1535 5542 1588 5595 in
1611 5541 1851 5597 delubris

269 5649 290 5682 ο
337 5631 560 5686 deorum
585 5630 824 5704 Egypti,
861 5639 916 5687 et
951 5632 1235 5688 comburet
1275 5645 1362 5699 ea,
1388 5641 1444 5687 et
1488 5632 1732 5702 captivos
1755 5633 1852 5688 du-

1871 4401 1924 4460 D

1951 1815 2046 1886 qui
2103 1816 2392 1874 ambulatis
2429 1827 2488 1874 ut
2518 1821 2856 1877 descendatis
2913 1823 2964 1877 in
3009 1823 3333 1894 IEgyptum,
3380 1834 3436 1880 et
3472 1841 3536 1881 os

1950 1921 2130 1962 meum
2170 1923 2276 1963 non
2307 1909 2681 1980 interrogastis
2704 1929 2719 1965 :
2746 1922 3028 1982 sperantes
3055 1916 3312 1970 auxilium
3343 1918 3397 1971 in
3424 1915 3533 1971 for-

1950 1995 2178 2050 titudine
2221 1997 2540 2064 Pharaonis,
2585 2008 2642 2056 et
2681 2001 2945 2057 habentes
2975 2003 3226 2058 ﬁduciam
3257 2005 3310 2059 in
3337 2008 3529 2061 umbra

1950 2083 2170 2156 Egypti
2195 2088 2315 2142 :'Et
2351 2088 2458 2143 erit
2491 2090 2644 2146 vobis
2691 2089 2948 2146 fortitudo
2976 2091 3288 2158 Pharaonis,
3319 2094 3374 2149 in
3403 2110 3533 2151 oon-

1949 2176 2240 2246 fusionem,
2286 2188 2342 2235 et
2366 2181 2562 2236 ﬁducia
2591 2183 2796 2239 umbra
2824 2183 3042 2255 Egypti
3070 2186 3123 2241 in
3157 2186 3529 2256 ignominiam.

1951 2269 2130 2326 lerant
2167 2273 2312 2327 enim
2353 2272 2409 2328 in
2454 2273 2695 2345 Taphnis
2729 2276 3000 2346 principes
3037 2276 3136 2341 tui,
3171 2285 3228 2331 et
3251 2279 3424 2332 nuntii
3453 2279 3532 2334 tui

1952 2379 2123 2434 usque
2149 2367 2215 2420 ad
2233 2365 2488 2436 Taphnes
2508 2377 2873 2438 pervenerunt
2902 2388 2915 2423 :
2947 2368 3147 2426 Omnes
3173 2370 3380 2426 confusi
3405 2380 3532 2428 sunt

1947 2469 2114 2524 super
2142 2457 2357 2526 populo,
2398 2457 2490 2528 qui
2538 2460 2619 2514 eis
2667 2460 2924 2529 prodesse
2970 2477 3075 2515 non
3123 2471 3392 2530 poterant,
3419 2479 3528 2518 non

1951 2547 2171 2603 fuerunt
2201 2549 2253 2603 in
2283 2549 2542 2605 auxilium
2571 2559 2627 2606 et
2652 2551 2705 2605 in
2733 2551 2966 2621 aliquam
3010 2553 3321 2618 utilitatem,
3354 2556 3446 2610 sed
3474 2556 3532 2610 in

1949 2636 2318 2693 confusionem
2355 2647 2410 2694 et
2450 2641 2796 2710 opprobrium
2838 2641 2972 2713 (lsa.
3016 2644 3168 2715 xxx).
3198 2664 3216 2695 ι
3259 2645 3529 2718 (Ηίενοη.)

1951 2727 2202 2783 Prtedicit
2229 2730 2374 2784 enim
2402 2731 2683 2786 historiam
2707 2733 2866 2798 hanc,
2890 2749 3051 2803 quam
3083 2736 3135 2788 in
3166 2735 3415 2792 Jeremiaa
3435 2751 3532 2792 vo-

1949 2818 2152 2874 lumine
2205 2819 2462 2892 legimus,
2517 2824 2733 2892 quando
2784 2825 3042 2880 subversa
3090 2825 3422 2894 Jerusalem,
3473 2840 3531 2885 et

1950 2911 2200 2964 omnibus
2226 2910 2280 2964 in
2308 2911 2634 2983 Babylonem
2657 2914 2850 2984 opibus
2874 2915 3313 2988 principibusque
3351 2925 3529 2975 trans-

1953 2998 2096 3063 latis,
2129 3001 2448 3070 praepositus
2471 3011 2558 3056 est
2585 3003 2670 3056 vir
2707 3005 2837 3073 regii
2877 3007 3091 3075 generis
3118 3008 3204 3061 his
3231 3008 3323 3077 qui
3358 3009 3409 3063 in
3436 3009 3532 3065 Ju-

1951 3089 2063 3143 dzea
2096 3099 2467 3145 remanserant
2513 3092 2768 3148 Godolias
2805 3094 2947 3148 ﬁlius
2981 3095 3206 3151 Ahicam
3236 3113 3250 3152 :
3288 3099 3404 3166 Quo
3432 3117 3531 3171 per

1947 3177 2130 3232 dolum
2154 3194 2276 3234 cum
2303 3179 2565 3236 Chaldaeis
2585 3183 2748 3237 sociis
2776 3185 3084 3252 interfecto,
3113 3203 3304 3244 omnes
3329 3192 3530 3262 princig

1947 3283 2044 3338 pes
2062 3269 2398 3334 bellatorum,
2431 3279 2486 3325 et
2521 3270 2802 3326 Johannan
2845 3274 2984 3328 ﬁlius
3010 3275 3216 3341 Careae,
3246 3286 3301 3332 et
3336 3278 3530 3334 Jecho—

1948 3359 2066 3412 nias
2109 3359 2252 3413 lilius
2283 3359 2445 3425 Osiae,
2477 3370 2534 3415 et
2569 3362 2833 3432 reliquum
2883 3365 3074 3435 vulgus
3102 3381 3130 3419 a
3160 3382 3330 3436 parvo
3355 3384 3527 3438 usque

1948 3451 2014 3505 ad
2037 3467 2312 3520 magnum,
2345 3465 2695 3509 accesserunt
2737 3455 2806 3509 ad
2849 3455 3139 3510 Jeremiam
3185 3461 3525 3528 prophetam,

1947 3546 2002 3594 et
2039 3540 2292 3596 dixerunt
2317 3541 2366 3596 ei
2393 3561 2405 3596 :
2435 3562 2453 3594 ι
2487 3542 2656 3598 Cadat
2707 3545 2885 3599 ora-tio
2926 3555 3112 3600 nostra
3143 3547 3195 3600 in
3237 3562 3527 3618 conspectu

1947 3644 2062 3700 tuo,
2095 3644 2149 3688 et
2169 3651 2265 3690 ora
2293 3652 2392 3706 pro
2427 3637 2584 3692 nobis
2627 3640 2696 3692 ad
2742 3640 3025 3693 Dominum
3069 3641 3235 3695 Deum
3261 3651 3408 3697 tuum
3433 3659 3529 3713 pro

1947 3726 2218 3780 universis
2244 3727 2486 3796 reliquiis
2517 3729 2654 3792 istis,
2688 3730 2810 3797 quia
2849 3730 3018 3784 relicti
3050 3747 3236 3786 sumus
3283 3735 3438 3801 pauci
3464 3735 3531 3789 de

1949 3816 2192 3885 pluribus
2219 3817 2517 3871 sicutoculi
2549 3819 2625 3871 tui
2657 3833 2755 3873 nos
2790 3819 3071 3872 intuentur
3113 3837 3126 3872 :
3169 3829 3224 3874 et
3247 3823 3532 3877 annuntiet

1949 3907 2105 3961 nobis
2130 3907 2387 3962 Dominus
2410 3907 2552 3962 Deus
2575 3917 2700 3962 tuus
2721 3910 2885 3973 viam,
2911 3925 3008 3977 per
3031 3925 3191 3978 quam
3220 3927 3528 3982 pergamus,

1949 4003 2005 4050 et
2027 3995 2247 4050 verbum
2275 3997 2416 4066 quod
2457 3996 2740 4052 faciamus.
2776 4018 2794 4049 ι
2824 3996 3066 4068 Cumque
3105 3999 3368 4055 Jeremias
3407 4011 3530 4070 post

1950 4087 2134 4142 decem
2157 4087 2274 4142 dies
2309 4102 2376 4142 ex
2413 4101 2663 4144 sermone
2709 4089 2920 4143 Domini
2973 4091 3375 4166 respondisset:
3403 4093 3526 4147 ﬂare

1949 4179 2080 4234 dicit
2111 4178 2369 4234 Dominus
2394 4178 2537 4234 Deus
2570 4179 2734 4234 Israel
2760 4193 2774 4232 :
2806 4177 2862 4234 Si
2893 4180 3246 4249 quiescentes
3263 4183 3526 4236 manseri-

1950 4267 2019 4322 tis
2066 4268 2119 4322 in
2169 4277 2310 4324 terra
2372 4269 2476 4324 hac
2531 4269 2808 4324 aediﬁcabo
2841 4285 2955 4334 vos,
3001 4280 3055 4326 et
3087 4287 3190 4324 non
3235 4272 3524 4339 destruam,

1949 4356 2200 4426 plantabo
2225 4365 2280 4412 et
2310 4373 2417 4411 non
2439 4357 2660 4412 evellam
2691 4376 2704 4412 :
2731 4361 2986 4429 quoniam
3021 4361 3260 4431 placatus
3286 4379 3404 4418 sum
3433 4379 3527 4419 su-

1948 4463 2046 4518 per
2075 4446 2216 4502 malo
2233 4449 2377 4518 quod
2407 4447 2508 4502 feci
2537 4449 2707 4504 vobis.
2737 4448 2912 4504 Nolite
2941 4451 3132 4506 timere
3158 4467 3187 4505 a
3217 4451 3355 4508 facie
3382 4455 3525 4526 regis

1947 4534 2254 4606 Babylonis,
2285 4549 2442 4605 quem
2481 4551 2576 4591 vos
2599 4538 2772 4606 pavidi
2801 4537 3102 4595 formidatis
3132 4559 3145 4594 :
3176 4541 3242 4595 Et
3268 4551 3390 4612 post
3414 4559 3530 4599 mo-

1948 4627 2164 4682 dicum:
2197 4626 2254 4682 Si
2297 4637 2479 4683 autem
2511 4629 2756 4684 dixeritis
2807 4645 2912 4684 non
2961 4632 3268 4689 habitamus
3297 4635 3349 4689 in
3379 4646 3522 4693 terra

1948 4717 2072 4782 ista,
2110 4727 2166 4772 et
2193 4719 2483 4787 posueritis
2528 4718 2720 4775 faciem
2761 4730 3019 4788 vestram,
3047 4731 3107 4777 ut
3151 4725 3527 4794 ingrediamini

1945 4809 2260 4881 Egyptum,
2299 4821 2355 4866 et
2401 4812 2734 4868 intraveritis
2776 4822 2834 4868 ut
2878 4815 2950 4869 ibi
3002 4815 3274 4883 habitetis,
3319 4819 3528 4888 gladius

1951 4915 2110 4969 quem
2137 4917 2230 4956 vos
2256 4900 2558 4957 formidatis
2589 4904 2660 4958 ibi
2697 4905 3113 4973 comprehendet
3135 4921 3251 4971 vos,
3277 4914 3332 4960 et
3359 4905 3528 4960 fames

1951 5003 2050 5057 pro
2081 5005 2186 5059 qua
2212 4991 2342 5045 estis
2371 4992 2584 5046 solliciti
2610 4993 2904 5049 adhaerebit
2940 4995 3093 5050 vobis
3119 4996 3170 5048 in
3194 4994 3447 5064 Egypto,
3472 5003 3529 5049 et

1952 5081 2024 5135 ibi
2069 5083 2392 5137 moriemini.
2429 5068 2448 5135 ί
2482 5084 3000 5155 Responderuntque
3037 5085 3141 5138 viri
3188 5085 3403 5154 superbi
3447 5086 3527 5139 di-

1953 5180 2135 5227 centes
2163 5173 2230 5227 ad
2254 5172 2543 5228 Jeremiam
2568 5192 2581 5228 :
2615 5193 2634 5225 ι
2666 5174 2997 5231 Mendacium
3019 5175 3272 5244 loqueris,
3299 5189 3403 5229 non
3427 5176 3529 5230 mi-

1953 5264 2024 5318 sit
2052 5272 2104 5318 te
2125 5264 2385 5319 Dominus
2428 5265 2572 5321 Deus
2619 5276 2824 5328 noster,
2879 5265 3064 5320 dicens
3097 5283 3110 5319 :
3142 5265 3220 5321 Ne
3257 5266 3526 5336 ingredia-

1951 5352 2082 5406 mini
2120 5351 2410 5422 {Egyptum
2461 5361 2522 5407 ut
2549 5355 2798 5408 habitetis
2828 5355 2956 5418 illic,
2989 5355 3083 5409 sed
3111 5356 3321 5411 Baruch
3378 5357 3524 5414 ﬁlius

1950 5443 2156 5501 Neeriac
2185 5445 2428 5499 incitavit
2473 5455 2526 5500 te
2560 5446 2844 5500 adversum
2875 5461 2974 5501 nos
3001 5460 3015 5499 :
3043 5456 3102 5501 ut
3131 5448 3309 5502 tradat
3333 5463 3432 5503 nos
3469 5450 3524 5504 in

1951 5537 2198 5593 manibus
2219 5535 2617 5600 Chaldaeorum,
2655 5544 2716 5589 ut
2757 5535 3086 5591 interﬁciant
3120 5552 3241 5603 nos,
3265 5546 3322 5593 et
3345 5545 3525 5595 trans-

1952 5631 2076 5686 duci
2107 5627 2310 5684 faciant
2342 5628 2394 5680 in
2420 5625 2772 5698 Babylonem.
2813 5648 2832 5682 ›
2864 5629 3104 5698 Denique
3136 5645 3328 5688 omnes
3366 5632 3523 5704 prin-
