3970 6190
471 306 492 355 I
503 301 600 356 091

1103 290 1164 348 Β.
1208 287 1461 347 RABANI
1498 283 1715 341 MAURI
1755 279 2072 338 ARCIIIEP.
2114 277 2422 336 κοϐυΝτ.
2461 273 2744 333 OPERUM
2779 271 2956 328 PARS
2990 273 3075 328 III.

3575 266 3719 322 {093

455 416 604 485 cipes
634 409 836 482 populi,
867 407 1110 477 reliquiis
1142 403 1503 476 congregatis,
1554 415 1677 455 cum
1720 397 2037 452 mulieribus
2063 400 2110 459 Α
2139 395 2313 449 minas
2337 407 2468 485 esse
2505 390 2725 462 Egypti
2755 390 3048 485 civitatem,
3078 401 3177 485 pro
3362 385 3718 485 Septuaginta

457 503 696 575 parvulis
716 513 770 557 et
797 499 1008 553 ﬁliabus
1037 497 1199 566 regis,
1239 510 1346 549 non
1390 493 1670 547 audientes
1699 504 1885 544 vocem
1929 489 2034 542 Do-

457 593 588 649 mini
619 590 844 662 ingressi
868 597 995 643 sunt
1020 587 1331 657 Egyptum,
1355 581 1646 651 assumptis
1680 595 1864 634 secum
1889 577 2039 632 lere-

460 686 566 740 mia
613 692 668 737 et
695 681 907 736 Baruch
931 720 944 744 ,
982 687 1037 731 et
1076 682 1445 732 convenerunt
1481 674 1537 727 in
1567 672 1845 741 Taphnes,
1881 669 1956 722 ita
1981 677 2040 722 ut

459 772 722 828 Jeremias
771 771 822 823 in
855 769 1066 838 signum
1113 763 1445 835 captivitatis
1480 761 1659 816 futura
1689 761 2042 830 prophetaret

462 875 651 920 contra
697 859 1089 914 inobedientem
1133 854 1408 924 populum,
1436 867 1498 906 ea
1538 867 1658 921 qua:
1709 852 1762 905 in
1803 850 1942 906 libro
1976 847 2041 902 il—

463 952 569 1006 lius
595 949 958 1004 continentur.
993 945 1147 1012 Quod
1187 945 1350 1014 igitur
1388 951 1578 1013 postea
1635 941 1872 996 futurum
1919 946 2040 994 erat

464 1050 591 1096 ante
625 1054 796 1092 annos
832 1037 1026 1092 multos
1061 1035 1386 1105 prtedieitur,
1413 1040 1468 1088 et
1492 1032 1797 1086 desertores
1826 1027 1918 1082 ﬁlii
1948 1042 2043 1096 ap-

460 1130 750 1200 pellantur,
777 1127 866 1195 qui
891 1125 1104 1180 deserto
1134 1123 1360 1178 consilio
1385 1121 1504 1185 Dei,
1528 1121 1672 1189 quod
1712 1123 2042 1187 acceperant

461 1237 557 1290 per
579 1218 890 1281 Jeremiam,
924 1231 1076 1270 suam
1121 1213 1287 1268 secuti
1314 1221 1440 1266 sunt
1477 1211 1832 1273 voluntatem,
1863 1215 1920 1261 et
1953 1221 2038 1260 or-

461 1312 557 1364 diti
587 1309 746 1363 telam
778 1323 881 1360 non
911 1320 1006 1375 per
1031 1304 1278 1374 spiritum
1304 1301 1419 1366 Dei,
1441 1301 1531 1370 qni
1581 1315 1644 1354 ex
1671 1298 1919 1354 Ieremia:
1945 1309 2042 1352 ore

462 1400 704 1455 saltabat.
737 1396 977 1452 Orditam
1011 1404 1154 1448 tuam
1203 1393 1364 1448 telam
1393 1398 1738 1467 μιταῳρικῶς
1761 1389 1958 1460 posuit,
1984 1396 2046 1443 ut

462 1501 686 1555 pravum
713 1485 997 1540 consilium
1019 1483 1413 1538 demonstraret
1441 1499 1454 1534 :
1484 1489 1541 1534 et
1569 1483 1672 1536 hoc
1696 1479 1960 1543 feceram,
1983 1486 2045 1533 ut

460 1587 679 1648 peccata
703 1576 930 1644 pristina
962 1581 1220 1644 augerent
1248 1581 1472 1642 peccato
1501 1569 1921 1640 contemptionis
1947 1584 2043 1623 su-

2139 482 2473 554 interpretati
2519 490 2684 536 sunt:
2718 499 2737 534 ι
2768 478 2956 534 Nunlii
3001 477 3219 548 pessimi
3259 476 3466 530 frustra
3510 475 3721 530 labora-

2136 575 2310 630 bunt:
2351 573 2442 642 qui
2475 570 2662 628 conﬁsi
2702 578 2828 624 sunt
2865 583 3026 638 super
3067 569 3319 638 populum
3348 566 3596 638 Egypti,
3623 570 3722 638 qui

2137 666 2219 722 eis
2245 665 2499 734 prodesse
2537 678 2644 717 non
2688 661 2883 732 potuit,
2919 667 2972 714 et
3015 658 3228 714 fuerunt
3273 659 3327 714 in
3368 658 3723 729 opprobrium

2139 755 2546 825 sempiternum.
2582 771 2602 804 ι
2647 751 2875 818 Quidam
2905 751 3048 805 hunc
3090 749 3264 804 locum
3303 758 3493 804 contra
3531 749 3723 802 decem

2141 847 2311 901 tribus
2348 847 2402 900 in
2444 843 2687 898 Samaria
2737 841 2997 910 scriptum
3034 847 3247 910 putant,
3285 838 3426 907 quod
3459 839 3527 892 ab
3556 838 3725 908 Egy-

2140 936 2263 1004 ptiis
2287 933 2481 987 auxilia
2502 930 3040 1000 postulantes,captae
3060 929 3169 983 sint
3189 927 3259 981 ab
3280 927 3536 998 Assyriis.
3557 925 3727 981 Juxta

2142 1021 2492 1092 tropologiam
2527 1033 2738 1082 omnes,
2791 1017 2884 1086 qui
2923 1017 3018 1071 Dei
3065 1016 3329 1086 religione
3381 1025 3723 1084 contempta,

2141 1118 2485 1166 revertuntur
2522 1109 2589 1163 ad
2615 1109 2873 1164 vomitum
2920 1121 3078 1162 suum
3103 1105 3289 1176 (Prov.
3319 1105 3492 1175 xxvi),
3525 1115 3582 1158 et
3622 1121 3724 1159 uo-

2140 1200 2285 1254 mine
2313 1198 2525 1269 perdito
2553 1196 2787 1252 ﬁliorum
2841 1195 3286 1267 impudentissimi
3329 1209 3494 1249 canes
3545 1195 3728 1265 appel-

2141 1288 2342 1352 lantur,
2399 1288 2588 1341 ineunt
2628 1285 2915 1340 consilium
2979 1299 3088 1339 non
3144 1299 3243 1353 per
3297 1283 3616 1347 Dominum,
3667 1294 3725 1339 et

2142 1379 2341 1434 feriunt
2366 1377 2542 1432 fwdus
2563 1393 2668 1434 non
2697 1391 2794 1447 per
2827 1375 3084 1446 Spiritum
3127 1374 3335 1428 Domini
3370 1393 3382 1428 :
3409 1375 3727 1446 adduntque

2143 1478 2362 1540 peccata
2409 1469 2668 1538 peccatis,
2718 1475 2777 1520 ut
2816 1466 3054 1536 superati
3097 1463 3497 1520 blandientibus
3555 1465 3723 1530 vitiis,

2142 1560 2304 1616 etiam
2356 1559 2666 1628 dogmatum
2711 1555 2972 1625 recipiant
3011 1554 3331 1623 pravitatem
3357 1571 3371 1606 :
3396 1563 3454 1609 et
3497 1554 3724 1608 descen-

461 1643 678 1739 perbiaa.
706 1643 811 1732 Qui
841 1643 1211 1728 descendistis,
1246 1664 1437 1733 inquit,
1471 1663 1525 1717 in
1549 1662 1865 1734 Egyptum,
1901 1669 1954 1716 et
1981 1674 2044 1715 os

2156 1651 2278 1706 dant
2308 1649 2363 1704 in
2394 1648 2614 1720 Egypti
2664 1646 2932 1709 tenebras,
2960 1652 3264 1715 quaerentes
3289 1644 3550 1698 auxilium
3583 1643 3722 1698 Pha-

463 1733 640 1813 meum
685 1772 791 1811 non
830 1755 1222 1823 interrogastis.
1265 1752 1383 1807 Non
1415 1768 1523 1824 quo
1570 1733 2041 1820 interrogaverint,
2075 1739 2119 1798 Β
2148 1739 2354 1805 raonis,
2381 1739 2472 1809 qui
2512 1746 2702 1808 regnat
2737 1737 2791 1790 in
2823 1735 3074 1807 Egypto,
3103 1735 3258 1804 cuius
3282 1733 3550 1804 protectio
3578 1735 3725 1790 ducit

467 1851 564 1904 sed
600 1864 706 1918 quo
753 1847 1033 1902 consilium
1073 1847 1349 1916 propheta:
1391 1845 1576 1898 audire
1602 1843 1892 1905 noluerint,
1919 1855 2042 1911 ερε-
2074 1893 2086 1903 ,
2149 1831 2204 1885 in
2226 1828 2570 1918 ignominiam
2599 1835 2655 1880 ct
2699 1827 2750 1881 in
2773 1826 3120 1918 opprobrium
3142 1825 3556 1918 sempiternum.
3588 1825 3726 1880 Sunt

463 1915 647 1993 rantes
670 1938 926 1992 auxilium
950 1938 1002 1991 in
1029 1915 1342 1991 tortitudine
1360 1934 1679 1997 Pharaonis,
1703 1942 1759 1988 et
1782 1933 2046 1987 habentes

2156 1919 2290 1974 enim
2318 1919 2371 1974 in
2419 1916 2622 1973 Thanis
2651 1918 2702 1972 in
2735 1917 2990 1971 mandato
3018 1915 3288 1980 videlicet,
3320 1916 3511 1970 humili
3559 1925 3724 1983 atque

464 2028 712 2082 ﬁduciam
745 2028 796 2080 in
821 2026 1175 2096 protectione,
1205 2025 1318 2080 sive
1351 2024 1539 2079 umbra
1561 2023 1800 2094 Egypti.
1835 2021 2047 2076 Pharao

2156 2008 2354 2077 deiecto
2382 2007 2652 2078 principes
2677 2004 2794 2096 ejus
2829 2006 3057 2092 pessimi
3086 2007 3258 2060 nuntii
3289 2006 3384 2075 qui
3415 2003 3619 2061 frustra
3644 2004 3721 2058 la-

463 2128 645 2174 autem
675 2117 816 2188 apud
854 2118 1134 2189 Egyptios
1169 2132 1364 2172 nomen
1407 2125 1491 2172 est
1528 2118 1688 2188 regite
1711 2116 1996 2186 potestatis
2028 2133 2042 2170 :

461 2220 517 2265 et
546 2211 912 2280 unusquisque
940 2208 1158 2280 speciali
1180 2209 1480 2278 appellatur
1508 2207 1791 2274 vocabulo,
1820 2217 1880 2262 ut
1900 2207 2045 2262 Pha-

463 2315 557 2354 rao
579 2300 813 2366 Necbao,
839 2309 894 2355 et
914 2299 1126 2355 Pharao
1148 2299 1362 2370 Vaphre
1394 2315 1410 2355 :
1436 2301 1705 2369 quomodo
1734 2299 1779 2354 si
1805 2311 1905 2352 nos
1931 2297 2048 2353 Cae-

462 2403 613 2444 sares
657 2396 712 2444 et
757 2389 1026 2459 Augustos
1053 2387 1286 2459 propriis
1311 2403 1498 2458 regum
1537 2388 1812 2444 vocabulis
1847 2401 2050 2458 prapm

464 2495 676 2535 namus.
708 2498 726 2531 ι
763 2479 828 2533 Et
853 2480 981 2545 erit,
1011 2479 1200 2548 inquit,
1249 2478 1400 2534 vobis
1439 2478 1699 2534 fortitudo
1751 2476 2048 2534 Pharaonis

463 2570 517 2624 in
547 2568 938 2632 confusionem,
975 2577 1032 2624 et
1072 2567 1265 2623 ﬁducia
1308 2569 1513 2624 umbra:
1555 2567 1775 2639 Egypti
1807 2568 1860 2621 in
1889 2567 2047 2638 igne.-

459 2659 705 2714 niiiam.
745 2677 764 2711 ι
794 2656 992 2713 Scribit
1043 2658 1182 2712 idem
1223 2657 1486 2714 Jeremias
1541 2658 1684 2728 quod
1734 2658 1789 2712 in
1846 2656 2049 2712 'I‘hanis

465 2751 598 2805 urbe
621 2747 842 2820 Ευμιὶ
881 2747 1134 2804 infoderit
1160 2748 1386 2819 lapides,
1415 2749 1470 2804 in
1507 2757 1665 2820 porta
1700 2749 1892 2804 domus
1913 2748 2050 2803 Pha-

465 2857 560 2896 rao
587 2850 644 2896 et
672 2841 872 2896 dixerit
899 2840 1032 2895 viris
1059 2837 1280 2896 Judais.

539 2947 558 2982 ι
587 2927 712 2984 Ilaec
737 2928 867 2984 dicit
895 2927 1154 2982 Dominus
1178 2927 1516 2982 exercituum
1539 2928 1683 2983 Deus
1702 2927 1864 2982 Israel
1881 2948 1894 2981 :
1911 2927 2050 2984 Ecce

471 3037 489 3071 ι
535 3033 634 3088 ego
661 3019 869 3074 mittam
923 3027 974 3072 et
1024 3034 1297 3074 assumam
1328 3018 1820 3074 Nabuchodonosor
1867 3027 2048 3091 regem

475 3127 494 3158 ι
541 3109 828 3181 Babylonis
857 3123 1071 3164 servum
1102 3124 1302 3176 meum,
1343 3119 1398 3165 et
1436 3125 1630 3180 ponam
1657 3112 1908 3166 thronum
1932 3089 2048 3181 ejus
2074 3089 2119 3152 (ἶ

470 3216 490 3250 r
536 3214 699 3268 super
735 3199 936 3267 lapides
980 3199 1133 3264 istos,
1161 3215 1298 3268 quos
1341 3200 1616 3262 abscondi,
1647 3209 1702 3255 et
1731 3207 1931 3255 statuet
1953 3215 2046 3254 so-

471 3309 488 3340 ι
533 3289 660 3342 lium
686 3303 841 3343 suum
869 3303 1029 3358 super
1049 3303 1162 3352 eos,
1192 3288 1521 3357 veniensque
1549 3289 1818 3359 percutiet
1844 3296 2047 3344 terram

475 3397 492 3430 ι
536 3377 772 3447 Egypti,
801 3394 936 3446 quos
954 3379 1006 3431 in
1035 3387 1226 3443 morte,
1252 3379 1306 3432 in
1328 3388 1578 3443 mortem,
1604 3389 1658 3434 et
1681 3395 1817 3450 quos
1842 3381 1896 3435 in
1922 3396 2050 3451 cap-

478 3485 491 3524 ῖ
540 3469 769 3530 tivitate,
803 3469 858 3523 in
885 3468 1272 3537 captivitatem,
1304 3479 1361 3523 et
1388 3484 1525 3539 quos
1553 3471 1605 3524 in
1637 3471 1836 3540 gladio,
1865 3473 1917 3526 in
1937 3473 2048 3543 gla-

473 3577 492 3610 σ
541 3559 686 3611 (lium
731 3574 744 3610 :
782 3564 838 3611 et
883 3558 1172 3613 succendet
1219 3557 1395 3628 ignem
1438 3558 1492 3612 in
1542 3559 1780 3615 delubris
1824 3561 2049 3616 deorum

474 3665 490 3696 ι
538 3644 778 3715 Aigypti,
810 3655 860 3698 et
888 3645 1170 3700 comburct
1193 3661 1255 3700 ea
1294 3663 1308 3700 :
1343 3655 1398 3700 et
1424 3647 1666 3716 captivos
1703 3648 1862 3706 ducet
1888 3649 2046 3704 illos:

476 3752 494 3784 ι
540 3743 596 3788 et
621 3734 903 3787 amicietur
932 3743 1075 3788 terra
1109 3733 1352 3806 Egypti,
1383 3737 1525 3791 sicut
1560 3738 1816 3793 amicitur
1862 3748 2052 3809 pastor

479 3844 495 3875 ι
539 3823 702 3893 pallio
727 3839 824 3878 suo
853 3839 866 3877 :
901 3834 954 3878 et
981 3825 1289 3895 egredietur
1331 3826 1456 3881 inde
1495 3828 1550 3881 in
1580 3843 1734 3898 pace.
1771 3829 1838 3883 Et
1867 3837 2051 3884 conte-

475 3935 494 3968 σ
536 3925 618 3969 ret
641 3923 846 3969 statuas
873 3915 1066 3969 domus
1094 3915 1243 3980 solis,
1267 3932 1387 3986 quae
1409 3926 1536 3972 sunt
1557 3918 1611 3972 in
1645 3928 1786 3974 terra
1811 3919 2049 3990 mgypti,

476 4025 496 4058 ι
541 4015 596 4060 et
623 4006 842 4060 delubra
867 4007 1087 4060 deorum
1117 4005 1338 4078 Algypti
1359 4009 1639 4064 comburet
1667 4010 1799 4080 igni.
1831 4029 1850 4061 ι
1883 4010 2054 4081 (Μιλυ-

474 4095 615 4166 aus.)
645 4093 929 4165 Superatis
958 4095 1101 4149 enim
1126 4095 1416 4166 Egyptiis,
1449 4098 1590 4168 capti
1626 4107 1750 4153 sunt
1779 4107 1832 4154 et
1859 4097 2050 4164 Judaei,

473 4185 566 4254 qui
595 4183 662 4238 ad
683 4181 966 4255 Egyptios
985 4183 1256 4255 fugerant.
1284 4185 1542 4256 Quodque
1563 4188 1804 4256 sequitur
1823 4205 1866 4240 ε(
1887 4188 2057 4244 Erant

475 4277 527 4330 in
558 4274 798 4344 Tapbnis
822 4275 1090 4344 principes
1119 4276 1216 4340 tui,
1264 4287 1320 4331 et
1359 4279 1534 4333 nuntii
1586 4279 1682 4342 tui,
1715 4294 1884 4349 usque
1913 4281 2055 4337 Tha-

472 4384 569 4423 nes
587 4377 970 4437 pervenerunt.
1002 4386 1020 4418 ι
1047 4366 1180 4422 Cum
1205 4368 1454 4425 irrisione
1477 4379 1533 4426 et
1557 4371 1834 4444 ἆμφατικῶς
1868 4371 2051 4443 legen-

473 4434 620 4524 dum,
646 4461 787 4529 quod
809 4469 991 4529 spreto
1013 4459 1107 4514 Dei
1135 4461 1360 4516 consilio
1385 4434 1655 4533 principes
1679 4481 1804 4519 suos
1826 4467 1892 4519 ad
1917 4434 2054 4520 'I‘ha-
2085 4434 2132 4494 θ

477 4551 562 4603 nis
590 4551 775 4604 urbem
797 4547 1016 4620 λεπριί
1040 4550 1322 4616 miserunt,
1342 4553 1394 4607 iu
1416 4569 1520 4622 qua
1543 4555 1734 4610 domus
1755 4555 2053 4610 Pharaonis

475 4637 577 4692 fuit
601 4639 747 4707 regia
794 4657 808 4692 :
848 4648 905 4693 et
926 4639 1026 4694 sub
1056 4640 1202 4695 Mose
1241 4643 1393 4712 signa
1437 4659 1500 4697 ac
1552 4654 1802 4714 portenta
1825 4647 2055 4718 plurima

473 4737 778 4800 perpetrata
807 4739 953 4796 sunt,
976 4731 1184 4787 dicente
1219 4733 1463 4803 psalmo:
1499 4753 1519 4787 ε
1563 4735 1663 4802 Qui
1693 4735 1822 4793 fecit
1842 4739 2060 4793 mirabi-

475 4819 545 4874 lia
570 4819 623 4874 in
648 4827 788 4874 terra
803 4819 1041 4892 Egypti,
1057 4821 1110 4874 in
1123 4837 1316 4894 campo
1337 4823 1769 4896 Thaneos(Pral.
1785 4829 2010 4900 axxvn).
2032 4848 2052 4884 ι

483 4915 550 4968 Ει
599 4913 738 4967 idem
793 4911 954 4968 Isaias
1007 4921 1197 4969 contra
1243 4913 1539 4985 Egyptum
1589 4916 1862 4986 loquitur:
1898 4939 1916 4970 α
1950 4919 2054 4976 Ubi

476 5011 608 5060 sunt
658 5017 800 5056 nunc
830 5003 1099 5072 sapientes
1143 5003 1253 5060 tui?
1277 5004 1609 5061 Anuuntient
1652 5007 1747 5061 tibi
1783 5017 1838 5062 et
1877 5009 2057 5065 dicant

477 5096 606 5166 quid
631 5094 951 5164 cogitaverit
977 5095 1232 5151 Dominus
1255 5095 1494 5152 Sabaoth
1517 5107 1703 5152 contra
1724 5099 2014 5170 Egyptum
2037 5119 2050 5155 ε

477 5183 792 5240 defecerunt
835 5185 1107 5254 principes
1136 5185 1384 5242 Tbaueos
1418 5186 1552 5258 (Ira.
1595 5190 1732 5253 nx).
1773 5211 1791 5242 ι
1821 5192 1965 5258 Quos
1989 5208 2054 5249 eo

479 5288 723 5350 tempore
762 5279 1024 5335 defecisse
1071 5290 1477 5347 commemorat,
1535 5283 1748 5352 quando
1799 5286 2054 5340 Dominus

481 5367 756 5438 ingressus
773 5377 860 5423 est
882 5367 1175 5440 £gyptum
1207 5385 1368 5439 super
1393 5372 1586 5425 nubem
1616 5372 1807 5428 levem.
1841 5375 2056 5428 Tbaues

482 5466 663 5510 autem
688 5459 875 5512 urbem
919 5458 1138 5530 {Egypti
1166 5459 1217 5513 in
1245 5460 1352 5515 alio
1381 5460 1498 5515 loco
1536 5477 1640 5517 non
1673 5463 1896 5533 legimus
1922 5482 1934 5517 :
1961 5465 2055 5518 sed

481 5555 548 5597 ex
576 5559 642 5599 eo
662 5545 803 5614 quod
828 5546 903 5600 ait
937 5565 950 5600 :
983 5567 1000 5598 ε
1039 5547 1222 5604 Nuntii
1252 5551 1327 5604 tni
1356 5567 1526 5620 usque
1554 5553 1768 5607 Tbaues
1798 5569 2055 5622 pervene-

483 5642 631 5697 runt,
667 5654 685 5686 ι
718 5635 1064 5707 intelligimus
1081 5639 1323 5694 ultimam
1353 5640 1504 5708 juxta
1539 5641 1821 5714 :Ethiopas
1850 5655 1904 5699 et
1934 5643 2055 5700 Ple-

2146 2097 2340 2153 borant
2363 2110 2524 2166 super
2549 2092 2822 2166 populum,
2851 2093 2942 2164 qui
2977 2093 3056 2148 eis
3081 2093 3338 2162 prodesse
3367 2107 3478 2147 non
3506 2092 3721 2161 poterit.

2150 2187 2302 2245 Sicut
2327 2186 2470 2242 enim
2494 2193 2709 2242 sanctos
2737 2185 3026 2261 magistros
3045 2185 3197 2256 iuvat
3221 2183 3612 2254 discipulorum
3634 2199 3723 2236 sa-

2147 2280 2254 2344 lus,
2285 2278 2366 2334 sic
2409 2276 2640 2347 perditio
2669 2275 3012 2331 seductorum
3058 2275 3235 2344 perdit
3271 2275 3616 2346 patriarchas
3639 2289 3728 2328 eo-

2150 2387 2270 2428 rum
2295 2371 2388 2444 qui
2409 2370 2478 2425 ad
2500 2369 2719 2441 Egypti
2742 2368 2999 2423 auxilium
3026 2366 3402 2439 confugerant.

2708 2520 2933 2576 CAPUT
2968 2519 3149 2576 XLIV.

2151 2655 2414 2726 Propheta
2437 2655 2667 2726 increpat
2690 2648 2938 2726 populum
2961 2651 3025 2726 de
3046 2649 3393 2704 inobedientia
3413 2661 3462 2704 et
3502 2650 3723 2726 idolola-

2221 2719 2324 2780 tria
2352 2741 2371 2779 :
2402 2719 2840 2777 comminatur'eis
2879 2719 3134 2789 gladium,
3160 2730 3379 2774 mortem
3412 2731 3458 2772 et
3489 2720 3721 2789 fonnem:

2223 2810 2325 2876 non
2381 2793 2638 2856 auditur,
2699 2791 2815 2845 ideo
2866 2790 3118 2844 Dominus
3174 2806 3262 2844 eos
3319 2790 3541 2843 destruit
3605 2793 3723 2842 date

2219 2880 2388 2934 signa.

2229 3033 2248 3068 ι
2285 3014 2518 3071 Verbum
2539 3013 2682 3083 quod
2708 3011 2906 3067 factum
2927 3019 3011 3066 est
3032 3011 3098 3065 ad
3129 3009 3421 3066 Jeremiam
3440 3012 3509 3066 ad
3541 3027 3726 3068 omnes

2155 3126 2174 3159 ι
2217 3105 2448 3171 Judteos,
2473 3107 2565 3176 qui
2595 3105 2843 3160 habitant
2886 3105 2938 3158 in
2974 3113 3114 3159 terra
3157 3104 3398 3174 1Egypti,
3428 3104 3725 3160 habitantes

2155 3213 2174 3248 ε
2218 3195 2271 3250 in
2319 3189 2579 3266 Magdalo,
2630 3202 2686 3249 et
2735 3193 3004 3263 Taphncs,
3051 3202 3107 3248 et
3171 3193 3224 3247 in
3273 3203 3420 3248 terra
3469 3193 3724 3248 Phatures

2153 3303 2174 3340 ί
2219 3288 2402 3342 dicens
2457 3304 2470 3339 :
2535 3284 2658 3340 Haec
2706 3285 2837 3340 dicit
2884 3285 3142 3341 Dominus
3193 3285 3533 3340 exercituum
3587 3283 3726 3338 Dens

2153 3395 2173 3430 ‹
2217 3377 2417 3433 Israel:
2466 3378 2575 3434 Vos
2611 3385 2789 3432 autem
2839 3377 3050 3432 vidistis
3074 3377 3271 3430 malum
3302 3376 3444 3432 istud
3469 3377 3612 3447 quod
3635 3375 3726 3428 ad-

2155 3486 2174 3520 (
2217 3467 2346 3523 duxi
2404 3481 2566 3537 super
2605 3465 2901 3521 Jerusalem
2925 3505 2941 3530 ,
3003 3478 3058 3521 et
3118 3481 3278 3534 super
3331 3479 3523 3520 omnes
3570 3465 3726 3518 urbes

2155 3575 2174 3609 ι
2219 3557 2353 3613 Juda
2395 3573 2409 3608 :
2452 3565 2508 3611 et
2534 3571 2660 3611 ecce
2702 3565 2828 3610 sunt
2857 3557 3084 3610 deserta:
3115 3556 3293 3620 hodie,
3323 3563 3378 3610 et
3403 3571 3511 3609 non
3542 3565 3629 3609 est
3672 3556 3725 3608 in

2155 3665 2174 3699 ς
2217 3647 2299 3703 eis
2334 3647 2603 3702 habitator
2645 3653 2864 3716 propter
2893 3646 3148 3700 malitiam
3176 3662 3338 3716 quam
3377 3646 3644 3711 fecerunt,
3673 3655 3728 3699 nt

2156 3755 2178 3787 ι
2221 3751 2305 3791 me
2327 3737 2395 3791 ad
2425 3734 2756 3790 iracundiam
2781 3744 3158 3805 provocarent,
3207 3744 3259 3790 et
3289 3736 3452 3802 irent,
3478 3745 3534 3791 et
3559 3736 3724 3790 sacri-

2156 3845 2174 3879 ‹
2220 3827 2544 3890 ﬁcarent,-et
2563 3826 2801 3880 colerent
2825 3825 2957 3881 deos
2981 3825 3204 3891 alienos,
3232 3841 3366 3894 quos
3392 3826 3722 3884 nesciebant.

2158 3934 2177 3968 ι
2221 3925 2276 3971 et
2304 3915 2402 3982 illi,
2433 3923 2488 3970 et
2506 3930 2622 3980 vos,
2660 3925 2715 3970 et
2762 3924 2944 3984 patres
2990 3917 3174 3970 vestri.
3223 3915 3289 3970 Et
3344 3916 3467 3970 misi
3518 3916 3585 3969 ad
3636 3931 3726 3969 vos

2157 4025 2177 4058 ‹
2216 4021 2406 4062 omnes
2429 4021 2612 4062 servos
2659 4022 2809 4061 meos
2853 4006 3141 4076 prophetas
3185 4006 3250 4061 de
3301 4016 3460 4061 nocte
3504 4021 3726 4060 consur-

2157 4115 2176 4148 ι
2217 4111 2368 4164 gens,
2402 4096 2727 4166 mittensque
2753 4106 2807 4150 et
2830 4097 3052 4152 dicens:
3085 4095 3261 4151 Nolite
3301 4097 3480 4152 facere
3509 4097 3726 4152 verbum

2159 4205 2179 4240 ι
2224 4177 2640 4242 abominationis
2662 4187 3048 4256 hujuscemodi,
3075 4195 3130 4243 et
3160 4205 3264 4242 non
3295 4188 3607 4252 audierunt,
3633 4203 3728 4242 nec

2158 4297 2178 4329 ι
2220 4277 2614 4333 inclinaverunt
2670 4294 2856 4334 aurem
2906 4293 3079 4345 suam,
3109 4287 3170 4334 ut
3210 4288 3653 4335 converterentur
3699 4294 3727 4332 a

2161 4388 2180 4421 ι
2227 4369 2382 4423 malis
2409 4369 2520 4424 suis
2567 4377 2622 4423 et
2648 4384 2754 4423 non
2784 4369 3152 4424 sacriﬁcarent
3185 4370 3287 4424 diis
3315 4369 3524 4435 alienis,
3562 4388 3581 4421 ι
3626 4379 3726 4424 etc.

2157 4459 2447 4533 (MAUBUS.)
2493 4459 2663 4514 Sicuti
2708 4460 2762 4514 in
2819 4469 2966 4515 terra
3017 4458 3171 4515 Juda:
3225 4460 3486 4530 propheta
3546 4467 3730 4513 contra

2160 4550 2414 4620 reliquias
2459 4550 2822 4606 Israelitarum
2870 4550 3165 4606 reluctatus
3198 4559 3302 4617 est,
3353 4551 3730 4606 contradicens

2157 4640 2237 4695 eis
2258 4640 2423 4696 verbo
2469 4641 2701 4707 Domini,
2731 4657 2796 4696 ne
2828 4642 3236 4712 ingrederentur
3263 4641 3558 4713 £gyptum
3593 4661 3608 4696 :
3658 4643 3729 4696 ita

2157 4742 2214 4788 et
2255 4732 2308 4786 in
2353 4741 2496 4786 terra
2540 4732 2756 4802 Egypti
2803 4733 3111 4787 constitutis
3156 4747 3460 4788 sermonem
3519 4732 3730 4787 Domini

2161 4823 2462 4887 annuntiat,
2487 4824 2627 4890 quod
2679 4822 2920 4877 irritatus
2949 4837 3112 4893 super
3155 4821 3516 4876 inobedientia
3548 4836 3730 4876 eorum

2159 4914 2450 4968 vindictam
2482 4914 2560 4968 eis
2581 4913 3005 4983 prmparaverit:
3052 4911 3180 4982 quia
3207 4927 3303 4968 eos
3358 4913 3499 4968 sicut
3547 4911 3732 4965 Patres

2158 5019 2346 5060 eorum
2375 5005 2631 5076 punierit,
2671 5012 2832 5073 atque
2858 5003 3314 5058 consummaverit
3353 5003 3408 5058 in
3445 5003 3646 5074 gladio,
3679 5011 3731 5056 ct

2159 5097 2304 5152 fame
2322 5107 2378 5152 et
2422 5098 2476 5152 in
2522 5106 2692 5168 peste.
2740 5097 3012 5167 Magdolus
3045 5114 3174 5168 ergo
3201 5099 3331 5153 urbs
3358 5107 3443 5152 est
3491 5097 3726 5168 Λίδη)ιῂ

2159 5188 2228 5242 ad
2252 5203 2412 5257 quam
2437 5187 2530 5242 ﬁlii
2560 5187 2724 5242 Israel
2747 5203 2868 5242 cum
2909 5189 3146 5243 exissent
3170 5189 3236 5243 de
3280 5186 3516 5258 Egypto
3541 5202 3728 5257 perve-

2161 5287 2354 5334 nerunt
2373 5288 2660 5348 antequam
2697 5279 2984 5332 transirent
3013 5293 3161 5334 mare
3187 5277 3452 5332 Rubrum.
3483 5278 3730 5346 Legimus

2161 5380 2214 5425 et
2252 5372 2303 5425 in
2339 5371 2619 5426 Ezechiele
2667 5390 2686 5422 ι
2723 5369 2966 5440 Magdalo
3011 5385 3179 5440 usque
3204 5369 3464 5426 Stenem:
3519 5389 3538 5421 ι
3574 5367 3729 5422 Simi-

2161 5461 2286 5515 liter
2312 5460 2564 5530 Taphnes
2582 5461 2712 5514 urbs
2732 5469 2815 5515 est
2843 5459 3065 5530 Egypti
3093 5461 3232 5514 sicut
3269 5475 3432 5529 supra
3457 5469 3727 5515 ostensum

2161 5560 2246 5607 est
2270 5570 2282 5606 :
2308 5561 2363 5606 et
2384 5551 2648 5606 Pbatures
2669 5550 2818 5620 regio
2845 5549 3061 5620 Egypti
3092 5551 3232 5605 sicut
3269 5564 3430 5620 supra
3460 5558 3726 5604 ostensum

2163 5652 2246 5698 est
2291 5663 2305 5697 :
2358 5651 2413 5698 et
2456 5643 2722 5697 Phatures
2769 5642 2918 5710 regio
2948 5640 3167 5711 Algypti
3207 5639 3360 5709 juxta
3401 5639 3723 5694 Ezechieletu
