3970 6190
310 271 450 328 1093

1190 277 1554 336 EXPOSITIO
1595 281 1821 338 SUPER
1855 285 2225 344 JEREMIAH.
2265 320 2335 332 --
2372 291 2500 348 LIB.
2542 293 2683 351 XIV.

3431 310 3570 366 1094

303 382 526 480 (Eae-Ii.
545 381 746 480 suavi)
790 390 847 480 et
894 381 1209 480 Jeremiam,
1237 387 1291 442 in
1317 405 1420 480 qua
1442 389 1651 463 profugi
1678 393 1891 449 babita-
1920 406 1967 465 Α
2003 416 2020 449 ι
2063 398 2274 456 locutus
2297 417 2358 456 es
2383 403 2450 458 ad
2479 417 2578 460 nos
2607 405 2662 460 in
2685 408 2902 463 nomine
2925 408 3137 467 Domini
3166 429 3270 470 non
3289 418 3570 480 audiemus

304 487 434 526 vere
457 468 650 526 Judmi.
692 473 844 538 Quod
867 483 1047 529 autem
1068 475 1200 530 dicit
1228 494 1244 531 :
1279 497 1298 529 ι
1328 478 1448 537 Misi
1490 481 1556 534 ad
1583 498 1680 537 vos
1703 500 1894 542 omnes

301 579 495 620 servos
523 578 693 628 meos,
750 565 1038 634 prophetas
1086 567 1153 622 de
1187 579 1346 624 nocte
1373 585 1726 644 consurgens,
1765 577 1864 630 mit

303 668 532 728 tensque
557 671 615 714 et
639 659 829 714 dicens
877 677 891 712 :
947 658 1118 714 Nolite
1147 661 1324 718 facere
1351 665 1572 719 verbum
1607 668 1892 722 abomina-

303 747 467 801 tionis
490 745 884 814 hujuscemodi,
918 766 938 799 ι
957 750 1194 803 ostendit
1211 740 1526 806 immensam
1548 754 1892 814 clementiam

300 839 540 901 Domini,
562 846 620 892 et
644 838 980 909 vigilantiam
1007 855 1071 894 ac
1101 843 1471 900 Strenuitatem
1503 847 1888 916 prophetarum

299 929 441 998 ejus,
468 931 559 1001 qui
591 946 696 984 non
740 929 955 1001 ignave,
980 932 1074 986 sed
1115 933 1355 988 studiose
1379 936 1601 990 verbum
1655 936 1772 1002 Dei,
1819 939 1888 993 ad

297 1035 442 1090 quos
465 1019 616 1074 missi
649 1019 796 1083 sunt,
819 1020 1188 1089 prmdicabant
1234 1040 1246 1074 :
1284 1021 1530 1093 Arguens
1559 1026 1764 1094 tepidos
1787 1028 1888 1081 do-

298 1119 501 1174 ctores,
536 1111 628 1180 qui
659 1110 880 1164 nuncin
918 1109 1159 1165 Ecclesia
1201 1111 1514 1179 dormitant,
1563 1116 1673 1168 otio
1711 1126 1768 1170 et
1795 1133 1890 1170 vo-

297 1202 594 1272 luptatibus
619 1202 926 1260 deserviunt
953 1202 1157 1267 smculi,
1205 1219 1303 1258 nec
1331 1215 1524 1260 curant
1549 1209 1742 1276 populo
1790 1211 1883 1265 Dei

295 1292 630 1347 voluntatem
650 1292 768 1362 ejus
799 1293 1124 1348 annuntiare
1147 1302 1201 1348 et
1238 1305 1556 1352 convertere
1584 1313 1614 1352 a
1641 1301 1879 1368 peccatis

297 1385 362 1440 ad
389 1384 706 1440 exercitium
734 1383 858 1438 boni
889 1384 1087 1454 operis.
1122 1385 1229 1440 Sed
1257 1402 1430 1456 neque
1477 1387 1743 1443 silendum
1799 1407 1886 1444 ar-

294 1477 487 1539 bitror,
523 1476 668 1544 quod
706 1475 876 1530 Isaias
905 1476 1124 1532 eosdem
1165 1475 1381 1534 Judmos
1417 1477 1660 1546 jumenta
1709 1484 1879 1536 austri

291 1568 666 1638 appellaverit,
713 1576 933 1639 propter
979 1569 1261 1635 stultitiam
1288 1585 1501 1635 sensus,
1529 1587 1632 1640 qua
1665 1574 1880 1628 deserto

293 1657 392 1729 Dei
470 1657 694 1712 consilio
727 1698 742 1722 ,
814 1659 881 1712 ad
933 1657 1150 1729 Egypti
1229 1661 1517 1716 simulacra
1575 1662 1874 1732 fugerunt,

1999 507 2018 540 ι
2061 507 2129 546 cx
2155 501 2226 557 te,
2255 494 2348 547 sed
2377 493 2634 551 facientes
2674 497 2932 554 faciemus
2953 515 3114 557 omne
3147 507 3392 573 verbum,
3425 515 3567 580 quod

1997 598 2016 632 ι
2059 584 2333 651 egreditur
2369 585 2436 639 de
2475 601 2571 640 ore
2607 596 2810 654 nostro,
2854 597 2920 645 .ut
2959 592 3324 651 sacrificemus
3371 601 3569 670 regina)

1996 690 2015 722 ι
2058 673 2203 737 eceli,
2230 684 2284 728 et
2308 674 2538 730 libemus
2561 677 2610 730 ei
2642 676 2921 746 libamina,
2953 681 3091 736 sicut
3115 681 3342 740 fecimus
3372 705 3470 744 nos
3511 700 3566 746 et

1995 781 2017 814 ι
2058 772 2240 832 patres
2278 765 2470 830 nostri,
2497 781 2651 838 reges
2677 770 2866 834 nostri,
2894 780 2948 825 et
2975 774 3250 844 principes
3277 781 3468 844 nostri,
3512 783 3562 837 in

1994 869 2012 903 ι
2053 853 2278 907 urbibus
2301 851 2457 918 Juda,
2495 864 2550 908 et
2595 855 2646 908 in
2669 855 2861 924 plateis
2897 857 3216 928 Jerusalem,
3249 872 3302 918 et
3337 870 3561 923 saturati

1991 959 2012 992 ε
2056 956 2241 995 smnus
2264 942 2512 1011 panibus,
2535 953 2591 997 et
2617 945 2756 998 bene
2781 947 2939 1001 nobis
2959 957 3094 1004 erat.
3127 952 3431 1023 malumque
3457 972 3563 1010 non

1991 1049 2011 1081 ι
2053 1029 2308 1084 vidimus.
2347 1031 2428 1084 Ex
2473 1045 2540 1085 eo
2578 1041 2760 1086 autem
2800 1043 3038 1104 tempore
3085 1053 3192 1107 quo
3231 1043 3563 1099 cessavimus

1990 1139 2010 1170 ι
2051 1120 2358 1175 sacriﬁcare
2398 1121 2598 1192 reginae
2651 1123 2774 1177 (ιωιί
2831 1133 2886 1178 et
2941 1126 3109 1184 libare
3164 1131 3212 1184 ei
3280 1132 3558 1199 libamina,

1991 1226 2012 1260 ι
2053 1209 2355 1280 indigemus
2395 1212 2665 1276 omnibus,
2690 1220 2744 1266 et
2773 1213 2969 1284 gladio,
3001 1227 3053 1271 et
3083 1218 3224 1274 fame
3253 1225 3557 1295 consumpti

1989 1317 2008 1348 ι
2050 1315 2254 1355 sumus.
2291 1300 2442 1367 Quod
2475 1303 2519 1356 si
2561 1318 2659 1357 nos
2691 1304 3057 1362 sacrificamus
3086 1310 3281 1379 regina:
3330 1315 3474 1380 coeli,
3503 1323 3561 1372 et

1989 1408 2008 1441 ι
2053 1387 2282 1447 libamus
2320 1393 2370 1446 ei
2415 1392 2712 1448 libamina:
2748 1397 2989 1465 nunquid
3023 1399 3139 1453 sine
3185 1402 3314 1458 viris
3360 1407 3563 1463 nostris

1987 1499 2005 1532 ι
2051 1480 2279 1536 facimus
2307 1482 2357 1535 ei
2402 1483 2678 1552 placentas
2707 1485 2773 1538 ad
2813 1486 3093 1541 colendum
3125 1503 3266 1552 eam,
3321 1501 3376 1546 et
3426 1493 3559 1549 liba-

1985 1591 2004 1626 ‹
2047 1573 2193 1627 mina
2224 1574 2290 1628 ad
2317 1574 2590 1629 libandum
2617 1575 2640 1629 ?
2669 1575 2736 1629 Et
2779 1577 2910 1632 dixit
2956 1576 3219 1635 Jcremias
3247 1583 3314 1636 ad
3343 1599 3558 1640 omnem

1985 1682 2002 1715 ι
2048 1665 2325 1733 populum,
2363 1667 2647 1720 adversum
2675 1667 2840 1732 viros,
2881 1679 2937 1723 et
2963 1671 3248 1726 adversum
3280 1675 3558 1741 mulieres,

291 1762 551 1816 spemque
571 1746 897 1802 habentesin
917 1746 1196 1803 Pharaone
1215 1767 1228 1801 :
1247 1750 1332 1803 cui
1357 1751 1670 1819 quiinnisus
1692 1751 1872 1819 fuerit,
1912 1756 1955 1813 Β
1986 1771 2006 1805 ι
2051 1759 2107 1809 e't
2131 1755 2417 1810 adversum
2459 1757 2765 1812 universam
2789 1758 3017 1826 plebem,
3047 1763 3137 1829 qui
3167 1766 3558 1832 responderant

290 1837 446 1905 quasi
496 1838 540 1892 si
590 1837 866 1895 incumbat
911 1838 1181 1901 arundini,
1249 1854 1370 1908 qum
1435 1840 1606 1895 fracta
1655 1858 1876 1899 manum

290 1928 537 1982 vulneret
560 1927 856 1982 innitentis.
881 1926 1014 1980 Nam
1040 1927 1112 1982 ibi
1130 1928 1205 1981 ita
1227 1929 1488 1998 scriptum
1516 1938 1598 1985 est
1628 1949 1640 1984 :
1678 1951 1697 1984 ι
1725 1931 1874 1989 Onus

282 2019 653 2090 iumentorum
681 2022 872 2077 austri.
903 2021 958 2076 ln
984 2030 1125 2077 terra
1151 2023 1515 2081 tribulationis
1534 2035 1592 2081 et
1611 2030 1873 2098 angustia:

287 2112 452 2165 lenem:
481 2121 534 2166 et
581 2113 682 2175 leo,
719 2128 784 2167 ex
820 2113 899 2168 eis
927 2113 1108 2183 vipera
1139 2123 1194 2168 et
1240 2115 1460 2185 regulus
1497 2116 1708 2181 volans,
1754 2134 1866 2188 por-

287 2211 464 2258 tantes
491 2218 650 2273 super
697 2205 951 2258 humeros
986 2204 1355 2274 jumentorum
1383 2206 1600 2262 divitias
1637 2223 1785 2275 suas,
1813 2219 1870 2264 et

284 2309 450 2363 super
470 2295 687 2365 gibbum
728 2295 1056 2350 camelorum
1101 2295 1384 2351 thesauros
1429 2311 1576 2362 suos,
1607 2297 1674 2352 ad
1704 2313 1874 2368 popu-

285 2385 394 2439 lum
445 2386 537 2454 qui
591 2401 655 2440 ea
683 2387 937 2456 prodesse
961 2402 1067 2440 non
1098 2387 1291 2456 poterit
1323 2404 1337 2441 :
1368 2386 1633 2460 [Egyptiis
1673 2388 1869 2446 frustra

283 2487 340 2531 et
372 2492 510 2531 vane
533 2477 880 2531 auxiliabitur
903 2475 1121 2547 (Ezech.
1150 2477 1302 2548 xxx).
1341 2497 1360 2529 ι
1388 2477 1660 2553 (Hier-om)
1700 2480 1868 2537 Terra

282 2576 466 2622 autem
507 2567 871 2622 tribulationis
926 2577 981 2622 et
1026 2567 1286 2638 angustia:
1341 2567 1659 2623 latissimam
1698 2573 1870 2626 eremi

285 2659 555 2732 signiﬁcat
579 2658 907 2723 vastitatem,
933 2674 1031 2728 per
1059 2674 1222 2728 quam
1267 2658 1508 2729 reliquie:
1569 2659 1868 2720 Jerusalem

282 2767 406 2807 eum
431 2749 678 2806 Johanna
723 2750 834 2804 ﬁlio
881 2750 1087 2814 Carcm,
1118 2757 1175 2804 et
1209 2749 1423 2805 ﬁliabus
1447 2749 1590 2822 regis
1624 2751 1866 2810 Sedecia:

284 2843 510 2901 sublatis
527 2844 777 2898 omnibus
798 2859 918 2912 qum
945 2842 1143 2896 habere
1167 2851 1439 2912 poterant,
1476 2844 1545 2896 ad
1569 2843 1862 2915 Egyptum

286 2934 708 3005 transfugerunt.
757 2932 1007 2986 Leaenam
1051 2946 1266 3002 quoque
1315 2938 1371 2986 et
1413 2932 1650 2987 catulum
1701 2934 1871 2990 leonis

283 3026 620 3091 Jerusalem,
660 3033 717 3079 et
759 3025 1013 3096 pupulum
1061 3021 1180 3092 ejus
1217 3031 1565 3098 μεταφορικῶς
1611 3024 1865 3096 intelligo,

281 3120 494 3175 dicente
514 3116 730 3171 Balaam
760 3117 812 3170 in
841 3114 1125 3170 Numeris:
1161 3133 1180 3164 ε
1209 3113 1347 3168 Ecce
1375 3114 1600 3185 populus
1620 3122 1680 3168 ut
1701 3114 1868 3170 leaena
1896 3106 1940 3167 C
1973 3120 2068 3160 sua
2109 3121 2124 3159 τ

282 3211 580 3282 consurgit,
625 3217 681 3263 et
731 3208 885 3278 quasi
935 3207 1018 3262 leo
1067 3205 1296 3277 erigitur
1349 3222 1363 3260 :
1414 3205 1528 3261 Non
1587 3207 1872 3262 accubabit

283 3304 456 3357 donec
503 3301 728 3355 devoret
767 3298 1030 3368 praedam,
1079 3304 1135 3351 et
1189 3295 1492 3350 occisorum
1547 3299 1866 3368 sanguinem

281 3393 430 3448 bibat
461 3392 652 3461 (Num.
682 3390 861 3462 xxttt).
894 3409 912 3442 ι
975 3387 1169 3458 Vipera
1191 3397 1246 3443 et
1280 3389 1498 3457 regulus
1517 3390 1721 3457 volans,
1748 3393 1866 3447 sive

282 3483 554 3553 genimina
607 3479 851 3550 aspidum
906 3478 1142 3533 volantia
1173 3519 1188 3544 ,
1240 3479 1381 3533 idem
1439 3490 1864 3550 nuncupantur,

281 3572 423 3640 quod
454 3570 705 3624 videlicet
726 3570 792 3624 de
828 3567 984 3622 malis
1009 3567 1326 3637 parentibus
1361 3566 1573 3636 pejores
1623 3571 1866 3636 generati

283 3674 412 3719 sunt
441 3662 618 3717 liberi.
649 3662 724 3715 De
749 3659 945 3729 quibus
991 3668 1044 3712 et
1076 3657 1426 3727 Evangelium
1478 3658 1800 3728 loquebatur
1849 3677 1864 3715 :

287 3774 305 3805 ι
341 3753 638 3808 Generatio
667 3751 995 3822 viperarum,
1039 3749 1161 3820 quis
1199 3749 1435 3804 ostendit
1483 3751 1636 3806 vobis
1683 3749 1868 3822 fugere

281 3845 350 3899 ab
380 3845 456 3898 ira
481 3853 702 3899 ventura
729 3843 751 3896 ?
792 3862 811 3893 ι
848 3841 1060 3913 (Matth.
1090 3841 1194 3914 ιιι).
1228 3842 1294 3895 Ει
1319 3842 1386 3896 ad
1419 3852 1618 3897 terram
1669 3843 1870 3898 dicitur

280 3933 448 3988 Israel
485 3951 499 3986 :
548 3951 568 3984 σ
627 3932 694 3988 l'u
721 3948 780 3988 es
811 3933 1032 3987 terrain
1072 3947 1178 4002 qua
1211 3947 1317 3987 non
1349 3932 1504 4002 pluit,
1534 3948 1634 4014 ne‘c
1676 3934 1871 4010 imber

279 4027 428 4079 venit
458 4039 620 4094 super
654 4033 712 4080 te
739 4025 792 4078 in
831 4024 917 4078 die
963 4023 1059 4078 ine
1117 4023 1299 4091 (Amos
1328 4023 1424 4095 tv),
1463 4043 1481 4074 ι
1528 4023 1682 4094 cujus
1721 4025 1869 4093 prin-

279 4115 425 4185 cipes
450 4115 504 4168 in
540 4113 716 4169 medio
751 4112 892 4182 ejus,
917 4114 1072 4181 quasi
1105 4113 1288 4167 leones
1330 4113 1628 4184 rugientes,
1661 4115 1870 4184 rapien-

282 4214 364 4260 tBs
411 4204 670 4274 praedam,
722 4203 932 4257 animas
967 4203 1287 4257 devorantes
1325 4218 1423 4272 per
1467 4201 1864 4272 paenitentiam.

279 4296 387 4351 ista
435 4295 707 4366 genimina
738 4293 1065 4363 viperarum,
1099 4294 1213 4349 sive
1261 4295 1506 4364 aspidum
1551 4294 1864 4359 volantium,

1984 1863 2004 1896 ι
2046 1845 2097 1900 ei
2141 1847 2387 1913 verbum,
2435 1847 2676 1904 dicentes
2716 1866 2729 1900 ε
2782 1848 3027 1918 Nunquid
3078 1867 3183 1907 non
3228 1854 3554 1910 sacriﬁcium

1982 1953 2002 1987 ε
2043 1937 2186 2005 quod
2211 1936 2556 1993 sacriﬁcastis
2583 1939 2637 1992 in
2673 1938 2977 1993 civitatibus
2999 1939 3167 2008 Judae,
3190 1952 3245 1996 et
3290 1945 3341 1998 in
3367 1945 3560 2015 plateis

1981 2044 2001 2078 ι
2043 2025 2363 2092 Jerusalem,
2393 2042 2494 2082 vos
2536 2035 2591 2082 et
2641 2037 2822 2096 patres
2843 2030 3030 2095 vestri,
3079 2046 3234 2101 rcges
3273 2036 3458 2100 vestri,
3499 2045 3556 2091 et

1942 2152 1947 2157 κ
1979 2134 2000 2168 ς
2043 2117 2314 2186 principes
2352 2118 2534 2181 vestri,
2577 2125 2634 2173 et
2669 2118 2896 2187 populus
2932 2127 3111 2184 terrm,
3141 2121 3329 2175 borum
3375 2138 3556 2180 recor-

1979 2225 1998 2258 ‹
2041 2207 2196 2262 datus
2223 2215 2306 2262 est
2331 2207 2612 2271 Dominus,
2634 2217 2690 2262 et
2712 2210 2952 2263 ascendit
2977 2225 3141 2280 super
3165 2226 3260 2266 cor
3292 2211 3449 2280 ejus?
3498 2224 3555 2270 et

1977 2316 1996 2350 ε
2041 2313 2146 2353 non
2177 2307 2390 2369 poterat
2431 2298 2569 2354 ultra
2611 2299 2866 2354 Dominus
2892 2311 3110 2371 portare
3137 2313 3355 2373 propter
3394 2306 3550 2362 mali-

1978 2405 2000 2440 s
2041 2389 2173 2444 tiam
2219 2390 2521 2464 studiorum
2560 2398 2881 2455 vestrorum,
2927 2401 2979 2448 et
3019 2405 3238 2463 propter
3277 2396 3553 2453 abomina-

1977 2493 1997 2527 ς
2040 2476 2216 2531 tiones
2244 2492 2382 2547 quas
2406 2475 2650 2534 fecistis:
2683 2488 2739 2534 et
2771 2479 2911 2534 facta
2961 2490 3044 2536 est
3096 2492 3239 2538 terra
3287 2495 3462 2542 vestra
3496 2487 3551 2542 in

1977 2585 1996 2616 ι
2039 2566 2444 2631 desolationem,
2469 2569 2597 2623 etin
2619 2578 2911 2639 stuporem,
2935 2579 2991 2625 et
3012 2572 3064 2625 in
3089 2574 3452 2641 maledictum,
3483 2591 3551 2632 eo

1975 2674 1994 2706 ‹
2037 2657 2180 2725 quod
2210 2673 2316 2711 non
2347 2657 2417 2713 sit
2438 2658 2732 2724 habitator,
2759 2661 2898 2714 sicut
2938 2672 3020 2715 est
3061 2663 3176 2717 dies
3205 2663 3342 2729 lucc,
3377 2684 3395 2716 ι
3437 2674 3548 2726 etc.

1972 2741 2263 2817 (Mannum)
2293 2745 2337 2802 Ο
2384 2747 2664 2816 generatio
2689 2763 2853 2816 prava
2895 2757 2950 2804 et
2995 2764 3244 2818 perversa
3293 2768 3307 2806 :
3356 2752 3450 2807 ﬁlii
3494 2754 3549 2809 in

1969 2833 2164 2903 quibus
2185 2850 2290 2889 non
2333 2836 2486 2899 ﬁdes,
2513 2836 2609 2890 sed
2630 2836 2831 2890 malitia
2855 2839 3162 2895 dominatur
3186 2858 3198 2894 :
3226 2856 3357 2910 gens
3400 2841 3550 2898 fatua

1967 2932 2024 2977 et
2073 2939 2180 2978 non
2228 2926 2462 2995 sapiens,
2524 2942 2644 2995 qua:
2693 2943 2904 2998 semper
2953 2933 3222 2987 contraria
3270 2933 3550 2992 beneﬁciis

1969 3013 2181 3070 Domini
2237 3018 2556 3086 rependens,
2605 3019 2836 3073 irritavit
2879 3036 3003 3075 eum
3053 3038 3149 3091 per
3201 3024 3338 3080 mala
3384 3041 3551 3096 opera

2173 3121 2297 3161 ecce
2350 3123 2509 3177 quam
2543 3108 2861 3178 insipienter
2915 3112 3170 3182 loquitur,
3223 3121 3551 3186 respondens

1968 3198 2242 3266 propheta:
2282 3197 2496 3252 Domini
2527 3217 2540 3252 :
2597 3198 2910 3254 Sermonem
2942 3217 3102 3271 quem
3153 3203 3361 3260 locutus
3394 3223 3452 3263 es
3479 3209 3551 3263 ad

1969 3304 2068 3344 nos
2096 3289 2150 3343 in
2186 3289 2404 3344 nomine
2429 3289 2640 3344 Domini
2678 3308 2783 3345 non
2823 3294 3100 3349 audiemus
3125 3311 3192 3350 ex
3225 3305 3294 3360 te,
3341 3299 3436 3353 sed
3463 3299 3548 3354 fa-

1969 3378 2172 3433 cientes
2207 3379 2469 3434 faciemus
2497 3395 2656 3434 otnne
2687 3379 2908 3434 verbum
2948 3384 3090 3450 quod
3133 3387 3437 3455 egredietur
3483 3391 3550 3444 de

1967 3483 2063 3524 ore
2088 3477 2272 3524 nostro
2298 3487 2311 3522 :
2343 3479 2400 3524 ut
2441 3469 2809 3526 sacriﬁcemus
2845 3473 3043 3543 regina:
3069 3476 3214 3538 coeli,
3244 3487 3298 3531 et
3320 3477 3548 3534 libemus

1967 3560 2017 3616 ei
2045 3559 2341 3615 libamina:
2395 3563 2534 3616 sicut
2586 3561 2813 3618 fecimus
2861 3580 2959 3619 nos
3015 3574 3070 3620 et
3119 3575 3302 3636 patres
3348 3571 3548 3636 nostri,

1968 3665 2124 3721 reges
2171 3654 2367 3717 nostri,
2394 3663 2449 3706 et
2489 3655 2760 3722 principes
2803 3657 2993 3720 nostri,
3043 3658 3096 3710 in
3138 3658 3360 3714 urbibus
3385 3659 3550 3726 Juda,

1967 3742 2096 3795 etin
2136 3741 2326 3810 plateis
2348 3741 2670 3808 Jerusalem,
2692 3753 2747 3798 et
2767 3746 2991 3800 saturati
3035 3762 3220 3802 suums
3247 3749 3472 3817 panibus
3495 3758 3551 3806 et

1967 3832 2103 3887 bene
2139 3833 2293 3887 nobis
2320 3843 2457 3895 erat,
2493 3834 2799 3902 malumque
2821 3851 2926 3889 non
2957 3837 3204 3891 vidimus.
3231 3837 3394 3894 Obliti
3419 3848 3549 3896 sunt

1967 3922 2371 3978 benefactorum
2400 3924 2535 3989 ejus,
2585 3933 2640 3977 et
2663 3925 2984 3978 mirabilium
3011 3925 3146 3994 ejus,
3169 3942 3290 3996 quae
3313 3931 3550 3986 ostendit

1967 4013 2045 4067 eis
2069 4027 2249 4067 coram
2277 4012 2518 4081 patrihus
2549 4029 2756 4078 eorum,
2785 4014 2851 4067 de
2871 4015 3063 4082 quibus
3079 4015 3360 4086 Scriptura
3389 4034 3547 4075 sacra

1967 4100 2295 4157 sufﬁcienter
2321 4109 2509 4156 narrat
2539 4119 2551 4156 :
2577 4100 2771 4157 Pluens
2795 4103 2898 4158 illis
2920 4105 2986 4158 de
3006 4105 3144 4160 ccelo
3178 4122 3397 4173 manna,
3433 4127 3452 4159 ς
3489 4117 3546 4164 et

1966 4211 2159 4266 panem
2180 4196 2490 4267 angelorum
2512 4198 2854 4252 manducavit
2879 4200 3056 4264 homo,
3073 4199 3545 4260 frumentationem

1966 4285 2112 4341 misit
2138 4289 2220 4341 eis
2255 4289 2310 4343 in
2339 4288 2665 4343 abundantia
2700 4302 2714 4341 :
2745 4289 2907 4359 ejecit
2935 4306 2966 4344 a
3009 4290 3146 4346 facie
3196 4307 3384 4348 eorum
3410 4311 3545 4366 gen-

280 4390 334 4444 id
366 4397 447 4443 est
485 4387 756 4458 principes
807 4385 1006 4455 populi,
1057 4393 1113 4440 et
1164 4386 1342 4440 omnis
1383 4385 1536 4440 turba
1579 4386 1866 4454 impiorum
1898 4453 1934 4458 λ
1971 4383 2071 4442 ms,
2111 4386 2163 4431 et
2190 4387 2333 4432 sorte
2362 4377 2544 4433 divisit
2570 4379 2649 4434 eis
2687 4387 2887 4433 terram
2919 4379 2972 4434 in
3019 4378 3256 4437 funiculo
3285 4383 3545 4441 distribu-

281 4453 534 4548 fugerunt
563 4477 630 4530 ad
660 4453 938 4546 p0pulum,
971 4475 1063 4545 qui
1107 4475 1189 4529 eis
1237 4475 1493 4544 prodesse
1538 4453 1864 4544 nonipotuit,
1898 4453 1944 4511 D
1975 4467 2157 4532 tionis,
2208 4476 2263 4522 et
2312 4468 2574 4522 habitavit
2623 4468 2679 4522 in
2727 4469 3088 4526 tabernaculis
3134 4485 3322 4527 eorum
3373 4475 3550 4531 tribus

280 4569 495 4624 dicente
533 4565 764 4622 Ieremia
800 4565 945 4634 quod
975 4566 1210 4618 traderet
1238 4564 1496 4619 Dominus
1529 4562 1867 4620 Pharaonem

280 4657 498 4728 Vaphre
526 4671 705 4727 regem
741 4655 960 4728 Egypti
1008 4655 1060 4708 in
1113 4671 1305 4709 manus
1343 4654 1684 4710 inimicorum
1728 4655 1866 4724 ejus,

281 4751 410 4806 etin
451 4763 642 4803 manus
671 4746 1027 4817 quaerentium
1069 4747 1304 4800 animam
1343 4746 1527 4802 illius:
1567 4755 1628 4802 ut
1673 4763 1868 4803 consu-

282 4849 562 4896 merentur
584 4855 774 4896 omnes
793 4839 898 4894 viri
931 4837 1090 4903 Juda,
1121 4839 1210 4908 qui
1241 4847 1398 4894 erant
1423 4839 1477 4892 in
1512 4848 1658 4895 terra
1698 4839 1869 4913 Λεπ-

280 4930 384 5002 pti,
413 4931 590 5001 gladio
617 4939 674 4986 et
692 4929 835 4987 fame
870 4943 1042 5000 usque
1068 4930 1136 4985 ad
1164 4929 1590 4987 internecionem
1621 4949 1635 4985 :
1668 4933 1724 4986 in
1751 4943 1868 4987 tan-

283 5033 397 5079 tum
446 5032 506 5078 ut
559 5022 774 5078 tradant
801 5021 1009 5078 Hebraei
1035 5022 1348 5092 priusquam
1374 5019 1869 5079 Nabuchodonosor

282 5113 574 5186 Egyptum
597 5121 837 5184 caperet,
863 5111 1156 5168 Jeremiam
1181 5120 1235 5168 et
1255 5111 1471 5168 Baruch
1493 5112 1868 5169 imminentem

282 5207 651 5277 captivitatem
693 5214 864 5261 morte
901 5205 1122 5261 vitasse.

360 5313 382 5347 ι
424 5295 840 5364 Responderunt
858 5303 1042 5352 autem
1063 5292 1315 5350 Jeremia
1339 5307 1529 5350 omnes
1551 5293 1678 5360 viri,
1701 5293 1875 5349 scien-

288 5399 314 5438 c
359 5391 442 5441 tes
465 5385 607 5455 quod
636 5384 1007 5441 sacriﬁcarent
1041 5397 1242 5439 uxores
1284 5395 1478 5437 eorum
1503 5383 1609 5438 diis
1657 5381 1868 5448 alienis,

290 5493 314 5530 ι
352 5484 409 5530 et
456 5475 725 5530 universae
769 5474 1022 5529 mulieres
1068 5488 1298 5542 quarum
1358 5472 1537 5528 stabat
1586 5470 1872 5527 multitudo

290 5586 313 5621 ι
353 5568 574 5640 grandis
617 5586 632 5622 :
683 5575 740 5622 et
761 5565 939 5621 omnis
965 5563 1194 5634 pepulus
1219 5563 1577 5618 habitantium
1619 5562 1674 5617 in
1723 5569 1870 5617 terra

291 5681 314 5714 ι
360 5661 578 5733 Egypti
609 5661 662 5716 in
694 5659 984 5721 Phatures,
1018 5657 1258 5713 dicentes
1289 5674 1303 5712 :
1349 5657 1665 5712 Sermonem
1707 5668 1868 5724 quem

1967 4559 2130 4614 Israel
2185 4576 2200 4612 :
2251 4568 2305 4614 et
2357 4567 2716 4627 tentaverunt,
2773 4572 2826 4616 et
2874 4563 3334 4618 exacerbaverunt
3378 4565 3547 4622 Deum

1968 4649 2266 4713 excelsum,
2294 4660 2350 4705 et
2401 4650 2704 4705 testimonia
2743 4651 2862 4722 ejus
2891 4667 2998 4707 non
3038 4653 3414 4710 custodierunt
3444 4673 3460 4710 :
3493 4664 3550 4710 et

1968 4752 2277 4799 averterunt
2290 4759 2368 4808 se,
2391 4752 2446 4799 et
2460 4759 2566 4798 non
2585 4744 3007 4799 observaverunt
3030 4754 3267 4814 pactum,
3290 4748 3548 4816 quemad-

1967 4836 2184 4891 modum
2232 4849 2416 4905 patres
2456 4849 2644 4889 eorum
2671 4835 2917 4890 conversi
2945 4845 3072 4890 sunt
3115 4837 3169 4891 in
3199 4852 3384 4892 aremn
3423 4853 3546 4906 pra-

1965 4943 2090 4980 vum
2117 4945 2131 4980 :
2166 4927 2219 4982 in
2246 4928 2325 4980 ira
2354 4926 2764 4982 concitaverunt
2789 4943 2911 4981 eum
2935 4927 2986 4980 in
3015 4927 3238 4982 collibus
3260 4929 3392 4990 suis,
3407 4936 3464 4980 et
3495 4929 3547 4980 in

1966 5016 2304 5086 sculptilibus
2344 5017 2458 5072 suis
2500 5015 2569 5069 ad
2618 5015 3013 5071 aemulationem
3043 5031 3166 5070 eum
3214 5029 3548 5082 provocave-

1967 5117 2097 5162 runt
2123 5122 2138 5161 :
2169 5107 2292 5162 ideo
2314 5107 2516 5161 audivit
2546 5106 2803 5161 Dominus
2828 5113 2884 5159 et
2904 5106 3126 5174 sprevit,
3151 5112 3204 5157 et
3229 5105 3297 5158 ad
3319 5103 3548 5158 nihilum

1971 5197 2175 5267 redegit
2203 5196 2368 5251 nimis
2388 5194 2553 5250 Israel
2577 5212 2590 5247 :
2615 5202 2670 5248 et
2707 5194 2926 5248 tradidit
2954 5193 3008 5244 in
3034 5191 3399 5259 captivitatem
3434 5192 3545 5244 vir-
3593 5206 3597 5208 '

1972 5296 2142 5342 tatem
2167 5293 2446 5348 eorum,et
2475 5283 2929 5354 pulchritudinem
2950 5295 3136 5334 eorum
3159 5281 3210 5333 in
3236 5295 3428 5334 manus
3450 5279 3549 5334 ini-

1971 5377 2117 5440 mici,
2149 5384 2204 5430 et
2227 5374 2491 5430 conclusit
2530 5375 2584 5428 in
2614 5371 2790 5441 gladio
2819 5369 3073 5439 populum
3097 5384 3274 5434 suum,
3302 5377 3358 5423 et
3381 5370 3550 5424 hatre-

1969 5468 2193 5523 ditatem
2236 5480 2391 5520 suam
2435 5464 2656 5534 sprevit.
2709 5460 2980 5515 Dominati
3032 5467 3159 5515 sunt
3195 5474 3408 5525 eorum,
3457 5458 3547 5530 qu'

1969 5557 2204 5612 oderunt
2253 5569 2366 5617 eos,
2415 5563 2470 5607 et
2521 5552 2912 5607 tribulaverunt
2961 5565 3055 5605 eos
3109 5549 3314 5607 inimici
3363 5564 3553 5605 eorum

1969 5646 2142 5720 (Ptol.
2175 5644 2418 5712 uxvn):
2457 5663 2477 5696 ι
2521 5651 2575 5698 et
2623 5642 2836 5698 merito.
2885 5639 3087 5698 Omnes
3125 5641 3270 5698 enim
3318 5650 3553 5700 montes.
