3970 6190
402 236 544 292 i095

1067 229 1129 284 Β.
1171 226 1424 284 RABANI
1467 225 1684 282 MMll‘tl
1724 222 2045 280 ABCHIEP.
2088 221 2398 279 MOGUNT.
2441 221 2727 279 OPERUM
2766 220 2949 278 PARS
2985 221 3075 278 lii.

3541 225 3696 281 1096

395 349 560 405 valles
582 355 746 415 atque
763 351 1057 408 torrentes,
1085 341 1226 413 pleni
1247 349 1406 396 erant
1431 341 1732 395 daemonum
1755 335 1988 392 cultura.
2019 347 2071 406 Α
2096 336 2188 405 qui
2232 334 2470 404 effugere
2528 341 2783 403 poterant
2824 332 3061 402 gladium
3093 371 3110 397 ,
3175 333 3381 388 reversi
3449 339 3578 391 sunt
3623 337 3707 393 de

395 442 471 496 De
493 438 687 509 quibus
718 433 983 490 Jeremias
1008 434 1168 488 modo
1216 433 1485 502 loquitur,
1523 428 1667 500 quod
1693 436 1875 497 patres
1920 441 1986 512 ac

392 531 488 588 filii
510 531 654 602 ligna
673 537 987 598 comporten
996 534 1034 591 t,
1056 527 1342 596 ignemque
1355 521 1688 578 succendant
1702 529 1757 574 ut
1783 517 1988 573 faciant

395 629 638 698 χαυῶνας
663 619 868 672 militiae
897 617 1038 680 caeli,
1084 617 1186 670 hoc
1211 622 1314 678 est,
1361 611 1614 668 omnibus
1639 610 1826 673 stellis,
1857 623 1986 664 con-

393 710 692 767 terentibus
728 708 947 762 feminis
965 716 1128 777 atque
1159 703 1514 760 miscentibus
1536 701 1744 756 similae.
1774 699 1982 769 adipes,

394 811 452 856 nt
517 803 686 856 Deum
740 801 808 854 ad
877 798 1213 854 iracundiam
1280 802 1658 866 provocarent.
1736 790 1986 861 Nullique

391 893 611 950 dubium
636 891 764 961 quid
788 889 1062 960 placentas
1097 886 1382 957 significet,
1407 885 1522 940 sive
1553 881 1793 938 crustula
1816 896 1981 935 manu

389 985 614 1040 artiﬁcis
639 989 937 1053 praeparata
974 997 987 1032 :
1021 981 1123 1033 hoc
1149 977 1292 1031 enim
1312 975 1495 1044 lingua
1517 981 1700 1029 nostra
1731 977 1983 1044 χαυῶνας

391 1083 568 1131 sonat.
597 1073 674 1127 De
705 1073 789 1127 his
835 1087 899 1125 ex
929 1082 1160 1140 persona
1204 1066 1415 1120 Domini
1445 1063 1745 1136 prophetali
1791 1061 1984 1131 spiritu

391 1166 720 1239 praecinebat
748 1162 924 1216 Moses
965 1161 1018 1214 in
1053 1159 1265 1214 cantico
1292 1154 1716 1218 Deuteronomii,
1752 1153 1938 1206 dicens
1966 1167 1979 1204 :

396 1277 416 1310 ι
450 1257 805 1312 lrritaverunt
825 1269 911 1308 me
932 1253 988 1306 in
1013 1251 1116 1304 diis
1156 1249 1346 1303 alienis
1375 1255 1430 1302 et
1475 1246 1530 1300 in
1563 1239 1984 1299 abominationi-

391 1350 493 1405 bus
515 1349 630 1402 suis
643 1346 709 1400 ad
731 1344 1066 1400 iracundiam
1090 1346 1540 1412 provocaverunt,
1567 1335 1984 1392 immolaverunt

393 1436 746 1498 daemonibus,
775 1442 831 1488 et
853 1448 956 1486 non
987 1431 1096 1484 Deo
1120 1429 1299 1500 (Deut.
1329 1427 1523 1496 xxxu).
1543 1445 1559 1476 ι
1595 1425 1661 1478 Et
1687 1425 1792 1478 hoc
1841 1421 1985 1476 fece—

392 1535 522 1580 runt
541 1524 761 1595 propria
789 1523 1084 1586 voluntate,
1106 1519 1232 1588 quia
1263 1518 1316 1572 in
1346 1524 1531 1572 nostro
1557 1513 1803 1569 consistit
1831 1511 1980 1568 arbi-

397 1617 502 1673 trio
527 1618 723 1670 bonum
754 1615 837 1669 vel
867 1613 1068 1668 malum
1091 1611 1309 1680 eligere.
1339 1607 1603 1677 Reginam
1631 1603 1750 1659 caeli
1778 1611 1875 1661 aut
1901 1613 1983 1664 ιιι-

2091 434 2233 480 terra
2265 424 2485 496 IEgypti
2517 425 2570 478 in
2612 432 2810 479 terram
2853 422 3016 489 Juda,
3060 432 3120 477 ut
3154 425 3448 494 posteritas
3500 426 3706 498 stirpis

2087 516 2322 585 antiquae
2346 523 2680 570 servaretur.
2727 512 3058 582 Spiritaliter
3103 522 3282 568 autem
3324 529 3433 569 non
3459 526 3702 573 vocatur

2087 619 2281 660 nomen
2319 604 2532 658 Domini
2560 619 2628 658 ex
2660 617 2755 658 ore
2777 603 2957 658 omnis
2977 603 3222 659 hmretici
3249 605 3307 658 in
3338 612 3483 660 terra
3515 606 3701 678 Eg-

2085 693 2206 764 pti,
2255 694 2382 764 quia
2426 708 2616 748 eorum
2655 708 2857 759 sermo,
2908 695 3146 764 quandiu
3187 704 3313 750 sunt
3367 696 3423 750 in
3473 711 3694 764 errore,

2086 798 2194 838 non
2213 784 2388 838 oratio
2412 781 2524 838 Deo
2547 781 2766 852 placita,
2793 783 2889 838 sed
2915 783 3250 854 blasphemia
3275 787 3542 856 probatur
3560 803 3697 845 esse

2086 872 2436 942 nequissima.
2473 871 2626 928 Unde
2658 873 2920 944 scriptum
2960 883 3045 930 est
3095 894 3110 930 :
3166 875 3284 931 Non
3330 887 3415 934 est
3453 880 3692 949 pulchra

2087 963 2324 1019 laudatio
2350 966 2404 1020 in
2427 979 2526 1020 ore
2550 967 2877 1036 peccatoris,
2905 975 3056 1022 muta
3083 968 3391 1024 efﬁciantur
3412 971 3560 1032 labia
3588 981 3693 1034 do.

2086 1053 2221 1119 losa,
2251 1070 2370 1123 qua:
2406 1054 2698 1125 loquuntur
2742 1057 3004 1111 adversus
3054 1057 3220 1112 istum
3255 1059 3598 1136 iniquitatem
3630 1069 3689 1123 in

2085 1145 2338 1214 superbia
2360 1153 2416 1200 et
2435 1153 2768 1216 contemptu.
2796 1146 3008 1209 Idcirco
3047 1155 3358 1226 quicunque
3403 1158 3458 1211 in
3495 1171 3692 1214 errore

2085 1243 2346 1305 concepto
2375 1238 2831 1308 perseveraverit,
2865 1245 3046 1315 gladio
3067 1245 3200 1315 justi
3239 1247 3431 1316 judicii
3461 1249 3559 1304 Dei
3585 1265 3687 1320 pe-

2087 1324 2214 1380 ribit
2241 1341 2255 1380 :
2287 1327 2378 1396 qui
2403 1337 2604 1400 autem,
2655 1336 2845 1392 relicto
2868 1352 3058 1393 errore
3093 1350 3217 1404 suo,
3243 1349 3592 1396 revertentur
3614 1343 3689 1398 de

2086 1426 2233 1472 terra
2253 1416 2475 1497 Aigypti
2496 1425 2552 1480 in
2577 1435 2776 1482 terram
2797 1426 2956 1496 Juda,
2980 1439 3037 1484 et
3055 1439 3283 1501 agentes
3307 1434 3685 1502 penitentiam

2089 1505 2346 1584 deinceps
2374 1530 2473 1584 per
2498 1517 2679 1572 omnia
2707 1517 2810 1572 rite
2831 1527 3133 1588 sequuntur
3159 1519 3320 1576 fidem
3350 1522 3683 1580 catholicam

2089 1604 2462 1660 salvabuntur.

395 1723 519 1763 nam
547 1708 686 1762 sicut
709 1705 956 1774 superius
977 1703 1178 1758 dictum
1207 1714 1306 1772 est,
1332 1715 1424 1762 aut
1448 1699 1712 1760 lunonem
1740 1716 1984 1758 sororem
2015 1704 2060 1762 Β
2164 1713 2182 1745 ε
2229 1694 2296 1748 Et
2325 1695 2429 1750 hoc
2455 1695 2608 1750 vobis
2640 1696 2873 1766 signum.
2925 1697 3002 1751 ait
3030 1697 3315 1764 Dominus.
3357 1701 3504 1771 quod
3555 1704 3682 1759 Visi-

391 1794 562 1860 Iovis,
603 1805 695 1849 aut
749 1792 1142 1851 Berechintiam
1197 1812 1423 1853 uxorem
1479 1794 1700 1850 Saturni
1754 1800 1984 1846 matrem

393 1887 616 1942 deorum
695 1886 991 1947 Secundum
1050 1889 1312 1960 quosdam
1391 1893 1667 1956 nuncupat
1717 1902 1730 1938 :
1780 1883 1988 1950 Quibus

396 1975 535 2032 falso
592 1999 786 2038 nomen
873 1979 1172 2051 majestatis
1247 1976 1592 2032 ascribebant
1644 1991 1658 2027 :
1729 1973 1988 2042 quoniam

406 2096 423 2126 ι
453 2092 638 2130 omnes
659 2075 732 2128 dii
759 2073 997 2145 gentium
1028 2070 1312 2134 daamonia,
1336 2068 1596 2124 Dominus
1618 2073 1798 2120 autem
1821 2063 1989 2119 ccelos

402 2167 527 2221 fecit
553 2165 723 2236 (Psal.
760 2163 906 2233 xcv).
962 2181 979 2213 ι
1015 2161 1237 2232 Mystice
1283 2166 1462 2213 autem
1511 2170 1701 2210 omnes
1744 2151 1985 2208 haeretici

401 2256 456 2310 in
489 2253 721 2326 [Egypto
751 2254 908 2308 istius
933 2250 1144 2313 mundi,
1175 2249 1278 2303 hoc
1307 2256 1409 2313 est,
1434 2246 1488 2300 in
1517 2243 1759 2300 tenebris
1785 2239 1989 2295 erroris

400 2345 700 2408 constituti,
735 2341 1001 2397 sacrificia
1029 2348 1084 2393 et
1111 2338 1366 2393 libamina
1395 2351 1502 2390 non
1550 2336 1661 2390 Deo
1703 2347 1854 2397 vero,
1893 2329 1990 2385 sed

403 2435 552 2489 falsis
601 2433 908 2488 numinibus
955 2430 1211 2494 offerunt,
1259 2443 1383 2482 cum
1420 2424 1666 2482 fictiones
1702 2435 1990 2495 perversas

402 2533 456 2581 et
475 2527 720 2595 dogmata
748 2538 912 2592 prava
941 2521 1007 2574 ad
1029 2520 1375 2589 decipiendos
1397 2520 1663 2583 homines,
1686 2526 1744 2572 et
1767 2517 1991 2571 subver-

405 2615 618 2669 tendam
669 2611 825 2666 fidem
876 2621 1078 2664 rectam
1127 2610 1491 2664 conscribunt.
1537 2607 1746 2662 Idcirco
1775 2604 1991 2661 venient

405 2719 567 2772 super
591 2718 685 2757 eos
713 2702 871 2766 mala,
903 2708 958 2755 et
983 2701 1220 2754 eruntin
1253 2698 1660 2761 desolationem,
1702 2705 1757 2751 et
1787 2696 1840 2749 in
1869 2703 1988 2750 stu-

404 2810 608 2864 porem,
637 2800 693 2846 et
717 2793 769 2846 in
797 2789 1137 2845 maledictum
1164 2807 1176 2842 :
1207 2789 1332 2858 quia
1352 2794 1715 2858 peccaverunt
1739 2785 1989 2850 Domino,

404 2896 460 2940 et
496 2901 600 2940 non
649 2884 934 2937 audierunt
986 2896 1173 2935 vocem
1220 2879 1455 2944 Domini,
1508 2892 1684 2946 neque
1735 2879 1788 2930 in
1848 2876 1986 2947 lege,

405 2991 580 3045 neque
610 2975 663 3028 in
691 2973 972 3044 prmceptis
997 2981 1051 3026 et
1076 2971 1401 3026 testimoniis
1421 2969 1557 3038 ejus,
1583 2977 1732 3024 recto
1773 2967 1988 3023 tramite

407 3069 684 3124 catholicae
712 3065 1064 3121 confessionis
1099 3064 1527 3118 ambulaverunt.

484 3181 501 3212 ι
538 3160 685 3214 Dixit
722 3167 900 3212 autem
949 3155 1210 3211 Jercmias
1259 3156 1325 3208 ad
1375 3169 1589 3209 omnem
1634 3151 1886 3222 populum
1939 3157 1994 3204 et

415 3268 436 3303 ς
481 3251 547 3305 ad
579 3250 858 3302 universas
886 3247 1140 3300 mulieres
1191 3263 1204 3298 :
1257 3244 1450 3299 Audite
1502 3245 1724 3298 verbum
1760 3240 1990 3305 Domini,

415 3358 436 3392 ι
478 3339 654 3394 omnis
682 3337 839 3402 Juda,
865 3338 957 3406 qui
989 3335 1119 3389 estis
1149 3335 1202 3390 in
1243 3345 1387 3388 terra
1425 3333 1640 3403 Egypti
1676 3346 1689 3385 :
1730 3331 1874 3396 Haec,
1905 3332 1992 3385 in-

416 3449 436 3482 ‹
479 3431 597 3500 quit
645 3427 899 3482 Dominus
961 3425 1293 3479 exercituum
1347 3423 1486 3477 Deus
1539 3422 1719 3485 Israel,
1756 3422 1986 3476 dicens:

418 3539 436 3570 ‹
476 3519 581 3574 Vos
647 3525 701 3571 et
753 3531 950 3570 uxores
998 3523 1221 3577 vestrae,
1273 3513 1433 3568 locuti
1477 3513 1607 3567 estis
1642 3527 1738 3567 ore
1779 3521 1988 3577 vestro,

416 3631 433 3662 ‹
478 3620 534 3663 et
580 3610 827 3665 manibus
851 3606 1045 3660 vestris
1072 3605 1356 3674 implestis,
1391 3603 1632 3657 dicentes
1664 3620 1674 3655 :
1713 3601 1994 3656 Faciamus

417 3719 437 3751 ‹
485 3708 606 3753 vola
663 3705 865 3758 nostra,
907 3711 1026 3764 quae
1073 3695 1336 3759 vovimus,
1381 3701 1441 3747 ut
1486 3693 1853 3748 sacrificemus
1911 3707 1996 3746 re-

420 3811 437 3840 ι
483 3791 620 3858 gina:
667 3787 812 3852 coeli,
838 3795 892 3841 et
917 3787 1145 3842 libemus
1171 3787 1221 3840 ei
1261 3786 1534 3840 libamina.
1565 3785 1832 3855 Implestis
1868 3794 1993 3838 vota

421 3898 438 3930 ι
484 3886 686 3943 vestra,
712 3886 768 3932 ct
810 3892 970 3946 opere
1014 3877 1366 3946 perpetrastis
1387 3891 1470 3930 ea.
1513 3875 1636 3930 ideo
1660 3875 1842 3930 audite
1869 3889 1994 3928 ver-

419 3988 436 4018 ι
485 3970 610 4023 1›υηι
658 3967 866 4022 Domini
903 3967 1080 4021 omnis
1107 3966 1264 4031 Juda,
1313 3967 1407 4036 qui
1451 3965 1708 4020 habitatis
1751 3965 1806 4018 in
1849 3972 1995 4018 terra

422 4077 439 4111 ι
489 4058 699 4129 Ᾱῐεγριί
737 4075 748 4109 :
793 4057 931 4111 Ecce
964 4072 1064 4126 ego
1087 4056 1264 4124 juravi
1293 4057 1345 4110 in
1389 4058 1604 4112 nomine
1631 4071 1752 4111 meo
1778 4071 1992 4126 magno,

419 4169 438 4200 ι
485 4149 556 4204 ait
589 4148 865 4211 Dominus,
914 4146 1038 4214 quia
1071 4161 1407 4216 nequaquam
1434 4147 1576 4200 ultra
1599 4162 1792 4201 nomen
1818 4162 1995 4201 meum

422 4260 440 4291 ι
485 4239 764 4293 vocabitur
783 4253 851 4292 ex
873 4251 966 4292 ore
989 4236 1165 4291 omnis
1187 4237 1286 4289 viri
1305 4233 1494 4300 Judaei,
1523 4235 1753 4290 dicentis
1787 4253 1800 4289 :
1854 4236 1999 4290 Vivit

421 4354 440 4382 ι
479 4331 738 4385 Dominus
764 4330 903 4384 Deus
955 4329 1007 4383 in
1037 4329 1184 4383 omni
1218 4337 1360 4382 terra
1395 4328 1611 4399 Egypti
1653 4343 1669 4382 :
1712 4329 1852 4384 Ecce
1898 4343 1996 4399 ego

2096 1801 2115 1834 ι
2163 1793 2268 1838 tem
2291 1800 2390 1855 ego
2414 1799 2578 1855 super
2603 1800 2700 1840 vos
2725 1787 2776 1840 in
2810 1786 2928 1843 loco
2957 1788 3082 1854 isto,
3107 1798 3166 1844 ut
3193 1791 3382 1846 sciatis
3400 1792 3528 1861 quia
3557 1808 3683 1848 vene

2094 1895 2113 1929 ί
2158 1877 2567 1947 complebuntur
2593 1893 2872 1934 sermones
2893 1881 2995 1936 mei
3020 1892 3212 1936 contra
3241 1898 3340 1938 vos
3369 1885 3424 1938 in
3455 1885 3677 1939 malum.

2094 1985 2110 2017 ι
2157 1966 2283 2022 Περ
2312 1966 2443 2021 dicit
2475 1967 2733 2022 Dominus
2761 1968 2904 2023 Deus
2930 1986 2943 2021 :
2976 1969 3116 2024 Ecce
3163 1985 3264 2042 ego
3300 1972 3511 2026 tradam
3543 1973 3681 2027 Pha-

2095 2073 2113 2106 ‹
2161 2071 2379 2111 raonem
2407 2055 2621 2126 Ephree
2657 2072 2838 2129 regem
2885 2056 3104 2129 Egypti
3144 2060 3195 2113 in
3223 2075 3388 2115 manu
3432 2061 3683 2116 inimicm

2096 2165 2114 2197 ι
2160 2163 2279 2202 rum
2323 2163 2569 2214 suorum,
2614 2158 2669 2204 et
2711 2149 2767 2204 in
2821 2165 2982 2205 manu
3025 2153 3382 2220 quaerentium
3442 2155 3680 2208 animam

2096 2257 2114 2289 ε
2157 2237 2334 2302 illius,
2388 2238 2528 2293 sicut
2577 2239 2768 2294 tradidi
2831 2239 3112 2295 Sedeciam
3175 2258 3356 2314 regem
3438 2243 3577 2299 Juda
3625 2245 3678 2299 in

2097 2345 2118 2377 ι
2158 2343 2321 2382 manu
2376 2325 2876 2384 Nabuchodonosor
2933 2331 3078 2402 regis
3121 2331 3414 2404 Babylonis
3473 2336 3677 2391 inimici

2096 2436 2116 2470 ‹
2147 2419 2230 2474 sui
2251 2428 2307 2474 et
2342 2421 2636 2489 quaerentis
2665 2421 2898 2474 animam
2923 2420 3060 2490 ejus.
3102 2442 3121 2475 ο
3173 2423 3425 2495 Congruc
3461 2427 3597 2480 satis
3623 2428 3676 2479 in

2090 2508 2304 2580 signum
2365 2509 2604 2566 Iudaicae
2658 2513 2929 2568 vastitatis
2986 2514 3247 2571 Dominus
3297 2517 3511 2587 Ephree
3565 2519 3677 2573 sive

2096 2597 2305 2670 Vaphre
2333 2616 2515 2673 regem
2570 2601 2788 2674 Egypti
2834 2604 2998 2670 dedit,
3031 2615 3092 2660 ut
3139 2621 3261 2661 cum
3290 2607 3439 2662 illum
3483 2611 3538 2664 iu
3573 2627 3678 2680 quo

2091 2705 2240 2761 spem
2287 2707 2398 2747 sua:
2451 2693 2786 2748 liberationis
2837 2695 3104 2749 habebant
3132 2705 3348 2766 captum
3395 2707 3456 2752 et
3507 2702 3675 2754 inter-

2089 2791 2328 2852 emptum
2351 2784 2618 2849 viderent,
2649 2785 2749 2854 ipsi
2770 2786 2836 2838 ad
2856 2787 2960 2840 veri
2987 2787 3067 2840 sui
3089 2787 3398 2844 liberatoris
3417 2792 3672 2847 auxilio

2091 2860 2510 2928 reverterentur.
2567 2873 2845 2944 Siquidem
2903 2875 3169 2946 Vaphrem
3223 2893 3403 2950 regem
3455 2879 3672 2951 AEgypti

2090 2961 2312 3030 triginta
2359 2962 2520 3017 annis
2571 2977 2792 3032 regnum
2844 2966 3082 3020 tenuisse
3127 2967 3369 3022 historiae
3417 2972 3675 3038 produnt.

2018 3051 2063 3112 C
2094 3050 2258 3120 Culus
2283 3068 2426 3108 anno
2465 3061 2618 3109 sexto
2657 3053 3150 3112 Nabuchodonosor
3175 3074 3268 3114 rex
3299 3058 3670 3116 Chaldaeorum

2095 3141 2443 3214 Jerosolymis
2465 3145 2635 3214 captis
2666 3146 2921 3216 templum
2955 3147 3224 3214 incendit,
3249 3151 3394 3218 quod
3424 3151 3495 3206 ab
3525 3153 3673 3207 initio

2093 3235 2466 3292 tedificationis
2493 3253 2606 3293 suae
2632 3249 2904 3295 manserat
2931 3243 3088 3297 annis
3109 3245 3519 3317 quadringentis
3545 3264 3673 3317 qua-

2094 3326 2339 3395 draginta
2374 3327 2602 3383 duobus.
2636 3328 2732 3384 Cui
2769 3332 3048 3387 sententiae
3077 3335 3251 3388 etiam.
3269 3335 3522 3392 Clemens
3543 3355 3670 3394 con-

2093 3418 2239 3488 gruit
2268 3419 2320 3472 in
2347 3419 2521 3487 primo
2544 3419 2816 3476 Stromate
2839 3425 3250 3494 quadragesima
3271 3436 3466 3482 octava
3495 3429 3670 3500 Olym-

2092 3510 2270 3578 piade,
2284 3511 2650 3578 captivitatem
2662 3512 2968 3568 Judmorum
2992 3515 3190 3570 factam
3200 3533 3319 3572 esse
3339 3529 3669 3588 contestans,

2094 3609 2353 3669 regnante
2405 3603 2546 3672 apud
2611 3603 2896 3674 Egyptios
2944 3606 3182 3676 Vaphre,
3239 3612 3382 3679 apud
3434 3612 3674 3668 Athenas

2094 3689 2412 3761 thnippo,
2438 3701 2494 3746 et
2519 3697 2792 3764 supputari
2835 3698 3168 3768 septuaginta
3196 3713 3368 3754 annos
3397 3703 3674 3758 desolatio-

2094 3782 2179 3836 uis
2210 3784 2388 3852 templi
2426 3799 2595 3853 usque
2629 3786 2681 3839 in
2734 3789 3027 3842 secundum
3076 3804 3276 3844 annum
3320 3793 3489 3848 Darii.
3521 3795 3670 3850 Iose-

2095 3874 2232 3942 phus
2251 3884 2431 3929 autem
2464 3876 2530 3930 de
2549 3876 2651 3931 hoc
2671 3875 2924 3947 Egyptio
2951 3879 3003 3933 in
3031 3879 3428 3950 Antiquitatum
3455 3901 3670 3940 suarum

2097 3966 2236 4021 libro
2267 3966 2478 4024 decimo
2507 3978 2713 4033 narrat,
2743 3970 2962 4024 dicens:
2993 3971 3161 4026 Porro
3181 3972 3676 4031 Nabuchodonosor

2095 4059 2224 4114 dum
2251 4061 2478 4115 vixisset
2518 4063 2675 4117 annis
2721 4063 3076 4134 quadraginta
3105 4065 3391 4123 defunctus
3439 4079 3543 4134 est,
3595 4072 3678 4125 vir

2097 4150 2391 4205 industrius
2416 4159 2474 4205 et
2491 4153 2729 4222 priorum
2765 4169 2948 4224 regum
2974 4155 3132 4210 valde
3160 4156 3386 4211 felicior.
3437 4160 3676 4215 Meminit

2098 4239 2255 4310 hujus
2300 4249 2479 4295 actum
2534 4250 2589 4295 et
2643 4242 2877 4299 Berosus
2915 4245 2968 4298 iu
3024 4244 3164 4300 libro
3208 4249 3370 4301 tertio
3435 4250 3674 4304 historiae

2097 4328 2468 4384 Chaldaeorum
2491 4329 2567 4384 ita
2591 4331 2776 4386 dicens
2809 4350 2819 4384 :
2847 4332 3084 4387 Audiens
3111 4343 3292 4388 autem
3319 4335 3483 4390 Pater
3500 4336 3676 4391 Nabu-

423 4441 441 4471 ι
490 4420 718 4491 vigilabo
743 4436 904 4490 super
937 4434 1032 4475 eos
1059 4421 1110 4474 in
1140 4420 1358 4484 malum,
1382 4395 1564 4475 et
1609 4421 1663 4474 in
1689 4422 1909 4484 bonum,
1934 4395 1993 4475 et
2025 4395 2074 4454 D
2099 4418 2436 4476 chodonosor
2459 4422 2601 4491 quod
2631 4420 2880 4492 Satrapa,
2907 4425 2996 4494 qui
3024 4425 3092 4479 ab
3120 4439 3186 4480 eo
3209 4429 3536 4483 constitutus
3562 4429 3670 4484 file-

425 4529 442 4559 ι
487 4519 868 4564 consumentur
889 4525 1077 4565 omnes
1120 4510 1395 4574 viriJuda,
1441 4511 1530 4580 qui
1575 4520 1700 4566 sunt
1745 4513 1799 4566 in
1853 4520 1997 4566 terra

428 4615 447 4646 ι
493 4597 731 4666 ίΕεγριί,
776 4599 952 4666 gladio
999 4608 1055 4653 et
1101 4599 1262 4664 fame,
1312 4600 1482 4654 donec
1540 4601 1755 4670 penitus
1801 4617 2000 4656 consu-

425 4707 445 4738 ‹
491 4695 728 4750 mantur,
759 4697 816 4741 et
859 4690 950 4756 qui
981 4689 1214 4759 fugerint
1251 4690 1484 4760 gladium
1544 4700 1885 4746 revertentur
1929 4692 1997 4748 de

427 4796 446 4829 σ
490 4787 634 4833 terra
661 4776 897 4847 Atlgypti,
932 4779 982 4833 in
1013 4788 1213 4834 terram
1239 4779 1374 4835 Juda
1398 4781 1500 4836 viri
1532 4783 1711 4850 pauci,
1742 4793 1796 4838 et
1823 4783 1995 4838 scient

427 4887 446 4918 ‹
489 4882 676 4923 omnes
709 4867 946 4936 reliquias
990 4866 1126 4922 Juda
1157 4868 1570 4937 ingredientium
1605 4880 1804 4924 terram
1831 4871 1998 4942 Egy-

427 4974 446 5007 α
487 4959 586 5027 pti,
623 4966 682 5012 ut
707 4957 950 5011 habitent
981 4957 1076 5021 ibi,
1106 4957 1258 5027 cujus
1282 4972 1460 5012 sermo
1491 4958 1823 5028 compleatur
1847 4975 1998 5016 meus

427 5068 447 5099 ς
492 5064 558 5101 an
589 5047 821 5102 illorum.
854 5067 874 5099 ι
928 5046 1125 5102 Contra
1168 5048 1300 5102 dicit
1335 5049 1596 5118 prapheta
1633 5065 1701 5104 ex
1749 5064 1997 5107 sermone

424 5137 658 5204 Domini,
680 5139 822 5208 quod
853 5153 1194 5209 nequaquam
1226 5139 1364 5193 ultra
1409 5155 1602 5196 nomen
1632 5139 1750 5210 ejus
1775 5150 1996 5196 vocetur

422 5241 492 5282 ex
521 5243 617 5283 ore
662 5229 839 5284 omnis
871 5230 970 5283 viri
1019 5227 1188 5284 Judzei
1217 5229 1446 5285 dicentis
1487 5248 1502 5284 :
1560 5232 1701 5288 Vivit
1739 5233 1998 5287 Dominus

427 5321 568 5378 Deus
609 5323 662 5378 in
707 5325 854 5380 omni
906 5334 1047 5379 terra
1078 5325 1316 5397 Egypti.
1357 5326 1620 5394 Quoniam
1671 5330 1760 5398 qui
1807 5339 1996 5385 contra

426 5409 662 5466 divinum
725 5425 1051 5484 praceptum
1098 5415 1223 5471 illuc
1281 5426 1653 5486 perrexerant,
1715 5420 1999 5488 protectio-

429 5514 548 5555 nem
593 5504 802 5561 Domini
853 5507 1049 5562 ibidem
1105 5510 1306 5565 habere
1360 5527 1465 5566 non
1510 5521 1844 5577 meruerunt,
1902 5514 1996 5569 sed

423 5595 758 5662 consumptis
831 5596 1154 5651 adversariis
1219 5599 1394 5668 gladio
1445 5610 1500 5655 et
1565 5601 1745 5667 fame,
1816 5605 1994 5672 pauci,

2099 4521 2185 4567 rat
2211 4512 2264 4565 in
2287 4511 2523 4583 IEgypto
2547 4522 2604 4568 et
2623 4513 2755 4568 locis
2784 4513 2954 4584 Syria:
2980 4515 3252 4572 inferioris
3279 4526 3334 4572 et
3358 4518 3670 4584 thniciae,

2098 4603 2411 4658 recessisset
2435 4603 2504 4657 ab
2526 4617 2592 4658 eo
2619 4621 2633 4657 :
2665 4619 2785 4660 cum
2803 4606 2916 4675 ipse
2937 4604 3049 4673 jam
3072 4607 3300 4678 fatigare
3329 4625 3438 4663 non
3468 4621 3669 4680 posset,

2097 4694 2440 4749 committens
2475 4693 2584 4749 filio
2629 4693 3116 4752 Nabuchodonosor
3161 4699 3344 4769 juveni
3385 4703 3672 4769 quamdam

2096 4793 2305 4854 partem
2328 4788 2619 4852 exercitus,
2653 4788 2799 4842 misit
2843 4791 3102 4845 adversus
3127 4805 3271 4845 eum.
3313 4791 3672 4849 Nabuchodo-

2099 4892 2263 4932 nosor
2286 4886 2463 4931 autem
2489 4893 2811 4948 congressus
2843 4881 3099 4936 adversus
3147 4896 3294 4949 eum,
3341 4885 3432 4953 qui
3463 4885 3532 4939 ab
3560 4885 3674 4954 ejus

2097 4967 2259 5023 Patre
2309 4979 2631 5035 recesserat,
2683 4969 2826 5026 facta
2867 4973 3232 5040 dimicatione,
3277 4985 3333 5029 et
3363 4991 3485 5030 eum
3521 4978 3668 5041 vicit,

2096 5066 2151 5111 et
2169 5059 2504 5128 provinciam
2531 5075 2600 5115 ex
2629 5061 2732 5116 isto
2751 5063 3014 5133 principio
3037 5081 3134 5120 suo
3162 5065 3468 5136 subjugavit
3499 5069 3667 5138 impe-

2097 5150 2197 5203 rio.
2226 5150 2302 5206 Eo
2327 5151 2542 5220 quidem
2571 5162 2810 5222 tempore
2830 5157 3074 5226 contigit,
3097 5167 3156 5212 ut
3174 5157 3338 5212 Pater
3355 5158 3472 5229 ejus
3497 5160 3669 5215 Nabu-

2096 5239 2434 5295 chodonosor
2455 5251 2745 5310 aagrotaret
2769 5244 2823 5297 in
2851 5243 3145 5316 Babylonia
3169 5249 3388 5304 civitate
3417 5260 3472 5304 et
3499 5267 3530 5304 a
3561 5251 3664 5305 vita

2097 5330 2392 5386 recederet.
2423 5332 2524 5398 Qui
2560 5335 2806 5405 regnavit
2831 5337 2990 5392 annis
3032 5339 3221 5410 viginti
3267 5356 3453 5395 unum.
3496 5341 3666 5396 Nabu-

2097 5423 2436 5478 chodonosor
2457 5434 2636 5480 autem
2664 5443 2769 5482 non
2805 5438 2927 5497 post
2951 5430 3177 5486 multum
3207 5442 3418 5503 tempus
3446 5443 3664 5489 mortem

2096 5514 2272 5570 Patris
2295 5531 2614 5585 agnoscens,
2658 5529 2712 5573 et
2753 5521 3043 5591 disponens
3084 5540 3274 5581 causas
3301 5526 3517 5597 ASgypti
3544 5526 3659 5581 reli-

2097 5621 2365 5676 quamque
2397 5608 2747 5677 provinciam,
2789 5620 2846 5665 ct
2879 5616 3118 5682 captivos
3141 5615 3256 5684 ejus
3277 5626 3332 5670 et
3356 5615 3666 5671 Phoenicum
