3970 6190
304 262 440 318 1097
514 252 517 255 ’

1195 258 1556 318 ΕΧΡΟΞΙΤΙΟ
1595 257 1821 315 SUPER
1855 257 2221 316 JEREMIAM.
2262 294 2330 302 —
2368 260 2494 318 LIB.
2541 263 2673 319 XIV.

3433 269 3568 326 1098

294 379 354 428 et
383 370 666 442 Syriorum
697 377 751 425 et
778 370 1017 440 gentium
1044 368 1440 442 zEgyptiarum,
1484 379 1539 425 et
1566 370 1882 441 praecipiens
1908 370 1960 432 Α
1983 372 2245 441 propheta
2270 373 2473 427 mistim
2506 377 2571 429 de
2601 373 2735 431 Juda
2767 381 2820 430 et
2862 374 3056 441 Israel,
3110 385 3165 431 ct
3208 377 3275 433 de
3301 377 3569 440 Chaldmis

294 462 621 534 quibusdam
658 460 868 524 amicis,
922 468 980 514 ut
1006 475 1127 515 cum
1158 477 1350 533 magna
1393 463 1613 528 virtute,
1656 471 1711 517 et
1738 460 1884 517 omni

291 555 530 610 utilitate
564 551 633 607 ad
671 551 1022 622 Babyloniam
1051 560 1244 606 cuncta
1293 553 1590 619 deferrent,
1621 553 1735 623 ipse
1761 569 1883 609 cum

291 645 483 719 paucis
503 660 603 716 per
629 644 903 699 desertum
930 644 1080 699 venit
1111 644 1179 699 ad
1206 645 1576 717 Babyloniam,
1599 653 1655 701 et
1679 647 1885 718 potitus

291 754 477 792 rerum
508 752 627 807 qum
664 736 1106 807 gul-ernabantur
1150 745 1279 790 tunc
1303 752 1332 791 a
1364 735 1650 800 Chaldaeis,
1682 753 1710 791 a
1745 753 1880 807 quo-

288 831 415 884 dam
443 829 560 881 viro
603 827 807 896 Optimo
857 841 1078 896 regnum
1115 836 1479 890 reservaturo,
1535 827 1697 882 totius
1728 828 1878 898 regni

287 919 495 991 paterni
526 917 774 973 dominus
798 922 882 970 est
917 912 1156 970 eﬂ'ectus.

868 1027 1095 1085 CAPUT
1131 1027 1292 1084 XLV.

285 1120 603 1192 Increpatur
660 1118 871 1172 Baruch
940 1135 973 1192 a_
1021 1116 1251 1192 Ieremia
1292 1118 1364 1192 _de
1396 1117 1827 1188 pusillanimitate
1856 1131 1875 1169 :

687 1200 862 1242 tamen
890 1186 1036 1241 salus
1065 1188 1112 1241 ei
1133 1186 1475 1257 promittitur.

428 1281 664 1337 Verbum
692 1279 836 1350 quod
863 1279 1074 1335 locutus
1102 1287 1187 1335 est
1210 1278 1475 1355 Ieremias
1514 1280 1773 1350 propheta
1808 1281 1876 1334 ad

288 1391 310 1426 ι
356 1373 590 1437 Baruch,
621 1371 789 1425 tilium
836 1369 1029 1435 Neriae,
1074 1386 1196 1425 cum
1238 1371 1544 1440 scripsisset
1567 1370 1728 1424 verba
1760 1371 1876 1424 haec

287 1482 310 1518 ι
353 1466 407 1520 in
439 1464 578 1518 libro
605 1464 670 1518 de
699 1477 796 1517 ore
816 1461 1083 1526 Jeremizc,
1111 1477 1254 1516 anno
1278 1471 1472 1531 quarto
1500 1460 1748 1516 Joachim
1781 1460 1874 1515 ﬁlii

286 1576 308 1611 ι
348 1557 510 1615 Ιοείω
537 1556 680 1627 regis
707 1554 865 1617 Juda,
888 1554 1071 1609 dicens
1099 1568 1114 1607 :
1147 1552 1272 1608 Haac
1292 1553 1425 1607 dicit
1452 1553 1711 1608 Dominus
1730 1552 1873 1607 Deus

283 1673 304 1705 ς
349 1650 510 1707 Israel
540 1650 606 1704 ad
650 1656 701 1703 te
746 1647 1003 1701 Barueh:
1055 1645 1287 1701 Dixisti:
1324 1644 1417 1700 Va:
1466 1644 1597 1698 mihi
1649 1644 1867 1710 misero,

1985 461 2415 534 atqueAEgyptiis
2432 472 2589 533 prout
2613 465 2983 535 opportunitas
3008 467 3332 525 narrationis
3358 486 3415 526 se
3439 488 3570 528 con—

1985 553 2106 607 tulit
2128 569 2432 609 sermonem
2455 554 2641 610 habuit
2667 575 2679 610 :
2705 557 2901 613 dehinc
2924 572 3052 614 vero
3075 560 3141 613 ad
3172 561 3413 618 diversas
3437 580 3567 635 gen-

1984 652 2064 700 tes
2089 661 2152 700 ac
2178 646 2505 716 provincias,
2538 647 2641 703 hoc
2681 659 2780 709 est,
2829 649 2895 704 ad
2924 648 3242 721 ZEgyputm,
3286 653 3353 707 ad
3390 653 3562 710 Palee-

1982 737 2172 802 stinos,
2204 737 2269 790 ad
2309 735 2589 797 Moabitas.
2622 746 2676 792 et
2706 735 2844 793 ﬁlios
2881 738 3132 805 Ammon,
3162 744 3229 796 ad
3250 741 3562 812 Idumzram,

1982 825 2048 879 ad
2072 824 2265 891 Cedar,
2293 826 2358 879 ad
2390 826 2564 891 Elam,
2592 834 2646 880 et
2684 827 2749 881 ad
2789 836 3090 883 extremum
3118 831 3186 886 ad
3215 831 3565 903 Babylonem,

1980 917 2045 972 ad
2074 926 2272 971 terram
2292 916 2687 982 Chaldmorum,
2721 919 3027 988 specialiter
3058 921 3305 991 singulis,
3334 925 3559 980 verbum

1979 1006 2226 1074 Domini,
2257 1009 2399 1078 quod
2427 1010 2525 1063 sub
2555 1009 2768 1078 nomine
2795 1011 2976 1064 oneris
3013 1011 3175 1067 Isaias
3206 1017 3559 1084 nuncupavit,

1977 1100 2216 1169 profert:
2245 1112 2305 1155 ut
2335 1101 2510 1155 sciant
2538 1101 2759 1170 singulae
2781 1102 2907 1171 quid
2931 1113 3116 1157 contra
3145 1106 3354 1160 Domini
3380 1107 3562 1162 volun-

1979 1199 2142 1246 tatem
2170 1191 2418 1256 fecerint,
2450 1196 2503 1245 et
2554 1191 2764 1262 qualem
2800 1193 3094 1248 vindictam
3140 1196 3263 1250 inde
3308 1197 3415 1252 sint
3445 1214 3567 1268 per-

1976 1296 2233 1350 pessum.
2262 1280 2501 1336 Primum
2549 1295 2676 1352 ergo
2718 1284 2785 1337 ad
2829 1282 3154 1355 Egyptum,
3181 1302 3301 1356 qua:
3332 1291 3565 1343 maxime

1977 1372 2290 1427 scandalum
2314 1371 2413 1426 fuit
2432 1373 2576 1440 genti
2599 1371 2927 1437 Judaeorum,
2952 1390 3255 1431 sermonem
3279 1381 3563 1443 convertit.

1975 1477 2410 1516 commemorans
2440 1472 2653 1532 tempus
2689 1464 2903 1532 quando
2950 1465 3066 1519 haec
3112 1466 3308 1538 legatio
3346 1480 3566 1538 peracta

1974 1563 2079 1617 est,
2104 1553 2205 1607 hoc
2224 1564 2329 1618 est,
2354 1554 2407 1607 in
2434 1562 2627 1622 quarto
2661 1569 2803 1610 anno
2829 1553 3074 1610 Joachim
3124 1556 3216 1610 ﬁlii
3243 1557 3402 1615 JOSIIP.
3422 1563 3566 1632 regis

1972 1640 2132 1708 Iuda,
2160 1645 2376 1714 quando
2426 1642 2638 1699 Pharao
2665 1643 2878 1700 Nechao
2914 1661 3007 1701 rex
3038 1645 3258 1719 Egypti
3306 1650 3357 1703 in
3388 1649 3563 1706 Char-

284 1762 303 1792 ‹
348 1740 602 1811 quoniam
643 1737 851 1793 addidit
880 1735 1141 1791 Dominus
1183 1735 1423 1790 dolorem
1460 1734 1632 1790 dolori
1680 1749 1800 1789 meo
1850 1753 1862 1788 :
1896 1724 1943 1784 Β
1971 1735 2139 1791 camis
2171 1746 2359 1791 contra
2402 1734 2898 1805 Nabuchodonosor
2930 1753 3107 1809 regem
3150 1741 3437 1813 Babylonis
3465 1761 3565 1816 pn-

284 1851 302 1883 ι
349 1830 589 1886 laboravi
620 1844 742 1885 cum
767 1826 970 1899 gemitu
994 1843 1144 1894 meo,
1180 1836 1236 1882 et
1259 1827 1499 1897 requiem
1530 1844 1637 1883 non
1661 1826 1863 1882 inveni.

281 1943 300 1973 ε
348 1921 475 1976 Haec
517 1920 647 1975 dicit
692 1919 951 1974 Dominus
980 1935 993 1972 :
1024 1917 1116 1973 Sic
1137 1918 1285 1973 dices
1305 1919 1372 1973 ad
1398 1933 1520 1973 eum
1557 1936 1570 1971 :
1603 1917 1743 1973 Ecce
1766 1932 1866 1989 ego

281 2033 300 2065 ι
347 2028 484 2087 quos
508 2011 769 2068 aediﬁcavi
790 2011 1030 2075 destruo,
1054 2018 1109 2066 et
1127 2024 1263 2081 quos
1288 2010 1525 2081 plantavi
1545 2026 1646 2082 ego
1670 2010 1863 2075 evelle,

280 2129 298 2159 σ
344 2114 401 2163 et
427 2106 733 2161 universam
760 2112 960 2158 terram
981 2104 1154 2169 hanc,
1188 2112 1244 2159 et
1271 2114 1324 2159 tu
1350 2103 1549 2175 quaeris
1578 2104 1674 2159 tibi
1702 2118 1865 2174 gran-

279 2218 298 2250 ι
341 2198 476 2253 dia?
505 2195 621 2253 Noli
643 2210 907 2267 quaerere,
946 2195 1070 2265 quia
1093 2209 1220 2250 ecce
1240 2209 1341 2266 ego
1366 2194 1628 2249 adducam
1660 2194 1862 2248 malum

276 2308 295 2340 ι
340 2303 507 2358 super
538 2276 750 2342 omnem
782 2299 1025 2350 carnem,
1055 2285 1132 2340 ait
1162 2284 1442 2350 Dominus,
1481 2292 1537 2340 et
1579 2284 1718 2340 dabo
1765 2284 1861 2339 tibi

276 2395 296 2428 ι
337 2377 574 2431 animam
632 2383 778 2430 tuam
807 2375 864 2429 in
918 2374 1168 2441 salutem,
1200 2375 1253 2429 in
1300 2375 1551 2432 omnibus
1605 2375 1741 2431 locis
1792 2375 1861 2430 ad

276 2486 295 2519 ι
339 2482 675 2538 (ιιιωοιιῐιιιιιθ
707 2466 1035 2536 perrexeris.
1080 2484 1099 2518 ι
1157 2464 1326 2529 Rudis
1368 2466 1546 2521 adhuc
1566 2474 1621 2520 et
1657 2466 1860 2536 imper-

266 2559 444 2614 tectus
494 2558 550 2611 in
600 2556 885 2612 tolerantia
938 2556 1272 2626 passionum,
1329 2570 1466 2625 quas
1514 2557 1856 2627 postmodum

265 2657 593 2719 experturus
621 2655 740 2703 erat
760 2646 994 2712 Barueh,
1022 2646 1241 2716 expavit
1279 2646 1641 2701 calamitatem
1683 2644 1861 2715 capti-

265 2740 476 2804 vitatis,
507 2754 627 2809 quze
647 2739 761 2809 jam
790 2747 917 2794 tunc
943 2738 1273 2808 temporibus
1297 2736 1541 2793 Joachim
1573 2738 1665 2792 ﬁlii
1697 2735 1858 2792 Josim

267 2832 416 2902 regis
445 2829 581 2886 Juda
617 2831 737 2885 urbi
769 2830 1105 2884 imminebat.
1136 2828 1289 2886 Unde
1322 2832 1672 2899 conqueritur
1701 2826 1855 2882 dolo-

268 2941 380 2981 rem
410 2924 652 2980 additum
682 2922 855 2977 dolori
907 2937 1026 2987 suo,
1078 2922 1174 2978 sed
1205 2921 1406 2992 accipit
1452 2921 1576 2976 inde
1613 2920 1856 2975 divinum

267 3028 610 3083 responsum,
635 3012 778 3083 quod
804 3011 1071 3082 superﬂue
1095 3020 1303 3081 quaerat
1329 3027 1513 3083 pacem
1535 3013 1636 3068 sibi
1668 3011 1855 3080 tribui,

1970 1824 2179 1893 gnavit,
2219 1835 2380 1895 atque
2409 1825 2477 1880 ab
2520 1839 2586 1882 eo
2627 1826 2894 1882 contritus
2920 1836 2971 1882 et
3011 1841 3295 1899 superatus
3322 1839 3423 1886 est.
3457 1832 3562 1888 Sed

1968 1916 2094 1984 quia
2131 1916 2329 1987 divinae
2376 1916 2620 1972 historiae
2656 1916 2760 1973 hoc
2791 1920 3060 1989 quomodo
3106 1920 3308 1977 factum
3354 1925 3426 1979 sit
3453 1939 3562 1980 non

1966 2009 2145 2097 palam
2170 2010 2482 2075 ostendunt,
2514 2011 2882 2066 necessarium
2909 2014 3164 2083 putabam
3195 2016 3560 2072 narrationem

1965 2096 2184 2169 Iosephi
2221 2099 2344 2154 inde
2365 2100 2417 2153 in
2453 2099 2556 2155 hoc
2582 2099 2699 2155 loco
2718 2115 2940 2171 ponere,
2979 2101 3071 2172 qui
3102 2103 3153 2156 in
3178 2102 3318 2159 libro
3346 2104 3558 2160 decimo

1964 2186 2360 2259 Antiquitatum
2383 2205 2601 2245 suarum
2626 2190 2698 2244 ita
2725 2198 2931 2255 narrat,
2956 2192 3177 2247 dicens:
3202 2211 3221 2244 ι
3256 2191 3372 2249 Rex
3400 2195 3563 2265 igitur

1963 2281 2366 2354 Egyptiorum,
2396 2281 2522 2337 dum
2548 2281 2736 2338 fuisset
2772 2298 2800 2336 a
2830 2298 3006 2354 pugna
3047 2299 3317 2349 reversus,
3348 2285 3563 2341 vocavit

1962 2374 2208 2430 Joachim
2238 2375 2306 2430 ad
2332 2375 2680 2444 semetipsum
2721 2376 2788 2430 de
2833 2376 3051 2431 civitate
3099 2376 3291 2447 Syriae,
3329 2394 3449 2448 quae
3478 2379 3561 2433 di-

1961 2465 2104 2520 citur
2128 2462 2378 2519 I-lemath.
2412 2462 2517 2529 Qui
2553 2464 2678 2518 dum
2705 2464 2944 2519 venisset
2970 2479 3094 2519 eum
3120 2475 3339 2535 repente
3366 2468 3560 2534 vinxit,

1962 2563 2018 2610 et
2050 2554 2252 2609 seniori
2277 2553 2395 2622 ejus
2415 2553 2591 2614 fratri.
2622 2569 2688 2609 ex
2717 2555 2906 2610 eodem
2936 2566 3089 2626 patre
3115 2560 3420 2629 progenito,
3459 2575 3556 2615 no-

1962 2645 2107 2699 mine
2129 2645 2413 2709 Eliachim,
2439 2644 2661 2700 tradidit
2693 2660 2950 2717 regnum:
2993 2648 3285 2717 provincia:
3307 2664 3437 2704 vero
3461 2650 3561 2704 tri-

1959 2733 2147 2791 butum
2175 2736 2355 2807 posuit
2384 2746 2599 2791 centum
2644 2736 2842 2792 talenta
2890 2738 3098 2809 argenti
3138 2746 3193 2794 et
3222 2755 3386 2797 unum
3416 2741 3557 2796 auri.

1959 2825 2204 2883 Joaehim
2241 2842 2370 2898 ergo
2400 2827 2498 2882 has
2521 2827 2779 2896 pecunias
2815 2828 3147 2884 exsolvebat.
3180 2827 3414 2885 Joacbaz
3457 2846 3559 2885 au-

1959 2924 2069 2972 tem
2097 2916 2318 2972 deduxit
2342 2904 2396 2971 in
2436 2916 2730 2988 [Egyptum
2764 2933 2777 2982 ;
2803 2917 2895 2987 qui
2925 2918 3090 2973 etiam
3120 2926 3367 2974 mortuus
3393 2927 3478 2975 est
3502 2920 3558 2975 in

1959 3020 2045 3071 ea,
2082 3006 2209 3060 dum
2254 3014 2532 3076 regnasset
2577 3014 2685 3060 tres
2728 3021 2941 3061 menses
2964 3016 3023 3061 et
3067 3008 3183 3064 dies
3225 3008 3432 3064 decem.
3470 3009 3562 3066 Jo-

266 3078 389 3162 cum
405 3113 550 3159 totus
570 3078 798 3174 populus
815 3078 916 3157 sub
937 3078 1430 3158 fascediversarum
1452 3078 1860 3160 tribulationum
1890 3078 1934 3140 C
1968 3096 2149 3152 acbim
2204 3111 2334 3150 vero
2386 3106 2565 3150 male?
2598 3096 2896 3151 Vocabatur
2940 3097 3170 3164 Zabnlh,
3227 3099 3293 3155 de
3341 3100 3563 3156 civitate

267 3196 495 3255 laboret.
543 3193 619 3249 Ex
662 3209 770 3263 quo
826 3193 959 3248 mihi
1007 3193 1221 3248 videtur
1268 3193 1322 3246 in
1369 3192 1460 3248 illo
1505 3201 1686 3264 typum
1745 3193 1861 3249 fieri

267 3301 457 3341 eorum
502 3284 594 3355 qui
618 3284 670 3338 in
695 3298 950 3354 pressura
973 3283 1410 3354 persecutionum
1431 3284 1625 3353 quibus
1651 3286 1702 3338 in
1726 3299 1865 3354 prte-

266 3380 408 3436 senti
461 3388 704 3447 tempore
761 3376 1007 3432 Ecclesia
1062 3383 1323 3447 gravatur
1351 3415 1367 3441 ,
1411 3375 1862 3446 pusillanimitate

268 3472 525 3536 titubant,
547 3470 749 3525 habere
775 3468 1017 3524 volentes
1041 3466 1466 3522 consolationem
1499 3466 1553 3521 in
1579 3467 1861 3537 praesenti,

265 3580 389 3637 quae
420 3565 473 3618 in
509 3563 690 3617 futura
729 3561 840 3615 vita
866 3559 1003 3615 bene
1056 3557 1391 3614 certantibus
1444 3557 1858 3627 repromittitur.

272 3674 292 3710 ι
339 3656 542 3711 Omnes
569 3653 733 3714 enim,
772 3660 834 3706 ut
858 3652 933 3706 ait
960 3649 1273 3721 Apostolus,
1297 3649 1390 3720 qui
1439 3650 1529 3720 pie
1575 3648 1762 3705 volunt
1785 3649 1862 3702 vi-

266 3764 396 3804 vere
442 3747 498 3801 in
544 3746 781 3809 Christo,
822 3742 1255 3814 persecutionem
1283 3742 1564 3813 patiuntur
1594 3740 1683 3813 (Il
1722 3740 1857 3795 Tim.

268 3837 375 3905 ιιι).
410 3856 430 3888 ι
462 3835 614 3891 Unde
644 3833 896 3889 Salvator
927 3831 1206 3902 discipulis
1235 3832 1348 3887 suis
1369 3832 1482 3885 ait:
1515 3850 1533 3883 ι
1570 3831 1626 3886 In
1661 3831 1861 3886 mundo

267 3940 582 3998 prcssuram
655 3922 923 3979 habebitis
992 3920 1193 3994 (Joan.
1246 3921 1377 3993 xv).
1426 3941 1443 3973 ι
1508 3921 1576 3975 Ει
1638 3921 1780 3975 idem
1841 3937 1855 3973 :

274 4034 295 4066 ι
343 4016 514 4069 Amen
571 4028 750 4078 amen,
807 4011 1004 4082 inquit,
1032 4011 1155 4066 dico
1185 4010 1362 4074 vobis,
1398 4010 1525 4080 quia
1576 4010 1860 4080 plorabitis

267 4114 324 4159 et
369 4104 564 4158 ﬂebitis
606 4118 725 4168 vos,
756 4102 991 4156 mundus
1019 4109 1199 4155 autem
1229 4101 1507 4172 gaudebit,
1537 4116 1633 4155 vos
1679 4109 1857 4157 autem

266 4194 747 4259 eoutristabimini,
776 4192 870 4248 sed
900 4193 1123 4247 tristitia
1144 4201 1328 4248 vestra
1358 4201 1603 4248 vertetur
1634 4193 1687 4248 in
1729 4209 1860 4264 gau-

266 4291 441 4346 dium.
468 4308 482 4343 :
516 4288 582 4342 Et
604 4289 799 4342 iterum
818 4307 835 4337 ‹
860 4285 960 4352 Qui
988 4285 1305 4354 perdiderit,
1322 4286 1417 4352 ait,
1442 4287 1675 4342 animam
1703 4301 1856 4341 suam

266 4391 492 4455 propter
509 4396 614 4445 me,
645 4381 879 4435 inveniet
908 4395 1025 4434 eam
1059 4378 1251 4451 (Marc.
1284 4379 1424 4451 vm).
1465 4400 1484 4431 ι
1516 4380 1581 4434 Et
1597 4395 1811 4435 rursum
1840 4399 1853 4434 :

1963 3191 2194 3248 Abuma.
2224 3190 2322 3245 llic
2347 3200 2527 3245 autem
2558 3191 2639 3245 vir
2675 3198 2793 3246 erat
2815 3198 3007 3245 natura
3040 3192 3289 3261 injustas,
3316 3202 3370 3248 et
3409 3193 3564 3249 valde

1964 3279 2346 3351 nequissimus,
2389 3288 2445 3335 et
2489 3295 2666 3349 neque
2702 3278 2846 3335 circa
2889 3279 3345 3350 Deum_sanctus,
3387 3298 3564 3354 neque

1964 3374 2109 3428 circa
2144 3372 2390 3427 homines
2437 3380 2773 3427 mansuetus.
2834 3371 3080 3443 Dumque
3127 3384 3381 3443 quartum
3406 3374 3562 3445 regni

1964 3465 2190 3520 haberet
2209 3479 2434 3528 annum,
2466 3462 2772 3535 Babylonico
2812 3464 3173 3535 principatum
3203 3465 3423 3535 quidam
3458 3479 3559 3519 no.

1962 3555 2109 3608 mine
2134 3551 2630 3609 Nabuchodonosor
2655 3553 2885 3623 accepit.
2930 3552 3132 3608 Eodem
3167 3561 3409 3625 tempore
3432 3568 3558 3608 cum

1963 3661 2161 3719 magno
2195 3655 2456 3716 apparatu
2479 3645 2547 3700 ad
2568 3646 2912 3701 Areharmim
2944 3645 3224 3701 civitatem
3248 3646 3418 3710 venit,
3441 3661 3562 3715 quze

1962 3748 2045 3794 est
2056 3740 2213 3811 juxta
2242 3739 2573 3810 Euphraten,
2597 3750 2935 3810 pugnaturus
2964 3746 3151 3794 contra
3174 3754 3359 3809 regem
3388 3737 3558 3810 Egy-

1962 3832 2198 3901 ptiorum
2246 3830 2487 3895 Nechao,
2513 3831 2613 3886 sub
2660 3831 2763 3885 hoc
2786 3832 2929 3884 enim
2963 3829 3119 3901 Syria
3145 3839 3264 3885 erat
3285 3830 3557 3884 universa.

1962 3923 2206 3991 Dumque
2261 3921 2603 3996 cognovisset
2659 3921 2804 3991 regis
2860 3921 3165 3991 Babylonire
3216 3921 3550 3974 voluntatem

1962 4011 2179 4067 Nechao
2216 4011 2431 4082 penitus
2451 4026 2557 4066 non
2583 4011 2816 4080 expavit,
2841 4012 2933 4067 sed
2956 4027 3079 4066 cum
3108 4027 3303 4083 magno
3330 4012 3556 4068 brachio

1962 4118 2124 4174 super
2142 4102 2638 4159 Nabuchodonosor
2672 4106 2739 4157 ad
2768 4102 3074 4174 Euphraten
3100 4104 3266 4160 venit.
3291 4104 3393 4173 Qui
3416 4105 3561 4162 facta

1963 4195 2345 4267 congressione
2366 4194 2609 4250 devictus
2631 4202 2735 4258 est,
2754 4202 2808 4249 et
2829 4195 2994 4249 multa
3017 4194 3183 4249 millia
3206 4195 3373 4251 variis
3396 4196 3562 4253 rebus

1961 4284 2085 4341 belli
2120 4285 2319 4341 amisit.
2351 4284 2644 4340 Transieus
2688 4294 2867 4340 autem
2895 4285 3201 4356 Euphraten
3251 4286 3558 4359 Babylonia:

1962 4396 2059 4435 rex
2080 4394 2294 4434 omnem
2327 4377 2537 4449 Syriam
2567 4393 2735 4448 usque
2764 4379 2830 4433 ad
2860 4376 3131 4434 Pelusium
3158 4380 3321 4450 cepit,
3358 4390 3560 4452 praeter

312 4429 480 4451 ματη-
510 4429 614 4445 --ην
646 4429 878 4435 unum
913 4429 1025 4434 ηη-
1413 4429 1423 4433 τ
1466 4429 1477 4431 ~
1518 4429 1811 4435 -ν--η--υ
1840 4429 1853 4434 -
1966 4429 2059 4435 -ν-
2087 4429 2294 4434 ν---ηω
2687 4429 2731 4433 -ν
2766 4429 2830 4433 ν-
2862 4429 2881 4432 -
2911 4429 3131 4434 --η---η-
3401 4429 3549 4437 -ηη-

274 4429 630 4535 :Etcritis,
672 4469 885 4538 inquit,
927 4429 1330 4523 odio‘omnibus
1385 4429 1616 4539 Ipropter
1661 4483 1857 4525 nomen
1883 4429 2223 4525 DJltdtB.:m.
2269 4469 2475 4536 Quarto
2524 4470 2688 4540 igitur
2727 4485 2869 4524 anno
2914 4429 3428 4537 Nabuchodduosorr,
3461 4472 3558 4543 qui

264 4564 475 4627 meum;
504 4563 593 4632 qui
617 4570 796 4616 autem
828 4562 1253 4631 perseveraverit
1277 4577 1449 4631 usque
1474 4562 1530 4616 in
1565 4560 1746 4627 linem,
1772 4562 1861 4617 hic

270 4656 458 4710 salvus
483 4652 587 4707 erit
614 4652 766 4723 (Luc.
794 4651 932 4724 xxr).
966 4671 984 4703 ι
1010 4651 1079 4706 Ει
1105 4651 1302 4706 iterum
1341 4671 1355 4706 :
1392 4670 1411 4702 ι
1443 4652 1591 4707 Beati
1616 4652 1708 4722 qui
1734 4668 1859 4722 per-

269 4744 607 4800 secutionem
669 4742 949 4811 patiuntur
1006 4749 1229 4811 propter
1269 4740 1558 4809 justitiam,
1599 4741 1862 4812 quoniam

270 4840 518 4909 ipsorum
537 4843 621 4891 est
644 4850 865 4906 regnum
890 4834 1152 4889 caelorum
1176 4832 1389 4905 (Matth.
1420 4834 1494 4899 v).
1534 4852 1553 4883 ι

859 4941 1087 4999 CAPUT
1138 4941 1322 4997 XLVI.

274 5036 462 5093 Sermo
489 5036 698 5090 Domini
715 5046 897 5091 contra
920 5032 1281 5108 gyptumet
1310 5036 1543 5108 ciuitates
1570 5038 1684 5106 ejus
1712 5055 1730 5092 :
1753 5054 1873 5108 pro-

703 5108 930 5160 mittitur
946 5105 1137 5159 Israeli
1156 5106 1442 5159 miseratio.

355 5215 374 5247 ι
402 5195 637 5249 Verbum
660 5196 801 5265 quod
828 5196 1024 5249 factum
1049 5203 1131 5248 est
1152 5194 1220 5248 ad
1240 5192 1529 5248 Jcremiam
1558 5196 1874 5264 prophetam

282 5305 302 5336 ε
337 5292 527 5339 contra
549 5293 757 5355 gentes,
788 5285 856 5339 ad
889 5282 1206 5355 lEgyptum,
1252 5282 1541 5338 adversum
1571 5286 1873 5340 exercitum

280 5393 302 5427 ι
338 5374 635 5429 Pharaonis
661 5372 880 5429 Nechao
900 5375 1043 5445 regis
1063 5371 1305 5444 Egypti,
1336 5373 1427 5442 qui
1452 5384 1572 5427 erat
1601 5373 1750 5442 iuxta
1777 5376 1875 5431 Ilu-

282 5483 307 5517 σ
349 5480 471 5519 men
494 5465 822 5535 Euphratem
849 5464 902 5518 in
926 5463 1263 5528 Charcamis,
1290 5478 1450 5533 quem
1474 5465 1741 5533 percussit
1765 5465 1842 5520 Na
1858 5492 1875 5509 ι

287 5572 313 5607 ι
354 5556 772 5611 buchodonosor
799 5571 889 5609 rex
923 5555 1212 5626 Babylonis
1255 5555 1308 5609 in
1346 5564 1540 5624 quarto
1569 5571 1713 5610 anno
1747 5556 1876 5612 Joa-

288 5665 315 5700 ι
349 5645 494 5702 cltim
534 5647 626 5700 lilii
660 5645 822 5700 Josiac
872 5647 1013 5715 regis
1050 5645 1207 5700 .Iutla.
1250 5645 1565 5718 (Marinus)
1607 5647 1878 5704 Hactenus

736 5738 1013 5795 ΡΑτιιοι..
1051 5735 1215 5794 CXI.

1962 4569 2312 4617 eratoctavus
2324 4557 2567 4613 Joachim
2591 4559 2729 4628 regis
2745 4559 3109 4624 Hebraeorum,
3135 4573 3322 4617 contra
3344 4562 3563 4618 Jadzeos

1964 4670 2087 4711 cum
2128 4667 2320 4723 magno
2348 4651 2591 4707 exercitu
2628 4659 2805 4705 castra
2842 4659 3077 4707 metatus
3102 4660 3185 4707 est
3225 4652 3421 4707 tributa
3462 4668 3560 4709 ex-

1965 4754 2186 4802 acturus
2212 4760 2242 4799 a
2269 4742 2513 4799 Joachim
2531 4783 2544 4805 .
2597 4752 2690 4796 aut
2718 4751 2866 4797 certe
2891 4743 3265 4798 dimicaturus.
3320 4742 3412 4799 Ille
3437 4757 3566 4796 vero

1969 4844 2217 4891 metuens
2264 4834 2382 4906 ejus
2420 4834 2596 4888 minas
2640 4842 2696 4887 et
2744 4848 2933 4902 pacem
2981 4834 3182 4888 habere
3227 4833 3561 4894 desiderans,

1968 4926 2201 4998 praebuit
2234 4926 2283 4982 ei
2328 4925 2548 4987 tributa,
2582 4939 2689 4993 qua
2733 4932 3068 4994 praeceperat
3111 4923 3266 4978 anuis
3314 4922 3507 4976 tribus.
3541 4941 3559 4969 ι

1974 5016 2159 5073 Tertio
2180 5032 2308 5072 vero
2327 5031 2471 5071 anno
2492 5014 2719 5070 audiens
2739 5014 3022 5084 IEgyptios
3047 5014 3220 5068 denuo
3242 5019 3427 5064 contra
3458 5010 3563 5065 Ba-

1973 5110 2244 5180 byloniam
2272 5116 2626 5179 pugnaturos,
2664 5107 2864 5160 tributa
2896 5120 3002 5161 non
3034 5101 3296 5164 reddidit,
3328 5102 3422 5156 sed
3448 5102 3564 5171 ipse

1975 5200 2279 5273 Egyptiaci
2305 5198 2428 5253 belli
2458 5196 2720 5270 [rumore]
2745 5197 3003 5265 deceptus
3028 5200 3130 5247 est.
3161 5190 3295 5246 Nam
3323 5207 3575 5262 pugnare

1976 5299 2162 5345 contra
2174 5304 2296 5343 eum
2311 5287 2548 5358 Egyptii
2566 5287 3257 5353 minimepraesumpserunt
3276 5280 3563 5355 (MAURUS).

1978 5379 2203 5447 Semper
2223 5377 2367 5431 enim
2382 5374 2574 5441 Judmi,
2596 5383 2655 5429 ιιι
2677 5374 2953 5441 Scriptura
2977 5379 3222 5433 testatur,
3244 5371 3420 5429 aversi
3441 5381 3566 5427 sunt

1978 5468 2230 5525 cordibus
2260 5466 2313 5520 in
2336 5464 2661 5539 Egyptum,
2678 5474 2733 5518 et
2770 5478 2876 5517 non
2908 5463 2962 5517 in
2987 5463 3083 5518 Dei
3109 5450 3448 5526 fortitudit'te,
3470 5462 3566 5518 sed

1980 5560 2033 5612 in
2062 5557 2284 5613 brachio
2322 5569 2543 5621 carneo,
2569 5562 2618 5608 et
2650 5554 2704 5607 in
2731 5552 2922 5608 baculo
2952 5552 3253 5607 arundinea
3283 5549 3567 5607 confracta

1980 5648 2306 5718 sperabant:
2351 5644 2494 5701 unde
2541 5643 2736 5699 merito
2782 5659 2963 5699 coram
3011 5642 3255 5698 hostibus
3279 5642 3575 5699 cadebant.

3049 5734 3126 5797 33
