3970 6190
397 276 424 328 1
437 273 538 330 099

1071 262 1131 318 Β.
1172 257 1426 317 RABANl
1465 255 1684 313 MAURI
1721 251 2040 309 ARClllEP.
2081 250 2388 310 MOGU‘NT.
2431 245 2716 308 Ol’ERUM
2753 245 2932 303 PARS
2971 245 3055 301 ill.

3531 241 3668 295 “0ft

401 388 492 443 Sic
540 393 594 439 et
618 381 798 439 omnis
827 381 940 454 qui,
963 379 1152 435 relicto
1185 392 1292 432 uno
1318 391 1446 432 vero
1467 373 1598 437 Deo,
1645 370 1700 424 in
1731 367 1991 424 auxilium
2019 371 2067 428 Α
2095 383 2182 436 na,
2211 377 2268 424 et
2296 369 2430 434 rivi,
2469 371 2563 441 qui
2591 371 2656 426 de
2685 371 2823 425 turbi
2845 371 2911 424 lis
2949 368 3052 423 Nili
3100 367 3255 438 aquis
3294 364 3672 435 implebantur.

403 476 592 548 fragile
621 473 778 530 istius
815 471 997 527 mundi
1029 484 1178 540 spem
1206 467 1381 539 ponit,
1423 479 1606 522 coram
1640 459 1987 531 nequissimis

403 547 668 629 hostibus,
706 557 810 614 hoc
833 566 940 624 est,
974 555 1223 627 malignis
1259 552 1560 624 spiritibus,
1590 547 1843 604 resistere
1879 561 1988 600 non

404 649 625 718 valebit,
665 651 756 707 sed
778 649 894 720 ejus
929 646 1376 704 machinamentis
1403 643 1672 716 perversis
1692 641 1986 705 irretietur,

407 745 674 816 rapietur,
721 750 775 796 et
822 747 1152 797 conteretur.
1185 738 1372 808 itaque
1407 735 1585 792 locum
1626 735 1788 790 istum
1831 745 1991 802 quem

407 834 710 900 incolimus,
737 840 794 888 et
822 830 1100 896 mundum,
1132 829 1222 899 qui
1269 829 1323 883 in
1360 827 1594 899 maligno
1619 825 1826 897 positus
1869 831 1990 886 est,

408 926 702 999 Egyptum
722 937 1008 994 possumus
1029 919 1298 991 appellare
1315 936 1326 972 :
1343 918 1599 983 maxime,
1627 916 1752 986 quia
1771 923 1987 974 tat-1m,

408 1031 469 1074 ut
493 1019 690 1075 dicitur
710 1015 998 1087 Egyptus,
1022 1015 1407 1082 interpretatur
1432 1009 1714 1074 tribulans,
1741 1015 1792 1061 et
1813 1007 1879 1060 ad
1900 1021 1994 1059 an-

409 1111 641 1182 gustiam
682 1107 916 1163 rediens.
947 1105 1014 1160 Et
1040 1119 1188 1168 vere,
1229 1102 1354 1174 quia
1401 1101 1511 1156 lata
1547 1100 1636 1154 via
1663 1107 1712 1154 et
1760 1097 1996 1168 spatiosa

410 1200 569 1254 istius
590 1197 806 1264 mundi,
841 1197 908 1250 ad
941 1193 1341 1250 tribulationem
1371 1200 1534 1261 atque
1565 1187 1873 1260 angustiam
1902 1185 1996 1238 ad-

411 1294 570 1346 ducet
605 1296 938 1360 perpetuam.
995 1285 1200 1340 Dehinc
1255 1298 1386 1354 ergo
1433 1280 1561 1352 quid
1612 1278 1873 1350 propheta
1930 1273 1998 1329 ad

411 1381 702 1455 Egyptum
725 1379 975 1449 loquatur
1000 1375 1297 1431 videamus.

489 1496 505 1528 ε
547 1475 850 1546 Prteparate
899 1479 1109 1526 scutum
1138 1475 1194 1524 et
1235 1467 1500 1538 clypeum,
1532 1471 1588 1517 et
1634 1457 1908 1532 procedite
1933 1455 2000 1510 ad

418 1591 434 1622 ι
465 1569 682 1633 bellum,
707 1565 916 1638 jungite
936 1577 1104 1632 equos
1123 1571 1178 1616 et
1206 1555 1476 1614 ascendite
1498 1553 1708 1625 equites
1730 1567 1744 1606 :
1781 1559 1920 1606 state
1945 1549 2000 1603 in

417 1683 437 1714 ι
476 1661 665 1734 galeis,
712 1637 879 1730 polite
933 1655 1172 1718 lanceas,
1220 1649 1424 1704 induite
1479 1661 1574 1700 vos
1626 1641 1826 1698 loricis.
1863 1637 2002 1707 Quid

2168 480 2186 512 ι
2219 459 2507 516 Ascendite
2535 475 2703 528 equos
2731 467 2786 514 et
2806 457 3074 514 exsultatc
3094 457 3146 511 in
3177 455 3450 517 curribus,
3473 460 3528 505 et
3557 465 3683 520 pro-

2097 569 2116 603 ‹
2147 552 2337 605 cedant
2359 549 2527 604 fortes
2539 549 2828 631 AStbiopim
2848 557 2903 603 et
2922 547 3102 620 Libyae
3118 553 3364 601 tenentes
3379 551 3615 606 scutum,
3629 547 3686 595 et

2100 660 2118 691 ε
2151 639 2306 712 Lydii
2335 640 2658 710 arripientes
2688 649 2744 694 et
2773 639 3033 710 iacientes
3065 635 3305 706 sagittas.
3347 633 3475 688 Dies
3504 641 3686 685 autem

2100 751 2119 786 ι
2152 733 2240 788 ille
2262 731 2470 787 Domini
2499 732 2592 787 Dei
2619 732 2970 794 exercituum,
3004 729 3120 783 dies
3145 725 3387 788 ultionis,
3419 731 3482 778 ut
3511 729 3690 777 sumat

2102 841 2122 874 ι
2155 822 2450 878 vindictam
2489 822 2556 876 de
2603 821 2839 876 inimicis
2868 819 3002 876 suis.
3063 815 3355 873 Devorabit
3403 813 3618 885 gladius
3641 821 3697 867 et

2103 932 2122 965 ι
2158 914 2503 977 saturabitur,
2553 921 2609 966 et
2652 911 3009 967 iuebriabitur
3055 907 3315 979 sanguine
3361 920 3573 960 eorum.
3602 899 3698 955 Vi-

2103 1022 2123 1055 ι
2157 1005 2321 1058 ctima
2347 1005 2490 1058 enim
2517 1003 2730 1057 Domini
2756 1001 3089 1057 exercituum
3135 1000 3188 1054 in
3237 1009 3384 1052 terra
3422 995 3696 1066 aquilonis

2103 1111 2123 1146 ι
2152 1094 2306 1166 juxta
2357 1092 2554 1148 ﬂumen
2609 1093 3000 1164 Euphratem.)
3053 1087 3344 1163 (Μλωωε.)
3394 1087 3702 1142 Mandatnt
3758 1066 3778 1076 ’

2099 1185 2394 1241 ascendant
2416 1200 2616 1254 equos,
2643 1194 2698 1238 et
2735 1184 3008 1239 exsultent
3043 1183 3096 1238 in
3135 1181 3388 1237 curribus
3411 1188 3467 1234 et
3507 1193 3700 1250 proce-

2101 1274 2231 1330 dant
2259 1261 2447 1340 fortcs,
2475 1275 2578 1329 hoc
2609 1282 2724 1340 est,
2778 1273 2850 1327 illi
2881 1273 2973 1343 qui
3015 1286 3112 1342 per
3159 1271 3454 1326 elationem
3498 1269 3700 1324 mentis

2102 1365 2380 1421 conﬁdunt
2435 1366 2487 1419 in
2537 1365 2752 1436 propria
2791 1363 3055 1434 potentia,
3104 1377 3170 1416 ex
3220 1361 3530 1416 confinibus
3577 1375 3679 1430 pro

2102 1457 2295 1513 vinciis
2320 1456 2576 1529 Egypto,
2598 1473 2662 1512 ex
2686 1454 2984 1526 Ethiopia,
3008 1453 3212 1510 scilicet
3231 1452 3402 1522 Libya
3426 1459 3484 1506 et
3511 1450 3700 1521 Lydia,

2105 1565 2226 1620 quae
2267 1548 2537 1619 quondam
2569 1548 2711 1602 inter
2743 1555 2928 1618 gentes
2979 1543 3386 1599 robustissimus
3443 1549 3703 1610 reputate

2107 1651 2254 1707 sunt,
2283 1655 2514 1712 quorum
2543 1657 2634 1694 rex
2665 1639 2884 1696 Crassus
2908 1647 3045 1705 erat,
3075 1647 3131 1693 et
3155 1637 3416 1706 incipiant
3445 1635 3705 1706 prmliari.

420 1773 440 1804 ι
471 1725 674 1824 igitur?
707 1725 830 1802 lt’idi
853 1747 996 1817 ipsos
1017 1741 1237 1814 pavidos
1261 1747 1314 1794 et
1339 1747 1487 1810 terga
1500 1741 1806 1797 ‘vertentes,
1839 1729 2006 1784 fortes
2036 1729 2081 1791 Β
2107 1740 2168 1786 ιιι
2193 1732 2310 1787 dies
2347 1731 2566 1786 ultionis
2605 1730 2815 1785 Domini
2853 1739 3030 1784 sumat
3053 1728 3348 1782 vindictam
3373 1727 3440 1781 de
3466 1725 3705 1781 inimicis

423 1865 440 1896 ι
470 1856 659 1898 eorum
687 1853 858 1895 etesos
883 1854 895 1889 :
933 1834 1186 1904 fugerunt
1207 1829 1428 1893 conciti,
1468 1841 1568 1882 nec
1609 1829 1962 1894 respexerunt
1989 1837 2001 1874 :

421 1956 442 1988 ι
472 1946 647 1991 terror
676 1931 930 2000 undique,
957 1927 1034 1980 ait
1053 1923 1331 1979 Dominus.
1374 1918 1488 1973 Non
1517 1915 1685 1988 fugiat
1708 1913 1884 1977 velox,
1907 1925 2010 1965 nec

423 2047 440 2078 ι
471 2023 670 2081 salvari
700 2036 758 2077 se
788 2027 942 2092 putet
970 2016 1126 2072 fortis
1159 2033 1172 2068 :
1208 2012 1274 2068 ad
1301 2007 1606 2080 aquilonem
1631 2007 1787 2078 juxta
1809 2002 2007 2058 ﬂumen

425 2139 442 2169 ι
475 2117 803 2188 Euphratem
831 2111 960 2166 victi
1011 2115 1140 2163 sunt
1186 2113 1242 2162 et
1287 2109 1575 2158 ruerunt.»
1630 2099 1734 2153 Per
1779 2095 2008 2149 ironiam

409 2186 634 2282 quidem
666 2207 918 2262 hortatur
942 2198 1226 2272 [Egyptios
1253 2193 1496 2250 imbelles
1524 2200 1578 2244 et
1609 2186 1834 2260 pavidos
1855 2199 2009 2238 arma

409 2276 656 2364 sumere,
682 2304 737 2350 et
771 2291 1062 2350 machinas
1084 2287 1220 2343 ‘belli
1271 2295 1598 2355 praeparare,
1633 2276 1779 2350 quod
1825 2283 2009 2330 tamen

393 2394 624 2448 -l'rustra
663 2387 907 2444 faciunt:
940 2381 1067 2452 quia
1096 2376 1278 2452 pavidi
1317 2383 1372 2430 et
1399 2382 1547 2443 terga
1577 2376 1852 2424 vertentes
1883 2380 2011 2420 con-

422 2483 528 2538 cite
554 2479 784 2552 fugiunt,
833 2490 936 2531 nec
964 2472 1088 2544 fuga
1117 2468 1273 2524 velox
1297 2507 1312 2532 ,
1381 2477 1557 2534 neque
1595 2458 1854 2516 fortitudo
1881 2459 2010 2512 bra-

421 2548 672 2629 chiorum
701 2576 888 2624 contra
935 2566 1120 2620 hostes
1175 2557 1465 2616 defendere
1517 2553 1637 2609 illos
1697 2560 1860 2620 atque
1907 2548 2014 2603 sal-

423 2677 555 2718 vare
585 2669 808 2731 potest:
845 2655 939 2711 sed
977 2651 1352 2708 Chaldaeorum
1389 2644 1566 2718 gladio
1607 2642 1675 2698 ad
1704 2640 2012 2710 aquilonem

417 2753 571 2825 juxta
591 2749 787 2804 ﬂumen
821 2744 1143 2816 Euphratem
1172 2738 1300 2794 victi
1325 2735 1503 2792 subito
1525 2737 1866 2788 corruerunt.

501 2862 519 2894 ι
547 2840 680 2908 Quis
707 2848 791 2894 est
817 2815 938 2900 iste,
963 2833 1054 2904 qui
1075 2829 1230 2903 quasi
1259 2827 1458 2882 ﬂumen
1481 2821 1743 2887 ascendit,
1767 2827 1822 2874 et
1843 2815 2011 2872 veluti

430 2955 450 2988 ι
483 2933 766 2988 ﬂuviorum
817 2927 1182 2982 intumescunt
1237 2918 1476 2992 gurgites
1523 2913 1694 2984 ejus?
1747 2909 2014 2982 Egyptus

433 3045 454 3079 ι
485 3023 723 3080 ﬂuminis
766 3022 938 3075 instar
967 3014 1242 3080 ascendet,
1291 3019 1347 3067 et
1374 3008 1522 3064 velut
1566 3004 1786 3060 ﬂumina
1830 3014 2014 3056 move-

2109 1826 2240 1887 suis,
2283 1825 2409 1896 quia
2466 1823 2666 1878 frustra
2718 1823 2983 1886 nituntur,
3034 1821 3231 1890 quibus
3281 1817 3527 1872 divinant
3583 1817 3709 1872 sub-

2109 1914 2346 1970 trahitur
2382 1913 2660 1968 auxilium.
2719 1911 2941 1984 Mystice
2984 1919 3166 1966 autem
3217 1923 3412 1964 omnes
3465 1907 3706 1963 haeretici

2111 2015 2274 2076 atque
2329 2003 2662 2061 schismatici
2712 2018 2778 2058 ex
2829 2001 3061 2058 diversis
3103 1999 3400 2072 provinciis
3453 1999 3586 2064 orti,
3643 2013 3710 2052 ne

2111 2100 2406 2171 quidquam
2444 2097 2736 2167 disponunt
2777 2105 2966 2151 contra
2993 2094 3270 2150 civitatem
3311 2091 3552 2155 Domini,
3583 2091 3710 2161 quia

2111 2207 2232 2248 eam
2259 2192 2570 2246 subvertere
2601 2204 2704 2242 non
2733 2195 2983 2257 poterunt
3007 2205 3019 2240 :
3049 2205 3070 2236 ‹
3107 2185 3283 2240 Porta:
3307 2183 3452 2238 enim
3482 2181 3664 2247 inferi,
3689 2201 3706 2233 ι

2106 2271 2260 2350 juxta
2291 2279 2614 2348 promissum
2657 2275 2978 2337 Salvatoris,
3010 2295 3028 2326 ι
3081 2289 3186 2328 non
3218 2271 3594 2342 praevalebunt
3619 2272 3713 2325 ad-

2111 2383 2302 2423 versus
2326 2383 2442 2423 eam
2485 2366 2698 2440 (Matth.
2726 2366 2858 2435 xvi),
2891 2385 2910 2418 ι
2949 2363 3043 2420 sed
3069 2364 3250 2434 potius
3281 2362 3334 2416 in
3367 2363 3455 2418 die
3488 2360 3716 2415 ultionis

2113 2460 2322 2515 Domini
2353 2459 2635 2515 devorabit
2672 2457 2761 2517 ille
2793 2457 3004 2528 gladius
3033 2455 3220 2511 hostes
3246 2451 3382 2522 ejus,
3426 2453 3496 2508 de
3523 2468 3636 2522 quo
3662 2453 3716 2506 in

2114 2551 2327 2605 cantico
2356 2547 2760 2604 Deutcronomii
2799 2546 3060 2616 scriptum
3091 2551 3212 2599 est:
3257 2563 3276 2594 ι
3312 2541 3599 2597 lnebriabo
3626 2556 3718 2595 sa-

2114 2641 2278 2714 gittas
2327 2655 2475 2696 meas
2511 2641 2564 2693 in
2610 2637 2894 2708 sanguine,
2932 2645 2986 2692 et
3032 2633 3243 2706 gladius
3273 2647 3426 2688 meus
3477 2632 3720 2686 mandu-

2115 2735 2258 2790 cabit
2307 2747 2500 2788 carnes
2544 2731 2724 2798 (Deut.
2763 2729 2997 2799 xxxn).i
3035 2747 3054 2780 ε
3107 2725 3174 2782 Et
3215 2725 3440 2780 victima
3469 2724 3574 2779 erit
3605 2723 3720 2778 Do-

2117 2826 2248 2880 mini
2301 2826 2356 2880 in
2407 2831 2552 2879 terra
2583 2821 2868 2893 Aquilonis
2891 2821 3045 2892 juxta
3076 2816 3278 2872 ﬂumen
3320 2815 3712 2886 Euphratem”

2116 2917 2220 2972 hoc
2247 2923 2352 2980 est,
2380 2913 2583 2968 ﬂuxum
2611 2911 2886 2967 saecularis
2911 2908 3221 2979 voluptatis,
3273 2922 3396 2962 cum
3427 2905 3724 2960 traduntur

2117 3007 2172 3062 in
2207 3020 2400 3060 manus
2453 3005 2575 3075 ejus
2607 3003 2698 3074 qui
2757 3003 2950 3057 solium
3001 3016 3154 3056 suum
3205 2999 3386 3070 posuit
3432 2997 3501 3050 ad
3551 2995 3725 3064 Aqui-

431 3137 449 3169 I
483 3117 682 3172 buntur
721 3110 916 3166 ﬂuctus
956 3105 1093 3176 ejus,
1121 3113 1176 3160 et
1221 3101 1403 3157 dicet:
1431 3097 1744 3154 Aseendens
1769 3091 2010 3164 operiam
2039 3087 2084 3150 C
2117 3096 2314 3160 lonem,
2339 3103 2392 3149 et
2415 3092 2704 3166 plaudebat
2727 3106 2787 3146 se
2814 3090 3047 3144 similem
3074 3088 3191 3144 fore
3214 3085 3515 3148 Altissimo,
3541 3093 3601 3138 ut
3623 3099 3724 3138 eos

429 3228 449 3262 ι
482 3215 682 3263 terram
709 3243 723 3267 ,
770 3200 996 3272 perdam
1039 3195 1311 3250 civitatem
1353 3197 1409 3246 et
1451 3187 1784 3244 habitatores
1821 3180 1957 3251 ejus.
1989 3199 2007 3232 ι

426 3299 654 3368 Propter
677 3271 1078 3348 multitudinem
1116 3282 1438 3356 populorum
1471 3276 1764 3348 Egyptum
1803 3271 2014 3368 ﬂumini

421 3365 707 3460 comparat
729 3393 785 3441 et
819 3381 1013 3443 ﬂuviis,
1047 3392 1168 3449 quae
1197 3391 1255 3432 se
1285 3389 1382 3445 per
1410 3369 1772 3442 arrogantiam
1815 3365 2016 3420 frustra

423 3455 630 3535 terram
670 3471 838 3530 lsrael
889 3477 946 3526 et
983 3467 1260 3524 civitatem
1311 3460 1636 3524 Jerusalem,
1695 3458 1808 3512 sive
1851 3455 2016 3510 etiam

425 3580 626 3625 terram
651 3563 1027 3622 Chaldteorum
1067 3572 1132 3613 ac
1159 3555 1344 3610 urbem
1388 3548 1692 3623 Babyloniae
1713 3546 1926 3618 operire
1963 3552 2017 3600 et

427 3659 740 3732 disperdere
785 3655 1120 3712 habitatores
1171 3649 1289 3721 ejus
1333 3647 1624 3702 latitabant
1667 3639 2015 3716 [laztabatur],

427 3730 556 3824 quia
594 3751 751 3822 juxta
806 3745 958 3802 Isaia:
1009 3741 1326 3800 vaticinium
1367 3735 1611 3792 tradetur
1657 3733 1923 3804 Egyptus
1965 3730 2019 3784 in

430 3861 622 3904 manus
658 3843 1058 3900 dominatorum
1087 3835 1406 3900 crudelium,
1438 3839 1494 3888 et
1530 3846 1626 3887 rex
1669 3827 1826 3884 fortis
1851 3825 2022 3882 domi-

431 3939 649 3996 nabitur
675 3949 888 4000 eorum,
913 3939 969 3988 et
1005 3937 1217 3988 arescet
1243 3943 1384 4000 aqua
1423 3926 1490 3982 de
1529 3921 1691 3988 mari,
1733 3929 1790 3977 et
1827 3919 2024 3975 fluvius

430 4027 762 4086 desolabitur
793 4033 953 4096 atque
981 4021 1272 4080 siccabitur
1299 4026 1355 4074 et
1381 4014 1632 4072 deﬂcient
1668 4011 1908 4075 ﬂumina,
1937 4016 2022 4096 at-

433 4120 796 4176 tenuabuntur
817 4093 882 4172 et
901 4112 1252 4172 siccabuntur
1279 4109 1380 4164 rivi
1410 4121 1688 4178 aggerum,
1708 4112 1765 4158 et
1787 4093 2024 4158 calamus

429 4217 486 4264 et
510 4207 708 4278 juncus
735 4210 1052 4260 marcescet.
1079 4195 1349 4272 (Ηὶενοη.)
1381 4194 1638 4250 Naturale
1677 4201 1780 4259 est,
1811 4200 1872 4246 ut
1901 4205 2024 4246 cum

432 4274 529 4372 per
555 4301 693 4354 iram
718 4297 815 4354 Dei
846 4293 1132 4366 captivitas
1183 4289 1412 4354 venerit,
1454 4284 1875 4359 indignationem
1906 4281 2026 4353 ejus
2063 4274 2069 4279 ’

433 4391 736 4463 pestilentia
763 4377 1146 4458 subsequatur,
1171 4392 1224 4441 et
1263 4383 1546 4438 adversum
1582 4394 1696 4444 eos,
1728 4377 1820 4448 qui
1851 4375 2022 4432 offen-

434 4481 612 4536 dcrint
632 4480 799 4536 Deum
827 4487 1021 4534 cuncta
1047 4477 1314 4534 elementa
1356 4473 1674 4528 desaeviant.
1710 4467 1866 4525 Unde
1889 4467 2026 4522 scri-

410 4582 584 4645 ptum
615 4579 699 4627 est
727 4571 783 4626 in
813 4569 918 4624 alio
945 4569 1205 4638 propheta
1242 4583 1254 4619 :
1283 4565 1350 4619 Et
1399 4563 1648 4618 volucres
1693 4560 1747 4614 in
1784 4572 1908 4612 aere
1937 4557 2024 4612 de-

410 4659 599 4719 dicere
633 4669 686 4717 et
709 4660 888 4734 pisces
913 4660 966 4714 in
993 4657 1167 4728 aquis,
1199 4663 1258 4710 ut
1278 4653 1456 4710 omnia
1487 4653 1722 4707 bumano
1745 4650 1866 4704 usui
1897 4648 2022 4704 sub-

438 4755 744 4810 trahantur.
791 4749 890 4806 llic
945 4747 1172 4804 dicimus
1225 4743 1575 4814 simpliciter:
1631 4749 1692 4798 ut
1721 4741 2021 4796 siccitatem

438 4845 672 4914 ﬂuminis
702 4842 831 4910 Nili,
865 4850 923 4898 et
949 4840 1188 4896 rivorum
1216 4838 1353 4910 ejus,
1398 4834 1728 4892 voluerimus
1755 4832 2018 4902 accipere.

439 4940 535 4996 Sin
560 4945 741 4994 autem
771 4949 868 5007 per
893 4930 1263 5002 metaphoram
1292 4929 1345 4983 in
1369 4926 1532 4981 ﬂuvio
1556 4940 1803 4996 regnum,
1835 4925 1888 4979 in
1911 4924 2028 4980 rivo

439 5033 604 5088 duces
623 5027 741 5099 ejus
774 5023 1144 5095 intelligimus,
1179 5031 1235 5077 et
1270 5021 1324 5076 in
1349 5020 1528 5074 virore
1559 5025 1614 5073 et
1653 5015 1822 5086 junco
1845 5024 1901 5070 et
1935 5031 2032 5087 pa-

437 5136 572 5194 pyro
611 5127 806 5177 cuncta
852 5113 1070 5188 Egypti
1121 5111 1476 5175 abundantia,
1521 5116 1582 5162 ut
1627 5121 1725 5178 per
1769 5122 1832 5162 ea
1867 5122 2032 5178 opera

439 5213 657 5288 JEgypti
695 5211 1091 5273 describantur,
1131 5219 1361 5277 quorum
1405 5202 1673 5274 Egyptus
1702 5199 2035 5255 fertilissima

440 5316 546 5362 est.
582 5305 801 5376 Mystice
830 5311 1010 5358 autem
1039 5297 1254 5370 quando
1281 5311 1376 5351 rex
1408 5292 1564 5349 fortis
1592 5301 1646 5347 et
1667 5291 1834 5347 durus
1857 5291 2034 5346 domi-

444 5407 603 5454 natus
639 5394 800 5451 fuerit
831 5393 1082 5465 Egypto,
1110 5395 1320 5446 arescet
1345 5387 1524 5442 omnis
1557 5385 1803 5440 doctrina
1833 5391 1888 5438 et
1909 5382 2029 5453 pul-

445 5487 696 5543 chritudo
719 5484 1038 5556 eloquentia:
1059 5481 1358 5544 smcularis,
1382 5488 1436 5534 et
1463 5480 1579 5550 ipse
1599 5476 1718 5532 fons
1744 5475 2028 5530 ﬂuviorum

447 5578 688 5632 omnium
739 5575 1005 5642 diabolus,
1043 5589 1075 5628 a
1128 5587 1236 5644 quo
1282 5571 1532 5628 oriuntur
1569 5569 1748 5626 omnia
1805 5569 2029 5624 menda-

451 5667 574 5731 cia,
625 5664 955 5719 desolabitur
986 5704 1002 5728 ,
1075 5663 1150 5716 ita
1207 5673 1265 5718 ut
1312 5663 1564 5718 deficiant
1605 5671 1799 5717 caetera
1849 5657 2024 5712 ﬂumi-

2115 3188 2296 3242 mittet
2327 3187 2381 3240 in
2411 3193 2659 3255 stagnum
2690 3183 2831 3255 ignis
2858 3191 2914 3236 ct
2943 3180 3244 3251 sulphuris,
3274 3189 3330 3234 ct
3353 3179 3428 3232 ibi
3457 3187 3568 3232 tam
3595 3192 3729 3232 cor-

2114 3297 2248 3354 pore
2271 3297 2435 3352 quam
2472 3279 2654 3335 anima
2693 3277 3003 3333 crucientur
3035 3278 3088 3332 in
3125 3283 3464 3346 perpetuum.

2195 3391 2214 3424 ι
2246 3371 2494 3428 Ascende
2537 3369 2592 3425 in
2637 3369 2842 3426 Galaad
2866 3377 2922 3423 et
2948 3368 3074 3423 tolle
3117 3368 3377 3429 resinam,
3407 3367 3564 3437 virgo
3607 3364 3721 3420 filia

2124 3484 2144 3517 ε
2188 3463 2432 3536 Egypti,
2463 3461 2664 3518 frustra
2696 3459 3080 3530 multiplicabis
3110 3459 3488 3521 medicamina,
3515 3456 3726 3510 sanitas

2127 3575 2146 3608 ι
2193 3572 2298 3612 non
2326 3557 2432 3611 erit
2473 3555 2589 3610 tibi.
2616 3572 2634 3606 ι
2690 3550 2962 3626 (Ηὶενοη.)
3013 3549 3214 3606 Galaad
3243 3565 3400 3604 mons
3453 3551 3522 3603 ad
3556 3563 3724 3618 quem

2121 3659 2328 3720 septem
2359 3646 2629 3704 Pbmuicis
2655 3644 2940 3701 et‘Arabia'
2963 3642 3190 3698 collibus
3219 3657 3376 3695 mons
3415 3639 3607 3694 Libani
3629 3653 3726 3693 co-

2122 3740 2358 3811 pulatur,
2389 3736 2806 3804 extenditurque
2833 3746 2931 3803 per
2975 3733 3248 3787 desertum
3285 3744 3459 3800 usque
3504 3729 3574 3782 ad
3597 3743 3726 3782 eum

2121 3831 2300 3885 locum
2331 3829 2419 3884 ubi
2460 3837 2612 3882 trans
2646 3823 2936 3879 Iordanem
2961 3822 3245 3878 habitabat
3269 3821 3543 3890 quondam
3578 3817 3727 3872 Seon

2124 3939 2219 3980 rex
2254 3922 2704 3977 Amorrheorum.
2727 3915 2940 3972 Cecidit
2965 3913 3311 3984 supradictus
3339 3926 3492 3966 mons
3521 3911 3578 3964 in
3605 3925 3728 3963 sor-

2127 4025 2232 4072 tem
2271 4013 2502 4068 ﬂliorum
2557 4009 2747 4064 Ruben
2780 4017 2837 4064 et
2876 4006 3015 4072 Gad,
3061 4012 3118 4060 et
3162 4003 3400 4060 dimidia:
3441 4001 3585 4056 tribu
3617 3998 3727 4053 Ma.

2125 4123 2318 4163 nassae.
2335 4105 2590 4160 Resinam
2613 4101 2784 4158 Graeci
2806 4103 3005 4180 ῥητίνην
3026 4108 3243 4163 vocant,
3263 4099 3394 4172 ῥέειν
3414 4096 3562 4152 enim
3583 4094 3729 4150 Gne-

2127 4217 2190 4258 ce
2218 4200 2420 4256 dicitur
2461 4196 2724 4269 quidquid
2760 4204 2989 4251 manat:
3036 4201 3121 4249 est
3147 4193 3292 4248 enim
3340 4191 3582 4262 lacryma
3631 4205 3730 4244 sn-

2127 4294 2256 4351 dore
2283 4290 2535 4348 exhalata
2561 4289 2858 4361 lignorum,
2894 4295 2955 4340 ut
2978 4283 3176 4349 cerasi,
3203 4283 3440 4347 lentisci,
3472 4281 3738 4346 balsami;

2131 4386 2215 4442 vel
2244 4384 2574 4454 reliquarum
2621 4381 2877 4435 arborum
2921 4378 3034 4433 sive
3073 4374 3459 4445 virgultorum,
3489 4388 3610 4444 qua
3635 4389 3730 4428 su-

2131 4477 2260 4532 dare
2274 4473 2604 4544 produntur,
2637 4469 2775 4526 sicut
2799 4476 2854 4524 et
2880 4467 3104 4523 odorata
3125 4464 3365 4522 Orientis
3392 4464 3561 4536 ligna,
3587 4464 3730 4519 sicut

2130 4573 2281 4634 gutta
2315 4563 2540 4618 balsami
2573 4576 2636 4616 ac
2691 4559 3008 4622 ferularum,
3060 4557 3144 4612 vel
3195 4556 3544 4612 suceinorum
3571 4553 3728 4623 cujus

2130 4654 2367 4726 lacryma
2412 4652 2651 4708 durescit
2697 4650 2752 4705 in
2813 4664 3104 4720 gemmam.
3149 4647 3330 4702 Prima
3387 4653 3472 4700 est
3523 4647 3727 4712 resine,

2133 4743 2516 4807 terebinthina,
2556 4741 2796 4796 omnium
2842 4739 3208 4811 prmstantior.
3257 4737 3498 4792 Affertur
3543 4749 3729 4792 autem

2129 4849 2196 4890 ex
2241 4834 2438 4888 Arabia
2477 4833 2690 4898 Petrea,
2723 4839 2884 4902 atque
2905 4830 3111 4894 Judzea,
3147 4812 3203 4885 et
3233 4828 3414 4901 Syria,
3443 4829 3646 4900 Cypro,
3674 4837 3731 4883 et

2128 4926 2354 4992 Africa,
2409 4941 2475 4982 ex
2543 4923 2734 4980 insulis
2789 4938 3004 4993 quoque
3069 4919 3414 4992 Cycladibus.
3473 4919 3728 4975 Secunda

2129 5026 2214 5075 est
2236 5016 2540 5081 lentiscina,
2589 5031 2709 5086 qua:
2755 5015 2970 5069 mirtrix
3015 5021 3260 5070 vocatur.
3313 5013 3439 5067 Haec
3487 5027 3554 5067 ex
3599 5011 3725 5067 Cisa

2133 5109 2308 5166 insula
2366 5109 2701 5179 deportatur.
2748 5104 2934 5160 Tertia
2979 5103 3194 5176 pinalis,
3227 5119 3460 5174 quarum
3505 5103 3612 5158 alia
3648 5104 3727 5173 pi-

2135 5199 2296 5264 tines,
2327 5196 2430 5252 alia
2468 5196 2712 5267 petitine,
2751 5195 2856 5249 alia
2897 5194 3126 5264 liquida,
3177 5194 3280 5248 alia
3331 5194 3502 5260 arida,
3526 5204 3581 5248 et
3605 5194 3728 5248 affe-

2138 5299 2330 5346 runtur
2361 5303 2426 5344 ex
2449 5295 2593 5342 terra
2622 5285 2973 5356 Colophonia.
3006 5283 3160 5340 Unde
3187 5285 3351 5340 etiam
3397 5301 3593 5338 nomen
3623 5284 3726 5338 Co-

2135 5381 2386 5452 lophonia
2416 5380 2596 5451 resina
2629 5377 2876 5448 sumpsit.
2911 5375 3044 5430 Nam
3075 5376 3254 5431 resina
3305 5375 3441 5430 lenis
3487 5383 3569 5430 cst
3597 5386 3722 5445 apta

2135 5473 2470 5542 corporibus,
2507 5480 2561 5525 et
2605 5485 2704 5539 pro
2751 5469 3017 5525 medicina
3059 5469 3342 5538 accipitur.
3391 5467 3544 5524 Unde
3573 5476 3628 5522 et
3664 5468 3722 5521 in

2134 5563 2366 5619 Jercmia
2389 5563 2647 5632 scriptum
2688 5570 2808 5617 est:
2843 5581 2860 5612 ‹
2907 5560 3160 5631 Nunquid
3203 5560 3382 5616 resina
3421 5567 3504 5615 est
3533 5558 3718 5614 inGa-

2134 5657 2298 5712 Iaad?
2325 5664 2418 5710 aut
2445 5654 2689 5710 medicus
2709 5668 2817 5708 non
2846 5662 2928 5708 est
2957 5651 3076 5709 ibi?
3107 5651 3287 5719 Quare
3325 5667 3432 5706 non
3477 5649 3719 5706 ascendit
