3970 6190
292 295 423 351 IIOI

1188 294 1554 354 EXPOSITIO
1589 294 1816 352 SUPER
1851 294 2220 351 JEREMIAM.
2256 327 2327 337 —
2364 297 2494 353 LIB.
2534 298 2670 355 XIV.

3424 310 3563 365 “09.

282 406 501 462 curatio
524 405 647 460 ﬁliae
668 406 850 479 pepuli
878 408 1031 465 mei?
1059 428 1079 461 ι
1123 407 1262 477 (Jer.
1286 418 1427 481 vin.)
1459 409 1611 465 lianc
1641 410 1875 465 resinam
1904 410 1953 470 A
1980 417 2144 464 nant:
2176 425 2241 465 eo
2293 412 2437 480 quod
2482 413 2709 483 populos
2736 415 3030 481 contineat,
3075 426 3131 472 et
3169 421 3323 488 quasi
3370 423 3425 479 in
3452 432 3565 483 tota

289 496 529 553 habebat
567 506 623 553 et
642 497 833 564 Iacob,
864 515 1024 569 quam
1048 500 1296 555 mittebat
1345 501 1455 558 ﬁlio
1487 501 1708 572 Joseph,
1753 517 1877 557 cum

288 585 451 643 melle
497 596 552 642 et
580 588 907 651 terebintho,
950 590 1195 657 nucibus,
1240 592 1591 664 thymiamate
1627 602 1682 648 et
1709 602 1880 650 stacte

289 675 445 747 (Gen.
470 676 625 749 mu)
655 695 668 729 :
716 677 995 734 lsmaelitee
1016 695 1231 751 quoque
1259 683 1349 753 qui
1383 692 1631 740 emerunt
1657 681 1878 753 Ioseph,

286 770 358 824 de
408 779 554 825 terra
600 769 766 826 Israel
810 772 864 826 in
905 770 1197 844 Egyptum
1237 774 1596 845 deportabant
1645 776 1876 847 thymia-

288 868 439 915 mata
476 870 531 916 et
565 862 804 916 resinam
850 861 919 917 de
959 862 1163 919 Galaad
1200 872 1253 918 et
1294 874 1521 920 stacten.
1585 864 1875 938 llilxunus.)

287 950 493 1006 Resina
547 953 691 1007 enim
720 951 944 1021 Galaad,
996 962 1055 1008 ut
1098 956 1211 1026 jam
1238 957 1485 1026 superius
1522 957 1781 1023 diximus,
1822 957 1877 1011 in

289 1040 477 1095 multis
505 1041 829 1096 testimoniis
854 1041 1260 1113 Scripturarum
1298 1060 1397 1114 pro
1432 1046 1750 1114 poenitentia
1777 1060 1876 1116 po—

287 1131 455 1194 nitur,
483 1140 644 1201 atque
664 1132 1019 1187 medicamine
1047 1149 1186 1189 verae
1206 1135 1573 1190 conversionis
1597 1137 1664 1190 ad
1688 1137 1873 1193 Deum.

296 1221 449 1277 Unde
485 1225 745 1293 propheta
788 1224 1040 1280 hortatur
1083 1225 1373 1297 {Egyptum
1407 1235 1462 1281 et
1500 1226 1747 1282 conﬁnes
1772 1229 1876 1283 sibi

285 1314 616 1382 provincias,
649 1324 894 1386 utagant
936 1317 1313 1387 paenitentiam
1354 1319 1420 1373 de
1459 1333 1644 1373 errore
1683 1334 1799 1384 suo,
1823 1327 1878 1374 et

286 1408 451 1464 malis
471 1410 764 1479 operibus:
804 1412 928 1480 quia
973 1412 1019 1466 si
1055 1412 1159 1467 hoc
1186 1428 1293 1473 non
1346 1411 1580 1469 fecerint
1613 1413 1811 1469 frustra
1846 1430 1877 1469 a

288 1498 398 1553 diis
420 1498 570 1555 falsis
598 1500 956 1556 medicamina
994 1510 1259 1571 quaerent,
1309 1502 1435 1572 quia
1477 1518 1584 1558 non
1611 1504 1877 1575 accipient

287 1588 358 1643 ab
381 1590 462 1644 eis
509 1591 835 1645 sanitatem:
889 1591 985 1647 sed
1033 1591 1401 1648 confusionem
1456 1593 1729 1649 invenient
1751 1610 1876 1666 per-

284 1686 530 1749 petuam.
564 1678 717 1736 Unde
740 1688 795 1735 et
833 1681 1117 1750 sequitur:

1981 499 2141 556 domo
2187 502 2538 559 fortissimum
2587 506 2677 561 sit.
2740 506 2891 563 Unde
2938 516 2993 564 et
3043 508 3290 567 Christus
3337 513 3565 573 duorum

1978 592 2299 662 populorum
2348 594 2584 663 parietes
2632 596 2930 666 continens,
2984 598 3117 669 lapis
3166 601 3363 660 dicitur
3395 622 3567 680 angu-
3628 606 3637 615 ’

1979 681 2127 738 laris.

2055 790 2073 822 ‹
2100 771 2279 840 Quare
2299 776 2630 844 computruit
2647 777 2804 833 fortis
2826 781 2982 835 tuus?
3001 780 3119 836 Non
3142 784 3290 839 stetit
3311 789 3568 856 quoniam

1982 880 2003 910 ι
2034 860 2295 920 Dominus
2319 867 2583 922 subvertit
2606 884 2748 923 eum.
2772 889 2790 921 ι
2826 870 3114 945 (Marinus)
3144 874 3362 932 Fortem
3386 888 3566 936 autem

1978 951 2183 1008 idolum
2204 956 2417 1026 aliquod
2445 969 2498 1012 et
2524 959 2688 1014 Deum
2714 959 2910 1016 falsum
2937 964 2991 1017 in
3017 981 3177 1034 quem
3215 981 3572 1038 speraverant

1980 1042 2242 1116 Egyptii,
2269 1058 2361 1102 aut
2390 1048 2727 1105 Pharaonem
2770 1067 2868 1122 per
2915 1057 3211 1124 potentiam
3243 1061 3393 1131 regni
3433 1078 3573 1117 nun-

1980 1147 2162 1206 cupat,
2188 1139 2279 1207 qui
2304 1149 2449 1195 recte
2474 1157 2654 1197 coram
2696 1144 2940 1199 hostibus
2968 1151 3315 1217 computruit,
3357 1154 3485 1222 quia
3507 1151 3565 1207 in

1979 1228 2205 1284 victoria
2255 1246 2361 1286 non
2392 1234 2646 1301 perstitit,
2680 1235 2774 1289 sed
2818 1238 2943 1292 tabe
2977 1242 3342 1310 corruptionis
3383 1254 3569 1314 putre.

1980 1315 2158 1374 factus
2208 1321 2438 1387 sorduit,
2487 1324 2742 1392 quoniam
2789 1326 2996 1396 justum
3041 1328 3307 1398 judicium
3354 1333 3571 1391 Domini

1978 1406 2034 1460 ill
2059 1423 2125 1461 ‘m
2149 1411 2426 1466 subvertit.

2055 1516 2073 1548 ί
2104 1499 2469 1571 Multiplicavit
2493 1514 2728 1573 ruentes,
2754 1508 3057 1579 ceciditque
3080 1512 3161 1566 vir
3180 1514 3245 1569 ad
3264 1516 3572 1585 proximum

1982 1605 2003 1639 ο
2040 1604 2220 1657 suum,
2250 1601 2303 1676 et
2330 1592 2546 1649 dicent:
2578 1594 2750 1668 Surge
2779 1608 2836 1653 et
2858 1610 3195 1660 revertamur
3219 1607 3285 1661 ad
3314 1609 3570 1678 populum

1984 1698 2003 1731 ι
2045 1688 2100 1736 et
2145 1683 2214 1737 ad
2250 1691 2449 1740 terram
2497 1688 2794 1746 nativitatis
2837 1703 3039 1750 nostrae
3066 1712 3096 1751 a
3128 1696 3267 1755 facie
3291 1700 3451 1770 gladii
3480 1720 3573 1759 co-

366 1786 385 1818 c
421 1768 721 1824 Audierunt
747 1780 935 1841 gentes
971 1770 1320 1842 ignominiam
1363 1780 1531 1840 tuam,
1562 1781 1617 1829 et
1640 1774 1876 1832 ululatus

1988 1787 2005 1821 ι
2050 1771 2260 1828 tumbae.
2291 1794 2311 1826 ›
2374 1774 2747 1846 Mnltiplicavit
2809 1779 3077 1855 Egyptus
3130 1760 3347 1846 ruentes
3377 1831 3394 1857 ,
3445 1793 3574 1862 quia

295 1878 314 1909 ι
345 1869 468 1916 tuus
498 1862 719 1932 replevit
740 1872 941 1917 terram
968 1881 980 1916 :
1003 1864 1129 1933 quia
1153 1862 1307 1919 fortis
1328 1865 1549 1937 impegit
1576 1867 1631 1922 in
1658 1866 1873 1936 fortem,

293 1971 312 2004 ‹
347 1963 398 2009 et
424 1955 583 2009 ambo
605 1955 809 2025 pariter
826 1956 1197 2012 conciderunt.
1220 1976 1238 2009 ›
1265 1957 1560 2029 Ignominia
1579 1960 1723 2015 enim
1750 1968 1877 2016 tunc

272 2046 470 2113 patuit
498 2045 738 2117 Egypti,
774 2048 988 2116 quando
1025 2047 1282 2102 frustrata
1308 2047 1517 2112 solatio,
1545 2050 1687 2118 quod
1717 2065 1748 2105 a
1777 2049 1879 2105 fal-

288 2134 365 2188 sis
395 2134 704 2190 numinibus
740 2136 1045 2206 expetebat,
1086 2151 1266 2191 coram
1308 2136 1553 2192 hostibus
1600 2137 1713 2194 suis
1748 2140 1874 2202 ruit,

286 2232 343 2277 et
370 2232 555 2278 mutua
604 2225 759 2281 clade
792 2241 914 2280 cum
950 2225 1092 2280 forte
1128 2225 1383 2281 concidit.
1416 2225 1507 2281 Sic
1552 2234 1606 2281 et
1635 2228 1877 2283 haeretici

288 2314 381 2382 qui
415 2311 631 2383 semper
659 2316 712 2370 in
746 2316 1016 2371 discordia
1046 2325 1192 2383 sunt,
1223 2325 1279 2371 et
1300 2316 1353 2370 in
1379 2316 1530 2371 vario
1550 2330 1739 2371 errore
1762 2330 1878 2372 ver-

289 2412 501 2469 santur,
548 2405 601 2459 in
627 2404 810 2461 multis
832 2407 899 2459 ab
937 2406 1163 2460 invicem
1191 2406 1524 2472 discordant,
1555 2414 1610 2461 et
1633 2407 1880 2463 cominus

290 2502 569 2548 certantes
601 2502 764 2563 atque
813 2493 1136 2549 alterutrum
1184 2507 1244 2549 se
1279 2494 1604 2560 lacerantes,
1655 2509 1763 2550 non
1800 2496 1881 2550 vi-

290 2584 520 2638 ctoriam
557 2584 804 2639 veritatis
831 2584 1082 2654 capiunt:
1126 2585 1219 2640 sed
1242 2599 1431 2641 errore
1456 2584 1653 2654 captivi
1678 2585 1882 2657 pariter

293 2676 348 2730 iu
387 2672 597 2733 foveam
629 2677 952 2748 perditionis
983 2676 1203 2732 cadunt.

370 2806 389 2838 ι
422 2785 661 2842 Verbum
693 2785 836 2857 quod
856 2785 1068 2843 locutus
1090 2794 1174 2843 est
1201 2786 1461 2842 Dominus
1485 2786 1555 2843 ad
1590 2785 1881 2845 Jeremiam

291 2880 318 2929 ἰ
348 2879 665 2949 prophetam
716 2893 880 2948 super
906 2893 973 2933 eo
1022 2876 1164 2947 quod
1217 2884 1480 2933 venturus
1523 2886 1667 2933 esset
1701 2877 1883 2935 Nabu-

299 2990 317 3022 ι
355 2971 693 3025 cbodonosor
722 2984 815 3024 rex
852 2969 1162 3042 Babylonis,
1191 2977 1246 3024 et
1290 2984 1648 3040 percussurus
1680 2977 1881 3026 terram

298 3079 318 3112 σ
363 3060 614 3132 [Egyptiz
646 3059 977 3115 Annuntiale
1020 3058 1287 3131 IEgypto,
1328 3068 1383 3115 et
1433 3060 1675 3115 auditum
1722 3058 1882 3114 facile

299 3170 317 3202 ι
356 3152 408 3205 in
455 3150 720 3222 Magdalo,
768 3158 823 3206 et
874 3159 1091 3206 resmxet
1138 3151 1191 3204 in
1223 3149 1504 3221 Memphis,
1541 3157 1595 3205 et
1646 3149 1884 3219 Tapbnis

300 3260 318 3293 ι
356 3241 518 3296 dicite
543 3259 555 3292 :
577 3241 670 3295 Sta
691 3249 745 3297 et
767 3255 1009 3312 praepara
1035 3249 1087 3295 te
1109 3254 1124 3295 :
1147 3239 1274 3310 quia
1290 3240 1567 3296 devorabit
1588 3239 1797 3312 gladius
1821 3255 1884 3296 ea

299 3349 319 3381 ι
356 3346 477 3399 qua:
497 3345 597 3400 per
622 3330 905 3385 circuitum
935 3338 1083 3384 tuum
1113 3337 1256 3384 sunt.
1283 3349 1302 3382 ι
1334 3329 1598 3399 Loquitur
1620 3330 1883 3400 propheta

291 3423 515 3477 verbum
541 3430 596 3479 et
620 3439 715 3478 ore
748 3422 962 3478 Domini
987 3423 1055 3477 ad
1095 3420 1409 3493 IEgyptum,
1435 3430 1491 3477 et
1529 3423 1597 3477 ad
1624 3422 1740 3492 ejus
1763 3422 1882 3478 loca

289 3515 585 3585 pnecipua,
616 3525 677 3570 ut
713 3530 769 3569 se
818 3522 1121 3584 praeparent
1151 3514 1219 3567 ad
1272 3512 1505 3568 bellum:
1559 3517 1653 3569 sed
1702 3523 1882 3570 tamen

292 3606 468 3663 sciant
515 3606 659 3676 quod
705 3604 1078 3661 Chaldaeorum
1120 3603 1331 3674 gladius
1378 3604 1757 3661 devastaturus
1812 3607 1885 3662 sit

293 3711 511 3752 omnem
539 3705 739 3752 terram
783 3695 969 3764 ipsius.
1009 3693 1280 3766 (Ηὶενοη.)
1309 3694 1583 3764 Magdalus
1623 3696 1768 3752 enim
1800 3706 1885 3754 est

289 3790 475 3852 locus,
503 3798 562 3843 ut
588 3804 751 3858 supra
779 3789 1096 3853 memoravi,
1136 3788 1202 3843 ad
1224 3803 1383 3857 quem
1425 3786 1521 3843 ﬁlii
1564 3789 1729 3846 Israel
1759 3806 1884 3848 cum

260 3934 265 3943 .
290 3883 530 3938 exissent
549 3882 614 3936 de
634 3880 885 3953 rEgypto,
903 3888 1263 3951 pervenerunt
1284 3888 1570 3949 antequam
1591 3883 1886 3939 transirent

262 3989 446 4029 .mare
472 3972 733 4028 Rubrum.
760 3972 1016 4042 Legimus
1053 3979 1107 4026 et
1148 3971 1202 4025 in
1230 3971 1513 4027 Ezechiele
1545 3988 1559 4026 :
1601 3990 1620 4023 ι
1662 3972 1729 4027 de
1764 3972 1880 4027 Μελ·
1908 3998 1927 4017 ο

292 4064 451 4137 gdalo
477 4080 646 4133 usque
667 4063 885 4119 Senem.
919 4084 938 4116 ι
954 4062 1122 4118 Porro
1142 4061 1403 4118 Jeremias
1424 4062 1658 4129 Iudaeos,
1685 4064 1777 4134 qui
1800 4079 1885 4120 se-

290 4169 416 4209 cum
449 4153 689 4220 fuerant,
714 4154 1124 4225 Babyloniorum
1152 4154 1409 4223 impetum
1433 4154 1796 4221 declinantes,
1826 4156 1883 4212 in
1928 4222 1943 4231 κ

258 4296 265 4301 .
291 4248 397 4302 hac
424 4246 553 4300 urbe
580 4244 802 4318 [Egypti
826 4246 1099 4300 habitasse
1128 4244 1290 4300 refert
1323 4263 1335 4299 :
1365 4245 1585 4301 'l‘hauen
1618 4256 1884 4316 metropo-

286 4338 358 4397 lis
410 4338 766 4411 fuit/Egypti.
792 4339 858 4393 Et
876 4337 1161 4392 Psalmista
1181 4336 1420 4393 declarat
1457 4339 1601 4408 quod
1620 4337 1692 4392 ibi
1710 4338 1884 4396 Moses

289 4430 462 4486 multa
483 4431 635 4500 signa
661 4430 851 4485 fecerit
891 4426 1061 4500 (Psal.
1091 4427 1320 4498 Lxxvn),
1344 4443 1464 4498 quae
1487 4428 1541 4483 in
1577 4429 1763 4485 Exodo
1788 4430 1880 4486 de-

290 4522 642 4578 scribuntur:
678 4538 697 4571 ‹
736 4519 918 4575 Posuit
950 4520 1002 4573 in
1035 4518 1325 4589 Egyptum
1354 4519 1636 4595 signa'sua
1662 4526 1718 4573 et
1748 4536 1877 4589 pro-

287 4612 438 4682 digia
491 4627 586 4666 sua
642 4610 694 4664 in
744 4625 936 4680 campo
982 4608 1292 4664 Thaneos.»
1329 4606 1617 4677 Memphim
1666 4623 1882 4680 quoque

289 4704 518 4774 magicis
547 4702 756 4757 artibus
784 4701 1019 4757 deditam
1062 4699 1274 4769 pristini
1313 4714 1482 4769 usque
1533 4701 1599 4755 ad
1647 4716 1883 4771 praesens

285 4805 500 4863 tempus
522 4792 748 4863 vestigia
775 4791 977 4846 erroris
1015 4790 1329 4845 ostendunt.
1376 4790 1459 4844 Ad
1503 4791 1600 4847 has
1636 4792 1884 4848 civitates

285 4885 458 4940 Isaias
494 4885 549 4939 in
590 4900 756 4939 onere
793 4882 1010 4955 Egypti
1057 4883 1131 4937 ita
1177 4882 1414 4951 loquitur
1444 4901 1457 4936 :
1488 4901 1507 4934 ι
1555 4883 1715 4939 Stulti
1751 4885 1881 4942 facti

286 4985 418 5032 sunt
475 4975 747 5047 principes
802 4974 1103 5030 Thaneos:
1167 4984 1546 5029 emarcuerunt
1603 4976 1878 5047 principes

290 5067 643 5137 Mempbeos:
695 5066 1024 5136 decepcrunt
1068 5063 1361 5136 Egyptum
1411 5066 1664 5135 angulum
1713 5082 1881 5138 popu-

286 5158 468 5213 lorum
500 5156 619 5226 ejus
655 5156 792 5228 (Isa.
813 5154 980 5229 χιχ).ι
1017 5156 1117 5212 Ubi
1147 5155 1385 5212 breviter
1408 5155 1674 5211 indicatur
1711 5158 1876 5228 quod,

285 5249 588 5321 Babylonia
616 5248 872 5305 vastitate
911 5248 1093 5304 omnia
1123 5247 1398 5319 Magorum
1434 5248 1676 5314 consilia,
1709 5258 1766 5305 et
1782 5265 1875 5307 eo-

289 5358 411 5397 rum
432 5357 554 5412 qua:
576 5339 878 5396 futurorum
901 5340 1179 5397 scientiam
1209 5340 1615 5411 promittebant,
1640 5343 1879 5420 stultitia:

287 5442 676 5505 coarguantur,
698 5442 752 5488 et
777 5433 829 5487 in
859 5432 1095 5487 adventu
1119 5431 1320 5488 Christi
1347 5442 1542 5489 cuncta
1570 5433 1880 5504 redigantur

286 5527 345 5580 in
375 5526 529 5580 nihili
556 5544 570 5580 :
610 5542 718 5581 non
755 5525 1151 5580 invenientibus
1176 5526 1460 5581 consilium
1490 5525 1706 5597 {Egypti
1738 5529 1876 5583 vati-

286 5616 393 5671 bus
419 5616 690 5686 quomodo
716 5616 908 5686 dogma
934 5615 1238 5685 opprimant
1267 5615 1653 5671 Christianum.
1679 5615 1878 5672 Idioma

284 5718 473 5763 autem
500 5706 906 5777 Scripturarum
943 5714 1046 5772 est,
1093 5715 1154 5760 ut
1179 5706 1429 5777 angulum
1459 5721 1559 5774 pro
1586 5721 1750 5777 regno
1779 5723 1878 5778 po-

1903 4480 1959 4539 D

1979 1863 2191 1932 populis
2218 1863 2332 1933 ejus
2361 1868 2573 1925 traditis
2622 1870 2676 1925 in
2727 1890 2922 1933 manus
2965 1879 3225 1946 hostium,
3262 1883 3576 1940 ceciderunt

1978 1967 2071 2007 eos
2096 1953 2297 2010 inimici
2323 1971 2709 2029 persequentes
2733 1981 2746 2017 :
2773 1972 2829 2020 et
2853 1967 2993 2022 sicut
3032 1970 3234 2025 hortari
3272 1988 3331 2028 se
3374 1975 3577 2033 debue-

1982 2052 2103 2098 rant
2132 2045 2360 2102 invicem
2389 2051 2621 2108 audaces
2668 2054 2737 2109 ad
2782 2071 3037 2127 pugnam,
3084 2061 3163 2117 sic
3212 2063 3385 2120 timidi
3410 2067 3573 2124 alter-

1980 2140 2160 2194 utrum
2189 2135 2419 2194 incitant
2446 2156 2505 2196 se
2543 2142 2609 2196 ad
2638 2143 2839 2216 fugam.
2865 2145 3178 2205 Columbam
3210 2163 3366 2209 vocat
3392 2154 3573 2214 Nabu-

1980 2223 2338 2292 chodonosor,
2368 2245 2476 2289 non
2507 2232 2576 2287 ob
2596 2232 2832 2304 laudem,
2863 2237 2959 2314 sed
2985 2239 3056 2294 ob
3076 2240 3566 2314 vituperationem;

1982 2330 2089 2370 non
2121 2326 2343 2388 propter
2371 2321 2796 2399 simplicitatem,
2843 2311 2938 2387 sed
2973 2338 3196 2402 propter
3241 2311 3568 2391 stultitiam:

1981 2406 2107 2475 quia
2142 2423 2265 2464 cum
2314 2411 2488 2468 victor
2537 2407 3027 2477 Domini'munere
3069 2421 3125 2477 in
3169 2423 3399 2481 diversis
3445 2442 3576 2498 gen-

1984 2498 2130 2555 tibus
2168 2503 2507 2573 exstitisset,
2542 2523 2648 2563 non
2679 2508 2753 2564 illi
2787 2510 2881 2581 qui
2922 2512 3026 2568 sibi
3052 2513 3335 2572 victoriam
3363 2518 3571 2588 tribuit,

1982 2593 2077 2648 sed
2104 2592 2258 2651 falsis
2304 2598 2617 2656 numinibus
2659 2601 2869 2659 laudem
2916 2605 3200 2676 impendit.
3234 2608 3345 2666 Nec
3373 2612 3572 2668 mirum

1983 2684 2126 2752 quod
2145 2683 2660 2757 Nabuchodonosor,
2679 2694 2769 2762 qui
2798 2693 3010 2750 Domini
3034 2696 3262 2768 imperio
3284 2702 3575 2767 serviebat,

1985 2774 2269 2832 destruens
2295 2781 2788 2848 praevaricatricem
2815 2782 3134 2855 Jerusalem,
3164 2803 3379 2846 servum
3417 2807 3576 2848 suum

1984 2872 2041 2918 et
2077 2864 2385 2922 columbam
2438 2879 2619 2935 vocat,
2668 2888 2792 2930 eum
2822 2874 3004 2931 Medos
3048 2891 3182 2946 quos
3231 2880 3301 2935 ad
3352 2882 3578 2938 subver-

1985 2953 2193 3009 sionem
2222 2955 2528 3028 Babyloniae
2555 2961 2755 3018 direxit
2775 2965 3141 3023 sanctiﬁcatos
3181 2979 3358 3038 vocet,
3392 2972 3578 3031 dicens

1986 3058 2085 3112 per
2126 3044 2322 3102 Isaiam
2356 3064 2371 3103 :
2413 3070 2433 3101 ι
2471 3052 2581 3122 Ego
2641 3054 2891 3111 mandavi
2927 3058 3280 3117 sanctiﬁcatis
3335 3064 3490 3129 meis,
3522 3075 3579 3121 et

1909 3118 1955 3178 C
1988 3136 2172 3190 vocavi
2198 3137 2366 3194 fortes
2412 3157 2563 3198 meos
2607 3144 2660 3198 in
2694 3144 2773 3200 ira
2805 3161 2949 3213 mea,
2972 3149 3304 3207 exsultantes
3331 3152 3383 3207 in
3406 3153 3578 3224 gloria

1986 3239 2106 3280 mea
2136 3226 2270 3298 (Isa.
2306 3229 2449 3302 xm).
2477 3250 2496 3283 ι
2529 3231 2798 3306 [Hierom]
2829 3235 3089 3294 Columba
3113 3239 3276 3310 igitur
3304 3242 3578 3298 invenitur

1985 3317 2039 3371 in
2071 3316 2225 3374 laude
2246 3322 2442 3390 posita,
2467 3331 2526 3377 ut
2554 3323 2686 3380 illud
2706 3334 2790 3381 est
2816 3337 3145 3398 praeceptum
3170 3330 3224 3386 in
3252 3332 3578 3404 Evangelia:

1990 3428 2008 3460 ι
2044 3409 2232 3466 Estote
2260 3413 2556 3493 prudentes
2580 3415 2723 3472 sicut
2746 3428 3045 3489 serpentes,
3070 3429 3125 3477 et
3146 3421 3417 3494 simplices
3437 3425 3578 3481 sicut

1983 3500 2247 3558 columbae
2287 3503 2504 3575 (Matth.
2538 3505 2616 3579 χ).
2642 3527 2663 3561 ι
2719 3509 2790 3565 Ut
2832 3510 3079 3567 videlicet
3105 3528 3274 3570 Simus
3301 3515 3574 3587 simplices

1985 3595 2139 3662 quasi
2165 3596 2428 3653 columba:
2461 3607 2517 3654 et
2565 3601 2727 3655 astuti
2758 3602 2910 3672 quasi
2952 3613 3247 3674 serpentes,
3302 3606 3576 3675 imitantes

1986 3686 2384 3756 simplicitatem
2432 3691 2826 3759 columbarum,
2862 3702 2919 3750 et
2957 3697 3227 3766 serpentis
3274 3701 3529 3755 astutiam
3560 3721 3574 3757 :

1985 3793 2053 3833 ne
2086 3780 2207 3836 aliis
2232 3796 2430 3839 nocere
2461 3783 2750 3853 possimus,
2781 3800 2884 3840 nec
2926 3785 2994 3841 ab
3041 3786 3164 3841 aliis
3199 3788 3469 3856 patiamur
3493 3789 3578 3843 iu-

1985 3870 2149 3925 sidias
2173 3888 2187 3937 ;
2217 3873 2313 3928 sed
2334 3874 2675 3943 simplicitate
2702 3885 2756 3930 et
2776 3876 3059 3946 prudentia
3100 3877 3452 3934 exhibeamus
3480 3880 3577 3935 ho-

1985 3959 2186 4015 minem
2219 3970 2594 4032 temperatum,
2621 3965 2747 4035 quia
2783 3964 3066 4035 prudentia
3102 3967 3305 4036 absque
3330 3968 3576 4024 bonitate

1985 4049 2190 4105 malitia
2230 4060 2333 4118 est,
2370 4061 2425 4107 et
2459 4052 2775 4124 simplicitas
2820 4054 3024 4124 absque
3076 4055 3287 4111 ratione
3341 4057 3573 4113 stultitia

1986 4143 2315 4198 nominatur.
2345 4143 2478 4199 Item
2509 4128 2564 4199 in
2585 4145 2979 4215 vituperatione
2999 4146 3218 4215 ponitur
3247 4147 3493 4202 columba
3517 4150 3570 4204 in

1984 4229 2121 4286 Osee
2150 4233 2240 4287 ubi
2299 4233 2372 4287 ita
2426 4233 2650 4304 legitur:
2681 4252 2699 4284 ‹
2737 4234 2934 4290 Factus
2985 4243 3069 4291 cst
3114 4234 3574 4308 prraim'quasi

1987 4322 2232 4377 columba
2261 4323 2483 4379 seducta
2538 4339 2644 4380 non
2694 4324 2899 4380 habens
2943 4341 3053 4380 cor.
3102 4327 3393 4399 Aigyptum
3427 4329 3577 4385 invo-

1987 4418 2164 4482 cabat,
2196 4418 2262 4474 ad
2307 4417 2558 4490 Assyrios
2612 4418 2863 4475 abierunt
2906 4418 3049 4493 (Ose.
3092 4421 3210 4493 vn).
3236 4443 3255 4475 ι
3302 4422 3577 4488 Quaeritur

1984 4524 2083 4564 cur
2108 4509 2364 4580 Ephraim
2396 4526 2500 4565 non
2525 4510 2644 4565 aliis
2694 4510 2905 4577 avibus,
2939 4513 3032 4567 sed
3055 4513 3317 4569 columbae
3337 4515 3407 4569 sit
3427 4530 3578 4571 com-

1982 4612 2228 4673 paratus.
2258 4602 2401 4659 Aves
2427 4612 2637 4660 caetera:
2684 4603 2859 4674 pullos
2887 4621 3015 4661 suos
3058 4606 3222 4662 etiam
3262 4623 3384 4663 cum
3420 4609 3570 4679 peri-

1985 4693 2105 4749 culo
2129 4694 2254 4749 vitm
2275 4710 2387 4750 suae
2411 4704 2697 4765 protegere
2743 4695 3023 4763 festinant,
3054 4706 3109 4753 et
3138 4714 3261 4753 cum
3291 4700 3358 4755 ad
3387 4701 3571 4755 nidum

1985 4800 2141 4840 suum
2174 4786 2509 4858 accipitrem,
2539 4787 2842 4853 colubrum,
2870 4805 3116 4856 corvum,
3157 4791 3272 4845 sive
3302 4792 3574 4845 cornicem

1985 4877 2247 4933 accedere
2271 4878 2519 4945 viderint,
2543 4879 2650 4934 huc
2673 4880 2908 4950 illucque
2950 4880 3191 4946 volitant,
3217 4890 3270 4935 et
3302 4880 3574 4934 dimittunt

1984 4983 2063 5034 se,
2096 4985 2279 5026 morsu
2305 4980 2362 5025 et
2384 4971 2650 5043 unguibus
2677 4972 2940 5037 lacerant,
2969 4981 3024 5028 et
3054 4973 3291 5026 dolorem
3333 4970 3575 5038 parentis

1985 5061 2210 5129 querula
2235 5077 2367 5117 voce
2389 5071 2698 5118 testantur:
2731 5062 2844 5118 sola
2873 5062 3120 5117 columba
3166 5059 3374 5115 ablatos
3402 5058 3576 5129 pullos

1983 5168 2093 5208 non
2120 5153 2286 5219 dolet,
2315 5169 2422 5209 non
2473 5155 2721 5225 requirit.
2756 5155 2825 5209 Et
2870 5154 2997 5208 huic
3046 5161 3196 5207 recte
3229 5158 3580 5221 comparatur

1985 5246 2265 5315 Ephraim,
2315 5246 2457 5315 quod
2486 5254 2758 5302 vastatum
2808 5260 2907 5315 per
2944 5253 3126 5315 partes
3166 5242 3422 5315 populum
3467 5259 3576 5300 non

1985 5337 2207 5400 sentiat,
2235 5336 2329 5391 sed
2352 5336 2625 5408 negligens
2658 5336 2729 5391 sit
2751 5335 2910 5390 saluti
2949 5350 3080 5390 suae.

2063 5450 2082 5481 ‹
2116 5432 2316 5486 Vocate
2350 5446 2548 5486 nomen
2578 5429 2880 5485 Pharaonis
2921 5429 3067 5500 regis
3090 5428 3307 5501 Egypti
3329 5470 3344 5495 ,
3372 5427 3574 5486 tumul-

1991 5544 2010 5577 ι
2056 5533 2166 5578 tum
2196 5524 2417 5579 adduxit
2439 5533 2671 5594 tempus.
2700 5523 2834 5579 Vivo
2871 5537 2990 5594 ego,
3033 5522 3207 5592 inquit
3243 5538 3359 5585 rex,
3391 5521 3575 5578 Domi-

1992 5635 2010 5669 ¢
2047 5634 2149 5672 nus
2169 5617 2501 5671 exercituum
2533 5631 2729 5671 nomen
2758 5616 2895 5687 ejus,
2919 5615 3174 5685 quoniam
3200 5616 3339 5671 sicut
3361 5614 3582 5671 Thabor
3602 5597 3616 5619 ⁸

1994 5728 2011 5760 ι
2047 5710 2100 5765 in
2140 5707 2430 5777 montibus,
2467 5718 2524 5765 et
2561 5709 2702 5765 sicut
2748 5708 3030 5768 Carmelus
3059 5710 3110 5763 in
3160 5708 3297 5766 mari
3332 5707 3572 5764 veniet”
