3970 6190
306 577 316 596 ⁸
413 583 564 636 nium
610 587 768 629 suum
817 571 882 624 de
924 565 1077 621 clade

407 371 553 427 1103

1085 355 1146 411 Β.
1187 350 1441 410 ΒΑΒΛΝΙ
1479 347 1698 404 MAUill
1736 339 2041 399 ARCIIIEP.

2147 334 2402 394 OGUNT.
2439 329 2722 390 OPERUM
2757 327 2940 385 PARS
2974 326 3062 382 ιιι.

3546 323 3687 380 llo;

408 479 883 558 (lduunusdlubct
927 472 1186 546 propheta
1237 469 1324 524 his
1353 465 1442 536 qui
1498 456 2000 517 audicruntvatici-
2029 461 2077 522 Α
2107 450 2284 505 chiam
2317 455 2478 502 noctu
2509 459 2663 498 muro
2688 439 2917 497 sutl'osso
2956 437 3158 510 fugisse
3202 436 3268 490 ad
3319 434 3535 490 deserta
3568 433 3692 488 Jor-

1691 551 1702 558 .
1893 546 1904 558 .
1986 552 1997 558 -
2121 539 2257 558 L_:_
2314 537 2492 558 εις--.η
2540 548 2565 558 ,ι
2597 530 2902 558 Πηιινιηηζεο
2951 541 3069 558 Aeno
3111 524 3566 558 nnmnI-nhnnclnn
3593 541 3606 552 ο
3636 535 3692 558 οε

1122 559 1519 633 Egyptiorum,
1563 551 1704 624 quod
1756 546 2005 604 nuntient

399 667 684 729 Pharaoni
714 662 826 733 regi
860 657 1073 729 .Egypﬁ
1101 671 1116 710 :
1146 653 1400 724 quoniam
1424 646 1662 703 vicinum
1690 649 1774 696 est
1795 649 2005 708 tempus

420 761 680 820 tumultus
705 753 855 821 belli,
903 749 1047 822 quod
1086 747 1271 801 hostes
1311 741 1394 796 sui
1442 736 1614 792 acturi
1641 733 1790 788 'sunt
1818 735 2004 785 contra

420 867 563 906 cum.
588 847 741 916 Quod
767 821 946 898 autem
967 839 1066 894 sub
1081 838 1392 908 iuramento
1411 826 1625 884 Domini
1645 821 2006 884 exercituum,

423 947 598 1012 ipsum
627 935 916 992 tumultum
943 929 1170 985 aﬁirmat
1197 931 1481 978 venturum
1507 933 1649 980 esse,
1695 915 1835 968 sicut
1862 910 2009 964 Tha—

423 1040 523 1088 leor
545 1033 599 1086 in
627 1027 920 1090 montibus,
949 1040 1002 1079 et
1021 1021 1157 1076 sicut
1178 1013 1485 1071 Carmelum
1525 1011 1579 1062 in
1628 1005 1762 1061 mari
1788 1045 1802 1070 ,
1833 1010 2013 1056 osten-

425 1128 504 1181 dit
531 1141 598 1181 ex
629 1117 1032 1190 comparatione
1084 1112 1324 1164 locorum
1352 1101 1732 1172 frugifcrorum
1779 1093 1930 1164 quasi
1959 1091 2011 1144 in

429 1216 562 1274 mari
586 1215 988 1270 submersarum
1016 1199 1272 1272 grandem
1304 1192 1708 1250 subversionem
1736 1185 2017 1241 imminere

429 1306 827 1378 Aigyptiorum.
861 1292 1129 1370 (Πίον-οη.)
1167 1289 1383 1342 Thabor
1420 1291 1600 1337 autem
1633 1277 1895 1334 terminus
1917 1274 2018 1327 Za-

430 1401 642 1456 lmlonae
672 1409 826 1449 mons
847 1390 900 1445 in
925 1385 1101 1442 medio
1123 1381 1344 1438 Galilea:
1369 1390 1560 1445 campo
1599 1373 1734 1427 mira
1776 1365 2020 1422 rotundi-

434 1501 544 1546 tate
574 1485 842 1546 sublimis,
897 1481 1106 1536 distans
1131 1489 1162 1528 a
1196 1473 1544 1527 Diocaisarara
1569 1465 1754 1518 decem
1787 1459 2022 1514 millibus

433 1591 622 1638 contra
673 1573 992 1631 orientalem
1037 1567 1272 1638 plagam,
1321 1560 1412 1632 qui
1469 1555 1760 1612 confinium
1812 1562 2024 1620 quoque

435 1677 577 1727 inter
630 1669 828 1722 tribum
868 1661 1115 1717 lssachar
1139 1665 1196 1712 et
1227 1649 1570 1724 Nephthalim
1596 1645 1714 1700 fuit.
1747 1639 2025 1698 Carmelus

435 1772 614 1816 autem
657 1758 747 1812 ubi
801 1751 971 1808 Nabal
1018 1746 1288 1820 quondam
1341 1742 1462 1806 fuit,
1495 1745 1551 1794 et
1601 1750 1743 1790 nunc
1788 1730 1912 1786 villa
1941 1735 2024 1782 cst

425 1849 720 1908 Chermela
759 1844 995 1906 nomine,
1023 1838 1236 1894 decimo
1278 1831 1453 1902 lapide
1499 1824 1680 1897 oppidi
1724 1820 2018 1877 Chebron:

440 1954 669 2012 vergens
696 1937 763 1992 ad
786 1929 1107 1990 orientalem
1150 1924 1386 1996 plagam,
1435 1918 1525 1973 ubi
1576 1923 1632 1971 et
1659 1912 2022 1968 Romanorum

437 1999 747 2107 praiiridium
779 2035 880 2083 est.
905 2018 1197 2096 (M.wnus.)
1245 2013 1466 2086 Mystice
1495 2017 1696 2070 autem,
1721 2003 1844 2073 quia
1883 1999 2026 2053 Tha-

441 2131 538 2182 bor
562 2121 784 2178 veniens
824 2117 1026 2180 lumen,
1070 2109 1156 2164 vel
1181 2105 1362 2163 veniat
1395 2102 1506 2166 lux,
1544 2108 1596 2153 et
1637 2091 1918 2150 Carmelus
1945 2097 2025 2143 te-

441 2219 615 2276 nellus
639 2222 732 2269 aut
759 2209 952 2272 mollis,
988 2205 1102 2260 sive
1128 2198 1353 2257 scientia
1397 2186 1824 2251 circumcisionis
1862 2184 2030 2238 inter-

423 2317 743 2384 pretantur,
775 2299 1080 2373 signiﬁcant
1118 2289 1404 2348 haareticos
1429 2285 1483 2339 in
1527 2281 1728 2336 lumine
1755 2271 2030 2331 saecularis

1263 2378 1277 2384 -
1331 2377 1351 2384 _
1411 2376 1425 2384 ,
1808 2372 1848 2384 Α,
1900 2361 1995 2384 ωε

425 2361 1146 2474 -ξθρὶεηιὶωέιιιῖειυὺίεηωε,
1195 2378 1283 2436 vel
1323 2376 1540 2434 Judaeos
1563 2369 1772 2432 molles,
1799 2372 1854 2420 et
1893 2361 2029 2418 deli-

439 2454 624 2548 ciosos
652 2488 708 2542 in
737 2481 919 2539 carnis
958 2470 1369 2532 circumcisione
1412 2463 1742 2536 gloriantes:
1781 2454 1873 2526 qui
1901 2465 2033 2506 vero

448 2583 550 2638 sub
573 2578 852 2634 Pharaone
877 2572 1182 2627 versantur,
1212 2567 1268 2614 et
1294 2555 1514 2612 Christo
1551 2549 1754 2606 servire
1777 2548 2032 2604 renuunt,

451 2631 681 2726 mare
711 2660 984 2718 turbidum
1005 2653 1165 2724 hujus
1189 2648 1370 2706 smculi
1397 2641 1660 2710 demergi,
1685 2647 1744 2693 et
1767 2637 1837 2691 ob
1857 2631 2035 2688 hocin

451 2759 855 2820 damnationem
880 2757 1141 2807 venturos
1165 2749 1502 2816 perpetuam.

529 2872 548 2904 ι
587 2813 726 2908 vasa
769 2813 1258 2912 transmigrationis
1306 2831 1394 2886 l‘ac
1447 2826 1562 2892 tibi,
1591 2817 1884 2880 habitatrix
1930 2813 2039 2869 ﬁlia

455 2965 481 2996 4
523 2904 736 3013 Egypti
760 2951 776 2991 :
804 2934 930 3005 quia
953 2904 1216 2998 Hemphis
1241 2923 1294 2978 in
1337 2916 1682 2976 solitudinem
1710 2909 1836 2974 erit,
1865 2914 1922 2961 et
1949 2904 2042 2958 de-

455 3054 482 3088 1
517 3004 726 3090 seretur
767 3004 1153 3081 inhabitabilis.
1183 3035 1202 3068 ι
1254 3009 1473 3068 Mandat
1515 3004 1807 3076 Egyptum
1828 3004 1888 3052 ut
1912 3007 2039 3050 vasa

459 3114 953 3190 transmigrationis
986 3109 1090 3166 sibi
1134 3105 1314 3167 faciat,
1359 3101 1463 3156 hoc
1501 3103 1602 3160 est,
1649 3085 1948 3147 sarcinulas
1973 3081 2040 3136 ad

459 3154 953 3190 ιιᾋιιοιιιιδιυιιινιηυ
986 3154 1090 3166 νη...
1134 3154 1314 3167 -..νῂἾ
1361 3154 1392 3156 _,
1588 3154 1598 3160 _

459 3213 770 3290 fugiendum
809 3209 1094 3278 praeparet,
1125 3197 1252 3269 quia
1296 3186 1657 3248 famosissima
1701 3193 1887 3235 eorum
1912 3171 2042 3230 civi-
2068 3154 2114 3216 C

1255 3285 1267 3290 λ
1403 3280 1418 3290 -
1458 3280 1470 3290 -
1585 3275 1597 3287 ο
1666 3288 1682 3290 _
1732 3269 1827 3290 ειμι.
1881 3266 1932 3290 ξ..
1957 3278 2017 3290 ι...

457 3266 565 3376 ta;
592 3305 684 3362 ubi
714 3302 990 3370 Magorum
1007 3266 1306 3347 incantatio
1340 3275 1693 3338 celeberrima
1731 3269 1852 3331 fuit,
1881 3266 1934 3321 in
1957 3278 2045 3318 so-

454 3360 744 3461 litudinem
770 3360 1052 3450 vertetur:
1083 3393 1138 3440 et
1173 3391 1320 3438 terra
1343 3377 1624 3433 deseretur
1654 3360 2041 3424 inhabitabilis.

448 3497 540 3552 ‘De
581 3489 726 3546 vasis
781 3497 912 3556 ergo
969 3467 1459 3544 transmigrationis
1515 3460 1776 3518 Dominus
1811 3455 1878 3510 ad
1915 3451 2050 3506 Eze-

443 3540 722 3644 ξιῖῖυίξιῖ
745 3540 997 3634 similiter
1019 3540 1278 3639 loquitur,
1326 3560 1510 3616 dicens
1533 3550 1748 3627 (Ezech.
1774 3545 1895 3615 xu).
1926 3560 1944 3594 ι
1967 3540 2049 3596 Τιι

459 3692 613 3749 ergo,
641 3673 713 3729 ﬁli
742 3665 996 3730 hominis,
1027 3661 1114 3716 fac
1159 3654 1255 3712 tibi
1299 3666 1427 3707 vasa
1457 3635 1965 3724 transmigrationis,
1995 3639 2052 3688 et

468 3766 732 3842 migrabis
757 3774 944 3819 coram
970 3756 1051 3812 eis
1071 3766 1170 3824 per
1196 3748 1339 3806 diem
1364 3763 1377 3800 :
1427 3731 1839 3807 transmigrabis
1867 3735 2048 3784 autem

465 3864 532 3918 de
549 3829 682 3915 loco
709 3863 799 3910 tuo
833 3851 902 3906 ad
941 3849 1127 3903 locum
1173 3840 1404 3896 alterum
1455 3833 1512 3888 in
1540 3830 1830 3896 conspectu
1863 3829 2052 3874 eorum

464 3956 512 4010 si
543 3952 682 4007 forte
729 3941 1012 4016 aspiciant,
1059 3935 1184 4008 quia
1223 3930 1415 3986 domus
1455 3929 1784 3992 exasperans
1827 3919 1949 3968 est:
1997 3913 2053 3962 et

468 4043 665 4101 cti‘eras
686 4037 830 4094 foras
850 4047 977 4089 vasa
1006 4038 1119 4094 tua,
1157 4021 1313 4096 quasi
1341 4033 1470 4074 vasa
1499 4002 1934 4078 transmigrantis
1952 4013 2051 4070 per
2072 4037 2088 4054 .

458 4136 614 4192 diem
673 4131 731 4186 in
783 4129 1075 4194 conspectu
1130 4127 1364 4172 eorum:
1417 4117 1474 4163 tu
1521 4110 1700 4160 autem
1758 4089 2053 4167 egredieris

467 4241 695 4300 vespere
743 4233 930 4278 coram
980 4215 1082 4278 eis,
1137 4210 1280 4266 sicut
1325 4199 1600 4274 egreditur
1642 4193 1880 4262 migrans
1928 4189 2054 4238 ante

1237 4299 1263 4300 ”
1292 4297 1303 4300 ‘
1452 4292 1464 4300 ·
1511 4297 1517 4300 Α
1692 4290 1728 4300 ρ-
1766 4270 2053 4300 --ι-ΑιΙξΛ-ἶα

469 4270 656 4378 oculos
680 4327 890 4372 eorum.
931 4303 1161 4362 Perfode
1211 4297 1306 4354 tibi
1349 4270 1612 4366 parietem
1638 4303 1651 4340 :
1679 4290 1734 4339 et
1759 4270 2056 4351 egredieris

469 4426 569 4483 per
590 4421 716 4464 eum
739 4405 794 4458 in
833 4403 1128 4470 conspectu
1167 4403 1376 4448 eorum.
1403 4383 1462 4438 In
1501 4374 1743 4436 humeris
1789 4362 2054 4441 portabis,

2103 539 2284 602 danis,
2314 537 2494 604 ibique
2539 548 2568 587 a
2596 530 2906 602 Babyloniis
2950 541 3069 582 esse
3110 524 3567 594 comprehensum
3593 541 3606 576 :
3635 535 3696 578 et

2105 629 2208 684 hoc
2228 623 2532 696 signiﬁcare
2554 619 2855 690 perfossum
2875 616 3156 688 parietem.
3176 612 3329 680 Quod
3355 619 3537 666 autem
3565 611 3700 666 dicit

2106 717 2161 772 in
2193 709 2738 780 humerisportabis:
2793 705 3114 762 subauditur
3158 703 3404 758 sarcinas
3452 711 3593 765 tuas,
3639 708 3702 755 et

2108 808 2366 881 quidquid
2410 805 2478 860 ad
2505 805 2608 859 viae
2651 801 2904 858 solatium
2931 797 3198 868 fugientes
3223 805 3443 866 portare
3470 811 3704 850 consuc-

2109 909 2324 956 verunt.
2365 898 2423 952 In
2444 895 2673 966 caligine
2697 891 2928 948 efferes:
2969 903 3036 943 ne
3062 887 3298 942 videaris
3325 901 3356 940 a
3395 902 3698 956 quoquam.

2111 990 2329 1046 Faciem
2365 995 2514 1041 tuam
2537 982 2745 1038 velabis
2771 999 2782 1034 :
2813 979 2898 1033 vel
2945 978 3208 1036 caecitate,
3242 990 3364 1045 qum
3405 975 3457 1029 ei
3501 977 3706 1029 accidit

2111 1083 2285 1136 erutis
2308 1078 2480 1135 oculis
2507 1092 2536 1129 a
2567 1072 3060 1128 Nabuchodonosor
3085 1087 3097 1122 :
3121 1067 3207 1122 vel
3235 1083 3302 1121 ne
3341 1075 3710 1137 cognoscatur

2115 1173 2254 1244 quod
2287 1171 2402 1241 ipse
2428 1169 2498 1222 sit
2522 1182 2636 1229 rex,
2661 1173 2717 1218 et
2744 1162 2915 1231 major
2941 1161 3037 1214 ﬁat
3062 1173 3190 1212 cura
3219 1157 3576 1210 scrvantium.

2194 1284 2212 1316 ι
2260 1262 2434 1317 Vitula
2475 1260 2693 1328 elegans
2727 1265 2887 1324 atque
2918 1253 3152 1306 formosa
3181 1248 3479 1318 Egyptus,
3521 1247 3714 1300 stimuo

2125 1375 2144 1408 ‹
2184 1355 2323 1409 lator
2358 1355 2427 1407 ab
2451 1351 2716 1421 Aquilone
2755 1347 2933 1400 veniet
2964 1345 3036 1399 ci.
3076 1363 3095 1396 ι
3143 1337 3437 1413 (Μλυιιυε.)
3472 1337 3711 1391 Vituiain

2119 1449 2414 1518 elegantem
2444 1441 2675 1514 appellat
2701 1438 3016 1509 Egyptum,
3049 1435 3173 1504 quia
3203 1433 3356 1504 plebs
3389 1429 3506 1499 ejus
3535 1430 3594 1484 in
3621 1430 3715 1482 dc-

2121 1542 2264 1597 liciis
2293 1537 2518 1601 nutrita,
2551 1533 2706 1604 quasi
2745 1529 3006 1586 indomita
3034 1536 3090 1582 et
3133 1526 3366 1581 lascivos
3404 1538 3589 1578 mores
3613 1523 3714 1574 ha-

2122 1633 2274 1696 bens,
2310 1626 2496 1698 iugum
2522 1621 2818 1693 disciplina:
2846 1617 2987 1674 ferre
3011 1614 3301 1672 recusavit.
3334 1613 3433 1669 Cui
3469 1611 3718 1666 stimula-

2124 1730 2230 1786 tor,
2284 1720 2386 1774 hoc
2434 1725 2540 1781 est,
2584 1709 3080 1768 Nabuchodonosor
3115 1707 3184 1760 ab
3208 1704 3474 1774 Aquilone
3508 1701 3712 1764 veniet,

2053 1814 2098 1874 Β
2124 1812 2218 1884 qui
2245 1825 2364 1863 eam
2393 1806 2511 1862 acie
2541 1816 2814 1858 armorum
2843 1799 2898 1854 in
2932 1797 3114 1869 fugam
3158 1801 3355 1849 vertet.
3393 1791 3494 1848 Cui
3535 1789 3718 1845 simile

2121 1911 2203 1959 cst
2250 1899 2378 1955 illud
2419 1895 2591 1953 Osee:
2623 1913 2642 1946 ι
2680 1891 2834 1948 Sicut
2880 1903 3047 1944 vacca
3095 1885 3386 1941 lasciviens
3423 1879 3720 1938 declinavit

2123 1992 2286 2050 Israel
2311 2009 2325 2046 :
2357 2004 2499 2044 nunc
2523 1985 2698 2058 pascit
2715 1999 2810 2039 eos
2835 1981 3116 2046 Dominus,
3147 1977 3302 2048 quasi
3327 1991 3529 2048 agnum
3557 1973 3615 2026 in
3641 1972 3722 2025 la-

2125 2083 2354 2139 titudine
2391 2076 2536 2152 (Ore.
2585 2075 2684 2148 ιν).
2722 2093 2742 2127 i
2791 2073 2899 2127 Pro
2948 2085 3058 2140 quo
3089 2068 3144 2122 in
3176 2065 3530 2136 Septuaginta
3559 2063 3724 2117 habe-

2127 2183 2252 2230 tur:
2288 2192 2306 2224 ε
2343 2169 2497 2226 Sicut
2535 2181 2702 2222 vacca
2727 2181 2758 2220 a
2789 2163 2890 2220 silo
2919 2175 3176 2233 percussa
3215 2156 3476 2212 insanivit
3510 2152 3724 2217 Israel,

2131 2281 2274 2322 nunc
2311 2263 2488 2336 pascit
2529 2275 2625 2316 eos
2667 2257 2924 2314 Dominus
2965 2255 3022 2308 in
3067 2252 3325 2324 spatioso.
3375 2268 3394 2302 ι
3427 2246 3726 2320 (Ηὶετοιι.)

2132 2357 2289 2413 Sicut
2320 2355 2466 2436 enim
2514 2366 2677 2407 vacca
2721 2347 3012 2404 lasciviens
3055 2353 3112 2400 et
3155 2343 3417 2412 abjieiens
3462 2341 3600 2413 legis
3639 2340 3730 2410 ju-

2133 2463 2280 2520 gum,
2321 2446 2395 2500 ita
2421 2432 2630 2507 Israel,
2670 2440 2724 2496 id
2771 2447 2855 2494 est
2895 2437 3082 2493 decem
3127 2437 3320 2499 tribus,
3357 2432 3660 2489 declinavit
3696 2445 3732 2485 a

2135 2535 2349 2590 Domini
2381 2532 2658 2593 servitute,
2701 2544 2800 2600 pro
2824 2526 3136 2583 lasciviente
3172 2539 3353 2590 vacca,
3377 2532 3438 2577 ut
3462 2521 3735 2586 diximus,

2138 2627 2484 2700 Septuaginta
2519 2621 2911 2678 transtulerunt
2940 2624 3335 2697 παροιστρῶσα,
3389 2629 3513 2686 quae
3555 2623 3738 2669 oestro

2139 2721 2380 2791 asiloque
2399 2729 2654 2788 percussa
2669 2714 2757 2775 sit,
2781 2725 2940 2782 quem
2959 2710 3118 2780 vulgo
3134 2708 3388 2763 tabanum
3409 2713 3634 2760 vocant.
3661 2703 3742 2760 De

2139 2831 2246 2888 quo
2271 2822 2327 2868 et
2351 2810 2611 2882 Virgilius
2664 2808 2717 2863 in
2748 2805 2908 2862 tertio
2942 2803 3328 2875 Georgicorum
3356 2801 3500 2856 libro
3527 2799 3741 2856 refert:

2766 2949 2782 2966 .
2814 2949 2832 2967 .
2867 2951 2881 2965 .
2916 2915 2995 2964 cui
3019 2925 3201 2964 nomen
3220 2912 3339 2962 asilo

2265 2981 2536 3034 Romanum
2557 2985 2637 3030 est
2665 2993 2676 3030 :
2701 2987 2901 3028 (BStrum
2925 2975 3056 3026 Graii
3095 2982 3294 3024 vertere
3317 2978 3550 3034 vocantes
3569 3009 3588 3032 ,

2270 3045 2444 3102 Asper.
2466 3033 2648 3092 acerba
2669 3051 2848 3089 sonans
2876 3053 2895 3102 :4
2915 3049 3014 3102 quo
3037 3044 3147 3102 tota
3161 3037 3398 3102 esten-ita
3419 3033 3558 3082 silvis

2269 3096 2540 3167 Diil‘ugiunt
2575 3109 2791 3167 armenta
2821 3113 2833 3147 :
2878 3100 2996 3167 furit
3019 3097 3285 3167 mugitibus
3305 3096 3462 3167 albet-

2269 3156 2558 3226 Concussus,
2582 3164 2817 3225 silvasque
2846 3171 2897 3211 et
2919 3160 3034 3210 sicci
3056 3156 3161 3222 ripa
3185 3156 3417 3220 Tanagri.

2146 3291 2284 3360 Quia
2312 3304 2443 3361 ergo
2479 3284 2734 3342 insanivit
2771 3280 2960 3347 Israel,
2997 3287 3053 3334 et
3087 3290 3377 3349 percussus
3416 3273 3750 3330 fornicatio-

2148 3383 2233 3439 nis
2246 3381 2457 3452 spiritu.
2477 3374 2776 3434 incredibili
2793 3374 2973 3428 l'urore
2988 3370 3347 3427 debacchatus
3366 3375 3472 3432 est,
3491 3365 3620 3421 ideo
3635 3381 3750 3420 non

2149 3473 2318 3530 multo
2347 3477 2467 3542 post
2488 3477 2752 3538 tempore,
2775 3465 2872 3521 sed
2897 3465 3020 3519 dum
3043 3458 3484 3533 prophetantium
3513 3456 3752 3526 spiritus

2149 3569 2248 3624 hos
2277 3566 2416 3638 regit
2445 3577 2625 3628 arcus,
2655 3559 2822 3632 pascit
2849 3573 2944 3614 eos
2974 3555 3254 3618 Dominus,
3280 3551 3430 3624 quasi
3457 3564 3670 3622 agnum
3695 3548 3750 3602 in

2151 3657 2456 3714 latitudine.
2498 3653 2636 3721 Quia
2683 3649 3056 3720 metaphoram
3097 3661 3130 3700 a
3180 3660 3345 3700 vacca
3394 3641 3752 3703 laseiviente,

2152 3750 2266 3805 sive
2289 3753 2460 3802 oestro
2495 3751 2742 3814 ceperat,
2773 3747 2953 3797 servat
2989 3739 3044 3793 in
3081 3737 3333 3808 reliquis,
3359 3742 3420 3788 ut
3447 3735 3752 3804 captivita-

2156 3849 2261 3896 tem
2285 3839 2340 3894 in
2357 3837 2624 3908 Assyrios,
2645 3843 2699 3890 et
2719 3835 2772 3890 in
2790 3833 3104 3887 latissimam
3134 3829 3407 3884 Medorum
3433 3833 3643 3881 terram
3671 3826 3756 3882 di-

2153 3928 2485 4001 sprrsionem
2516 3923 2698 3996 populi
2729 3921 2921 3987 Israel,
2954 3919 3108 3990 quasi
3141 3919 3195 3974 in
3224 3931 3416 3987 campo
3454 3915 3753 3980 latissimo,

2154 4028 2212 4076 et
2238 4019 2293 4074 in
2321 4017 2557 4088 spatiosa
2583 4023 2731 4070 terra
2755 4012 2934 4084 gregis
2957 4023 3218 4082 agnorum
3251 4015 3531 4079 pasturam
3560 4015 3752 4062 vocet.

2157 4111 2332 4182 Super
2360 4107 2630 4165 haereticis
2664 4119 2835 4177 prona
2879 4101 3237 4174 intelligentia
3275 4106 3377 4154 est.
3413 4096 3569 4152 Sicut
3597 4097 3755 4153 enim

2141 4215 2308 4260 vacca
2319 4213 2574 4272 percussa
2627 4195 2796 4260 asilo,
2845 4192 3093 4264 percussi
3133 4199 3260 4246 sunt
3287 4188 3528 4245 haeretici
3557 4189 3760 4244 arden-

2158 4289 2304 4346 tibus
2342 4285 2542 4343 diaboli
2570 4285 2802 4356 sagittis,
2833 4291 2888 4338 et
2927 4282 3062 4353 legis
3104 4279 3348 4336 notitiam
3387 4277 3755 4346 reliquerunt.

2156 4381 2283 4438 Ideo
2323 4388 2616 4450 pascentur
2659 4376 2715 4430 in
2760 4374 2869 4429 lata
2917 4381 2975 4428 et
3019 4371 3257 4442 spatiosa
3299 4369 3404 4432 via,
3443 4383 3568 4437 qua:
3603 4367 3761 4423 ducit

473 4456 560 4483 t""
594 4456 716 4464 '—"'
741 4456 792 4458 _"
847 4456 854 4457 ί
967 4456 986 4470 ι

473 4506 529 4559 ίιι
552 4498 782 4569 caligine
824 4490 1070 4562 επυὸίεθτ
1103 4483 1294 4541 faelem
1325 4469 1715 4575 iuifmu‘lclalﬁs
1738 4472 1794 4566 εξ
1819 4456 2054 4575 ,ξιὲιῖξί-
2084 4514 2138 4575 D
2161 4473 2229 4529 ad
2273 4481 2536 4534 mortem,
2584 4477 2640 4523 et
2677 4466 2937 4538 patientia
2974 4463 3187 4520 Domini
3237 4461 3472 4532 bonique
3514 4463 3758 4530 pastoris

473 4591 628 4648 dehis
649 4546 870 4647 lacrram,
899 4546 1026 4651 quia
1047 4546 1352 4647 portentum
1375 4563 1496 4623 dedi
1537 4571 1590 4616 te
1615 4554 1794 4614 domui
1819 4546 2002 4607 Israel.
2033 4563 2050 4596 ι

1003 4637 1224 4724 dubium
1267 4659 1397 4730 quin
1443 4653 1700 4711 universa
1747 4643 1850 4699 loci
1897 4637 2058 4755 hucjus

477 4728 829 4829 continentia,
860 4761 1091 4816 futuram
1139 4728 1508 4824 captivitatem
1544 4739 1744 4796 indicet
1771 4733 1914 4803 regis
1957 4728 2056 4784 Se-

431 4869 436 4874 ”
479 4861 685 4922 dechite
711 4867 765 4914 et
787 4827 963 4910 tribus
989 4850 1160 4912 Iudae,
1197 4844 1290 4914 qui
1333 4847 1523 4911 captus
1556 4842 1639 4890 est
1683 4845 1807 4888 cum
1835 4827 2057 4883 Jerusa-

479 4912 886 5020 l'e'mT'Captum
931 4949 1110 4998 autem
1152 4912 1274 4992 esse
1328 4925 1649 4986 Sedechiam
1679 4935 1710 4975 a
1754 4912 2060 4986 Babyloniis

480 5056 648 5117 atque
672 5007 976 5098 Chaldaeis,
1017 5039 1075 5100 et
1118 5023 1382 5083 Jeremias
1425 5015 1711 5088 propheta,
1761 5015 1816 5064 et
1855 5007 2063 5076 Regum

481 5100 672 5197 narrat
695 5128 948 5193 historia,
977 5130 1032 5179 et
1055 5123 1275 5178 ductum
1303 5115 1370 5171 de
1389 5112 1507 5168 loco
1532 5109 1587 5162 in
1612 5105 1812 5168 locum,
1835 5100 1940 5155 hoc
1962 5103 2068 5161 est,

485 5190 877 5288 ile—Ierusalm
910 5190 963 5274 in
999 5210 1344 5285 Babylonem.
1393 5205 1462 5259 Et
1509 5209 1724 5261 cartera,
1780 5207 1900 5264 quae
1928 5190 2066 5244 Eze-

487 5319 627 5377 chiel
655 5318 711 5373 in
735 5306 1190 5381 consequentibus
1216 5297 1470 5368 loquitur,
1501 5291 1682 5346 facere
1705 5285 1927 5356 jubctur
1947 5293 2070 5350 pro-

487 5414 654 5486 pheta
681 5410 738 5464 in
767 5407 960 5478 ﬁgura,
991 5415 1113 5471 quae
1152 5389 1447 5451 Sedechias
1474 5393 1692 5440 acturus
1733 5387 1816 5434 est
1843 5377 1898 5432 in
1925 5371 2070 5426 veri-

648 5465 651 5466 ν
807 5465 837 5478 υ
948 5465 956 5468 .
1011 5465 1028 5471 -

492 5514 624 5558 tate.
657 5499 857 5570 Collige
882 5495 1046 5558 enim,
1085 5487 1278 5558 inquit,
1331 5479 1574 5536 sarcinas
1616 5482 1756 5535 tuas,
1785 5470 1902 5525 haec
1927 5465 2071 5522 enim

491 5607 622 5647 vasa
646 5597 772 5644 sunt
791 5565 1242 5651 transmigrantis,
1260 5569 1564 5629 videntibus
1594 5565 1692 5630 eis,
1709 5571 1764 5618 et
1787 5568 2072 5632 postquam

493 5681 750 5742 viderint,
784 5691 904 5746 quae
927 5673 1170 5726 tacturus
1201 5683 1283 5730 es,
1311 5660 1607 5735 egredieris
1647 5669 1871 5725 vespere
1920 5653 1970 5706 in
2002 5651 2076 5706 si-

498 5767 855 5824 militudinem
897 5757 1352 5828 transmigrantis.
1401 5754 1654 5823 Legimus
1709 5752 1852 5803 enim
1911 5744 2076 5800 Serie-

2161 4580 2256 4622 eos
2289 4564 2490 4633 nutriet
2523 4561 2592 4616 ad
2621 4559 2916 4614 interitum.

2241 4676 2258 4707 c
2308 4652 2623 4709 Mercenarii
2651 4664 2864 4720 quoque
2889 4646 3026 4716 ejus,
3071 4647 3161 4717 qui
3189 4645 3546 4703 versabantur
3569 4645 3621 4698 in
3645 4658 3763 4697 me-

2171 4769 2190 4801 ι
2235 4749 2325 4804 dio
2358 4748 2504 4818 ejus,
2533 4743 2686 4816 quasi
2711 4742 2862 4797 vituli
2889 4741 3118 4812 saginati
3158 4738 3298 4794 versi
3332 4745 3488 4798 sunt,
3515 4745 3576 4792 et
3598 4735 3756 4807 tnge-

2173 4858 2192 4891 ι
2221 4846 2350 4893 runt
2381 4835 2560 4901 simul,
2602 4849 2703 4890 nec
2731 4841 2878 4888 stare
2914 4837 3222 4902 potuerunt,
3265 4827 3391 4897 quia
3431 4826 3552 4880 dies
3589 4826 3758 4880 inter-

2173 4948 2192 4982 ι
2227 4927 2476 4984 lectionis
2501 4940 2688 4981 eorum
2727 4923 2908 4978 veniet
2937 4935 3099 4990 super
3131 4934 3244 4982 eos,
3275 4927 3329 4974 et
3371 4926 3586 4986 tempus
3624 4917 3759 4971 visi-

2175 5036 2194 5071 ι
2227 5016 2448 5074 tationis
2469 5029 2676 5070 eorum.
2716 5033 2734 5066 ι
2771 5010 3035 5085 (Munius.
3058 5009 3077 5083 )
3099 5008 3376 5086 Principes
3399 5005 3622 5078 ιΕεῃιιὶ
3647 5021 3756 5060 non

2165 5116 2430 5182 pastores,
2458 5106 2554 5162 sed
2573 5103 2937 5160 mercenaries
2961 5111 3135 5166 vocat,
3176 5099 3269 5170 qui
3289 5114 3396 5154 non
3423 5113 3616 5152 curam
3639 5113 3758 5169 ξτες

2169 5203 2251 5273 gis
2289 5199 2612 5262 habuerant,
2666 5196 2759 5252 sed
2801 5194 3044 5250 avaritiae
3090 5201 3146 5247 et
3182 5191 3408 5246 luxuria:
3445 5189 3754 5245 studebant.

2168 5292 2294 5346 Ideo
2327 5303 2509 5346 coram
2549 5287 2795 5342 hostibus
2834 5293 2979 5340 stare
3015 5297 3124 5338 non
3161 5281 3424 5342 valentes,
3472 5279 3526 5334 in
3575 5277 3756 5349 fugam

2171 5381 2316 5436 versi
2344 5387 2486 5434 sunt.
2517 5377 2643 5431 Dies
2669 5377 2813 5432 enim
2843 5373 3090 5429 vindicta
3112 5380 3168 5428 et
3190 5365 3586 5426 interfcc'tionis
3611 5367 3760 5421 venit

2176 5487 2338 5544 super
2365 5485 2475 5525 eos.
2517 5467 2677 5522 Juxta
2703 5465 3013 5537 allegoriam
3039 5478 3170 5518 vero
3199 5459 3564 5516 mercennarios
3589 5457 3758 5527 Egy-

2177 5565 2276 5636 pti,
2310 5562 2463 5616 ﬁctos
2497 5567 2744 5630 pastores
2773 5555 3054 5628 praesentis
3081 5553 3336 5610 Ecclesizr
3363 5546 3759 5622 peregrinantis

2177 5658 2231 5712 in
2262 5657 2366 5710 hoc
2395 5653 2591 5708 mundo
2615 5666 2900 5722 possumus
2929 5647 3244 5718 intelligere,
3293 5645 3385 5715 qui
3412 5643 3618 5698 lucrum
3649 5650 3759 5692 ter-

2177 5762 2364 5803 renum
2389 5752 2712 5816 quaerentes,
2739 5758 2869 5800 oves
2895 5741 2996 5799 sibi
3019 5737 3426 5797 commemiatas
3453 5740 3640 5789 contra
3665 5743 3760 5782 va-

3342 5951 3352 5978 Ι
