3970 6190
346 181 486 239 I105

1234 178 1598 237 EXPOSI'I‘IO
1636 177 1863 235 SUPER
1901 174 2268 232 iEREMIAM.
2308 205 2375 214 —-
2413 174 2537 230 LIB.
2585 174 2721 231 XIV.

3480 178 3633 233 “OG

342 311 577 358 statores
596 298 1005 353 defendercnon
1034 306 1387 366 pnesumunt.
1420 296 1568 364 Quos
1592 298 1705 367 ipsa
1727 296 1930 351 veritas
1957 296 2007 357 Α
2032 295 2149 350 Non
2205 294 2378 350 solum
2429 294 2573 348 enim
2620 295 2885 349 historiali
2934 294 3169 368 AZgypto
3223 295 3370 364 justo
3416 295 3625 365 judicio

340 407 397 445 m
416 387 708 459 Evangelio
735 387 974 452 denotat,
1001 386 1186 441 dicens
1202 384 1381 457 (Joan.
1399 385 1490 458 x):
1518 406 1537 438 ι
1567 384 1929 442 Mercenarius

339 490 545 541 autem,
569 486 624 532 et
650 477 741 547 qui
767 493 873 532 non
893 485 975 533 est
992 486 1198 546 pastor,
1225 478 1369 532 videt
1395 477 1578 548 lupum
1600 477 1941 541 venientem,

341 581 395 627 et
423 570 646 625 ditnittit
672 584 802 624 oves
828 577 883 624 et
912 568 1063 640 fugit.
1104 588 1122 621 ι
1155 568 1376 641 (Greg.)
1404 569 1588 640 Lupus
1618 570 1815 624 etenim
1840 585 1930 623 su-

339 680 438 734 per
456 678 589 718 oves
610 662 776 726 venit,
806 677 927 716 cum
955 660 1180 730 quilibet
1205 660 1438 730 injustas
1464 669 1518 715 et
1543 670 1727 730 raptor
1743 658 1927 714 ﬁdeles

338 768 582 823 quosque
619 760 779 821 atque
833 751 1062 807 humiles
1100 752 1375 823 opprimit.
1431 750 1537 806 Sed
1594 751 1684 820 qui
1744 758 1929 820 pastor

338 861 457 900 esse
494 844 775 899 videbatur
803 850 858 896 et
896 857 1002 896 non
1040 853 1180 907 erat,
1214 842 1469 913 relinquit
1514 856 1650 897 oves
1676 851 1730 895 et
1770 840 1923 925 fugit,

336 936 462 1006 quia
498 935 625 989 dum
652 934 759 991 sibi
792 935 859 988 ab
895 949 961 988 eo
994 932 1232 1003 pericula
1269 933 1477 999 metuit,
1520 932 1775 988 resistere
1809 930 1926 999 ejus

338 1026 616 1096 injustitia:
654 1040 759 1080 non
782 1025 1078 1096 praesumit.
1120 1025 1275 1095 Fugit
1305 1034 1485 1079 autem
1531 1040 1638 1079 non
1667 1025 1926 1079 mutando

335 1118 538 1181 locum,
577 1116 672 1172 sed
706 1116 1073 1172 subtrahendo
1102 1117 1373 1171 solatium.
1413 1116 1593 1187 Fugit,
1635 1117 1759 1186 quia
1787 1117 1926 1186 inju-

334 1205 541 1262 stitiam
581 1205 714 1259 vidit
742 1212 798 1260 et
840 1205 1027 1260 tacuit.
1066 1204 1245 1276 Fugit,
1296 1205 1422 1275 quia
1466 1205 1565 1258 sub
1609 1204 1824 1260 silentio
1865 1219 1924 1259 se

334 1294 638 1350 abscondit.
701 1294 907 1360 Quibus
950 1294 1085 1349 bene
1137 1309 1236 1363 per
1290 1296 1607 1364 prophetam
1664 1294 1863 1348 dicitur
1906 1311 1920 1348 :

338 1406 357 1438 ι
389 1385 508 1441 Νοη
535 1387 854 1442 ascendistis
877 1402 941 1442 cx
972 1387 1224 1452 adverso,
1249 1403 1423 1456 neque
1455 1388 1784 1458 opposuistis
1807 1403 1924 1440 mu-

332 1493 456 1531 rum
490 1492 587 1546 pro
611 1477 770 1531 domo
791 1476 977 1541 Israel,
1011 1484 1069 1531 ut
1096 1478 1315 1531 staretis
1338 1478 1390 1530 in
1416 1478 1600 1547 proelio
1624 1477 1677 1531 in
1713 1478 1797 1533 die
1820 1477 1923 1532 Do-

333 1567 468 1622 mini
505 1565 721 1639 (Ezeclt.
746 1567 889 1638 xm).
938 1588 957 1620 ι
998 1568 1073 1623 Ex
1114 1569 1342 1624 adverso
1385 1569 1585 1639 quippe
1628 1568 1922 1624 ascendere

2031 387 2127 441 Dei
2169 386 2401 441 vindicta
2447 387 2775 455 supervenit,
2825 388 2918 442 sed
2963 388 3192 458 spiritali
3225 389 3277 443 in
3317 391 3404 446 die
3430 390 3629 460 jedicii‘

2031 484 2418 546 superventura
2446 483 2532 528 est
2558 488 2572 527 :
2600 490 2765 545 quam
2786 492 2929 531 nunc
2956 492 3110 532 sacra
3125 477 3404 547 Scriptura
3428 481 3483 535 in
3509 487 3633 535 toto

2030 567 2161 622 orbe
2193 574 2352 620 terra:
2375 566 2700 635 pnenuntiat
2739 564 2996 621 futuram.
3025 568 3177 624 Unde
3205 569 3343 624 bene
3372 586 3474 626 vox
3504 570 3623 639 ejus

2031 658 2123 713 εειιί
2172 658 2384 712 sonanti
2433 668 2801 727 comparatur,
2845 659 2970 727 quia
2994 660 3118 715 aeris
3156 661 3434 715 metallum
3461 673 3621 717 caete-

2032 748 2108 803 ris
2146 748 2377 803 metallis
2416 748 2669 803 sonorius
2708 747 2867 802 tinnit
2909 767 2922 802 :
2977 757 3033 803 et
3069 750 3184 805 dies
3217 750 3385 806 futuri
3429 752 3619 822 judicii

2031 840 2239 895 cunctis
2261 838 2716 909 correptionibus,
2739 854 2859 908 qum
2886 847 3010 895 ante
3048 840 3284 907 fuerant,
3317 841 3511 898 fortius
3539 860 3627 897 ιἐιη

2030 930 2264 986 sonabit.
2317 930 2467 985 Tunc
2514 930 2658 985 enim
2713 947 2731 979 ε
2770 930 2911 984 Deus
2952 941 3138 984 noster
3166 933 3485 988 manifestus
3533 948 3627 985 vc-

2029 1021 2165 1086 niet,
2188 1030 2243 1076 et
2271 1037 2378 1076 non
2409 1020 2627 1076 silebit:
2661 1020 2801 1092 ignis
2840 1020 2893 1075 in
2923 1031 3215 1092 conspectu
3243 1022 3359 1091 ejus
3380 1023 3624 1083 ardebit,

2027 1121 2082 1166 et
2109 1112 2163 1166 in
2209 1112 2438 1166 circuitu
2480 1110 2597 1181 ejus
2631 1119 2923 1180 tempestas
2950 1111 3163 1166 valida:
3196 1114 3481 1168 advocavit
3508 1129 3630 1169 etr—

2028 1203 2136 1257 lum
2184 1219 2399 1259 sursum
2430 1222 2443 1257 :
2477 1211 2531 1258 et
2571 1212 2773 1258 terram
2811 1203 3122 1260 discernere
3159 1205 3415 1276 populum
3458 1224 3618 1262 suum

2030 1289 2201 1363 (Psal.
2227 1292 2394 1364 uix).
2446 1313 2464 1346 ι
2498 1291 2648 1349 Tunc
2673 1294 2946 1349 exercitus
2970 1295 3219 1351 cmlestcs
3247 1299 3618 1368 properabunt

2028 1390 2090 1437 ut
2131 1382 2386 1455 colligant
2425 1383 2608 1439 omnia
2655 1383 2909 1440 scandala
2957 1385 3024 1440 de
3059 1401 3223 1457 regno
3252 1389 3411 1458 ejus:
3443 1397 3500 1443 et
3545 1388 3614 1442 ii-

2027 1488 2134 1543 gna
2183 1473 2516 1529 infructuosa
2559 1473 2841 1529 securibus
2880 1473 3038 1530 validi
3068 1476 3336 1532 examinis
3381 1479 3607 1533 cadant.

2029 1565 2285 1636 Tuncque
2313 1565 2619 1621 succidetur
2641 1566 2810 1622 saltus
2840 1567 3065 1634 inutilis,
3096 1569 3187 1638 qui
3209 1572 3490 1641 supputari
3507 1586 3614 1627 non

331 1666 455 1711 est:
483 1656 811 1726 quibuslibet
838 1657 1195 1727 potestatibus
1233 1673 1400 1728 prave
1430 1658 1715 1728 agentibus
1756 1657 1923 1711 ratio—
1950 1656 1997 1715 B
2026 1667 2204 1729 potest
2242 1675 2256 1713 :
2308 1658 2434 1729 quia
2484 1673 2645 1714 omne
2702 1658 2908 1729 lignum
2963 1675 3069 1714 non
3124 1659 3331 1716 faciens
3376 1661 3617 1717 fructum

331 1749 419 1802 nis
460 1748 629 1802 libera
669 1762 802 1803 voce
848 1748 1138 1803 contraire.
1187 1748 1255 1803 Et
1301 1748 1355 1803 in
1397 1749 1484 1803 die
1529 1748 1765 1815 Domini,
1820 1763 1919 1819 pro

330 1840 494 1893 domo
516 1839 680 1894 Israel
710 1840 763 1893 in
800 1840 983 1910 prrelio
1011 1848 1218 1896 stamus
1244 1855 1309 1896 ac
1335 1856 1550 1895 murum
1575 1841 1917 1911 opponimus,

329 1931 376 1984 si
408 1930 593 1985 fideles
621 1932 935 1987 innocentes
970 1940 1157 1987 contra
1187 1947 1566 2003 perversorum
1602 1932 1918 2001 injustitiam

328 2036 396 2074 ex
422 2020 648 2089 justitia:
690 2022 1014 2078 auctoritate
1052 2022 1408 2079 vindicamus.
1434 2023 1587 2091 Quod
1617 2024 1742 2094 quia
1771 2038 1915 2078 mer-

328 2111 584 2165 cennarius
623 2128 728 2167 non
767 2111 916 2178 facit,
948 2128 1070 2169 cum
1110 2114 1415 2171 venientem
1466 2115 1650 2184 lupum
1698 2114 1915 2180 viderit,

329 2202 487 2272 fugit.
535 2201 640 2265 Sed
669 2213 753 2259 est
778 2203 917 2259 alius
950 2203 1125 2274 lupus,
1164 2205 1258 2276 qui
1309 2205 1426 2260 sine
1453 2206 1754 2261 cessatione
1784 2219 1919 2274 quo-

332 2291 462 2345 tidie
494 2308 597 2347 non
625 2308 875 2362 corpora,
918 2293 1012 2348 sed
1043 2302 1252 2349 mentes
1284 2294 1524 2360 dilaniat,
1554 2294 1819 2365 malignus
1840 2294 1918 2348 vi-

328 2382 528 2439 delicet
568 2383 808 2453 Spiritus,
850 2383 941 2453 qui
982 2384 1166 2438 caulas
1197 2384 1430 2440 fidelium
1473 2386 1756 2452 insidians,
1804 2386 1916 2441 cir-

328 2476 445 2530 cuit
476 2484 531 2529 et
559 2484 757 2530 mortes
796 2476 1099 2531 animarum
1137 2478 1350 2546 qutcrit.
1400 2479 1475 2533 De
1501 2494 1608 2548 quo
1637 2478 1762 2548 lupo
1789 2493 1916 2533 mox

330 2569 582 2623 subditur
607 2585 620 2622 :
656 2588 673 2619 ι
704 2568 773 2622 Et
798 2568 955 2639 lupus
979 2572 1119 2640 rapit
1153 2579 1207 2627 et
1233 2571 1492 2641 dispergit
1514 2586 1662 2625 oves.
1691 2590 1708 2622 ι
1733 2569 1916 2640 Lupus

329 2657 479 2710 venit
507 2664 562 2711 et
609 2658 978 2714 mercenarius
1020 2658 1157 2732 fugit
1186 2679 1199 2714 :
1234 2661 1358 2729 quia
1390 2660 1657 2731 malignus
1694 2660 1919 2731 spiritus

330 2748 458 2802 dum
485 2756 692 2804 mentes
722 2749 960 2804 fidelium
1002 2751 1055 2806 in
1087 2753 1383 2808 tentatione
1414 2753 1655 2818 dilaniat,
1680 2762 1735 2808 et
1761 2752 1807 2807 is
1825 2753 1921 2822 qui

328 2838 505 2893 locum
533 2842 765 2909 pastoris
794 2851 959 2908 tenet,
982 2860 1166 2900 curam
1193 2845 1570 2902 sollicitudinis
1597 2862 1703 2901 non
1732 2845 1925 2911 habet,

330 2930 525 2987 anima:
550 2942 798 3003 pereunt,
837 2943 893 2991 et
922 2936 1035 3007 ipse
1070 2938 1136 2993 de
1177 2938 1408 2994 terrenis
1437 2938 1735 2993 commodis
1771 2938 1921 2993 ltela-

2016 1747 2218 1802 honum
2258 1746 2562 1814 exeidetur,
2589 1756 2645 1803 et
2674 1748 2728 1803 in
2754 1748 2933 1820 ignem
2971 1749 3219 1805 mittetur
3248 1750 3440 1823 (Mittit.
3471 1751 3568 1825 vn)
3596 1771 3611 1808 :

2018 1836 2409 1908 multitudoque
2420 1839 2781 1909 perditorum,
2795 1853 2959 1909 super
2978 1838 3328 1905 locustarum,
3345 1842 3437 1911 qui
3460 1842 3613 1897 brevi

2015 1929 2195 1984 volatu
2227 1944 2285 1984 se
2307 1928 2579 2000 jactitant,
2607 1943 2893 1984 numerum
2927 1929 3185 1996 existens,
3232 1931 3612 1985 damnabitur:

2015 2029 2071 2077 et
2098 2020 2324 2090 pusillus
2367 2036 2498 2092 grex
2529 2020 2615 2075 cui
2646 2020 2969 2091 complacuit
2996 2022 3137 2091 patri
3168 2021 3297 2076 dare
3326 2022 3609 2077 haeredita-

2015 2120 2125 2168 tem
2160 2111 2476 2167 salvabitur.
2528 2110 2788 2181 Tuncque
2834 2110 3042 2182 patebit
3082 2110 3384 2166 confusioni
3432 2113 3613 2168 omnis

2016 2203 2315 2261 carnalium
2355 2202 2632 2274 cogitatio,
2672 2216 2794 2271 qua:
2835 2201 3203 2272 voluptatibus
3244 2202 3401 2257 istius
3422 2201 3613 2257 seculi

2017 2295 2372 2359 innitebatur,
2411 2293 2626 2365 quando
2656 2293 2712 2348 in
2740 2301 3064 2363 potestatem
3105 2293 3465 2364 malignorum
3495 2293 3606 2364 spis

2017 2385 2219 2440 rituum
2246 2385 2507 2440 tradetur.
2532 2382 2767 2453 Necjam
2794 2383 3059 2439 luxuriari
3087 2382 3237 2450 licet,
3261 2383 3475 2454 quando
3506 2399 3609 2455 pro

2017 2477 2260 2547 peccatis
2287 2476 2400 2532 suis
2422 2475 2602 2546 puniri
2625 2476 2805 2532 debet.
2840 2475 2993 2532 Unde
3018 2486 3075 2530 et
3116 2476 3397 2546 sequitur:

2099 2584 2117 2616 ι
2145 2565 2386 2621 Confusa
2438 2574 2524 2621 est
2562 2564 2673 2619 ﬁlia
2715 2564 2952 2637 Egypti,
3004 2573 3060 2621 et
3088 2566 3290 2621 tradita
3339 2567 3395 2621 in
3437 2582 3603 2623 manu

2026 2679 2045 2710 ι
2082 2658 2263 2730 populi
2302 2658 2606 2728 Aquilonis.
2638 2657 2785 2713 Dixit
2811 2658 3071 2714 Dominus
3095 2659 3431 2715 exercituum
3462 2659 3625 2716 Deus.

2028 2769 2046 2802 ι
2098 2749 2265 2806 Israel
2291 2768 2304 2804 :
2339 2750 2480 2805 Ecce
2498 2765 2599 2822 ego
2622 2750 2855 2805 visitabo
2878 2764 3041 2820 super
3066 2749 3354 2805 tumultum
3375 2751 3608 2805 Alexan-

2029 2860 2049 2894 ι
2100 2842 2251 2908 drlm,
2289 2849 2346 2896 et
2370 2856 2532 2912 super
2551 2839 2915 2907 Pharaonem,
2942 2848 2999 2895 et
3018 2855 3181 2911 super
3199 2838 3520 2912 Egyptum,
3550 2849 3615 2896 et’

2025 2951 2044 2983 ι
2082 2947 2245 3003 super
2277 2932 2407 2987 deos
2430 2932 2569 3003 ejus,
2599 2940 2654 2986 et
2674 2946 2835 3001 super
2858 2946 3013 3003 reges
3033 2930 3173 3001 ejus,
3198 2940 3253 2987 et
3276 2947 3438 3002 super
3460 2932 3606 2986 Plia-

332 3030 439 3074 tur.
493 3040 511 3072 ι
547 3022 728 3093 Lupus
755 3026 897 3094 rapit
938 3035 993 3081 et
1030 3026 1292 3098 dispergit
1324 3043 1475 3088 oves,
1514 3048 1532 3079 ι
1582 3043 1705 3081 cum
1751 3027 1916 3081 alium
1943 3019 1990 3084 Ο
2027 3045 2046 3078 t
2095 3040 2335 3088 raonem,
2380 3032 2436 3081 et
2460 3039 2622 3095 super
2649 3038 2857 3091 omnes,
2888 3023 2981 3094 qui
3015 3023 3295 3080 confidunt
3334 3023 3388 3077 in
3417 3038 3483 3078 eo
3510 3042 3523 3078 :
3553 3031 3609 3078 et

330 3110 397 3163 ad
427 3111 692 3167 luxuriam
715 3116 1008 3184 pertrahit,
1037 3116 1201 3171 alium
1235 3119 1288 3172 in
1314 3117 1598 3171 avaritiam
1630 3115 1913 3172 accendit:

330 3202 495 3257 alium
529 3204 582 3258 in
608 3206 915 3275 superbiam
944 3208 1122 3280 erigit,
1149 3209 1314 3263 alium
1357 3225 1454 3280 per
1483 3210 1815 3265 iracundiam
1838 3211 1917 3265 di—

328 3292 464 3346 vidit
492 3311 507 3347 :
534 3293 675 3350 hunc
700 3295 901 3351 invidia
946 3297 1217 3363 stimulat,
1260 3298 1410 3354 illutn
1448 3299 1501 3353 in
1532 3298 1743 3354 fallacia
1785 3316 1914 3370 sup-

324 3384 552 3453 plantat.
597 3385 762 3453 Quasi
787 3402 917 3457 ergo
945 3388 1101 3459 lupus
1124 3405 1340 3461 gregem
1364 3390 1606 3460 dissipat,
1636 3406 1760 3446 cum
1785 3390 1918 3445 fide-

325 3476 459 3530 lium
498 3477 749 3547 populum
787 3478 1031 3535 diabolus
1076 3495 1177 3551 per
1220 3482 1545 3537 tentationes
1585 3491 1762 3537 necat.
1810 3480 1918 3537 Sed

325 3576 519 3621 contra
545 3567 659 3624 haec
695 3571 1061 3626 mercenarius
1084 3572 1233 3627 nullo
1258 3572 1375 3627 zelo
1402 3573 1738 3638 accenditur,
1767 3572 1915 3628 nullo

326 3658 543 3713 fervore
588 3658 890 3716 dilectionis
921 3662 1384 3735 excitaturzquia
1425 3664 1554 3719 dum
1602 3664 1712 3719 sola
1764 3674 1916 3720 exte-

325 3749 471 3803 riora
515 3752 797 3807 commoda
818 3753 1069 3824 requirit,
1098 3755 1357 3810 interiora
1393 3756 1571 3827 gregis
1600 3756 1794 3810 damna
1826 3771 1918 3811 ne-

320 3839 588 3911 gligenter
633 3842 855 3911 patitur.
885 3843 1039 3902 Unde
1068 3853 1124 3901 et
1151 3861 1275 3902 mox
1315 3844 1656 3917 subjungitur
1683 3863 1695 3899 :
1729 3865 1747 3896 ι
1779 3845 1918 3900 Mer-

321 3931 577 3987 cennarius
602 3941 784 3988 autem
820 3932 976 4006 fugit,
1015 3937 1142 4007 quia
1172 3937 1543 3993 mercenarius
1583 3945 1687 4003 est,
1725 3945 1915 3992 etnon

320 4021 562 4092 pertinet
596 4022 665 4077 ad
706 4038 828 4079 eum
856 4026 923 4081 de
946 4027 1157 4083 ovibus.
1191 4047 1212 4081 ι
1265 4028 1391 4085 Sola
1432 4044 1562 4099 ergo
1604 4044 1766 4085 causa
1809 4037 1912 4093 est,

322 4120 386 4166 ut
422 4115 788 4171 mercenarius
835 4114 1028 4188 fugiat,
1070 4119 1195 4189 quia
1222 4121 1589 4177 mercenarius
1623 4128 1726 4175 est.
1763 4120 1844 4175 Ac
1866 4120 1915 4175 si

320 4215 513 4275 aperte
538 4207 836 4266 diceretur:
854 4210 1011 4269 Stare
1035 4214 1090 4269 in
1113 4215 1357 4285 periculo
1378 4216 1558 4271 ovium
1584 4233 1691 4273 non
1714 4225 1912 4287 potest,

2026 3136 2045 3169 ‹
2095 3118 2237 3174 dabo
2262 3133 2356 3173 eos
2386 3118 2440 3173 in
2468 3132 2663 3172 manus
2710 3117 3068 3188 quaerentium
3105 3116 3342 3171 animam
3392 3130 3605 3181 eorum,

2025 3226 2044 3260 ι
2089 3217 2142 3265 et
2199 3207 2255 3263 in
2308 3221 2501 3263 manus
2549 3188 3045 3264 Nabuchodonosor
3102 3206 3246 3278 regis
3289 3205 3599 3277 Babylonis,

2023 3319 2043 3352 ι
2087 3301 2221 3357 etin
2248 3316 2440 3355 manus
2466 3314 2746 3356 servorum
2787 3298 2923 3369 ejus.
2970 3318 2990 3351 ι
3041 3298 3297 3355 Visitabit
3340 3298 3602 3353 Dominus

2018 3405 2179 3460 super
2206 3390 2490 3445 tumultum
2518 3389 2876 3455 Alexandriae,
2904 3397 2960 3445 et
2980 3405 3143 3460 super
3164 3389 3524 3456 Pharaonem,
3548 3399 3607 3445 et

2018 3494 2179 3550 super
2205 3479 2516 3551 :Egyptum,
2547 3488 2604 3534 et
2637 3495 2801 3550 super
2830 3480 2959 3535 deos
2992 3478 3129 3549 ejus,
3157 3488 3214 3535 et
3240 3495 3404 3550 super
3446 3494 3600 3550 reges

2015 3573 2153 3642 ejus,
2184 3581 2317 3637 etc.,
2360 3588 2484 3628 cum
2531 3583 2752 3643 propter
2774 3583 2993 3644 peccata
3016 3573 3196 3644 populi
3219 3582 3275 3629 et
3296 3575 3603 3646 principum

2016 3663 2154 3734 ejus,
2199 3664 2394 3718 tradita
2423 3672 2508 3720 est
2526 3663 2793 3735 [Egyptus
2817 3705 2831 3729 ,
2879 3680 3001 3719 cum
3050 3674 3163 3721 tota
3192 3681 3389 3736 pompa
3418 3682 3514 3721 sua
3547 3675 3605 3721 et

2017 3754 2250 3819 cultura,
2269 3755 2321 3807 in
2341 3770 2534 3809 manus
2547 3753 3046 3810 Nabuchodonosor
3068 3758 3236 3824 regis,
3253 3764 3308 3811 et
3326 3754 3605 3811 Chaldteo-

2017 3859 2156 3907 rum,
2191 3843 2283 3913 qui
2307 3843 2645 3912 diripuerunt
2668 3842 2869 3908 omnia,
2892 3849 2948 3899 et
2972 3850 3173 3898 statum
3198 3844 3346 3916 regni
3374 3844 3602 3914 dissipa-

2015 3943 2232 3991 verunt.
2289 3934 2427 3989 IIuie
2451 3934 2626 3991 simile
2645 3944 2731 3990 est
2757 3933 2889 3989 illud
2917 3934 3059 4004 quod
3116 3935 3170 3989 in
3208 3934 3343 3990 Isaia
3373 3935 3604 4006 legitur:

2021 4044 2040 4077 t
2076 4026 2142 4080 Et
2164 4026 2374 4080 tradam
2395 4024 2693 4097 ngyptum
2736 4025 2792 4080 in
2819 4040 3010 4080 manus
3039 4025 3439 4081 dominatorum
3471 4041 3599 4081 cru-

2015 4118 2238 4179 delium,
2254 4127 2309 4173 et
2335 4133 2426 4172 rex
2452 4116 2607 4173 fortis
2626 4116 2992 4173 dominabitur
3014 4131 3225 4183 eorum,
3249 4118 3324 4171 ait
3339 4117 3599 4173 Dominus

2016 4209 2353 4264 exercituum
2385 4206 2521 4279 (Isa.
2545 4206 2682 4279 XIX).
2722 4226 2740 4260 ι
2774 4206 2926 4273 Quod
2966 4216 3149 4263 tamen
3176 4207 3375 4279 duplici
3408 4207 3604 4262 intelli-

320 4296 453 4366 quia
480 4298 535 4352 in
559 4314 624 4354 eo
652 4302 795 4369 quod
838 4303 1030 4358 ovibus
1063 4313 1281 4375 ριιωεει,
1311 4322 1420 4361 non
1447 4323 1575 4363 oves
1599 4307 1792 4379 diligit,
1816 4306 1913 4363 sed
1938 4372 1980 4379 _
2016 4298 2198 4370 gentia
2229 4298 2397 4368 accipi
2419 4306 2618 4369 potest,
2641 4307 2703 4352 ut
2722 4294 3096 4353 Chaldazorum
3125 4297 3334 4354 scilicet
3357 4306 3600 4369 tempore

320 4389 536 4443 lucrum
581 4398 854 4448 terrenum
894 4396 1107 4465 quaerit.
1153 4397 1290 4451 Dum
1318 4398 1462 4453 enim
1506 4400 1766 4455 honorem
1797 4418 1911 4458 am—

2023 4393 2231 4464 quando
2259 4410 2292 4449 a
2337 4392 2835 4450 Nabuchodonosor
2850 4393 3119 4466 Aigyptus
3164 4404 3468 4468 expugnata
3496 4404 3600 4459 est,

321 4479 599 4549 plectitur,
629 4482 757 4537 dum
780 4485 1165 4554 temporalibus
1196 4489 1493 4545 commodis
1529 4490 1763 4557 laetatur,
1811 4508 1911 4562 op-

321 4584 525 4639 ponere
555 4586 614 4627 se
636 4582 822 4642 contra
842 4576 1139 4645 periculum
1166 4579 1420 4649 trepidat,
1446 4595 1516 4635 ne
1536 4581 1639 4638 hoc
1663 4584 1807 4654 quod
1830 4585 1911 4641 di-

323 4661 442 4732 ligit
460 4663 692 4719 amittat.
715 4665 1006 4741 (ΜΑυιωε.)
1024 4668 1189 4736 Quasi
1208 4670 1361 4726 vituli
1376 4676 1505 4744 ergo
1525 4675 1755 4745 saginati
1779 4676 1912 4732 tales

320 4761 571 4825 pastores
604 4765 750 4825 sunt,
790 4759 883 4829 qui
917 4760 1127 4816 deliciis
1167 4762 1473 4819 carnalibus
1517 4764 1703 4832 dediti,
1735 4768 1913 4822 conti-

323 4844 523 4900 nentia:
559 4846 782 4903 minime
810 4864 1031 4920 operam
1059 4849 1207 4907 dant.
1250 4852 1396 4920 Quos
1429 4855 1545 4910 dies
1580 4854 1912 4913 interfectio-

322 4937 412 4992 nis
452 4946 507 4994 et
553 4946 764 5011 tempus
809 4942 1134 5001 visitationis
1173 4947 1559 5016 superveniens
1597 4951 1907 5005 consumit:

322 5028 452 5098 quia
481 5045 577 5087 eos
609 5032 872 5089 adventus
903 5037 1123 5106 superni
1156 5036 1357 5106 judicis
1395 5037 1625 5105 futurus,
1655 5055 1755 5109 pro
1787 5055 1912 5110 pec-

322 5120 465 5175 catis
507 5124 619 5177 suis
656 5125 957 5193 puniendos
992 5128 1252 5198 gehenna:
1287 5129 1503 5201 ignibus
1541 5130 1724 5185 tradit.

403 5230 424 5264 ι
486 5213 604 5268 Vox
651 5213 769 5283 ejus
815 5219 970 5287 quasi
1017 5221 1142 5276 aeris
1188 5222 1420 5287 sonabit,
1484 5222 1741 5292 quoniam
1786 5239 1910 5280 cum

329 5324 349 5352 ι
390 5303 631 5359 exercitu
654 5308 1041 5376 properabant,
1071 5320 1266 5367 etcum
1290 5314 1570 5371 securibus
1596 5315 1815 5370 venient
1833 5316 1906 5382 ei,

329 5414 350 5445 ι
398 5402 455 5449 et
484 5395 640 5464 quasi
687 5395 830 5467 ligna
862 5400 1129 5456 caedentes
1168 5403 1515 5460 succiderunt
1540 5406 1736 5462 saltum
1767 5408 1905 5477 ejus,

327 5505 348 5537 ι
394 5485 473 5539 ait
502 5485 789 5555 Dominus,
815 5490 909 5557 qui
955 5494 1229 5561 supputari
1268 5510 1376 5550 non
1404 5504 1617 5566 potest:
1652 5498 1908 5570 multipli-

326 5597 352 5632 ι
387 5576 496 5636 cati
521 5587 646 5635 sunt
667 5595 829 5652 super
856 5581 1111 5651 locustas,
1147 5593 1201 5641 et
1226 5603 1335 5643 non
1359 5597 1442 5644 est
1465 5590 1543 5646 eis
1571 5607 1851 5649 numerus.
1878 5613 1898 5647 ι

2012 4483 2098 4539 vel
2141 4483 2368 4540 Romani
2400 4483 2612 4554 imperii
2660 4483 2876 4553 quando
2933 4485 3168 4542 Antonio
3209 4485 3605 4556 Cleopatraquo

2014 4577 2301 4648 superatis,
2366 4576 2639 4648 Augustus
2684 4575 2869 4632 Cmsar
2923 4576 3218 4649 Egyptum
3274 4568 3586 4643 subjugavﬂ.

2013 4671 2337 4743 Babylonios
2359 4671 2527 4728 fuisse
2568 4673 2809 4729 crudeles
2830 4674 3006 4729 omnis
3033 4672 3311 4742 Scriptura
3334 4670 3585 4721 testatur:

2015 4765 2107 4834 qui
2132 4765 2370 4835 parvulis
2394 4780 2501 4820 non
2529 4766 2887 4836 pepercerint,
2913 4773 2969 4821 et
2995 4765 3108 4821 suis
3147 4774 3241 4815 eos
3258 4751 3453 4823 iaculis
3473 4751 3592 4805 vul-

2012 4857 2293 4911 nerarint:
2322 4871 2422 4911 nec
2458 4857 2859 4929 prmgnantibus
2895 4856 3005 4911 sint
3036 4846 3254 4908 miscrti.
3282 4843 3587 4898 Romanum

2014 4955 2194 5002 autem
2245 4964 2467 5018 regnum
2512 4947 2886 5013 fortissimum,
2937 4956 2993 5002 et
3034 4936 3268 4997 Danielis
3304 4936 3589 5006 Scriptura

2014 5044 2247 5092 testatur
2285 5037 2447 5109 (Dan.
2475 5036 2595 5110 vn),
2642 5050 2914 5108 exponens
2948 5040 3196 5103 quartam
3224 5029 3455 5086 bestiam
3482 5029 3584 5084 ha-

2013 5128 2229 5185 bentem
2277 5121 2558 5185 dentes'et
2597 5142 2799 5200 ungues
2838 5124 3068 5180 ferreos.

2093 5241 2111 5273 ι
2165 5222 2231 5276 Et
2271 5231 2392 5292 post
2419 5223 2534 5278 lucc
2558 5217 2884 5277 habitabitur
2917 5214 3057 5270 sicut
3093 5214 3283 5269 diebus
3322 5212 3589 5285 antiquis,

2021 5335 2040 5368 ‹
2091 5316 2168 5370 ait
2200 5314 2480 5370 Dominus.
2518 5334 2536 5366 ι
2579 5310 2728 5380 Quod
2753 5309 2878 5362 licet
2908 5305 3155 5361 videatur
3197 5306 3470 5371 intimare,
3500 5322 3586 5361 re-

2013 5423 2177 5478 gnum
2201 5407 2571 5477 !Egyptiorum
2596 5418 2700 5456 non
2735 5400 2809 5454 ita
2835 5396 3328 5454 Nabuchodonosor
3356 5414 3480 5470 rege
3501 5415 3588 5454 es-

2011 5515 2072 5555 se
2110 5501 2460 5560 destructum,
2516 5494 2657 5564 quod
2706 5492 2844 5547 ultra
2884 5491 3195 5561 recuperari
3238 5508 3342 5546 non
3392 5493 3583 5561 possit,

2011 5606 2133 5647 cum
2168 5598 2346 5659 postea
2406 5587 2478 5643 ibi
2529 5602 2682 5659 reges
2723 5597 2893 5653 usque
2945 5583 3013 5640 ad
3063 5584 3361 5658 Augustum
3406 5583 3557 5638 Cresa
