3970 6190
437 319 572 378 IIO'I

1110 322 1170 377 Β.
1211 321 1464 377 RABANI
1503 320 1722 378 MAUBI
1757 318 2078 379 ARCHIEP.
2121 321 2733 382 MOGUNT.0PERUM
2769 325 2950 382 PARS
2990 325 3076 380 III.

3566 324 3714 384 1108

435 453 549 493 rem
575 432 934 502 perstiterint,
984 442 1163 488 tamen
1191 433 1370 489 altiori
1397 449 1559 490 sensu
1584 433 1892 490 Christiana
1917 449 2011 504 po-
2037 437 2090 497 Α
2114 435 2430 508 purgabitur
2481 444 2644 506 atque
2699 435 3039 506 probabitur.
3100 435 3213 490 Nisi
3259 433 3400 490 forte
3435 434 3714 505 dicamus,

434 519 844 592 testdesiguare
877 530 1140 593 tempora,
1171 523 1386 592 quando
1422 523 1516 578 Dei
1542 522 1720 579 cultus
1750 524 1802 578 in
1839 522 2007 596 IEgy-

426 621 517 683 pto
564 611 721 668 istius
758 615 943 668 mundi
984 623 1320 671 restauratus
1361 623 1462 680 est,
1513 617 1579 672 ad
1617 633 1778 688 quem
1819 618 2008 688 primi-

428 712 516 758 tus
543 703 706 759 homo
729 706 1093 760 exercendum
1132 715 1348 762 creatus
1383 717 1466 763 est
1485 749 1500 773 ,
1526 709 1594 764 de
1627 724 1734 778 quo
1760 717 1815 764 et
1842 709 2008 764 Isaias

425 794 542 850 ait:
592 812 612 847 ι
663 795 731 850 Ει
775 797 1040 866 percutiet
1085 797 1344 854 Dominus
1394 800 1546 870 plaga
1580 798 1894 872 Egyptum,
1951 809 2008 855 et

421 885 638 942 sanabit
683 901 824 954 eam,
854 895 910 942 et
939 897 1279 944 revertentur
1325 891 1393 946 ad
1422 891 1704 946 Dominum
1734 900 1791 946 et
1821 892 2006 963 placa-

423 977 568 1032 bitur
610 976 713 1044 eis,
753 986 809 1033 et
834 981 1048 1035 sanabit
1073 995 1167 1037 eos
1213 981 1346 1053 (Isa.
1379 981 1514 1054 XIX).
1549 1002 1568 1034 ι
1605 1002 1624 1034 ‹
1659 983 1828 1051 Quem
1859 983 2006 1039 enim

419 1068 594 1142 diligit
637 1072 898 1128 Dominus
943 1074 1171 1144 corripit
1224 1094 1236 1129 :
1289 1077 1516 1146 castigat
1569 1086 1749 1131 autem
1791 1092 2002 1132 omnem

421 1157 588 1215 filium
633 1176 792 1232 quem
837 1163 1032 1232 recipit
1082 1164 1270 1236 (Hebr.
1297 1169 1418 1236 xu).
1477 1187 1496 1218 ι
1539 1165 1648 1221 Nec
1699 1169 2006 1238 persecutio

417 1253 535 1307 haec
579 1252 645 1306 ad
688 1254 1028 1324 negationem
1088 1255 1422 1312 credentium
1483 1259 1736 1326 pertinet,
1797 1259 1892 1314 sed
1935 1259 2004 1313 ad

419 1341 788 1410 probationem
829 1353 885 1399 ct
922 1359 1180 1400 coronam
1205 1387 1220 1410 ,
1269 1355 1326 1400 ut
1377 1347 1726 1402 destruantur
1769 1364 1833 1402 ea
1884 1364 2004 1418 quae

418 1429 636 1484 fuerunt
681 1433 944 1502 reproba,
986 1442 1042 1488 et
1078 1435 1418 1491 intaurentur
1449 1451 1513 1491 ea
1560 1452 1680 1508 qua:
1725 1437 2004 1507 ﬁuntpro-

415 1517 562 1574 bata.

564 1609 632 1665 Et
659 1621 736 1678 tu,
765 1627 920 1668 serve
951 1629 1126 1681 meus,
1171 1632 1240 1672 ne
1269 1617 1478 1685 timeas,
1527 1617 1716 1686 Iacob,
1744 1629 1800 1676 et
1823 1637 1892 1678 ne
1911 1638 2008 1694 pa-

421 1719 441 1751 ι
497 1715 644 1768 veas,
682 1701 869 1770 Israel,
898 1705 1023 1775 quia
1067 1721 1194 1762 ecce
1241 1723 1342 1779 ego
1382 1708 1588 1764 salvum
1635 1719 1687 1765 te
1711 1709 1904 1768 faciam
1941 1713 2008 1770 de

425 1809 442 1839 ι
501 1789 812 1862 longinquo,
865 1801 919 1849 et
964 1810 1148 1851 semen
1196 1805 1347 1852 tuum
1386 1797 1454 1853 de
1501 1808 1639 1855 terra
1679 1803 2008 1871 captivitatis

421 1899 441 1932 ι
494 1889 599 1938 tua:
620 1926 636 1950 ,
661 1893 716 1942 et
746 1894 1046 1942 revertetur
1079 1887 1264 1955 Jacob,
1305 1902 1360 1946 et
1397 1887 1658 1962 quiescet,
1687 1903 1744 1949 et
1779 1909 2005 1967 prospe-

420 1992 440 2024 ‹
491 1975 720 2041 rabitur,
769 1986 824 2033 et
863 1993 970 2034 non
998 1981 1104 2035 erit
1147 1981 1240 2051 qui
1286 1989 1580 2038 exterreat.
1612 1984 1677 2039 Et
1705 1991 1760 2040 tu
1793 1986 1901 2041 noli
1934 1986 2002 2043 ti-

419 2084 437 2116 ι
495 2081 664 2133 mere,
708 2082 864 2126 serve
893 2084 1067 2138 meus,
1099 2069 1294 2138 Iacob,
1318 2073 1394 2126 ait
1422 2073 1719 2129 Dominus:
1752 2075 1876 2146 quia
1917 2087 2000 2131 te-

421 2172 438 2203 ι
486 2169 608 2209 cum
631 2170 730 2228 ego
759 2173 900 2224 sum,
933 2159 1058 2229 quia
1088 2169 1402 2216 consumam
1427 2177 1524 2233 ego
1563 2172 1785 2220 cunctas
1814 2173 2004 2237 gentes

326 2297 331 2302 .
421 2265 440 2297 ι
484 2247 552 2303 ad
594 2265 730 2320 quas
779 2251 914 2322 ejeci
953 2262 1052 2310 te:
1100 2264 1153 2310 te
1199 2271 1331 2312 vero
1371 2272 1477 2312 non
1521 2273 1858 2326 consumam,
1906 2256 2002 2314 sed

421 2355 440 2387 α
489 2339 764 2410 castigabo
815 2349 868 2398 te
915 2343 970 2398 iu
1005 2343 1211 2415 judicio
1237 2385 1254 2412 ,
1310 2361 1486 2416 neque
1531 2347 1684 2416 quasi
1725 2333 2000 2404 innocenti

419 2445 438 2478 ι
483 2441 701 2496 parcam
741 2431 860 2487 tibi.
909 2452 928 2486 ι
980 2433 1108 2492 Haec
1147 2436 1433 2506 promissio
1473 2453 1582 2494 non
1624 2437 1765 2495 bene
1805 2455 2002 2494 conve-

415 2519 495 2573 nit
523 2522 730 2577 carnali
780 2523 921 2593 plebi
949 2523 1280 2593 Iudaeorum,
1327 2528 1420 2584 sed
1459 2530 1689 2602 spiritali
1723 2533 1920 2603 p0pulo
1943 2533 1996 2589 in

411 2607 628 2666 Christo
663 2615 1019 2678 credentium.
1063 2617 1180 2675 Non
1219 2621 1363 2676 enim
1408 2622 1488 2678 eis
1531 2624 1712 2679 divina
1731 2641 1866 2681 voce
1911 2627 1995 2682 di-

410 2708 558 2758 ctum
579 2711 682 2771 est,
721 2707 866 2777 quod
895 2722 1001 2765 non
1031 2715 1495 2778 consumerentur,
1537 2729 1660 2770 cum
1691 2715 1746 2770 in
1773 2724 1886 2771 toto
1907 2731 1996 2772 or-

409 2791 479 2848 be
515 2793 674 2851 modo
713 2797 940 2869 dispersi
981 2799 1110 2866 sint,
1163 2815 1262 2856 nec
1301 2818 1546 2874 regnum,
1595 2819 1697 2861 nec
1740 2805 1994 2863 sacerdo—

409 2883 547 2941 tium
591 2886 866 2946 babeant?
918 2890 1014 2948 sed
1054 2889 1360 2950 Christiana
1402 2909 1554 2966 gens,
1601 2912 1721 2967 qua:
1758 2896 1824 2953 de
1870 2898 1994 2952 uni-

409 2977 584 3035 versis
617 2981 870 3050 gentibus
897 2973 1184 3054 colligitur,
1231 2995 1287 3042 et
1327 2995 1630 3042 revertetur
1663 2988 1730 3044 de
1769 2988 1993 3060 captivi-

413 3077 525 3128 tate
574 3074 798 3141 erroris,
857 3085 914 3131 et
951 3077 1193 3147 pristina:
1227 3081 1654 3136 conversationis
1695 3081 1762 3136 ad
1793 3089 1994 3136 terram

409 3160 689 3230 Ecclesiae,
731 3164 819 3220 ubi
866 3166 1112 3237 quiescet
1148 3168 1205 3224 in
1255 3185 1349 3240 spe
1393 3180 1449 3226 et
1499 3171 1905 3240 prosperabilur
1935 3172 1994 3227 in

409 3270 666 3318 successu
713 3257 993 3326 virtutum,
1049 3275 1152 3315 nec
1189 3270 1430 3318 exterret
1469 3277 1588 3318 eam
1628 3260 1990 3329 adversarius,

411 3348 541 3420 quia
583 3347 837 3405 ﬁduciam
876 3350 1042 3407 habet
1079 3352 1137 3408 in
1169 3353 1282 3410 Deo
1326 3369 1442 3419 suo,
1489 3354 1603 3424 ipsa
1648 3368 1754 3408 non
1797 3367 1994 3408 consu-

414 3437 582 3492 mitur
629 3439 864 3495 hostium
905 3443 1297 3512 persecutione,
1347 3444 1444 3501 sed
1481 3445 1786 3500 servabitur
1824 3454 1989 3514 atque

413 3527 468 3582 in
506 3529 723 3584 modum
773 3531 889 3586 auri
947 3533 1089 3602 Quod
1137 3549 1236 3604 per
1281 3535 1459 3607 ignem
1505 3535 1698 3589 transit
1754 3533 1990 3606 perfecte

2116 527 2258 596 quod
2300 527 2579 597 generatio
2625 526 2715 582 illa
2774 529 2992 598 antiqua
3043 535 3168 583 ante
3209 527 3350 583 diem
3383 526 3574 596 iudicii
3611 544 3718 599 pe-

2116 617 2261 673 u’itus
2297 635 2401 674 non
2444 627 2811 684 consumatur,
2851 620 2976 690 quia
3026 635 3093 674 ex
3125 627 3280 688 parte
3313 621 3530 676 caecitas
3567 638 3714 676 con-

2115 706 2234 777 tigit
2282 708 2337 762 in
2379 708 2582 764 Israel:
2641 727 2660 759 ‹
2726 707 2860 764 Cum
2917 717 3098 762 autem
3143 709 3419 780 plenitudo
3463 713 3713 782 gentium

2115 799 2522 864 subiutraverit,
2567 807 2692 854 tunc
2732 799 2910 854 Omnis
2951 799 3111 854 Israel
3159 799 3344 854 salvus
3381 801 3486 855 erit
3529 800 3712 871 (Rom.

2113 887 2212 957 χι).
2265 907 2282 939 ι
2323 886 2612 943 Sciendum
2663 897 2746 944 est
2775 896 2954 944 tamen
2993 904 3184 944 omnes
3224 889 3470 944 homines
3503 891 3714 960 triplici

2109 980 2320 1034 ratione
2370 979 2592 1046 tentari,
2639 979 2960 1050 plerumque
3008 980 3080 1034 ob
3126 981 3520 1050 probationem,
3571 996 3716 1035 non-

2107 1086 2384 1140 nunquam
2433 1071 2506 1126 ob
2545 1070 3002 1136 emendationem,
3073 1071 3348 1126 interdum
3397 1071 3467 1125 ob
3509 1073 3716 1126 merita

2106 1161 2446 1216 delictorum.
2495 1160 2563 1215 Et
2581 1161 2650 1215 ob
2679 1161 3052 1232 probationem
3091 1161 3346 1231 quidem,
3383 1170 3444 1216 ut
3482 1162 3714 1216 beatum

2107 1251 2404 1318 Abraham,
2451 1259 2510 1306 ut
2545 1249 2667 1316 Job,
2710 1251 3013 1320 multosque
3047 1260 3366 1306 sanctorum
3399 1252 3716 1307 tribulatio-

2113 1357 2208 1396 nes
2252 1341 2567 1396 innumeras
2615 1341 2841 1412 legimus
2878 1341 3180 1412 pertulisse.
3235 1341 3316 1398 0b
3370 1345 3716 1398 emendatio-

2111 1448 2235 1486 nem
2278 1447 2428 1498 vero,
2481 1447 2604 1487 cum
2632 1430 2808 1500 justos
2836 1449 2964 1488 suos
2989 1449 3087 1504 pro
3117 1435 3302 1503 parvis
3345 1435 3460 1488 suis
3483 1435 3714 1504 quilms-

2032 1535 2079 1594 B
2108 1523 2232 1578 dam
2251 1523 2566 1592 levibusque
2590 1523 2849 1592 peccatis,
2875 1539 2968 1578 seu
2997 1539 3097 1594 pro
3123 1524 3375 1586 elatione,
3409 1540 3504 1579 seu
3529 1525 3714 1594 impu-

2111 1613 2268 1668 ritate
2306 1613 2664 1669 humiliandos
2707 1613 2934 1669 diversis
2979 1615 3366 1671 tentationibus
3409 1617 3594 1680 tradit,
3641 1625 3710 1670 ut

2107 1718 2322 1759 omnem
2349 1701 2564 1758 sordem
2594 1702 3004 1773 cogitationum,
3036 1712 3092 1757 et
3122 1713 3182 1758 ut
3213 1704 3396 1758 verbis
3424 1705 3710 1775 propheta:

2107 1794 2282 1849 dicam
2307 1792 2442 1867 (Isa.
2467 1791 2529 1864 ι),
2573 1792 2806 1848 scoriam
2833 1807 2997 1862 quam
3023 1793 3078 1846 in
3104 1791 3333 1848 occultis
3359 1807 3551 1848 eorum
3580 1807 3709 1863 per-

2105 1885 2240 1940 vidit
2275 1899 2395 1940 esse
2435 1892 2771 1949 concretam,
2822 1898 3129 1954 excoquens
3162 1883 3217 1938 in
3253 1885 3507 1953 praesenti
3555 1885 3706 1939 velut

2105 1987 2298 2026 aurum
2347 1989 2540 2043 purum
2583 1972 2766 2028 futuro
2794 1973 3129 2028 transmittat
3166 1972 3428 2038 examini,
3476 1972 3612 2027 nihil
3641 1974 3701 2028 in

2103 2064 2184 2118 eis
2235 2063 2476 2119 residere
2518 2061 2861 2134 permittens,
2911 2062 3056 2132 quod
3103 2069 3358 2116 scrutans
3404 2069 3530 2130 post
3581 2063 3704 2116 haec

2095 2154 2284 2225 judicii
2330 2154 2470 2225 ignis
2517 2154 2718 2225 pmnali
2769 2153 3016 2210 cruciatu
3059 2161 3385 2226 purgaturus
3434 2153 3699 2208 inveniat.

2101 2243 2208 2300 Pro
2261 2245 2458 2301 merito
2512 2252 2692 2300 autem
2741 2251 3111 2314 peccatorum,
3168 2244 3324 2316 plaga
3387 2245 3703 2301 tentationis

2100 2337 2350 2405 infertur,
2405 2346 2465 2417 ut
2501 2338 2574 2393 ibi
2617 2338 2804 2410 plagas
2849 2339 3047 2410 populo
3085 2339 3388 2396 Israelitico
3424 2341 3704 2395 immissu-

2100 2444 2222 2482 rum
2260 2443 2318 2484 se
2340 2428 2599 2484 Dominus
2633 2430 3015 2496 comminatur,
3047 2431 3274 2486 dicens:
3315 2449 3336 2482 ι
3373 2431 3578 2486 Dentes
3606 2431 3703 2486 bc-

2097 2521 2323 2576 stiarum
2371 2521 2659 2576 immittam
2704 2521 2758 2576 in
2807 2536 2902 2577 eos
2949 2537 3073 2577 cum
3124 2521 3310 2578 furore
3365 2523 3698 2578 trahentium

2097 2627 2259 2682 super
2299 2621 2520 2678 terram,
2562 2621 2618 2668 et
2646 2613 2848 2668 frustra
2887 2613 3129 2682 percussi
3163 2613 3300 2670 Iilios
3334 2623 3571 2679 vestros,
3608 2614 3694 2668 di-

2095 2705 2374 2775 sciplinam
2399 2720 2506 2760 nou
2535 2705 2816 2776 recepistis
2851 2705 3028 2778 (Deut.
3063 2705 3264 2778 xxxu).
3315 2726 3336 2756 ι
3381 2707 3442 2762 In
3473 2708 3698 2778 psalmis

2097 2811 2345 2868 quoque:
2395 2817 2414 2850 ‹
2455 2797 2616 2853 Multa
2645 2797 2854 2870 flagella
2891 2808 3237 2869 peccatorum
3261 2798 3436 2872 (Psal.
3471 2801 3642 2871 xxxi).
3665 2818 3690 2854 ι

2023 2889 2068 2952 C
2101 2889 2169 2945 Et
2197 2890 2250 2945 in
2292 2889 2583 2962 Evangelia
2613 2908 2626 2944 :
2677 2908 2696 2941 ι
2732 2889 2873 2946 Ecce
2915 2906 3079 2946 sanus
3127 2890 3302 2948 factus
3335 2907 3416 2957 es,
3442 2892 3556 2962 jam
3582 2891 3693 2947 noli

2093 2993 2323 3053 peccare
2348 2997 2416 3036 ne
2442 2981 2679 3036 deterius
2709 2980 2806 3036 tibi
2831 2980 3030 3052 aliquid
3061 2983 3337 3054 contingat
3356 2982 3626 3055 (Joan.v).
3661 3002 3686 3036 υ

2095 3075 2406 3131 Invenimus
2439 3089 2572 3130 sane
2611 3081 2666 3130 et
2698 3084 2948 3145 quartam
2988 3077 3275 3142 rationem,
3321 3091 3430 3146 qua
3475 3077 3546 3132 ob
3571 3091 3688 3130 ma-

2097 3163 2454 3220 nifestandam
2499 3163 2837 3220 solummodo
2891 3165 3117 3236 gloriam
3166 3173 3222 3220 et
3257 3180 3422 3235 opera
3473 3165 3686 3222 Domini

2095 3256 2284 3312 inferri
2331 3257 2652 3328 quibusdam
2690 3257 2899 3326 aliquas
2951 3257 3232 3328 passiones
3279 3256 3686 3328 Scripturarnm

2097 3348 2422 3403 auctoritate
2444 3349 2844 3418 cognoscimus,
2869 3348 3164 3404 secundum
3201 3347 3332 3403 illud
3371 3348 3642 3420 Evangelii
3668 3366 3684 3402 :

2101 3461 2122 3495 ε
2157 3442 2343 3514 Neque
2385 3444 2475 3504 hic
2509 3443 2764 3519 peccavi_t_
2788 3457 2960 3512 neque
2999 3449 3254 3512 parentes
3297 3441 3452 3511 ejus,
3491 3439 3588 3496 sed
3631 3447 3691 3493 ut

2094 3533 2512 3590 manifestentur
2543 3548 2707 3604 opera
2747 3533 2844 3588 Dei
2876 3533 2929 3586 In
2959 3531 3048 3587 illo
3095 3529 3278 3604 (Jonn.
3317 3531 3418 3600 ut).
3459 3548 3479 3582 ι

1331 3743 1634 3823 LIBER
1685 3741 2158 3838 QUINTUS
2218 3742 2700 3823 DECIMUS.

489 3987 543 4043 In
591 3988 866 4060 superiore
912 3987 1050 4044 libro
1094 4005 1217 4045 cum
1255 3987 1324 4044 de
1367 3987 1590 4043 interitu
1641 3987 1991 4058 reliquiarum

416 4081 697 4138 lsraelitici
768 4081 950 4153 populi
1015 4079 1260 4138 Ieremia:
1310 4079 1627 4135 vaticinium
1675 4081 1990 4152 exponendo

413 4171 856 4237 transcurrimus,
901 4170 1118 4243 Egypti
1146 4175 1328 4250 getiam
1377 4170 1732 4227 vastationem
1777 4187 1995 4243 compe-

413 4273 591 4324 tenter
642 4261 1014 4333 adjunximus,
1051 4269 1110 4318 ut
1143 4277 1265 4318 cum
1307 4278 1525 4330 eorum,
1579 4263 1670 4334 qui
1707 4264 1761 4319 in
1801 4263 1994 4320 baculo

407 4353 734 4419 arundinea,
763 4360 818 4407 et
843 4337 1066 4407 brachio
1091 4367 1290 4408 carneo
1320 4353 1494 4426 magis
1527 4371 1690 4426 quam
1718 4355 1772 4409 in
1813 4353 1994 4411 divino

2095 4003 2217 4060 quae
2245 4002 2408 4058 super
2435 4001 2528 4043 eos
2565 3983 2760 4040 debitze
2797 3989 3040 4038 venturae
3072 3987 3250 4044 erant,
3295 3995 3365 4036 eo
3390 3981 3532 4051 quod
3570 3977 3684 4036 fae-

2102 4089 2230 4136 runt
2257 4080 2443 4134 hostes
2485 4076 2666 4149 populi
2690 4075 2811 4139 Dei,
2843 4083 2897 4130 et
2925 4075 2980 4130 in
3010 4073 3154 4128 illius
3191 4075 3524 4130 adversitate
3549 4091 3680 4145 gauo

2099 4170 2318 4226 debant.
2348 4167 2502 4224 Unde
2521 4183 2664 4222 nunc
2690 4165 2992 4221 Palicstinis
3016 4165 3156 4220 sicut
3180 4173 3306 4220 ante
3329 4164 3460 4220 fecit
3479 4165 3678 4237 Egyp—

2105 4259 2198 4315 tiis
2209 4258 2536 4330 praznuntiat
2557 4257 2918 4314 calamitatem
2937 4255 3194 4319 vicinam,
3208 4257 3678 4324 et-quodammodo

2099 4353 2318 4410 denotat
2351 4361 2594 4422 tempus,
2618 4351 2724 4406 hoc
2751 4355 2836 4404 est
2863 4354 3154 4417 antequam
3187 4347 3402 4402 Pharao
3435 4356 3678 4418 percute-

411 4447 614 4503 auxilio
658 4453 715 4501 et
751 4445 1088 4517 protectione
1136 4456 1418 4518 sperantes
1473 4448 1851 4512 confidebant,
1905 4448 1998 4503 de—
2022 4441 2074 4500 D
2101 4455 2186 4502 ret
2213 4445 2436 4502 Gazam.
2469 4444 2594 4500 [hec
2616 4457 2746 4514 ergo
2766 4441 2948 4512 plaga,
2979 4455 3099 4511 qua:
3125 4441 3194 4495 ab
3227 4439 3471 4510 Assyriis
3495 4453 3678 4511 super—

408 4540 642 4598 structio
684 4547 1102 4598 commemorata
1134 4548 1254 4596 est:
1285 4551 1678 4611 consequenter
1698 4548 1753 4594 et
1780 4537 1992 4594 illorum

425 4629 480 4700 lx
505 4634 708 4708 quibus
735 4632 1028 4704 sperabant
1073 4631 1336 4689 desolatio
1378 4632 1794 4688 describeretur.
1839 4629 1992 4685 Nunc

423 4728 628 4784 ιιιιοιιιιθ
671 4726 739 4782 ad
782 4741 848 4782 ea
891 4725 1285 4782 consideranda
1327 4741 1447 4795 quae
1492 4723 1754 4796 propheta
1801 4731 1990 4778 contra

420 4803 729 4870 ΡοῙιεεῐῖιιοε
753 4825 915 4890 atque
943 4815 1210 4872 Moabitas
1232 4823 1287 4871 et
1313 4823 1537 4872 czcteras
1559 4821 1745 4886 gentes
1772 4813 1994 4884 protulit

422 4909 724 4951 veniamus.

957 4997 1184 5057 CAPUT
1231 4995 1438 5054 XLVII.

421 5121 604 5177 Sermo
637 5121 850 5178 Domini
876 5132 1056 5181 contra
1093 5134 1436 5198 Palwstinos,
1463 5142 1510 5187 et
1553 5131 1620 5186 de
1643 5131 1992 5186 destructione

1113 5235 1306 5282 eorum.

497 5363 519 5400 ι
558 5343 712 5414 Quod
750 5347 950 5404 factum
983 5357 1068 5406 est
1095 5349 1315 5406 verbum
1352 5355 1560 5413 Domini
1602 5356 1668 5411 ad
1701 5354 1992 5412 Ieremiam

425 5453 447 5490 ε
489 5437 806 5508 prophetam
836 5449 1026 5498 contra
1057 5441 1394 5508 Paluastinos,
1431 5457 1716 5519 antequam
1741 5456 1991 5519 percute-

421 5543 444 5578 ί
487 5533 572 5582 ret
611 5527 822 5586 Pharao
868 5531 1093 5588 Gazam.
1142 5552 1162 5585 ι
1205 5531 1472 5590 Jeremias
1515 5554 1643 5609 ergo
1689 5539 1986 5611 propheta,

418 5617 560 5672 sicut
593 5625 648 5672 et
679 5619 848 5675 Isaias
890 5629 945 5676 et
971 5622 1217 5678 Ezechiel
1263 5623 1491 5696 singulis
1517 5630 1842 5697 nationibus,
1871 5643 1992 5698 qua:

419 5706 658 5762 contines
687 5708 906 5764 fuerunt
955 5719 1112 5768 terrm
1145 5713 1475 5787 Judzcorum,
1513 5719 1757 5788 praedicit
1783 5723 1985 5792 plagas,

2093 4537 2242 4594 venit
2281 4533 2602 4600 Palaestinis,
2642 4540 2767 4588 ante
2807 4531 2969 4588 Gaza:
3013 4530 3374 4585 vastatiOnem
3410 4529 3549 4584 facta
3577 4539 3674 4582 est.

2172 4645 2192 4678 ι
2238 4627 2365 4682 Πωο
2391 4625 2520 4681 dicit
2559 4623 2858 4680 Dominus:
2887 4622 3030 4678 Ecce
3066 4632 3220 4690 aquae
3249 4620 3584 4674 descendent
3613 4618 3676 4672 ab

2101 4735 2121 4770 r
2168 4715 2440 4786 aquilone,
2470 4722 2525 4770 et
2545 4721 2705 4770 erunt
2727 4711 2884 4784 quasi
2905 4717 3121 4768 torrens
3160 4708 3452 4774 inundans,
3480 4719 3536 4764 et
3554 4723 3676 4778 ope-

2100 4825 2120 4859 ‹
2166 4807 2308 4862 rient
2339 4814 2562 4870 terram,
2594 4812 2647 4861 et
2668 4802 3060 4876 plenitudinem
3089 4801 3226 4870 eius,
3259 4801 3450 4855 urbem
3495 4810 3553 4854 et
3582 4799 3671 4853 ha-

2101 4919 2121 4952 ‹
2165 4899 2428 4956 bitatorcs
2449 4896 2586 4966 ejus.
2627 4916 2646 4951 ι
2677 4894 2984 4951 Notandum
3011 4902 3220 4958 autem,
3255 4891 3404 4963 quod
3427 4892 3598 4947 Isaias
3621 4891 3671 4944 in

2095 5005 2259 5047 onere
2280 4987 2605 5044 Philisthiim
2636 4987 2708 5042 ita
2729 4981 2942 5042 locutus
2965 4991 3069 5051 est,
3087 4984 3278 5040 dicens
3304 5000 3316 5038 :
3338 5001 3357 5035 ι
3380 4983 3460 5038 Ne
3479 4982 3674 5038 laeteris

2091 5079 2403 5138 Philisthaea
2441 5075 2620 5134 omnis
2649 5083 2729 5141 tu,
2761 5076 3018 5146 quoniam
3059 5082 3395 5130 comminuta
3415 5079 3506 5128 est
3523 5073 3670 5143 virga

2093 5169 2428 5243 percussoris
2449 5168 2526 5224 tui
2548 5187 2561 5222 :
2587 5168 2654 5224 de
2667 5166 2852 5222 radice
2864 5165 3011 5221 enim
3035 5163 3241 5220 colubri
3267 5161 3573 5234 egredietur
3593 5173 3670 5213 re—

2092 5263 2277 5336 gulus,
2319 5271 2374 5315 et
2410 5275 2596 5315 semen
2641 5249 2761 5328 ejus
2787 5257 3085 5314 absorbens
3107 5254 3385 5312 volucrem
3407 5293 3424 5319 ,
3464 5262 3522 5308 et
3554 5266 3670 5322 pas-

2091 5363 2286 5411 centur
2315 5349 2661 5423 primogeniti
2699 5361 3022 5422 pauperum,
3066 5355 3124 5402 et
3145 5359 3416 5416 pauperes
3456 5341 3670 5397 fiducia-

2089 5448 2218 5502 Iitcr
2247 5445 2608 5516 requiescent,
2633 5449 2688 5497 et
2715 5440 2938 5497 interire
2965 5437 3160 5494 faciam
3190 5437 3247 5492 in
3271 5435 3414 5490 fame
3434 5433 3662 5488 radicem

2091 5547 2263 5602 tuam,
2307 5545 2362 5590 et
2409 5532 2667 5604 reliquias
2707 5540 2826 5587 tuas
2867 5529 3193 5586 interficiam
3232 5542 3248 5580 :
3297 5523 3450 5582 Ulula
3495 5529 3661 5593 porta.

2089 5631 2264 5688 clama
2297 5627 2511 5693 civitas,
2553 5631 2828 5696 prostrata
2874 5630 2958 5679 est
3006 5615 3318 5676 Pbilisthaaa
3363 5615 3542 5672 omnis
3586 5610 3663 5666 Ah

2090 5719 2341 5794 aquilone
2377 5718 2525 5776 enim
2553 5717 2733 5774 fumus
2757 5715 2956 5782 veniet,
3003 5722 3059 5770 et
3085 5727 3193 5768 non
3217 5719 3305 5768 est
3339 5709 3432 5780 qui
3454 5703 3664 5778 en‘ugiat
