3970 6190
306 373 445 431 1109

1199 379 1558 438 EXPOSITIO
1599 382 1825 439 SUPER
1862 381 2227 444 JEREMIABI.
2269 420 2337 429 ——
2377 388 2503 443 LIB.
2544 387 2658 443 XV.

3417 389 3558 446 Illi)

300 502 522 542 carmen
544 485 663 557 ejus
681 487 816 561 (Isa.
839 496 975 561 xw).
1008 512 1025 543 ι
1052 492 1388 548 Philisthmos
1418 502 1619 559 autem,
1643 502 1702 548 ut
1721 508 1882 563 supra
1911 496 1958 555 A
1988 498 2040 552 iu
2066 500 2261 553 ctelum
2291 499 2662 553 ascensionem
2688 513 2882 563 meam,
2921 498 3009 567 qui
3045 514 3175 553 voco
3204 514 3371 568 aquas
3394 501 3563 554 maris

301 577 538 633 diximus
568 578 886 637 Palaestinos
916 581 1203 652 signiﬁcat,
1236 599 1370 653 quos
1398 584 1728 653 alienigenas
1766 586 1884 639 vul—

299 677 421 736 gata
470 669 659 724 scribit
701 672 887 743 editio,
933 686 1055 727 cum
1084 670 1189 728 hoc
1229 689 1334 728 non
1380 675 1540 729 unius
1567 674 1761 744 gentis,
1788 673 1881 729 sed

299 759 543 813 omnium
586 769 934 815 externarum
988 763 1223 832 gentium
1273 763 1595 817 vocabulum
1641 763 1734 817 sit.
1781 762 1879 825 Ne,

301 848 496 918 inquit,
524 850 726 907 laateris
752 868 786 907 ο
808 854 1142 919 Philisthma,
1169 870 1235 909 ne
1266 855 1490 909 insultes
1512 855 1709 925 populo
1738 870 1881 920 meo,

300 940 445 1009 quod
474 943 810 1010 percussoris
841 944 918 998 tui
947 943 1130 999 Achaz
1152 945 1300 1016 virga
1330 944 1603 1000 confracta
1625 945 1714 1009 sit,
1741 944 1882 1014 quod

303 1031 548 1097 baculus,
593 1033 685 1103 qui
730 1042 784 1089 te
827 1032 993 1089 ferire
1037 1035 1227 1091 solitus
1251 1043 1388 1101 erat,
1425 1035 1671 1089 videatur
1711 1043 1885 1091 morte

302 1122 592 1190 contritus,
642 1126 785 1195 quod
834 1126 1054 1181 coluber
1100 1126 1440 1192 interfectus,
1481 1141 1579 1197 pro
1607 1127 1710 1181 hoc
1738 1126 1883 1181 enim

304 1213 590 1269 nocentior
632 1215 879 1270 nascitur
919 1216 1181 1271 Ezechias
1226 1216 1463 1286 regulus,
1510 1232 1668 1286 quem
1709 1216 1883 1272 Grtecl

303 1312 502 1357 vocant
525 1303 842 1375 βασι)ίσκον,
885 1306 976 1376 qui
1007 1315 1061 1361 te
1089 1321 1186 1360 suo
1212 1315 1431 1376 aspectu
1473 1306 1783 1371 interﬁciat,
1828 1315 1885 1361 et

302 1392 498 1461 spiritu
545 1393 657 1448 oris
708 1394 940 1448 occidat.
992 1393 1210 1450 Portam
1239 1403 1397 1448 vocat
1424 1409 1522 1464 pro
1559 1394 1664 1458 his,
1692 1394 1784 1463 qui
1827 1394 1882 1448 in

301 1492 464 1553 porta
491 1492 637 1549 sunt,
673 1492 727 1539 et
771 1484 1043 1541 civitatem
1084 1500 1183 1556 pro
1211 1484 1604 1540 habitatoribus
1624 1485 1878 1548 civitatis,

303 1586 720 1643 sermonemque
765 1574 950 1645 dirigit
997 1575 1066 1630 ad
1105 1574 1267 1629 urbes
1304 1574 1712 1629 Palaestinorum
1743 1573 1884 1643 quod

302 1657 508 1726 ejulare
551 1660 800 1729 debeant,
825 1671 880 1717 et
914 1662 1099 1733 lugere
1141 1663 1444 1718 venientem
1487 1661 1881 1728 Sennacherib,

303 1758 360 1805 et
389 1751 645 1806 torrentis
665 1752 825 1806 modo
852 1762 1044 1808 cuncta
1075 1762 1395 1808 vastantem.
1428 1752 1539 1808 Sub
1580 1767 1706 1823 rege
1737 1752 1880 1807 enim

302 1840 537 1895 Ezechia
580 1842 730 1896 venit
771 1841 1028 1915 Assyrius
1075 1843 1220 1899 inter
1268 1852 1493 1898 caeteras
1542 1843 1789 1897 nationes
1829 1837 1956 1897 etB

302 1933 535 1987 vastavit
567 1932 928 2000 Philisthzcos,
962 1935 1029 1989 ad
1068 1950 1205 2006 quos
1242 1951 1384 1989 nunc
1419 1933 1683 1989 Jeremias
1708 1933 1884 2003 loqui-

303 2034 395 2080 tur
426 2042 439 2079 :
492 2045 511 2077 ι
542 2025 684 2083 Ecce
717 2042 871 2097 aqua:
905 2028 1200 2083 ascenderit
1235 2029 1300 2082 ab
1329 2028 1600 2098 aquilone,
1627 2036 1683 2083 et
1720 2034 1883 2082 erunt

302 2113 461 2183 quasi
490 2122 704 2170 torrens
737 2115 1028 2182 inundans,
1058 2124 1112 2171 et
1132 2117 1377 2187 operient
1400 2126 1600 2170 terram
1634 2124 1690 2170 et
1713 2115 1884 2185 pleni-

308 2208 552 2263 tudinem
610 2208 766 2279 ejus,
803 2209 992 2263 urbem
1040 2217 1096 2263 et
1140 2209 1472 2263 habitatores
1522 2207 1683 2261 illius.
1738 2226 1756 2258 ι
1802 2206 1883 2262 Ab

304 2300 559 2369 aquilone
603 2301 750 2356 enim
797 2300 946 2355 venit
987 2300 1279 2371 Assyrius,
1323 2308 1378 2354 et
1413 2299 1480 2355 de
1532 2297 1651 2367 ejus
1688 2297 1885 2352 ardore

301 2391 655 2461 egredieutur
674 2390 902 2446 Niniven
923 2401 978 2446 et
1005 2391 1250 2446 nationes
1270 2400 1494 2446 caeteras
1513 2390 1879 2461 subjugantes.

303 2481 385 2537 Eo
419 2491 661 2552 tempore
685 2497 794 2552 quo
820 2482 935 2537 haec
963 2484 1318 2549 canebantur,
1350 2483 1531 2538 fumus
1557 2482 1883 2537 ascendebat

299 2573 361 2631 in
381 2574 675 2641 excelsum,
702 2575 756 2630 id
782 2584 888 2641 est,
917 2591 1102 2630 rumor
1126 2577 1178 2632 in
1208 2576 1418 2647 p0pulis
1442 2575 1741 2647 vagabatur
1783 2590 1881 2645 per

298 2665 545 2722 ordinem
595 2676 913 2722 cunctarum
960 2667 1197 2732 urbium,
1238 2667 1521 2722 thnices
1574 2682 1786 2737 quoque
1827 2674 1885 2720 et

298 2756 615 2814 Palaestinos
661 2774 781 2814 esse
814 2759 1123 2813 vastandos.
1164 2757 1289 2813 Sive
1318 2774 1471 2828 aqua:
1518 2758 1882 2813 ascendebant

301 2849 458 2919 quasi
523 2859 737 2904 torrens
794 2849 1102 2914 inundans,
1163 2857 1219 2904 et
1264 2848 1581 2919 operiebant
1631 2856 1829 2901 terram
1863 2887 1878 2909 ,

304 2938 521 3008 quando
554 2939 732 3011 populi
771 2938 1119 3009 Assyriorum
1148 2946 1204 2993 et
1224 2953 1411 2993 eorum
1436 2938 1528 3007 qui
1559 2952 1740 2992 secum
1763 2936 1879 2991 fue-

305 3038 449 3094 rant,
480 3029 678 3100 impetu
711 3030 889 3085 valido
924 3028 1359 3100 conquassabant
1401 3038 1602 3084 terram
1644 3027 1883 3083 Palaesti-

305 3134 496 3174 norum
524 3138 537 3174 :
572 3120 720 3176 Unde
744 3129 799 3176 et
827 3121 1097 3190 sequitur.
1780 3104 1792 3114 ’

383 3228 403 3263 σ
446 3209 764 3269 Clamabunt
793 3211 1058 3278 homines,
1086 3219 1141 3267 et
1161 3211 1386 3267 ululabit
1408 3212 1584 3267 omnis
1609 3210 1885 3268 habitator

310 3323 330 3355 ι
380 3312 537 3357 [οη-ω
567 3318 595 3357 a
635 3303 863 3372 strepitu
906 3318 1115 3373 pompa‘
1141 3318 1416 3359 armorum
1464 3312 1519 3358 et
1559 3303 1882 3359 bellatorum

310 3415 329 3446 ι
376 3394 511 3464 ejus,
548 3409 579 3449 a
624 3394 986 3450 commodone
1014 3393 1397 3465 quadrigarum
1437 3393 1573 3464 ejus,
1605 3402 1660 3448 et
1684 3409 1714 3452 a
1746 3393 1884 3448 mul-

311 3505 330 3535 ι
378 3484 603 3539 titudine
649 3493 891 3539 rotarum
940 3484 1102 3539 illius.
1134 3483 1251 3539 Non
1300 3493 1655 3554 respexerunt
1699 3494 1881 3554 patres

314 3593 332 3625 α
379 3573 517 3627 ﬁlios
542 3574 790 3635 manibus
816 3572 1109 3636 dissolutis,
1142 3588 1242 3643 pro
1274 3573 1507 3627 adventu
1538 3573 1665 3637 diei,
1697 3573 1748 3627 in
1777 3589 1882 3642 quo

310 3682 329 3713 ι
378 3662 677 3718 vastabitur
695 3662 869 3717 omnis
888 3662 1238 3727 Philisthiim,
1261 3669 1316 3716 et
1337 3661 1689 3733 dissipabitur
1709 3661 1884 3734 Tyrus

310 3771 330 3804 ε
374 3760 428 3807 et
478 3752 642 3808 Sidon
693 3768 814 3807 cum
860 3752 1110 3808 omnibus
1156 3752 1379 3823 reliquis
1420 3753 1635 3808 auxiliis
1694 3754 1824 3809 suis.
1858 3773 1877 3807 ι

302 3843 598 3916 (Mutuus)
627 3844 856 3900 Grandis
904 3845 1047 3901 enim
1076 3844 1311 3901 ululatus
1357 3855 1515 3901 terra:
1555 3846 1882 3902 Philisthiim

303 3933 488 4001 fuerit,
517 3936 732 4006 quando
766 3935 1056 4007 unicuique
1090 3952 1238 3992 mors
1276 3937 1617 4004 imminebat,
1657 3953 1759 3993 nec
1785 3937 1883 3992 ulli

300 4026 459 4082 licuit
489 4026 711 4082 alterius
735 4040 924 4081 curam
951 4041 1160 4097 gerere,
1188 4042 1311 4083 cum
1349 4026 1523 4082 hostis
1551 4027 1605 4081 in
1642 4027 1884 4099 singulo-

300 4133 423 4171 rum
444 4132 577 4174 nece
598 4119 965 4190 grassabatur,
992 4126 1047 4172 et
1069 4119 1323 4189 strepitus
1347 4133 1622 4173 armorum
1643 4125 1696 4173 et
1720 4117 1883 4173 bella-

303 4218 482 4263 torum
511 4207 626 4278 ejus
656 4217 819 4278 atque
855 4209 1238 4281 quadrigarum
1286 4210 1495 4264 sonitus
1539 4223 1725 4264 vocem
1767 4208 1883 4278 plo-

301 4301 538 4355 rantium
583 4308 867 4372 superaret
909 4301 961 4355 in
1005 4302 1236 4356 adventu
1279 4301 1382 4356 diei
1419 4317 1526 4372 quo
1568 4301 1883 4356 vastabatur

299 4392 481 4449 omnis
504 4391 847 4447 Phillsthiim.
874 4392 1027 4459 Quod
1051 4401 1231 4446 autem
1250 4392 1411 4447 dicit:
1432 4393 1632 4463 Tyrum
1652 4401 1706 4447 et
1731 4391 1885 4447 Sido-

301 4502 426 4541 nem
456 4486 507 4539 iu
534 4485 719 4540 eadem
749 4483 901 4539 clade
923 4483 1209 4553 dissipatas
1236 4497 1250 4535 :
1285 4482 1521 4536 ostendit
1548 4481 1692 4551 ipsas
1718 4481 1880 4537 urbes

298 4576 371 4631 ad
399 4575 805 4629 Palaestiuorum
836 4574 1105 4644 pertinere
1136 4573 1467 4627 consortium
1502 4591 1515 4625 :
1547 4572 1671 4627 licet
1705 4572 1879 4645 Tyrus

299 4667 358 4721 in
391 4672 592 4721 sortem
621 4664 880 4721 ceciderit
901 4664 1071 4719 tribus
1097 4662 1462 4733 Nephthalim,
1491 4671 1548 4718 et
1579 4662 1743 4718 Sidon
1765 4672 1879 4718 ter-

299 4755 481 4810 minus
526 4755 951 4810 Chauanzeorum
998 4755 1065 4809 ad
1118 4761 1319 4808 sortem
1367 4754 1661 4823 pertineret
1708 4753 1881 4809 tribus

299 4846 456 4909 Aser,
483 4845 577 4900 sed
606 4861 711 4900 non
738 4860 856 4901 eam
887 4844 1149 4915 possedit,
1180 4843 1308 4914 quia
1330 4843 1516 4899 hostes
1536 4857 1879 4915 nequaquam

300 4933 471 4988 valuit
499 4933 786 5002 expellere.

381 5040 401 5073 ι
445 5020 806 5094 Depopulatus
833 5030 916 5079 est
934 5023 1078 5078 enim
1108 5022 1366 5078 Dominus
1387 5020 1722 5088 Palaestinos,
1757 5023 1884 5078 reli-

304 5111 462 5182 quias
492 5112 681 5168 insula:
710 5113 1079 5185 Cappadociae.
1120 5131 1140 5166 ι
1171 5111 1487 5168 Palaestinos
1506 5113 1575 5168 de
1602 5112 1886 5184 Cappado-

304 5204 391 5259 cia
413 5205 626 5261 venisse
652 5204 817 5261 Amos
859 5207 1116 5275 propheta
1147 5213 1392 5269 testatur,
1421 5205 1607 5260 dicens
1631 5219 1646 5258 :
1689 5222 1708 5255 ο
1735 5203 1885 5259 Nun-

304 5293 437 5363 quid
457 5309 564 5349 non
585 5303 647 5348 ut
671 5294 791 5350 ﬁlia:
812 5294 1125 5366 Ethiopum
1147 5309 1242 5349 vos
1261 5294 1393 5349 estis
1412 5293 1545 5348 mihi
1570 5292 1664 5347 ﬁlii
1691 5292 1879 5359 Israel,

306 5388 388 5441 ait
426 5389 725 5445 Dominus?
757 5389 995 5460 nunquid
1024 5404 1129 5444 non
1159 5386 1322 5443 Israel
1348 5386 1639 5442 ascendere
1684 5385 1787 5441 feci
1816 5386 1884 5442 de

307 5485 455 5535 terra
480 5479 695 5552 Egypti
722 5499 735 5534 :
760 5488 816 5537 et
837 5479 1153 5536 Palzestiuos
1172 5480 1239 5534 de
1258 5477 1620 5547 Cappadocia,
1641 5486 1696 5532 et
1719 5478 1888 5549 Syros

310 5566 382 5624 de
405 5566 679 5638 Cyrene?»
710 5568 912 5641 (Amos.
945 5569 1046 5642 IX.)
1077 5569 1243 5640 Cujus
1266 5567 1368 5623 loci
1395 5567 1515 5621 talis
1540 5576 1621 5621 est
1641 5583 1833 5623 sensus
1868 5586 1882 5622 :

308 5644 427 5726 Ego
476 5657 733 5714 Dominus
775 5658 914 5714 Deus
956 5659 1293 5729 omnipotens
1337 5673 1496 5727 quem
1545 5656 1710 5712 celari
1751 5657 1888 5713 nihil

313 5753 512 5815 potest,
548 5747 640 5816 qui
670 5759 830 5818 tango
872 5757 1067 5804 terram
1109 5760 1162 5805 ct
1195 5748 1517 5814 movebitur,
1549 5749 1639 5817 qui
1680 5748 1886 5806 mdiﬁco

1984 598 2038 642 et
2058 587 2273 643 ellundo
2310 602 2403 642 eas
2433 603 2596 656 super
2636 588 2827 642 faciem
2859 597 3033 653 teme,
3074 587 3227 656 cujus
3257 604 3449 642 nomen
3477 599 3563 644 est

1984 677 2261 744 Dominus,
2288 678 2377 748 qui
2417 686 2633 732 creator
2661 692 2779 731 sum
2820 678 3080 741 omnium,
3114 687 3335 732 cunctas
3374 688 3560 749 gentes

1985 769 2049 824 de
2078 770 2266 824 eodem
2293 768 2419 821 ﬁnxi
2453 768 2585 832 luto,
2628 778 2682 821 et
2706 767 2896 837 {cqualvi
2924 778 3069 822 sorte
3097 768 3367 837 generari.
3403 768 3560 822 Deni-

1984 873 2087 926 que
2140 856 2448 926 IEthiopes,
2501 856 2837 922 Palzeslinos,
2881 855 3067 928 Syros,
3114 865 3276 925 atque
3321 854 3557 918 .Iudams,

1984 947 2246 1001 distantes
2298 947 2431 1001 locis
2475 953 2635 1016 atque
2686 948 3001 1016 corporibus
3052 947 3393 1003 mortalitatis
3445 947 3560 1016 lege

1984 1038 2209 1103 sociavi,
2245 1046 2299 1093 et
2339 1052 2440 1108 pro
2471 1037 2696 1091 arbitrio
2727 1052 2846 1092 meo
2884 1053 3069 1093 servos
3097 1053 3244 1092 meos
3276 1039 3379 1091 huc
3408 1037 3559 1090 illne-

1983 1142 2089 1198 que
2115 1136 2406 1190 commuto,
2428 1134 2481 1180 et
2506 1126 2785 1180 universas
2806 1126 3112 1195 provincias
3139 1126 3430 1191 transfero,
3462 1141 3561 1178 nec

1984 1216 2254 1288 crigimini
2286 1215 2340 1269 in
2369 1214 2696 1285 superbiam,
2732 1214 2875 1285 quod
2904 1230 3000 1269 vos
3026 1214 3092 1269 de
3111 1214 3341 1286 [Egypto
3365 1216 3560 1269 eduxe-

1983 1305 2113 1369 rim,
2157 1313 2210 1359 et
2238 1305 2389 1373 quasi
2418 1303 2744 1373 peculiarem
2789 1302 3042 1374 p0pulnm
3074 1318 3251 1358 meum
3290 1303 3560 1358 Pharaoni

1984 1396 2188 1452 servire
2233 1411 2338 1450 non
2369 1410 2560 1465 passus
2586 1411 2703 1450 sum
2743 1411 2756 1448 :
2787 1396 2892 1450 hoc
2918 1395 3060 1449 idem
3100 1393 3286 1449 feciet
3317 1394 3561 1448 Palaesti-

1982 1487 2090 1552 nis,
2120 1501 2258 1556 quos
2287 1485 2637 1557 Septuaginta
2670 1485 2990 1557 alienigenas
3021 1484 3442 1548 transtulerunt,
3468 1483 3563 1553 qui

1984 1576 2246 1632 Ilebraice
2285 1577 2624 1647 appellantur
2648 1586 2846 1642 ﬁat-DD,
2890 1584 2952 1631 ut
2987 1575 3337 1631 transferrem
3365 1591 3459 1629 eos
3495 1577 3563 1629 de

1982 1668 2321 1739 Cappadocia
2349 1676 2403 1723 et
2446 1669 2498 1722 in
2533 1667 2832 1722 Palaestina:
2864 1667 3173 1738 regionibus
3214 1666 3557 1721 collocarent.

1986 1741 2412 1837 Syros'quoque,
2451 1763 2505 1818 id
2528 1771 2632 1829 est,
2658 1771 2835 1823 cram
2863 1761 3111 1816 transtuli
3140 1761 3206 1816 de
3232 1759 3463 1832 Cyrene,
3492 1775 3558 1813 ex

1984 1872 2089 1925 quo
2118 1856 2241 1926 quia
2270 1854 2463 1924 aequali
2494 1854 2801 1909 conditione
2820 1860 2945 1908 sunt
2968 1852 3117 1917 facti,
3139 1851 3329 1920 :equali
3354 1850 3563 1919 judicio

1984 1960 2103 1998 mea
2142 1943 2407 1997 sententia
2441 1943 2748 2011 punientur,
2789 1949 2840 1995 ct
2889 1941 3070 1995 omnia
3108 1941 3314 2010 absque
3351 1940 3560 1994 discre-

1984 2035 2129 2089 tione
2159 2048 2513 2104 personarum
2543 2033 2703 2102 impia
2736 2048 2899 2103 regna
2928 2033 3263 2087 subvertam.

2058 2144 2077 2175 ‹
2114 2123 2273 2178 Venit
2318 2123 2590 2179 calvitium
2632 2138 2792 2193 super
2836 2122 3060 2187 Gazam,
3100 2121 3361 2177 conticuit
3387 2122 3561 2177 Ascau

1988 2232 2007 2265 ‹
2051 2214 2163 2279 1οη,
2208 2220 2261 2267 et
2288 2213 2508 2283 reliqua:
2533 2213 2701 2268 valles
2730 2228 2939 2268 earum.
2979 2233 2998 2264 ι
3032 2212 3177 2268 Gaza
3222 2223 3279 2266 et
3325 2211 3559 2268 Ascalon

1982 2304 2252 2375 quondam
2297 2305 2460 2358 urbes
2495 2302 2644 2358 fuere
2674 2302 2999 2367 Palaestinae,
3045 2303 3110 2358 de
3140 2302 3377 2373 quinque
3410 2303 3562 2356 urbi-

1982 2394 2081 2449 bus
2100 2392 2544 2447 Philisthinorum
2568 2392 2871 2463 prazcipuis.
2895 2391 3041 2447 Gaza
3065 2392 3210 2446 enim
3227 2398 3346 2446 erat
3366 2391 3573 2446 civitas~

1983 2483 2332 2550 Heraeorum,
2364 2468 2422 2537 in
2453 2498 2557 2553 qua
2598 2483 2910 2538 habitavere
2941 2481 3284 2552 Cappadoces
3319 2482 3565 2552 pristinis

1982 2573 2276 2629 cultoribus
2311 2571 2631 2629 interfectis.
2676 2573 2831 2642 Apud
2873 2582 3087 2627 veteres
3130 2580 3249 2627 erat
3295 2573 3569 2628 terminus

1981 2662 2407 2718 Chananzeorum
2429 2660 2582 2729 juxta
2612 2660 2923 2731 Egyptum,
2948 2660 3252 2731 ceciditque
3275 2661 3329 2715 in
3360 2669 3566 2717 sortem

1967 2754 2156 2824 tribus
2182 2752 2352 2817 Judm,
2385 2753 2479 2807 sed
2500 2767 2620 2808 eam
2655 2760 2840 2807 tenere
2877 2768 2982 2807 non
3019 2753 3214 2822 potuit,
3264 2754 3389 2822 quia
3421 2753 3562 2808 Ena-

1984 2842 2150 2907 chim,
2168 2841 2220 2897 id
2241 2850 2325 2896 est
2346 2842 2588 2912 gigantes
2610 2841 3016 2913 Allophylorum
3035 2842 3328 2897 fortissime
3347 2843 3564 2899 restite-

1985 2942 2130 2988 runt.
2159 2934 2226 2989 Et
2257 2943 2339 2989 est
2364 2950 2535 3004 usque
2571 2934 2730 2989 hodie
2759 2934 2983 3006 insignis
3009 2935 3204 2990 civitas
3236 2933 3559 2990 Palaestina}.

1984 3026 2252 3093 Quaeritur
2263 3034 2441 3080 autem
2456 3025 2726 3095 quomodo
2745 3025 2799 3080 iu
2818 3024 3047 3095 quodam
3072 3025 3330 3096 propheta
3354 3025 3567 3080 dicatur

1984 3117 2129 3175 Gaza
2157 3118 2335 3174 futura
2358 3119 2412 3173 in
2433 3116 2699 3172 tumulum
2721 3117 3129 3187 sempiternum.
3158 3114 3311 3183 Quod
3335 3115 3565 3171 solvitur

1907 3177 1955 3241 C
1986 3210 2059 3266 ita
2104 3228 2117 3265 :
2161 3209 2409 3278 Antiqua:
2454 3208 2693 3263 civitatis
2733 3177 2913 3263 locum
2950 3208 3039 3261 vix
3088 3177 3561 3261 fundamentorum

1983 3302 2227 3374 praebere
2253 3300 2483 3371 vestigia
2513 3317 2527 3353 :
2558 3299 2700 3354 hanc
2724 3289 2903 3354 autem
2929 3314 3050 3368 quae
3075 3312 3218 3352 nunc
3245 3298 3487 3352 cernitur
3509 3298 3564 3352 in

1984 3392 2090 3447 alio
2133 3392 2253 3448 loco
2293 3406 2393 3462 pro
2432 3390 2540 3453 illa,
2573 3404 2693 3460 quae
2735 3391 2959 3455 corruit,
3000 3388 3339 3444 adiﬁcatam.
3370 3386 3475 3442 Sed
3511 3395 3567 3442 et

1983 3482 2212 3538 Ascalon
2254 3483 2385 3537 urbs
2424 3481 2619 3537 nobilis
2660 3481 2981 3545 Palaestinae,
3021 3496 3141 3550 qua:
3179 3488 3235 3536 et
3271 3481 3387 3550 ipsa
3427 3480 3566 3535 anti-

1984 3577 2166 3646 quitus
2200 3592 2304 3630 una
2336 3574 2439 3629 fuit
2475 3574 2541 3630 de
2585 3576 2821 3645 quinque
2863 3574 3095 3644 satrapis
3134 3573 3560 3645 Allophylornm,

1984 3675 2232 3737 separata
2253 3667 2467 3737 quidem
2492 3681 2590 3737 per
2614 3675 2815 3722 sortem
2844 3667 3003 3721 tribui
3050 3664 3220 3731 Judae,
3252 3681 3351 3721 nec
3381 3677 3561 3720 tamen

1984 3767 2197 3815 retenta
2241 3760 2309 3814 ab
2348 3774 2431 3823 ea,
2484 3759 2610 3828 quia
2639 3759 2974 3813 habitatores
3020 3756 3138 3826 ejus
3166 3771 3423 3827 superare
3454 3773 3562 3811 nou

1983 3851 2177 3921 potuit.
2213 3850 2386 3920 Super
2411 3850 2511 3906 has
2558 3850 2807 3905 civitates
2838 3849 2986 3904 venit
3008 3848 3288 3921 calvitium
3341 3858 3396 3903 et
3434 3848 3566 3902 taei-

1985 3943 2219 3997 turnitas
2264 3943 2532 4007 maxima,
2582 3943 2711 4012 quia
2759 3940 3002 4011 spoliata:
3047 3947 3175 3995 sunt
3210 3940 3465 4009 operibus
3513 3948 3569 3994 et

1984 4032 2179 4087 robore
2202 4031 2342 4085 virili
2387 4032 2631 4103 privatae.
2673 4030 2905 4101 Ideoque
2944 4031 3179 4089 cessavit
3227 4029 3296 4085 ab
3337 4029 3418 4087 cis
3464 4045 3571 4084 vox

1984 4123 2183 4195 gaudii,
2214 4130 2269 4177 et
2294 4138 2398 4178 vox
2428 4122 2643 4187 laetitiae,
2671 4122 3146 4193 perseveravitque
3171 4137 3295 4177 cum
3320 4121 3401 4177 eis
3430 4136 3568 4176 mm-

1984 4227 2076 4267 ror
2100 4213 2407 4269 continuus.
2440 4213 2496 4267 In
2532 4213 2733 4269 ultione
2752 4223 2930 4268 autem
2958 4230 3118 4285 quam
3145 4215 3407 4285 propheta
3434 4228 3571 4285 pra:-

1986 4302 2120 4358 dixit
2156 4319 2318 4373 super
2363 4303 2678 4359 Palaastinos
2705 4313 2760 4359 et
2799 4305 2961 4360 urbes
3004 4304 3143 4375 ejus,
3187 4304 3420 4359 futuram
3451 4304 3567 4375 pla-

1984 4410 2105 4465 gam
2169 4393 2475 4464 signiﬁcat,
2534 4410 2654 4465 qum
2706 4404 3096 4466 superventura
3163 4404 3249 4452 est
3294 4396 3566 4451 haereticis

1985 4493 2148 4555 atque
2192 4483 2569 4548 schismaticis,
2603 4494 2660 4539 et
2696 4485 2905 4540 cunctis
2949 4485 3195 4541 hostibus
3238 4491 3438 4540 sancta:
3468 4484 3565 4539 Dei

1985 4572 2261 4638 Ecclesiae,
2287 4572 2378 4642 qui
2401 4588 2500 4643 pro
2525 4587 2589 4627 eo
2618 4572 2761 4643 quod
2788 4558 3039 4628 ﬁdelibus
3056 4572 3259 4628 Christi
3287 4573 3565 4629 confesso-

1987 4664 2138 4719 ribus
2179 4672 2618 4735 prmparaverunt
2658 4663 2906 4731 insidias,
2937 4664 3279 4737 ingesserunt
3313 4663 3475 4730 bella,
3511 4672 3569 4719 et

1980 4758 2267 4813 lucentore
2307 4757 2521 4812 diabolo
2572 4758 2740 4812 multa
2780 4757 3078 4813 intulerunt
3125 4758 3561 4829 persecutionum

1987 4862 2205 4920 genera,
2235 4848 2301 4903 ad
2327 4855 2629 4903 extremum
2660 4848 2758 4918 ipsi
2787 4849 3031 4906 hostibus
3068 4851 3352 4905 tradentur
3381 4849 3567 4905 saevis-

1987 4939 2158 5003 simis,
2187 4947 2241 4993 et
2268 4940 2447 5009 potius
2485 4939 2840 5010 subjicientur
2877 4942 3168 5012 perpetuis.
3200 4941 3565 5011 Iuterpretan-

1981 5038 2070 5084 tur
2092 5030 2237 5084 enim
2259 5029 2551 5085 Philisthzei
2574 5032 2844 5098 cadentes,
2873 5033 3048 5103 Tyrus
3081 5032 3362 5103 angustia,
3392 5030 3563 5087 Sidon

1980 5118 2216 5183 venatio,
2263 5119 2495 5175 Ascalon
2540 5121 2707 5192 ignis,
2749 5119 2893 5175 Gaza
2938 5119 3199 5176 fortitudo
3244 5120 3379 5191 ejus.
3431 5119 3563 5189 Qua:

1982 5209 2165 5263 omnia
2187 5210 2325 5265 bene
2351 5211 2676 5265 conveniunt
2704 5209 3025 5265 antichristo
3058 5219 3114 5264 et
3137 5210 3395 5265 membris
3420 5210 3562 5280 ejus,

1984 5298 2074 5370 qui
2093 5313 2189 5368 per
2211 5298 2515 5368 superbiam
2538 5299 2593 5353 in
2630 5299 2966 5369 apostasiam
2984 5299 3206 5365 cadens,
3234 5300 3289 5353 in
3314 5299 3561 5371 angustia

1988 5389 2187 5443 mentis
2233 5390 2511 5444 :cstu’ando
2555 5389 2895 5444 venationem
2945 5399 3162 5445 exercet
3212 5390 3268 5445 in
3313 5390 3558 5444 mundo:

1989 5486 2255 5547 quatenus
2283 5493 2633 5549 quoscunque
2659 5479 2833 5548 possit
2863 5479 2929 5534 dc
2971 5478 3214 5535 Ecclesia
3243 5479 3443 5536 Christi
3477 5495 3564 5533 ra-

1986 5568 2101 5638 piat
2121 5579 2174 5624 et
2195 5566 2504 5623 interﬁciat.
2538 5567 2702 5638 Cujus
2748 5568 3006 5624 fortitudo
3035 5569 3177 5641 ignis
3210 5578 3294 5625 est
3324 5568 3564 5634 infamis,

1988 5657 2092 5712 hoc
2117 5663 2219 5719 est,
2255 5654 2695 5724 concupiscentia
2722 5656 2977 5711 carnalis.
3004 5655 3159 5712 Unde
3186 5656 3242 5710 in
3287 5655 3424 5709 libro
3465 5655 3565 5708 Job

1991 5750 2063 5803 ita
2090 5748 2284 5820 legitur
2313 5765 2327 5801 :
2366 5766 2385 5800 ε
2422 5745 2609 5804 Virtus
2630 5748 2747 5820 ejus
2766 5748 2820 5803 in
2853 5748 3050 5804 lumbis
3074 5747 3210 5819 ejus,
3239 5756 3295 5803 et
3328 5756 3567 5817 potestas
