3970 6190
420 330 481 419 tt
498 364 551 417 ll

1056 361 1117 415 B.
1154 357 1401 415 RABANI
1444 357 1659 449 δξλψξι
1698 355 2013 415 ARCIIIEP.
2056 355 2361 414 MOGUNT.
2401 358 2684 417 OPERUM
2723 359 2900 417 PARS
2938 361 3024 416 III.

3523 358 3683 414 III!

419 486 472 535 in
500 476 752 534 umbilico
782 476 924 547 (Job.
954 474 1060 547 XL).
1102 495 1121 528 ι
1154 473 1258 530 Per
1286 472 1557 528 libidinem
1600 464 1741 527 enim
1787 469 1983 525 mentis
2009 475 2058 532 Α
2090 491 2109 522 ς
2155 473 2246 528 Va:
2274 489 2434 544 super
2462 473 2631 540 Nabo,
2666 476 2920 545 quoniam
2966 484 3173 530 vastata
3209 483 3373 529 estet
3408 474 3681 540 confusa,

415 570 713 625 carnalium
754 568 951 634 exurit,
997 578 1051 623 et
1090 583 1186 637 per
1232 566 1638 622 fornicationem
1677 578 1771 619 eos
1815 564 1981 618 inter-

415 662 565 725 l‘ecit,
599 661 695 715 sed
714 660 768 714 in
800 659 1089 714 novissimo
1102 657 1308 726 judicio
1336 656 1549 713 Domini
1591 656 1695 713 iste
1719 670 1840 709 cum
1871 652 1985 709 suis

416 749 741 820 sequacibus
793 747 1179 817 dissipabitur,
1242 762 1363 801 cum
1433 744 1683 800 omnibus
1736 742 1986 798 videlicet

417 839 828 894 auxiliatoribus
864 839 995 903 suis,
1027 846 1082 892 et
1111 839 1163 891 in
1205 846 1465 893 tartarum
1495 835 1689 890 inferni
1732 835 1786 889 in
1829 842 1987 889 arter-

418 946 544 984 num
575 929 896 984 cruciandus
925 928 1364 997 prmeipitabitur.

494 1039 512 1072 ε
562 1018 847 1088 Usquequo
872 1016 1208 1072 concideris?
1244 1015 1288 1073 Ο
1315 1031 1501 1071 mucro
1529 1014 1762 1079 Domini,
1790 1024 1990 1083 usque-

421 1135 439 1166 ι
488 1129 594 1185 quo
622 1128 729 1169 non
773 1112 1042 1182 quiescis?
1081 1110 1363 1181 Ingredere
1409 1110 1461 1162 in
1504 1108 1753 1178 vaginam
1803 1113 1985 1172 tuam,

423 1225 439 1255 ι
485 1204 804 1275 refrigerare
831 1210 885 1256 et
904 1202 1022 1257 sile.
1058 1221 1076 1252 ι
1114 1200 1267 1255 Hunc
1302 1212 1610 1252 mucronem
1632 1196 1784 1266 juxta
1822 1194 1989 1250 histo-

417 1305 555 1357 riam
591 1298 1081 1355 Nabuchodonosor
1109 1310 1392 1367 possumus
1435 1294 1754 1365 intelligere,
1794 1290 1884 1362 qui
1930 1289 1986 1342 in

417 1392 646 1448 diversis
668 1389 916 1461 gentibus
959 1387 1252 1442 vindictam
1296 1387 1389 1439 iraa
1430 1384 1641 1439 Domini
1688 1381 1987 1454 permissus

415 1481 679 1543 exercuit.
706 1478 803 1535 Cui
837 1479 998 1533 etiam
1030 1493 1127 1547 per
1163 1475 1499 1531 Ezechielem
1524 1472 1763 1527 dicitur:
1801 1487 1821 1521 ι
1874 1467 1988 1522 Mu-

417 1592 534 1641 cro,
578 1590 785 1639 mucro,
825 1573 1050 1643 evagina
1080 1579 1130 1625 te
1167 1570 1234 1624 ad
1273 1565 1649 1629 occidendum,
1678 1563 1806 1617 lima
1849 1569 1902 1615 te
1928 1566 1991 1613 ut

418 1664 733 1730 intcrﬁcias,
765 1672 822 1719 et
859 1661 1063 1732 fulgeas
1102 1675 1225 1715 cum
1270 1657 1365 1719 tibi
1411 1656 1722 1711 viderentur
1757 1667 1896 1706 vana
1933 1659 1989 1704 et

417 1756 793 1810 divinarentur
825 1749 1106 1806 mendacia
1135 1765 1149 1802 :
1179 1756 1239 1802 ut
1277 1746 1483 1801 dareris
1518 1758 1681 1813 super
1707 1740 1843 1799 colla
1871 1738 1989 1793 vul-

417 1854 727 1901 neratorum
759 1841 1073 1911 impiorum,
1103 1853 1330 1909 quorum
1354 1835 1504 1891 venit
1532 1835 1647 1890 dies
1669 1834 1723 1889 in
1746 1842 1986 1901 tempore

418 1935 716 2005 iniquitatis
738 1931 1023 2004 prmﬁnita,
1065 1938 1337 1984 revertere
1371 1926 1437 1981 ad
1471 1925 1713 1995 vaginam
1747 1933 1891 1977 tuam
1930 1922 1985 1977 in

415 2028 590 2082 locum
638 2024 689 2079 in
721 2039 827 2093 quo
875 2031 1091 2076 creatus
1132 2034 1226 2085 es,
1265 2018 1320 2071 in
1365 2024 1507 2072 terra
1546 2012 1844 2072 nativitatis
1884 2020 1986 2065 tua:

410 2118 667 2192 jutlicabo
713 2125 794 2180 te,
845 2123 901 2171 et
945 2112 1213 2169 eﬁ‘undam
1261 2124 1423 2181 super
1468 2117 1522 2165 te
1566 2104 1985 2176 indignationem

416 2224 593 2264 meam
619 2206 835 2279 (Ezech.
860 2203 996 2276 χιι).
1042 2223 1061 2255 ι
1094 2202 1263 2272 Hujus
1294 2199 1572 2256 sententia:
1598 2196 1719 2251 talis
1742 2204 1826 2250 est
1865 2210 1987 2249 sen-

414 2317 509 2357 sus
542 2318 555 2354 :
586 2298 631 2354 0
662 2313 756 2352 rex
776 2294 1085 2367 Babylonis,
1116 2292 1209 2363 qui
1242 2292 1295 2346 in
1330 2304 1533 2346 morem
1565 2286 1857 2350 mucronis,
1889 2299 1986 2339 seu

352 2414 361 2425 ι
416 2389 576 2462 gladii
605 2397 829 2459 paratus
857 2400 917 2441 es
948 2384 1017 2439 ad
1041 2383 1265 2446 ctedem,
1303 2379 1395 2450 qui
1436 2379 1655 2433 limatus
1681 2391 1763 2440 es,
1789 2383 1847 2430 ut
1878 2373 1983 2428 ful-

414 2497 545 2553 geas
565 2489 631 2537 et
658 2477 977 2542 interﬁcias,
1016 2474 1142 2528 licet
1164 2472 1262 2527 tibi
1293 2469 1434 2525 idola
1474 2464 1849 2538 responderint
1871 2504 1888 2529 ,
1931 2472 1989 2518 et

417 2587 612 2627 vanum
648 2570 721 2624 sit
745 2581 905 2623 omne
938 2564 1079 2635 quod
1118 2579 1148 2617 a
1178 2561 1512 2618 daemonibus
1553 2554 1983 2627 responderetur,

417 2674 476 2718 ut
501 2661 747 2717 videlicet
785 2657 1188 2713 vulneratorum
1226 2650 1527 2708 cervicibus
1572 2648 1903 2712 immineres,
1931 2652 1987 2700 et

414 2770 515 2827 per
558 2762 611 2809 te
644 2749 1019 2821 complerctur,
1058 2745 1202 2817 quod
1243 2743 1413 2800 multo
1450 2740 1707 2796 Dominus
1745 2747 1987 2808 tempore

415 2845 594 2902 fuerat
617 2842 998 2905 comminatus,
1027 2847 1204 2893 tamen
1244 2833 1461 2905 expleto
1497 2844 1658 2903 opere
1690 2838 1800 2895 tuo,
1844 2827 1987 2897 quod

414 2934 571 3005 egisti
616 2941 802 2989 contra
853 2930 991 2987 ﬁlios
1033 2930 1243 2992 Amen,
1305 2933 1576 2980 revertere
1624 2921 1693 2976 ad
1737 2919 1985 2989 vaginam

417 3035 589 3090 tuam,
626 3024 679 3079 id
700 3032 805 3089 est,
832 3023 885 3077 in
920 3020 1247 3092 Babylonem
1281 3018 1347 3072 ad
1372 3016 1549 3073 locum
1576 3014 1630 3067 in
1670 3027 1777 3082 quo
1811 3010 1986 3064 factus

415 3132 479 3174 es
512 3125 569 3172 et
591 3123 827 3179 creatus,
856 3122 916 3168 ut
939 3114 992 3167 in
1024 3121 1169 3166 terra
1200 3108 1498 3164 nativitatis
1528 3115 1631 3161 tute
1648 3104 1882 3173 judicem
1908 3110 1981 3165 te,

415 3217 469 3264 et
493 3205 762 3262 eﬁundam
798 3218 962 3274 super
1002 3213 1053 3256 te
1082 3199 1504 3271 indignationem
1547 3210 1741 3259 meam,
1790 3201 1846 3248 ct
1876 3191 1983 3245 Me-

414 3298 605 3352 dorum
667 3304 831 3364 atque
891 3294 1180 3348 Persarum
1238 3290 1436 3343 virtute
1496 3286 1749 3356 capiaris.
1821 3284 1982 3339 Juxta

412 3390 661 3460 ἀναγογὴν
701 3400 828 3440 vero
855 3383 1089 3455 gladium
1132 3388 1348 3437 acutum
1385 3385 1739 3452 paratumque
1784 3376 1851 3431 ad
1881 3391 1982 3430 ca:-

414 3478 538 3534 dem
566 3476 809 3545 accipere
844 3488 1131 3544 possumus
1173 3471 1464 3535 diabolum,
1508 3470 1575 3525 de
1602 3484 1710 3539 quo
1737 3469 1813 3523 ait
1846 3467 1984 3522 Pau-

412 3571 499 3624 lus
540 3587 552 3621 :
600 3588 619 3619 ι
666 3565 901 3620 Tradere
949 3563 1314 3634 hujuscemodi
1354 3560 1565 3617 Satanze
1608 3561 1663 3615 in
1711 3560 1982 3616 interitum

414 3660 617 3727 carnis,
645 3671 705 3713 ut
728 3658 946 3728 Spiritus
971 3657 1150 3713 salvus
1177 3656 1271 3710 ﬁat
1296 3654 1347 3728 (1
1393 3655 1517 3711 Cor.
1542 3654 1617 3727 v).
1649 3674 1668 3707 ι
1704 3654 1769 3708 Et
1800 3655 1853 3708 in
1879 3653 1985 3708 alio

413 3753 575 3808 loco:
610 3769 630 3803 ι
665 3751 983 3820 Hymenaeus
1024 3757 1081 3803 et
1119 3748 1423 3804 Alexander
1468 3762 1604 3819 quos
1650 3746 1841 3801 tradidi
1890 3744 1987 3800 Sa-

413 3850 575 3907 tanae,
604 3852 666 3896 ut
698 3840 910 3895 discant
940 3854 1047 3894 non
1086 3837 1463 3907 blasphemare
1490 3835 1541 3908 (I
1572 3835 1705 3889 Tim.
1744 3835 1805 3907 ι).
1843 3855 1861 3888 ι
1917 3834 1987 3890 Et

413 3933 469 3988 in
496 3930 725 3989 Psalmis
772 3930 1031 4001 scriptum
1072 3936 1157 3986 est
1191 3945 1204 3984 :
1253 3946 1272 3980 ι
1314 3926 1456 3983 Misit
1491 3925 1726 3981 furorem
1761 3934 1816 3981 et
1847 3925 1985 3979 iram

414 4034 471 4082 et
515 4023 840 4095 angustiam,
889 4020 1276 4076 immissionem
1314 4035 1412 4091 per
1462 4019 1680 4088 angelos
1721 4017 1986 4087 pessimos

414 4112 588 4186 (I’aal.
617 4111 843 4183 LXXVII.)
875 4131 893 4164 ι
920 4108 1320 4180 Obstupeseens
1342 4123 1473 4179 ergo
1500 4108 1761 4178 propheta
1790 4107 1985 4162 nimie-

411 4211 579 4259 tatem
609 4200 874 4263 vindictre,
916 4213 1037 4270 qua;
1066 4197 1437 4267 peccatoribus
1481 4205 1867 4267 superventura
1904 4202 1988 4250 est

412 4308 479 4348 ex
508 4308 739 4364 persona
771 4290 1177 4354 suﬂ'erentium,
1209 4298 1264 4345 et
1302 4288 1596 4345 dolentium
1640 4288 1878 4358 loquitur
1919 4287 1987 4342 ad

415 4385 649 4456 gladium
698 4383 917 4439 ultionis
962 4382 1197 4447 Domini,
1252 4390 1309 4437 et
1366 4382 1666 4452 interrogat
1707 4396 1988 4452 usquequo

414 4475 794 4547 progrediatur
824 4490 838 4531 :
878 4490 978 4532 cur
1003 4489 1108 4529 non
1137 4482 1315 4528 cesset
1350 4472 1638 4543 aliquando
1675 4474 1742 4528 ab
1768 4473 1987 4528 ultionis
2012 4497 2064 4558 ι)
2090 4476 2282 4542 ritalis,
2322 4475 2489 4531 Israel
2532 4476 2729 4531 dicitur
2766 4474 2834 4529 de
2870 4473 3076 4529 carnali
3123 4491 3136 4525 :

412 4564 590 4638 plaga.
618 4563 701 4619 Ad
729 4563 872 4634 quod
900 4563 1014 4632 ipse
1037 4564 1296 4633 propheta
1328 4562 1625 4634 respondit,
1652 4564 1836 4619 dicens
1861 4581 1875 4617 :

488 4674 507 4706 σ
544 4654 823 4721 Quomodo
854 4652 1099 4724 quiescet
1132 4667 1257 4709 cum
1293 4653 1551 4709 Dominus
1588 4654 1904 4725 praeceperit
1932 4655 1983 4709 ei

417 4760 439 4795 ς
485 4743 770 4799 adversum
819 4741 1169 4808 Ascalonem,
1231 4750 1287 4797 et
1342 4742 1626 4798 adversum
1684 4744 1987 4799 maritimas

416 4858 437 4891 ς
481 4836 599 4908 ejus
642 4837 913 4908 regiones,
954 4836 1136 4906 ibique
1179 4836 1481 4892 condixerit
1517 4836 1593 4891 illi
1624 4835 1692 4891 ad
1730 4835 1920 4891 Moab?
1960 4857 1980 4889 ι

412 4927 661 4985 Ostendit
707 4943 922 5001 quoque
962 4928 1104 4985 unde
1157 4928 1450 4989 vindictam
1503 4926 1806 4998 patiantur,
1860 4927 1986 4996 quia

413 5018 652 5087 peccatis
676 5016 788 5071 suis
813 5016 1095 5072 Dominum
1132 5018 1200 5075 ad
1227 5018 1562 5077 iracundiam
1591 5024 1950 5091 provocantes
1968 5057 1983 5081 ,

413 5105 576 5162 talem
606 5107 931 5165 sententiam
952 5108 1226 5178 suscipere
1252 5118 1588 5173 meruerunt,
1609 5121 1709 5163 nec
1734 5106 1990 5178 possibile

415 5214 535 5254 esse
566 5214 891 5269 quemquam
913 5200 1127 5270 plagam
1157 5199 1457 5259 immissam
1499 5207 1839 5264 convertere,
1881 5197 1989 5253 nisi

414 5289 675 5345 Dominus
702 5289 945 5361 placatus
965 5287 1155 5358 jubeat
1185 5304 1304 5345 eam
1332 5304 1431 5345 suo
1467 5290 1694 5361 imperio
1724 5290 1793 5344 ab
1823 5288 1993 5345 inter-

415 5379 647 5438 fectione
698 5397 915 5441 reorum
965 5397 1199 5438 cessare.
1237 5381 1465 5453 Jamque
1509 5392 1633 5453 post
1675 5382 1989 5443 Palaestinos

416 5485 595 5529 sermo
622 5473 836 5528 Domini
860 5471 927 5527 ad
953 5472 1110 5528 Moab
1143 5489 1238 5542 per
1267 5473 1584 5545 prophetam
1610 5472 1879 5548 dirigitur.

944 5565 1171 5621 CAPUT
1228 5564 1454 5620 XLVIII.

430 5720 438 5727 _
525 5655 710 5711 Sermo
752 5657 966 5715 Domini
993 5668 1175 5713 contra
1206 5657 1364 5712 Moab
1392 5669 1439 5712 et
1473 5658 1706 5712 civitates
1741 5660 1876 5729 ejus.

500 5762 519 5798 ι
565 5744 690 5800 Haec
733 5748 861 5801 dicit
908 5748 1165 5803 Dominus
1212 5749 1543 5803 exercituum
1594 5750 1735 5804 Deus
1778 5749 1983 5807 Israel:

2090 585 2109 618 ε
2151 574 2307 636 capta
2333 575 2417 623 est
2444 565 2843 632 Cariatbiarim,
2866 566 3085 622 confusa
3114 577 3201 623 est
3236 566 3410 629 fortis,
3449 576 3506 621 ct
3530 582 3686 621 con-

2091 678 2110 710 ι
2156 660 2394 714 tremuit.
2420 657 2537 713 Non
2564 669 2647 715 est
2684 659 2824 715 ultra
2852 660 3140 715 exsultatio
3169 661 3221 715 in
3257 659 3431 724 Moab,
3464 671 3687 714 contra

2091 769 2109 801 ι
2153 750 2359 805 Esebon
2394 751 2765 821 cogitaverunt
2795 751 3014 805 malum.
3045 751 3237 806 Venite
3272 759 3329 805 et
3369 750 3687 820 disperda-

2092 860 2110 892 ι
2156 858 2273 896 mus
2293 856 2412 897 eam
2440 843 2504 897 de
2529 854 2707 914 gente.
2729 842 2871 915 Ergo
2893 842 3058 897 silens
3084 842 3435 907 conticesces,
3464 856 3689 910 seque-

2091 954 2109 986 ι
2155 943 2244 989 tur
2270 943 2323 990 te
2348 935 2575 1006 gladius.
2608 932 2720 991 Vox
2749 934 3003 991 clamoris
3032 936 3097 990 de
3117 933 3395 997 Orouaim,
3426 935 3690 988 vastitas

2091 1046 2110 1079 ‹
2151 1035 2209 1082 et
2235 1027 2485 1086 contritio
2508 1042 2720 1097 magna.
2751 1026 2995 1082 Contrita
3024 1034 3107 1082 est
3137 1026 3312 1091 Moab,
3340 1026 3617 1079 annuntia
3631 1036 3691 1078 te

2092 1135 2111 1167 ι
2156 1117 2442 1174 chmorem
2463 1116 2698 1185 parvulis
2724 1117 2858 1187 ejus.
2889 1116 2997 1172 Per
3018 1131 3298 1174 ascensum
3330 1116 3473 1169 enim
3499 1112 3689 1168 Luith

2093 1226 2111 1258 ι
2158 1208 2397 1278 plorans,
2428 1208 2683 1263 ascendet
2720 1209 2772 1263 in
2804 1208 2930 1263 ﬂetu
2966 1226 2979 1263 :
3012 1208 3269 1279 quoniam
3302 1207 3353 1260 in
3392 1206 3687 1259 descensu

2092 1317 2111 1349 ι
2155 1297 2408 1354 Oronaim
2439 1299 2624 1353 hostes
2654 1298 2914 1353 ululatum
2937 1298 3278 1357 eontritionis
3299 1296 3626 1349 audierunt.
3658 1314 3681 1346 ι

2088 1386 2375 1458 (limans)
2422 1387 2674 1442 Pnedicit
2716 1403 2845 1458 ergo
2877 1386 3032 1457 juxta
3076 1387 3358 1441 historiam
3398 1386 3687 1439 vastatio-

2086 1493 2210 1532 nem
2242 1476 2656 1547 Babyloniorum
2695 1492 2857 1549 super
2889 1476 3043 1531 Moab
3077 1485 3383 1533 venturam.
3412 1483 3469 1529 ct
3501 1490 3688 1543 super

2085 1570 2247 1624 urbes
2271 1566 2387 1636 ejus
2428 1568 2656 1639 inclytas
2694 1586 2707 1622 :
2751 1579 2812 1626 ut
2847 1568 2972 1639 quia
3010 1568 3198 1623 hostes
3227 1566 3435 1621 fuerunt
3478 1564 3685 1634 populi

2086 1659 2203 1726 Dei,
2244 1668 2300 1714 et
2341 1659 2395 1714 in
2440 1658 2709 1716 derisione
2750 1673 2963 1724 semper
3007 1672 3129 1711 eum
3165 1656 3491 1719 habuerunt,
3538 1656 3687 1724 ipsa:

2085 1753 2249 1807 etiam
2295 1752 2584 1807 devastata:
2622 1750 2832 1820 caeteris
2874 1750 3181 1805 nationibus
3226 1748 3281 1802 in
3306 1747 3546 1801 derisum
3575 1747 3684 1799 lie:

2013 1814 2060 1873 Β
2088 1848 2228 1896 rent.
2261 1840 2413 1897 Unde
2440 1840 2493 1895 in
2534 1814 2881 1911 sequentibus
2907 1838 3140 1893 dicitur:
3177 1856 3196 1888 ι
3233 1836 3356 1892 Fuit
3384 1835 3532 1890 enim
3570 1833 3680 1888 tibi

2085 1930 2141 1985 in
2168 1929 2400 1986 derisum
2428 1929 2609 1991 Israel,
2642 1928 2793 1998 quasi
2831 1928 2972 1984 inter
2997 1927 3144 1983 fures
3166 1927 3457 1999 reperisses
3489 1941 3623 1980 eum
3662 1943 3679 1978 :

2083 2028 2303 2091 propter
2326 2020 2490 2074 verba
2513 2020 2658 2074 enim
2685 2027 2797 2085 tua,
2832 2034 2951 2088 quae
2985 2018 3245 2073 adversus
3275 2017 3420 2071 illmn
3448 2016 3682 2070 locutus

2083 2125 2163 2176 es,
2200 2111 2443 2180 captivus
2471 2109 2704 2165 duceris.
2753 2128 2772 2161 ι
2818 2107 3018 2163 Contra
3059 2106 3321 2163 Moabitas
3360 2120 3581 2175 quoque
3616 2117 3682 2160 et

2083 2202 2251 2258 Isaias
2275 2201 2329 2255 in
2359 2200 2495 2256 libro
2536 2214 2633 2256 suo
2659 2199 2915 2269 loquitur,
2962 2197 3187 2253 dicens:
3224 2214 3242 2247 ι
3280 2195 3464 2249 Murus
3509 2194 3681 2247 Moab

2084 2292 2363 2357 conticuit,
2405 2291 2646 2346 ascendit
2696 2291 2885 2345 domus
2923 2298 2979 2345 et
3016 2288 3188 2343 Dibon
3238 2286 3303 2341 ad
3352 2286 3569 2342 excelsa
3617 2287 3678 2340 in

2083 2385 2378 2456 planctum,
2403 2397 2563 2451 super
2591 2379 2739 2436 Nabo
2773 2390 2829 2435 et
2854 2395 3016 2450 super
3048 2378 3268 2433 Medeba
3311 2376 3461 2430 Moab
3493 2376 3683 2429 ulula-

2083 2477 2163 2529 vit
2196 2473 2329 2544 (Isa.
2363 2473 2500 2544 ιη),
2535 2491 2553 2523 ι
2585 2482 2641 2526 et
2667 2480 2884 2525 etetera.
2925 2471 3079 2525 Moab
3102 2484 3229 2523 vero
3269 2468 3550 2539 provincia
3584 2476 3679 2522 est

2084 2566 2346 2631 Arabum,
2388 2565 2439 2618 in
2474 2580 2580 2635 qua
2606 2562 2710 2618 fuit
2743 2563 2870 2619 Bale
2905 2562 3049 2617 ﬁlius
3086 2562 3247 2628 Bcor,
3271 2562 3360 2631 qui
3403 2559 3676 2615 conduxit

2085 2657 2311 2713 ariolum
2353 2655 2572 2709 Balaam
2615 2654 2683 2710 de
2729 2654 3151 2723 Mesopotamia,
3201 2661 3260 2708 ut
3313 2650 3675 2706 malediceret

2084 2750 2268 2807 Israeli
2293 2747 2482 2821 (Num.
2517 2748 2669 2823 xxv),
2718 2748 2809 2802 ubi
2849 2748 3093 2802 initiatus
3132 2756 3220 2803 est
3254 2743 3483 2815 populus
3514 2741 3673 2796 Beel-

2085 2844 2308 2915 phegor.
2337 2839 2489 2896 Nabo
2513 2841 2658 2895 enim
2688 2840 2881 2895 civitas
2916 2849 3036 2894 erat
3061 2838 3259 2896 nobilis
3296 2837 3350 2891 in
3392 2850 3498 2905 qua
3523 2835 3669 2890 Cha-

2085 2951 2203 2991 mos
2245 2934 2441 2990 idolum
2491 2940 2864 2989 consecratum
2903 2939 3060 2996 erat,
3100 2929 3245 2999 quod
3288 2928 3393 2983 alio
3443 2925 3669 2982 nomine

2085 3025 2381 3097 appellatur
2405 3024 2753 3095 Beelpbegor.
2789 3022 2852 3076 Et
2877 3022 3085 3079 Esebon
3109 3019 3237 3075 urbs
3264 3018 3364 3073 fuit
3391 3017 3667 3087 quondam

2087 3119 2226 3175 Seon
2274 3117 2413 3189 regis
2448 3116 2907 3177 Amorrhteorum,
2944 3114 3012 3168 de
3049 3127 3152 3183 qua
3212 3112 3351 3166 idem
3393 3108 3665 3165 Jeremias

2086 3209 2203 3263 ait:
2237 3228 2255 3260 ‹
2308 3207 2448 3278 Ignis
2491 3219 2739 3275 egressus
2767 3212 2851 3260 est
2898 3202 2964 3258 de
3001 3202 3231 3265 Esebon,
3259 3208 3313 3254 et
3355 3197 3575 3252 ﬂumina
3599 3196 3668 3249 de

2086 3298 2263 3354 medio
2300 3298 2440 3352 Scon
2471 3296 2626 3367 (Sup.
2657 3294 2824 3367 xuv.)
2868 3314 2885 3346 ι
2925 3294 3087 3350 Luith
3112 3294 3255 3348 enim
3294 3292 3362 3346 de
3389 3305 3497 3361 quo
3522 3303 3666 3343 nunc

2085 3388 2345 3459 propheta
2370 3386 2523 3450 dicit,
2559 3404 2578 3436 ι
2610 3400 2706 3455 per
2726 3399 3013 3439 ascensum
3043 3382 3204 3437 Luith
3233 3380 3454 3451 plorans
3473 3393 3664 3433 ascen-

2085 3478 2177 3533 det
2203 3478 2256 3533 in
2294 3476 2441 3541 ﬁetu,
2477 3495 2495 3527 ι
2521 3475 2868 3546 intelligimus
2897 3489 3017 3530 esse
3044 3473 3240 3530 clivum
3275 3471 3486 3525 itineris
3514 3468 3657 3539 quod

2087 3571 2314 3625 deducet
2338 3569 2404 3622 ad
2438 3566 2705 3638 Assyrios,
2739 3576 2796 3621 et
2823 3582 2919 3636 per
2950 3566 3054 3621 hoc
3085 3564 3456 3635 captivitatem
3491 3560 3655 3628 signi-

2087 3661 2261 3727 ﬁcari,
2291 3659 2547 3730 quoniam
2593 3659 2648 3713 in
2688 3658 2949 3713 descensu
2977 3656 3233 3712 Oronaim
3272 3654 3461 3709 hostes
3490 3649 3665 3705 ulula-

2087 3762 2203 3809 tum
2230 3734 2569 3808 contritionis
2598 3751 2902 3806 audierunt.
2944 3748 3185 3818 Longum
3212 3754 3295 3801 est
3330 3744 3375 3798 si
3406 3744 3570 3799 velim
3601 3742 3669 3796 de

2087 3842 2313 3914 singulis
2339 3841 2543 3908 dicere,
2570 3856 2692 3897 cum
2719 3839 3062 3911 perspicuum
3097 3838 3190 3902 sit,
3232 3834 3315 3889 vel
3357 3834 3571 3888 urbium
3610 3833 3665 3885 in

2087 3934 2262 4004 Moab,
2312 3935 2397 3991 vel
2449 3934 2690 3990 locorum
2739 3947 2859 3988 esse
2903 3930 3145 3997 nomina,
3191 3943 3310 3998 quae
3351 3926 3666 3982 defecerant

2087 4027 2557 4097 transmigrantes.
2597 4024 2877 4091 Quomodo
2915 4020 3252 4078 circumcisio
3287 4028 3373 4073 est
3408 4016 3663 4078 carnalis,

2086 4127 2169 4174 est
2195 4126 2248 4173 et
2273 4116 2530 4188 spiritalis
2558 4140 2571 4170 .
2609 4125 2665 4170 et
2686 4116 2750 4169 de
2774 4113 3003 4184 spiritali
3024 4113 3092 4167 ab
3124 4108 3380 4180 Apostolo
3415 4108 3613 4162 dicitur
3646 4123 3657 4134 ·

2094 4227 2114 4260 ι
2151 4208 2258 4263 Nos
2286 4207 2428 4262 enim
2453 4221 2638 4262 sumus
2663 4204 3021 4268 circumcisio,
3043 4201 3132 4271 qui
3160 4200 3350 4271 spiritu
3375 4198 3471 4252 Dei
3502 4194 3666 4251 servi-

2087 4314 2230 4363 mus,
2258 4306 2314 4353 et
2337 4297 2630 4368 gloriamur
2656 4296 2709 4350 in
2735 4294 2963 4350 Domino
2988 4303 3044 4348 et
3064 4308 3168 4348 non
3192 4292 3244 4345 in
3280 4304 3446 4344 carne
3494 4285 3663 4341 eonﬁ-

2087 4387 2267 4442 dimus
2295 4385 2459 4458 (Phil.
2487 4386 2602 4455 III);
2637 4406 2653 4437 ι
2694 4394 2748 4439 et
2775 4399 2990 4439 rursum
3012 4382 3081 4437 ad
3119 4380 3516 4437 distinctionem
3559 4378 3666 4446 spi-

3188 4490 3207 4522 ι
3267 4472 3460 4526 Videte
3501 4466 3661 4523 Israel

2091 4566 2384 4623 secundum
2428 4583 2681 4633 carnem,
2729 4574 2786 4621 et
2826 4580 2922 4619 vos
2964 4574 3150 4635 gentes
3188 4563 3240 4616 in
3285 4576 3468 4618 carne.
3517 4580 3537 4612 ι
3575 4558 3663 4612 Sic

2092 4659 2247 4715 Moab
2273 4659 2616 4730 accipiendus
2644 4668 2725 4713 est
2772 4656 3109 4728 spiritaliter,
3150 4654 3238 4725 qui
3280 4654 3663 4723 interpretatur

2093 4751 2158 4806 de
2196 4760 2343 4822 patre
2388 4751 2501 4806 sive
2530 4767 2666 4820 aqua
2693 4758 2932 4817 paterna,
2965 4749 3031 4802 de
3069 4747 3274 4801 incesto
3310 4754 3366 4799 et
3401 4744 3661 4800 ebrietate

2094 4849 2415 4910 conceptus,
2467 4843 2610 4912 quod
2660 4839 3053 4910 quodammodo
3107 4839 3364 4902 absente,
3416 4836 3524 4891 imo
3571 4851 3662 4889 ne-

2094 4932 2297 4988 sciente
2344 4940 2497 5002 patre
2538 4931 2810 4985 videretur
2860 4944 2981 4985 esse
3025 4936 3331 4997 generatus.
3382 4925 3439 4980 In
3485 4925 3661 4980 multis

2097 5024 2495 5095 Scripturarum
2540 5023 2674 5079 locis
2704 5024 2771 5078 de
2803 5021 2960 5076 Moab
2986 5021 3215 5090 legimus
3243 5029 3298 5072 et
3338 5018 3572 5072 maxime
3609 5019 3657 5071 in

2094 5115 2454 5172 Numerorum
2505 5115 2771 5170 volumine
2805 5113 2996 5169 (Num.
3039 5111 3201 5182 xm.)
3246 5110 3465 5181 quando
3502 5108 3657 5163 Balac

2095 5224 2188 5264 rex
2231 5208 2584 5263 Moabitarum
2620 5207 2687 5262 ad
2717 5205 3145 5262 maledicendum
3171 5204 3392 5257 Balaam
3421 5199 3658 5257 invitavit

2095 5297 2339 5361 ariolum,
2372 5298 2462 5367 qui
2510 5297 2651 5352 inter
2688 5307 2881 5352 caetera
2926 5297 3030 5353 hoc
3076 5296 3239 5351 etiam
3277 5303 3469 5349 contra
3512 5291 3657 5346 Moab

2094 5389 2380 5461 mysticum
2409 5389 2746 5459 prophetavit
2773 5407 2785 5441 :
2824 5407 2841 5438 ‹
2886 5387 3106 5444 Orietur
3135 5387 3288 5442 stella
3318 5402 3386 5441 ex
3417 5384 3581 5440 Iacob
3606 5387 3660 5439 et

2095 5487 2380 5549 consurget
2433 5479 2592 5532 homo
2645 5479 2710 5532 de
2755 5477 2951 5541 Israel,
2979 5485 3035 5532 et
3081 5476 3352 5546 percutiet
3391 5474 3658 5545 principes

2095 5570 2267 5624 Moab.
2308 5589 2329 5621 ι
2378 5567 2656 5639 Signiﬁcat
2690 5576 2868 5621 autem
2899 5566 3057 5623 Moab
3081 5565 3402 5635 sapientiam
3443 5561 3656 5618 saecula-

2097 5677 2245 5726 rem,
2292 5662 2357 5715 de
2408 5676 2511 5729 qua
2563 5660 2820 5714 Dominus
2871 5659 3107 5729 loquitur
3158 5672 3256 5727 per
3296 5656 3652 5726 prophetam:

2101 5773 2120 5806 ‹
2175 5751 2403 5808 Perdam
2455 5751 2771 5822 sapientiam
2823 5751 3174 5823 sapientium,
3224 5757 3279 5804 et
3322 5747 3653 5819 prudentiam
