3970 6190
341 402 478 457 “2?.

1132 414 1148 433 λ
1245 397 1609 465 EXPOSlTlO
1648 400 1871 457 SUPER
1908 397 2271 458 JEREMIAM.
2308 437 2382 447 —
2418 404 2542 461 LIB.
2586 408 2700 464 XV.

3442 416 3578 472 illi

332 536 677 606 prudentium
703 533 1001 604 reprohaho
1037 531 1171 605 (Isa.
1198 550 1328 589 xxrx
1357 551 1372 600 ;
1401 533 1431 588 1
1458 533 1581 589 Cor.
1623 532 1694 605 ι);
1735 554 1753 587 ι
1788 548 1907 602 qua:

2015 533 2034 565 ι
2073 513 2412 572 Sacrificium
2438 520 2547 575 Deo
2568 521 2789 591 spiritus
2816 523 3228 591 contribulatus,
3260 541 3357 581 cor
3380 530 3579 583 contri-

331 628 462 698 quia
486 636 763 680 auctorem
790 626 874 679 sui
909 639 1124 679 sensum
1151 625 1336 691 habet,
1375 625 1468 696 qui
1500 638 1569 678 ex
1596 625 1692 679 Dei
1721 624 1909 680 condi-

333 721 484 773 tione
501 725 814 787 generatur,
844 714 1058 769 videtur
1079 714 1294 783 quidem
1310 715 1375 769 de
1394 725 1547 783 patre
1569 713 1741 778 nasci,
1766 712 1909 782 quod

331 813 721 879 interpretatur
750 806 905 861 Moab
932 846 946 871 ,
979 806 1071 861 sed
1103 807 1228 875 quia
1258 806 1469 861 adulter
1509 814 1593 878 est
1628 815 1682 859 et
1718 806 1910 860 adver-

331 904 510 958 sarius
552 898 729 970 populi
774 897 889 961 Dei,
921 897 988 952 de
1023 897 1232 952 incesto
1272 906 1326 951 et
1364 897 1621 966 spelunca
1655 913 1720 951 ac
1750 905 1909 951 nocte

333 1004 644 1064 generatur.
699 990 851 1046 Unde
882 990 933 1043 in
978 999 1137 1044 nocte
1164 989 1327 1058 perit,
1383 989 1437 1042 in
1485 1003 1673 1042 errore
1699 987 1908 1042 scilicet

331 1083 702 1153 sempiterno:
735 1088 792 1133 et
820 1077 1060 1149 Egyptii
1094 1078 1149 1131 in
1178 1077 1316 1131 mari
1344 1076 1528 1131 Rubro
1576 1076 1756 1147 vigilia
1795 1092 1909 1130 ma-

335 1177 528 1240 tutina,
577 1188 696 1241 qum
747 1179 1071 1225 nocturnum
1122 1176 1334 1238 tempus
1373 1168 1629 1231 ostendit,
1660 1167 1908 1221 fluctibus

332 1264 513 1319 obruti
545 1271 707 1318 sunt:
749 1268 803 1315 et
823 1259 925 1313 Lot
962 1259 1019 1313 in
1056 1257 1306 1312 Sodomis
1356 1267 1514 1312 nocte
1555 1256 1907 1326 pereuntibus

332 1356 482 1408 venit
508 1354 560 1407 in
589 1352 778 1422 Segor,
812 1359 867 1404 et
894 1358 1050 1403 ortus
1077 1354 1162 1403 est
1201 1348 1249 1402 ei
1288 1348 1369 1402 sol
1404 1345 1556 1417 (Gen.
1586 1352 1722 1413 xix).
1755 1344 1907 1411 Quod

335 1444 640 1514 intelligens
686 1442 748 1495 Β.
789 1439 1079 1509 Apostolus
1130 1437 1318 1492 scribit
1372 1437 1437 1491 de
1490 1435 1691 1490 sanctis
1747 1444 1907 1504 atque

333 1533 590 1605 perfectis
626 1530 677 1602 (Ι
724 1528 903 1584 Thess.
956 1528 1008 1601 v)
1042 1546 1055 1581 :
1092 1547 1111 1579 ‹
1143 1527 1259 1583 Non
1295 1544 1482 1583 sumus
1522 1527 1693 1582 noctis
1734 1540 1908 1596 neque

334 1629 697 1690 tenebrarum,
722 1626 817 1681 sed
845 1641 1030 1681 sumus
1057 1625 1147 1679 lilii
1178 1625 1293 1680 Dei.
1327 1624 1427 1691 Qui
1454 1624 1596 1678 enim
1636 1622 1908 1689 dormiunt

331 1728 490 1773 nocte
545 1717 848 1783 dormiunt,
901 1724 956 1771 et
1010 1716 1102 1784 qui
1161 1715 1499 1770 inebriantur
1554 1724 1712 1768 nocte
1770 1712 1907 1768 ebrii

329 1820 476 1867 sunt.
514 1830 533 1862 ι
560 1809 668 1864 Nos
705 1809 980 1879 enim,qui
1003 1809 1109 1863 diei
1135 1824 1352 1873 sumus,
1382 1808 1664 1879 vigilemus
1691 1825 1703 1861 :
1735 1807 1906 1861 induti

328 1901 553 1956 loricam
589 1901 737 1966 ﬁdei,
766 1909 821 1955 et
842 1900 1143 1955 charitatis.
1187 1899 1254 1953 Et
1279 1900 1407 1968 quia
1439 1908 1650 1953 noctem
1678 1898 1908 1968 relique-

331 2002 434 2058 rat,
471 2002 526 2047 et
556 1993 695 2048 filius
726 1992 821 2047 Dei
843 2007 964 2048 esse
993 1990 1109 2060 jam
1137 2000 1398 2061 coeperat,
1436 1992 1674 2061 loquitur
1700 1992 1766 2045 ad
1791 2006 1908 2044 cre-

328 2087 520 2141 dentes
552 2103 565 2139 :
596 2105 614 2136 ι
662 2084 779 2141 Nox
805 2086 1101 2155 praecessit,
1141 2084 1256 2138 dies
1288 2092 1465 2138 autem
1508 2083 1906 2153 appropinqua-

331 2177 428 2232 bit.
460 2177 623 2245 Quasi
657 2177 709 2231 in
731 2177 818 2231 die
851 2193 974 2232 cum
1007 2177 1289 2231 honestate
1325 2174 1680 2236 ambulemus,
1712 2188 1819 2228 non
1851 2173 1907 2227 in

327 2268 811 2323 comessationilzus
836 2276 892 2322 et
918 2266 1290 2332 ebrietatibus,
1324 2282 1428 2320 non
1462 2265 1515 2319 in
1556 2250 1823 2320 cubilibus
1852 2273 1909 2319 et

326 2359 538 2413 luxuria
570 2358 741 2429 (Rom.
775 2358 918 2428 xm).
952 2379 970 2410 ι
1001 2357 1236 2413 Pereunt
1262 2366 1440 2413 autem
1471 2366 1626 2411 nocte
1664 2357 1908 2411 Moabitae

322 2449 476 2520 juxta
524 2448 737 2514 Isaiam,
789 2449 879 2516 qui
902 2448 1070 2502 dicit:
1127 2467 1147 2499 ι
1208 2447 1374 2503 Nocte
1422 2455 1632 2501 vastata
1671 2460 1755 2502 est
1807 2448 1904 2513 Ar,

327 2539 485 2594 Moab
507 2538 765 2594 conticuit
792 2537 927 2610 (Isa.
968 2537 1113 2609 xm).
1150 2557 1168 2590 ι
1206 2537 1338 2604 Quia
1382 2545 1540 2592 nocte
1576 2546 1785 2592 vastata
1825 2547 1909 2593 est

331 2648 547 2699 tmtms,
604 2634 759 2689 Moab
805 2633 1081 2689 conticuit.
1123 2632 1225 2700 Qui
1269 2631 1553 2687 dialectica
1604 2641 1722 2687 arte
1771 2647 1906 2686 con-

331 2736 568 2780 structus
587 2733 692 2790 est,
715 2723 768 2777 in
795 2724 982 2778 eadem
1022 2732 1177 2777 nocte
1205 2731 1448 2777 vastatus
1475 2732 1576 2787 est,
1608 2731 1770 2791 atque
1816 2721 1909 2776 dc-

330 2825 569 2872 structus
603 2833 615 2868 :
649 2823 705 2870 et
743 2823 942 2869 aeterna
983 2813 1338 2867 diuturnitate
1374 2812 1656 2867 conticuit.
1705 2811 1909 2867 Notan-

330 2907 458 2960 dum
486 2895 665 2959 autetn
696 2906 822 2975 quia
856 2903 1002 2959 Nabo
1041 2904 1431 2972 interpretatur
1458 2903 1630 2958 sessio
1657 2902 1739 2957 vel
1779 2919 1908 2972 pro-

332 2994 533 3063 phetia.
585 2994 964 3048 Cariathiarim
1037 2994 1268 3058 civitas,
1315 2993 1399 3047 vel
1452 2994 1579 3047 villa
1623 2992 1904 3047 silvarum.

329 3087 543 3141 Esebon
572 3086 945 3156 cogitationes.
975 3084 1133 3139 Luitb
1166 3101 1335 3155 gente.
1369 3085 1622 3141 Oronaim
1663 3084 1905 3139 foramen

330 3177 601 3231 maeroris.
629 3176 764 3242 Quia
793 3177 957 3247 igitur
984 3192 1145 3231 omne
1168 3178 1356 3248 dogma
1392 3177 1724 3231 contrarium
1762 3177 1904 3229 veri-
1931 3199 1977 3260 ρ

331 3268 450 3333 tati,
481 3269 620 3336 quod
648 3267 851 3336 absque
878 3268 1229 3337 inspiratione
1254 3267 1345 3322 Dei
1382 3268 1448 3322 de
1476 3269 1711 3322 lnunano
1742 3283 1905 3321 sensu

330 3359 385 3412 in
416 3358 617 3413 erroris
658 3358 895 3413 tenebris
936 3359 1195 3421 nascitur,
1238 3367 1395 3412 nocte
1416 3367 1685 3411 vastatum
1720 3366 1821 3420 est,
1851 3368 1907 3412 et

329 3457 648 3520 argumenta
670 3448 813 3503 illius
833 3488 848 3513 ,
872 3464 990 3517 qua:
1029 3448 1399 3518 intelliguntur
1425 3450 1563 3503 muri
1590 3489 1604 3513 ,
1649 3449 1907 3504 ecclesia-

329 3539 469 3593 stico
496 3552 742 3593 sermone
767 3538 1041 3593 destructa
1073 3545 1221 3601 sunt,
1252 3537 1323 3591 ita
1347 3546 1405 3590 ut
1441 3547 1644 3592 aeterno
1690 3538 1905 3593 silentio

327 3630 774 3691 conticescerent,
804 3629 855 3682 in
874 3636 1080 3683 tantum
1105 3637 1163 3683 ut
1182 3627 1434 3682 universa
1451 3642 1635 3682 eorum
1660 3626 1826 3683 factio
1838 3628 1905 3683 ad

328 3722 721 3792 paenitentiam,
749 3730 803 3776 et
843 3721 1113 3792 lacrymas
1165 3729 1468 3777 verteretur
1498 3740 1510 3775 :
1543 3737 1707 3792 super
1731 3722 1901 3786 Nabo,

328 3814 382 3868 i-l
408 3820 510 3876 est,
551 3812 882 3882 prophetiam
914 3821 970 3867 et
1011 3813 1325 3877 sessionem,
1379 3813 1586 3879 idest,
1618 3815 1905 3884 magistros

326 3916 512 3955 eorum
545 3916 560 3956 :
594 3911 646 3956 et
674 3918 837 3973 super
871 3902 1253 3959 Cariathiarim
1297 3905 1388 3959 ubi
1432 3920 1537 3959 non
1577 3914 1707 3959 sunt
1743 3907 1906 3961 arbo-

325 4007 417 4046 res
455 3992 762 4058 fructuosae,
796 3994 892 4048 sed
931 3994 1097 4049 saltus
1122 3994 1374 4050 infertilis
1400 3995 1452 4048 in
1494 4011 1600 4064 quo
1642 3995 1905 4051 habitavit

323 4084 520 4149 bestia,
557 4085 622 4139 de
653 4100 760 4155 quo
788 4085 840 4139 in
867 4086 1127 4155 vigesimo
1167 4094 1358 4141 octavo
1396 4086 1606 4157 psalmo
1641 4086 1902 4155 scriptum

325 4183 410 4228 cst
440 4192 452 4229 :
492 4193 509 4224 ι
544 4175 610 4229 Et
640 4176 900 4230 revelavit
935 4177 1204 4231 condensa
1248 4177 1436 4231 saltus.
1476 4196 1493 4228 ι
1527 4177 1643 4231 Erit
1668 4176 1904 4231 ululatus

323 4266 668 4336 etplanctus,
699 4276 752 4322 et
792 4267 973 4322 omnia
1004 4269 1070 4322 de
1097 4268 1347 4338 capitulis
1367 4284 1555 4323 eorum
1583 4266 1904 4336 eloquentiae

323 4365 643 4411 ornamenta
676 4358 946 4435 tollentti},
992 4358 1065 4412 ita
1101 4367 1158 4412 ut
1190 4360 1315 4413 nudi
1358 4366 1610 4413 maneant
1646 4367 1700 4412 et
1726 4355 1905 4411 defor-

323 4463 462 4510 mes,
503 4455 557 4501 et
607 4448 650 4501 si
700 4446 830 4516 quid
880 4447 1173 4503 viriditatis
1218 4451 1417 4503 habere
1470 4448 1792 4503 videbantur
1845 4446 1900 4501 in

325 4538 515 4603 barba,
540 4554 721 4593 rasum
758 4554 789 4592 a
820 4539 936 4593 viro
968 4539 1367 4603 ecclesiastico,
1412 4548 1468 4593 et
1513 4537 1897 4602 ell'eminatum,
1931 4526 1979 4586 Β
2011 4530 2031 4563 ⁸

322 4637 383 4682 et
410 4627 583 4682 debile
606 4627 1003 4697 comprobetur.
1048 4628 1349 4699 Accingunt
1370 4643 1528 4683 sacco
1548 4628 1897 4697 ptenitentiae,

319 4727 380 4771 et
400 4733 562 4787 super
587 4726 726 4773 tecta
753 4733 816 4773 ac
836 4720 1079 4782 domata,
1119 4719 1174 4773 in
1200 4718 1396 4788 quibus
1418 4718 1654 4788 primum
1681 4732 1739 4771 se
1769 4716 1899 4770 sub-

318 4811 481 4864 limes
502 4823 621 4864 esse
646 4810 959 4873 credebant,
991 4818 1044 4864 et
1071 4810 1125 4863 in
1150 4808 1347 4880 plateis
1375 4827 1388 4862 :
1421 4808 1545 4878 quia
1577 4822 1680 4862 non
1718 4807 1898 4876 ingre-

323 4898 549 4953 zlinntur
585 4914 682 4968 per
725 4907 1008 4969 angustam
1061 4899 1226 4963 viam,
1272 4898 1365 4953 sed
1403 4912 1498 4967 per
1542 4897 1731 4961 lalam,
1780 4909 1900 4964 qua:

321 4990 468 5044 ducit
498 4989 565 5043 ad
595 4998 847 5057 mortem,
869 4991 974 5044 erit
993 4990 1244 5051 ululatus,
1270 4997 1323 5044 et
1346 5004 1681 5059 nequaquam
1712 5002 1899 5041 ascen-

321 5078 453 5130 dent
498 5077 551 5130 in
595 5079 923 5148 superbiam,
954 5080 1096 5149 quod
1145 5079 1533 5149 interpretatur
1579 5078 1809 5143 Escbon,
1841 5085 1897 5131 et

321 5183 537 5221 cassum
566 5182 850 5223 ascensum
880 5170 1173 5240 superbiae;
1202 5178 1257 5226 et
1287 5186 1390 5224 vox
1419 5184 1606 5225 eorum
1645 5168 1895 5223 audietur

321 5272 496 5326 usque
522 5258 590 5311 ad
627 5258 769 5312 mala
811 5274 994 5329 opera,
1041 5276 1161 5330 quae
1206 5259 1449 5315 fecerunt
1483 5267 1537 5314 et
1582 5259 1892 5313 mandatum

319 5363 467 5433 quod
498 5366 759 5432 putabant
788 5366 906 5433 Dei,
930 5369 1147 5438 propria
1182 5384 1241 5424 se
1267 5367 1604 5424 confessione
1633 5369 1895 5422 damnan-

321 5472 423 5516 tes.
450 5460 694 5533 Cumque
713 5466 923 5535 egerint
963 5468 1331 5537 pmnitentiam
1360 5483 1459 5538 per
1496 5467 1675 5531 Luitb,
1707 5468 1760 5522 id
1789 5477 1892 5534 est,

317 5577 581 5632 genarum
639 5564 931 5638 lacrymas,
978 5568 1045 5623 ad
1079 5567 1328 5623 altarium
1377 5567 1745 5625 conscendent
1784 5584 1801 5624 :
1842 5577 1900 5625 et

315 5665 473 5736 quasi
515 5668 770 5723 maeroris
816 5666 1080 5724 foramine
1119 5677 1279 5738 atque
1333 5668 1556 5723 introitu
1598 5667 1893 5723 clamorem

316 5764 666 5823 contritionis
687 5765 943 5823 levabant
962 5766 1028 5824 ad
1046 5766 1354 5837 Dominum,
1369 5774 1430 5824 ut
1440 5767 1647 5839 possint
1668 5768 1850 5825 dicere
1875 5788 1887 5823 :

1935 1852 1983 1912 B

2009 620 2123 665 tum
2149 621 2203 667 et
2230 612 2566 667 bumiliatum
2600 615 2737 668 Deus
2773 631 2878 669 non
2908 616 3113 684 spernit
3143 615 3313 684 (Psal.
3344 617 3420 686 ι.)
3442 639 3466 671 ι

2084 722 2103 754 ‹
2134 702 2352 774 Fugite,
2393 704 2598 758 salvate
2636 705 2844 759 animas
2878 716 3087 760 vestras
3116 724 3129 760 :
3162 713 3215 761 et
3243 708 3395 762 eritis
3421 708 3580 778 quasi

2008 794 2214 851 murice
2254 794 2305 847 in
2337 794 2582 858 deserto,
2622 813 2640 844 ι
2685 802 2739 849 et
2777 795 3002 866 reliqua.
3042 796 3292 852 Prmdicit
3316 799 3576 869 propheta

2007 893 2067 939 ut
2095 885 2396 939 intereunte
2424 884 2578 939 Moab
2604 885 2892 940 Chaldaica
2923 889 3241 952 vastatione,
3274 890 3579 960 quicunque

2008 976 2187 1032 salvus
2225 977 2341 1031 ﬁeri
2383 976 2547 1042 velit,
2580 975 2701 1031 inde
2742 976 2939 1047 fugiat,
2971 987 3025 1032 et
3056 979 3229 1033 latitet
3256 979 3307 1032 in
3338 979 3576 1043 deserto,

2008 1068 2162 1136 quasi
2200 1068 2406 1122 murice
2440 1087 2453 1121 :
2497 1083 2615 1137 quae
2659 1069 2824 1123 arbor
2870 1078 2953 1124 est
2994 1071 3231 1125 humilis.
3257 1070 3581 1141 Spiritaliter

2008 1167 2187 1213 autem
2227 1159 2531 1229 quicunque
2562 1159 2689 1214 velit
2715 1160 2949 1213 animam
2976 1176 3125 1214 suam
3151 1161 3349 1215 salvam
3381 1160 3577 1227 facere,

2008 1250 2181 1320 fugiat
2204 1260 2473 1306 versutam
2499 1259 2553 1306 et
2582 1251 2879 1321 captiosam
2907 1251 3205 1304 doctrinam
3234 1252 3578 1322 philosopho-

2009 1358 2128 1395 rum
2158 1351 2316 1411 atque
2345 1342 2741 1405 hmrcticorum,
2771 1341 2859 1395 ubi
2886 1350 3066 1395 certus
3094 1350 3177 1395 est
3206 1342 3453 1397 interitus
3483 1362 3495 1395 :
3526 1353 3584 1395 et

2008 1448 2105 1502 per
2126 1432 2482 1487 humilitatem
2507 1432 2860 1487 confessionis
2882 1441 3005 1502 agat
3035 1433 3404 1502 ptenitentiam
3432 1450 3584 1488 erro-

2010 1523 2113 1586 ris,
2148 1521 2200 1575 in
2232 1523 2445 1576 deserto
2484 1521 2745 1575 districta:
2773 1521 3110 1575 abstinentia:
3134 1536 3388 1583 manens,
3421 1530 3583 1589 atque

2010 1609 2063 1664 in
2085 1609 2425 1680 simplicitate
2452 1618 2508 1665 et
2536 1611 2760 1665 veritate
2785 1610 3061 1665 catholica:
3082 1610 3357 1664 doctrinae.
3386 1608 3488 1664 Pro
3517 1626 3583 1665 eo

2009 1704 2150 1757 enim
2177 1704 2318 1772 quod
2344 1703 2577 1758 habuisti
2608 1702 2855 1757 fiduciam
2885 1703 2939 1756 in
2967 1702 3353 1757 munitionibus
3380 1701 3503 1761 tuis,
3529 1710 3584 1754 et

2011 1792 2062 1845 in
2095 1792 2362 1846 thesauris
2393 1793 2521 1857 tuis,
2554 1801 2606 1846 tu
2635 1806 2847 1860 quoque
2869 1790 3115 1860 capieris,
3150 1798 3204 1844 et
3230 1790 3327 1845 ibit
3351 1790 3584 1843 Chamos

2012 1886 2063 1938 in
2096 1884 2617 1954 transmigrationem
2638 1923 2652 1947 ,
2679 1883 2928 1937 sacerdos
2957 1883 3073 1954 ejus
3093 1924 3107 1946 ,
3136 1890 3190 1936 et
3215 1881 3485 1952 principes
3511 1880 3585 1934 si-

2008 1974 2139 2039 mul,
2163 1984 2218 2029 et
2241 1975 2417 2029 veniet
2443 1974 2621 2043 praedo
2647 1974 2714 2027 ad
2739 1989 2952 2028 omnem
2977 1972 3186 2036 urbem,
3211 1980 3265 2025 et
3287 1973 3414 2026 urbs
3439 1970 3583 2025 nulla

2009 2065 2324 2129 salvabitur,
2356 2073 2411 2118 et
2435 2065 2683 2135 peribunt
2711 2064 2893 2128 valles,
2924 2072 2975 2117 et
3004 2063 3403 2131 dissipabuntur
3430 2078 3581 2115 cam-

2007 2155 2207 2225 pestria
2234 2175 2247 2209 :
2275 2155 2525 2223 quoniam
2551 2155 2684 2209 dixit
2708 2154 2965 2209 Dominus
2998 2171 3009 2206 :
3043 2152 3176 2206 Date
3197 2152 3379 2207 florem
3404 2151 3583 2216 Moab,

2008 2248 2133 2317 quia
2175 2246 2371 2301 florens
2408 2246 2712 2316 egredietur
2765 2264 2777 2299 :
2822 2256 2876 2300 et
2911 2245 3160 2302 civitates
3199 2242 3315 2314 ejus
3358 2244 3585 2300 deserta:

2008 2347 2168 2392 erunt
2195 2347 2249 2392 et
2286 2338 2676 2411 inhabitabiles;
2718 2338 2838 2392 Ideo
2880 2338 3041 2407 igitur
3086 2337 3388 2406 philosophi
3425 2337 3585 2405 hujus

2009 2432 2212 2495 nutudi,
2242 2440 2295 2484 et
2322 2431 2576 2495 lueretici,
2600 2430 2689 2499 qui
2716 2430 2990 2483 conlidunt
3012 2429 3065 2481 in
3089 2428 3383 2481 dialecticis
3400 2427 3584 2496 dispu-

2012 2521 2301 2575 tationibus
2325 2521 2412 2573 ubi
2441 2528 2659 2589 sperant
2684 2521 2995 2574 thesaurum
3024 2533 3142 2573 esse
3166 2518 3463 2586 sapientiae,
3494 2532 3587 2570 ca-

2007 2612 2221 2681 pientur
2246 2612 2313 2665 ab
2352 2613 2731 2666 ecclesiasticis
2762 2611 3174 2681 prmliatoribus,
3207 2611 3295 2678 qui
3325 2619 3477 2663 scuto
3505 2624 3586 2662 re-

2009 2715 2110 2757 ctae
2148 2703 2267 2757 fidei
2311 2712 2365 2757 et
2400 2685 2566 2757 verbo
2596 2703 2836 2757 veritatis
2863 2710 3170 2771 expugnant
3196 2716 3409 2754 omnem
3436 2715 3587 2753 erro—

2009 2811 2121 2849 rem
2169 2796 2522 2865 perfidorum,
2569 2804 2624 2849 et
2667 2794 2903 2848 cultores
2946 2792 3062 2859 ejus
3106 2802 3266 2860 atque
3308 2791 3588 2845 ministros

2010 2884 2062 2938 in
2108 2885 2474 2953 captivitatem
2514 2885 2747 2949 ducunt,
2789 2894 2849 2938 ut
2887 2892 3211 2955 cognoscant
3253 2884 3394 2951 quod
3439 2882 3584 2936 nulla

2011 2975 2161 3038 urbs,
2194 2975 2295 3027 hoc
2324 2984 2425 3038 est,
2456 2975 2731 3029 munimen
2758 2974 3013 3028 doctrinae
3036 2988 3220 3027 eorum
3247 2973 3472 3027 salutem
3496 2989 3588 3027 vc-

2009 3081 2123 3119 ram
2153 3067 2281 3121 dare
2315 3068 2483 3137 possit
2512 3082 2526 3120 :
2559 3065 2651 3121 sed
2687 3066 2939 3136 peribunt
2972 3063 3138 3119 valles
3169 3081 3181 3117 :
3214 3063 3360 3117 falsae
3400 3065 3586 3134 utique

2010 3158 2410 3212 liumiliationes
2432 3167 2485 3212 et
2510 3158 2648 3213 ficta:
2669 3158 2894 3212 virtutes
2912 3172 3097 3212 eorum
3125 3176 3137 3210 :
3162 3157 3285 3225 quia
3314 3157 3414 3210 hoc
3442 3157 3585 3225 quod

2013 3251 2064 3304 in
2099 3251 2405 3305 inventione
2442 3252 2705 3315 humana,
2747 3258 2800 3303 et
2840 3251 2893 3303 in
2921 3249 3161 3304 stnculari
3198 3248 3461 3317 sapientia
3487 3246 3607 3327 ﬂo-_

2008 3359 2130 3397 rere
2156 3343 2451 3403 videbatur,
2482 3343 2533 3395 in
2557 3343 2827 3397 desertmn
2850 3350 2901 3395 et
2928 3343 2980 3395 in
3003 3341 3343 3396 solitudinem
3371 3340 3582 3411 redige-

2008 3440 2113 3485 tur.
2177 3432 2243 3485 Et
2284 3433 2410 3500 quia
2442 3431 2597 3486 valde
2646 3432 2892 3502 displicet
2927 3433 3037 3486 Deo
3073 3429 3586 3501 omnisthypocrisis

2007 3532 2061 3577 et
2086 3522 2230 3577 ﬁctio
2259 3522 2392 3577 falsa
2423 3538 2654 3592 sequens
2683 3522 2948 3577 sententia
2977 3521 3229 3576 ostendit.

2084 3632 2103 3664 α
2136 3614 2472 3679 Maledictus,
2499 3615 2587 3682 qui
2610 3614 2741 3668 facit
2763 3628 2898 3682 opus
2921 3613 3130 3667 Domini
3159 3612 3578 3666 fraudulenter.)

2007 3706 2108 3774 Qui
2134 3709 2278 3763 enim
2300 3724 2331 3761 a
2354 3708 2440 3760 via
2470 3706 2807 3761 rectitudinis
2834 3721 2929 3775 per
2949 3720 3186 3760 errorem
3212 3702 3393 3757 deviat
3423 3722 3436 3756 :
3464 3718 3585 3771 pro-

2006 3797 2092 3852 cul
2120 3813 2149 3851 a
2176 3797 2294 3851 luce
2322 3796 2564 3850 veritatis
2588 3796 2794 3850 alienus
2821 3803 3018 3848 exstat.
3055 3793 3207 3848 Unde
3236 3807 3454 3847 necesse
3477 3799 3580 3855 est,

2006 3896 2063 3941 ut
2099 3903 2205 3941 non
2241 3887 2411 3940 solum
2455 3886 2759 3939 intueamur
2799 3886 2938 3952 quod
2976 3883 3184 3953 agimus
3229 3899 3241 3934 :
3294 3882 3387 3935 sed
3417 3882 3579 3934 etiam

2005 3990 2126 4029 cum
2171 3973 2641 4042 quadiscretione
2685 3986 2922 4041 agamus.
2969 3970 3207 4024 Primum
3248 3969 3460 4038 quidem
3510 3981 3582 4022 ne

2004 4064 2142 4119 mala
2185 4063 2607 4134 quodammodo,
2654 4061 2993 4131 postmodum
3034 4076 3163 4115 vero
3209 4076 3274 4113 ne
3316 4061 3454 4114 bona
3500 4061 3583 4114 in-

2005 4163 2160 4207 caute
2201 4152 2481 4207 faciamus.
2511 4151 2687 4222 Atque
2722 4153 2975 4205 nimirum
3020 4151 3158 4204 bona
3196 4150 3421 4204 sollicite
3456 4165 3579 4219 per-

2003 4242 2227 4313 agenda,
2253 4242 2511 4312 propheta
2545 4257 2643 4296 nos
2668 4240 2921 4295 admonet
2948 4241 3134 4296 dicens
3164 4258 3177 4293 :
3215 4258 3233 4291 ‹
3267 4239 3580 4294 Maledictus

2003 4332 2194 4396 homo,
2222 4332 2311 4400 qui
2343 4330 2471 4384 facit
2499 4346 2633 4399 opus
2661 4329 2756 4384 Dei
2792 4329 3142 4400 negligenter.
3188 4348 3207 4380 ι
3239 4327 3368 4396 Qua:
3398 4335 3578 4382 tamen

2002 4422 2269 4478 sententia
2307 4421 2447 4490 apud
2487 4432 2724 4476 veterem
2770 4420 3175 4474 translationem
3212 4419 3286 4473 ita
3328 4417 3523 4488 legitur
3560 4435 3574 4471 :

2063 4510 2373 4565 Maledictus
2409 4510 2585 4564 omnis
2621 4509 2710 4579 qui
2750 4507 2878 4562 facit
2906 4523 3041 4578 opus
3076 4507 3168 4561 Dei
3214 4506 3579 4561 fraudulenter

2001 4609 2057 4656 et
2090 4599 2375 4655 desidiose.
2415 4619 2432 4650 ι
2478 4598 2585 4654 Sed
2620 4599 2897 4653 sciendum
2937 4612 3261 4668 magnopere
3299 4606 3408 4660 est,
3451 4597 3574 4666 quia

2003 4689 2204 4745 desidia
2241 4705 2337 4758 per
2375 4697 2644 4760 torporem
2690 4689 2961 4755 nascitur,
2995 4690 3141 4744 fraus
3182 4705 3275 4760 per
3306 4691 3574 4759 privatam

2001 4780 2340 4835 dilectionem
2380 4799 2394 4837 :
2437 4782 2691 4851 illamque
2728 4781 2905 4836 minor
2932 4781 3024 4837 Dei
3052 4797 3206 4836 amor
3232 4789 3519 4852 exaggerat
3553 4799 3569 4836 :

1999 4871 2141 4926 hanc
2178 4882 2357 4927 autem
2396 4871 2534 4927 male
2561 4880 2794 4926 mentem
2838 4873 3121 4942 possidens
3146 4872 3394 4942 proprius
3422 4887 3575 4925 amor

2000 4970 2167 5015 creat.
2194 4961 2459 5017 Fraudem
2481 4962 2674 5033 quippe
2703 4963 2754 5017 in
2779 4961 2874 5017 Dei
2901 4977 3087 5017 amore
3111 4968 3404 5030 perpetrat,
3426 4960 3574 5028 quis-

2002 5053 2124 5122 quis
2153 5055 2503 5123 semetipsum
2552 5054 2852 5110 inordinate
2887 5054 3143 5123 diligens,
3174 5066 3271 5120 per
3299 5051 3401 5104 hoc
3428 5050 3573 5118 quod

2000 5155 2149 5201 recte
2170 5147 2343 5216 egerit
2359 5144 2425 5198 ad
2442 5145 2889 5200 remunerationis
2911 5141 3234 5198 transitoria:
3256 5141 3394 5194 bona
3420 5138 3572 5194 festi-

2002 5247 2114 5293 nat.
2145 5237 2433 5292 Sciendum
2462 5252 2673 5305 quoque
2700 5245 2815 5301 est,
2847 5236 2986 5305 quod
3019 5233 3188 5288 tribus
3219 5232 3391 5287 modis
3422 5231 3570 5287 fraus

2001 5332 2116 5400 ipsa
2139 5329 2510 5391 committitur,
2538 5329 2662 5396 quia
2688 5344 2785 5397 per
2813 5329 2953 5383 hanc
2978 5325 3345 5397 proculdubio,
3369 5332 3461 5378 aut
3483 5334 3569 5379 ta-

1995 5424 2102 5481 cita
2131 5423 2309 5478 cordis
2346 5421 2564 5476 humani
2593 5420 2765 5491 gratia
2784 5461 2798 5484 ,
2826 5428 2919 5474 aut
2946 5419 3147 5475 favoris
3175 5434 3333 5483 aura,
3362 5426 3454 5472 aut
3477 5431 3567 5473 res

1995 5512 2246 5583 quaelibet
2279 5511 2521 5566 exterior
2552 5510 2903 5566 desideratur.
2940 5510 3057 5577 Quo
3094 5518 3278 5563 contra
3317 5518 3460 5564 recte
3498 5508 3568 5565 de

1989 5601 2135 5671 justo
2164 5617 2261 5672 per
2285 5602 2602 5671 prophetam
2633 5599 2830 5654 dicitur
2861 5618 2874 5653 :
2912 5619 2930 5651 ‹
2967 5600 3184 5654 Excutit
3221 5616 3409 5655 manus
3436 5614 3564 5656 suas

1994 5697 2062 5750 ab
2083 5694 2229 5749 omni
2250 5710 2474 5749 munere
2490 5693 2623 5766 (Isa.
2646 5696 2858 5765 χχχιιι).
2893 5713 2913 5747 ι
2942 5693 3077 5761 Quia
3102 5693 3243 5749 enim
3260 5709 3365 5749 non
3391 5694 3563 5749 solum

1994 5788 2141 5844 fraus
2167 5787 2219 5842 in
2251 5788 2559 5857 acceptione
2584 5787 2822 5857 pecunia
2846 5796 2927 5847 est
2952 5807 2964 5843 :
2990 5802 3185 5844 munus
3211 5785 3561 5859 proculdubio
