3970 6190
405 384 538 444 11ίῖ

1041 384 1104 441 B.
1139 384 1389 440 RABANI
1429 384 1644 440 MAURI
1683 381 2000 439 ARCHIEP.
2040 379 2346 437 MOGUNT.
2387 377 2668 436 OPERUM
2707 377 2888 434 PARS
2923 376 3008 433 Ill.

3517 373 3670 430 11ιῦ

405 516 572 560 unum
613 517 718 556 non
757 510 860 555 est.
901 499 1035 554 Tres
1071 512 1198 554 vero
1240 507 1368 552 sunt
1405 497 1748 568 acceptiones
1783 511 1974 550 mune-
2001 497 2054 558 Α
2079 493 2256 549 sidere
2283 508 2391 550 non
2425 501 2648 564 possunt
2674 492 2725 564 (1
2753 493 2875 546 Cor.
2910 492 2986 562 v).
3019 512 3037 545 ι
3072 492 3138 546 Et
3162 492 3283 548 ideo
3310 491 3562 562 quisquis
3595 493 3676 544 ab

407 592 628 658 τυπιβά
652 605 786 661 quas
807 606 874 646 ex
898 588 1087 643 fraude
1107 587 1413 643 festinatur.
1433 586 1624 640 Munus
1646 598 1877 653 namque
1897 591 1982 638 est

409 700 437 738 a
474 683 638 738 corde
666 689 876 751 captata
904 681 1078 750 gratia
1114 695 1145 734 a
1177 679 1520 749 cogitatione.
1549 678 1739 732 Munus
1779 677 1846 730 ab
1886 691 1982 732 ore

406 783 518 840 est,
555 773 725 846 gloria
767 789 864 843 per
899 772 1160 827 favorem.
1188 771 1378 824 Munus
1412 783 1479 823 ex
1511 783 1670 823 manu
1701 774 1814 832 est,
1845 779 1983 836 prte-

409 867 576 920 mium
621 879 718 936 per
767 864 1058 918 dationem.
1097 860 1200 916 Sed
1239 859 1420 929 justus
1465 859 1694 928 quisque
1734 856 1802 910 ab
1835 855 1981 910 omni

410 973 632 1012 munere
659 971 851 1010 manus
879 954 1116 1018 excutit,
1150 952 1275 1021 quia
1315 951 1369 1005 in
1415 966 1480 1005 eo
1504 949 1648 1020 quod
1672 957 1817 1004 recte
1848 947 1978 1018 agit,

407 1065 508 1102 nec
545 1048 614 1101 ab
648 1047 885 1100 humano
912 1044 1074 1098 corde
1115 1043 1329 1096 inanem
1359 1041 1618 1111 gloriam,
1655 1038 1858 1110 nec_ab
1887 1052 1980 1092 ore

407 1138 640 1202 laudem,
673 1151 774 1191 nec
812 1151 843 1189 a
880 1149 1040 1188 manu
1077 1133 1315 1202 recipere
1344 1131 1614 1186 dationem
1641 1128 1850 1198 quaerit.
1883 1125 1984 1182 So-

407 1229 490 1284 lus
521 1229 574 1283 in
603 1227 694 1282 Dei
723 1241 887 1296 opere
915 1224 1158 1279 fraudem
1186 1238 1290 1278 non
1320 1221 1450 1278 facit
1474 1239 1488 1278 :
1514 1221 1606 1292 qui
1634 1236 1754 1274 cum
1780 1219 1845 1274 ad
1869 1227 1982 1273 stu-

408 1317 494 1370 dia
541 1316 697 1370 bona:
737 1314 966 1369 actionis
1005 1311 1276 1384 invigilat,
1315 1325 1418 1365 nec
1462 1310 1532 1365 ad
1569 1308 1863 1378 corporalis
1900 1307 1978 1362 rei

407 1405 651 1474 prmmia,
681 1419 782 1459 nee
808 1403 876 1458 ad
901 1401 1075 1456 laudis
1104 1401 1288 1465 verba,
1332 1415 1432 1454 nec
1457 1399 1525 1454 ad
1551 1399 1770 1453 humani
1791 1396 1980 1466 judicii

407 1497 636 1566 gratiam
663 1493 897 1549 anhelat.
937 1495 1053 1562 Ipsa
1082 1493 1244 1564 igitur
1281 1491 1418 1546 bona
1449 1498 1654 1555 nostra,
1695 1488 1821 1559 quia
1852 1487 1983 1542 insi—

406 1586 622 1640 nuantis
659 1583 827 1654 culpae.
853 1584 1080 1639 evadere
1107 1582 1342 1654 gladium
1379 1586 1680 1650 nequeunt,
1708 1577 1812 1632 nisi
1838 1577 1983 1633 solli-

405 1677 514 1731 cito
557 1675 798 1747 quotidie
844 1675 1035 1730 timore
1076 1672 1424 1736 muniantur,
1463 1684 1562 1740 per
1601 1677 1844 1724 sanctum
1881 1665 1981 1723 Job

406 1777 551 1823 recte
586 1767 784 1823 dicitur
824 1783 837 1820 :
883 1785 902 1818 ‹
952 1766 1192 1821 Verebar
1237 1763 1418 1818 omnia
1458 1775 1620 1831 opera
1671 1774 1789 1814 mea
1832 1757 1976 1831 (Job.

2078 584 2236 654 hujus
2261 585 2537 656 sanguinis
2564 583 2825 639 effusione
2853 583 3085 654 gladium
3124 584 3376 654 spiritus,
3403 585 3549 652 quod
3580 592 3677 637 est

2077 675 2301 729 verbum
2329 674 2422 728 Dei
2451 674 2679 728 voluerit
2713 673 2984 739 inhibere,
3014 675 3217 744 absque
3247 675 3407 730 dubio
3448 673 3540 728 illa
3570 672 3678 728 Je-

2078 765 2260 820 remim
2287 765 2560 835 prophetae
2586 765 2961 822 maledidione
2981 765 3245 835 plectetur
3269 785 3282 820 :
3318 786 3336 817 ‹
3372 765 3512 820 Nam
3545 779 3681 820 ma-

2077 851 2334 918 ledictus,
2373 853 2575 922 inquit,
2612 855 2702 924 qui
2739 855 2988 925 prohibet
3011 854 3242 927 gladium
3272 873 3425 911 suum
3457 874 3487 910 a
3529 872 3678 910 sau-

2078 943 2254 1014 guine.
2295 963 2313 996 i
2345 941 2443 998 llic
2475 958 2707 1014 namque
2749 953 2832 999 est
2868 943 3106 1015 gladius,
3137 945 3226 1014 qui
3261 946 3404 1000 illum
3431 946 3678 1000 noxium

2079 1034 2423 1105 sanguinem,
2462 1049 2568 1104 quo
2595 1035 2867 1089 animatur
2893 1035 3122 1090 materia
3156 1046 3506 1106 peccatorum
3527 1079 3542 1102 ,
3575 1054 3683 1090 sa-

2079 1125 2304 1180 lubriter
2330 1125 2580 1189 fundens,
2609 1127 2866 1196 quidquid
2892 1127 3152 1198 repererit
3181 1127 3232 1181 in
3265 1129 3528 1183 membris
3559 1145 3680 1183 no-

2078 1217 2207 1272 stris
2235 1216 2463 1278 carnale,
2482 1225 2824 1272 tcrrenumvc
2862 1228 3209 1284 concretum,
3237 1229 3448 1274 resecat
3478 1228 3538 1274 et
3566 1222 3681 1273 ab-

2079 1308 2264 1372 scidct,
2294 1324 2356 1363 ac
2384 1307 2674 1362 mortificat
2760 1308 2924 1374 vitiis,
2952 1309 3135 1364 vivere
3155 1311 3284 1376 Deo,
3315 1318 3368 1364 et
3399 1310 3680 1380 spirit-ili-

2077 1399 2180 1454 bus
2209 1398 2338 1454 facit
2366 1399 2548 1467 vigere
2580 1398 2868 1454 virtutibus
2892 1417 2906 1454 :
2930 1408 2986 1454 et
3010 1401 3085 1454 ita
3115 1400 3226 1469 jam
3262 1416 3366 1454 non
3404 1401 3678 1455 reconda-

2080 1488 2226 1542 tione
2247 1489 2444 1544 veteris
2466 1489 2718 1555 admissi,
2734 1490 2828 1544 sed
2850 1503 2946 1561 spe
2965 1489 3265 1545 futurorum
3287 1489 3413 1545 flere
3436 1491 3689 1560 incipiet

2080 1578 2426 1648 gaudiorum,
2467 1593 2567 1634 nec
2608 1588 2720 1634 tam
2759 1580 2826 1635 de
2866 1581 3153 1651 pneteritis
3189 1581 3370 1647 malis,
3397 1598 3566 1652 quam
3603 1584 3683 1638 de

2080 1668 2320 1722 venturis
2349 1669 2594 1740 cogitans
2617 1669 2772 1724 bonis
2790 1710 2804 1734 ,
2833 1684 2932 1724 nec
2955 1684 3021 1724 ex
3052 1679 3392 1741 peccatorum
3425 1685 3684 1726 marrore

2081 1757 2347 1829 lacrymas
2367 1799 2382 1824 ,
2400 1760 2493 1815 sed
2523 1776 2588 1814 ex
2615 1767 2828 1815 πίει-ηαξ
2847 1760 2988 1814 illius
3015 1761 3211 1816 laetitia:
3237 1761 3520 1816 alacritate
3545 1777 3684 1831 pro-

405 1858 505 1930 ix).
539 1879 557 1911 ι
584 1858 662 1913 Ac
684 1858 730 1913 si
755 1856 940 1912 humili
962 1854 1298 1912 confessione
1323 1853 1593 1908 diceretur
1621 1865 1776 1920 :quae
1798 1856 1984 1919 aperte
2014 1831 2058 1890 Β
2087 1843 2223 1900 fudit
2249 1863 2261 1898 :
2293 1853 2453 1915 atque
2479 1847 2801 1903 oblivisccus
2829 1863 2918 1914 ca,
2947 1865 3067 1919 Quae
3097 1850 3396 1920 posteriora
3423 1859 3578 1914 sunt,
3615 1851 3680 1906 id

405 1951 608 2021 egerim
654 1949 840 2014 video,
888 1949 982 2003 sed
1025 1947 1152 2017 quid
1187 1948 1240 2001 in
1277 1946 1362 2000 his
1399 1945 1631 2000 latenter
1671 1941 1982 2015 pertulerim

404 2040 614 2109 ignoro.
640 2037 794 2108 Saepe
815 2038 1016 2094 etenim
1047 2037 1184 2092 bona
1209 2045 1392 2093 nostra
1419 2036 1772 2092 latrocinante
1797 2033 1986 2090 fraude

405 2133 696 2202 depereunt
733 2149 746 2185 :
779 2131 904 2200 quia
931 2129 1095 2184 rectis
1133 2143 1192 2183 se
1221 2128 1420 2183 nostris
1479 2128 1690 2183 actibus
1729 2125 1982 2195 concupi-

404 2221 626 2277 scentiae
662 2229 890 2275 terrenae
933 2219 1278 2291 subjungunt.
1326 2217 1479 2288 Smpe
1499 2218 1702 2287 desidia
1750 2217 1988 2272 interve-

404 2314 586 2368 niente
613 2313 890 2378 deficiunt,
920 2313 1044 2382 quia
1075 2328 1106 2366 a
1137 2313 1347 2366 ferVore
1369 2327 1476 2381 quo
1505 2322 1681 2382 empta
1717 2321 1865 2377 sunt,
1894 2310 1987 2366 fri-

405 2413 657 2475 gescente
697 2419 880 2460 amore
925 2404 1202 2459 tabefiunt.
1245 2403 1379 2470 Quia
1417 2419 1547 2472 ergo
1589 2403 1758 2473 culpa:
1799 2403 1988 2458 subre-

407 2496 535 2564 ptio,
567 2495 650 2549 vel
680 2495 733 2549 in
773 2495 888 2565 ipso
922 2494 1135 2548 virtutis
1173 2502 1296 2548 actu
1335 2492 1422 2547 vix
1452 2493 1726 2548 vincitur:
1765 2493 1892 2563 quid
1919 2494 1987 2548 ad

405 2588 752 2642 securitatem
793 2594 1068 2656 superest,
1107 2583 1213 2640 nisi
1241 2592 1301 2639 ut
1337 2584 1578 2640 studiose
1603 2599 1816 2655 semper
1846 2591 1901 2640 et
1931 2583 1985 2638 in

404 2676 605 2731 virtute
633 2676 888 2729 timeatur
900 2673 926 2727 ἵ
1492 2689 1501 2696 ·

482 2783 504 2817 ς
549 2765 617 2818 Ει
655 2763 1002 2829 maledictus,
1049 2763 1140 2834 qui
1185 2764 1435 2835 prohibet
1476 2762 1712 2835 gladium
1755 2776 1911 2817 suum
1953 2775 1986 2815 a

413 2873 433 2908 ‹
469 2854 779 2925 sanguine.»
814 2852 1062 2910 Gladium
1090 2854 1287 2926 quippe
1316 2870 1347 2909 a
1376 2854 1634 2926 sanguine
1669 2851 1985 2924 prohibere,

406 2955 491 3003 est
510 2946 912 3018 praedicationis
922 2945 1145 3002 verbum
1166 2963 1195 3001 a
1217 2945 1452 3002 carnalis
1471 2946 1595 3001 vita:
1616 2943 1988 3000 interfectione

407 3043 665 3098 retinere.
691 3043 768 3097 De
791 3058 898 3113 quo
920 3058 1135 3098 rursum
1165 3042 1362 3099 dicitur
1387 3043 1598 3114 gladio:
1633 3061 1652 3095 ‹
1685 3041 1753 3097 Ει
1779 3041 1988 3113 gladius

408 3148 562 3188 meus
603 3133 946 3188 manducavit
979 3149 1191 3190 carnes.
1241 3153 1263 3189 ι
1307 3130 1508 3206 (Greg.)
1549 3132 1614 3187 lli
1655 3131 1836 3203 itaque
1864 3148 1988 3186 cum

409 3221 549 3292 apud
588 3237 646 3278 se
685 3237 989 3278 sermonem
1017 3225 1414 3294 praedicationis
1439 3222 1745 3287 occultant,
1776 3221 1988 3278 divinas

389 3318 596 3366 ‘contra
626 3326 684 3366 se
713 3313 1009 3367 sententias
1041 3313 1354 3368 terribiliter
1381 3313 1601 3368 audiant
1623 3322 1891 3382 quatenus
1919 3313 1988 3368 ab

407 3417 593 3458 eorum
643 3403 894 3477 cordibus
945 3403 1190 3456 timorem
1239 3402 1402 3456 timor
1450 3401 1700 3471 expellat.
1754 3402 1992 3457 Audiant

409 3494 548 3566 quod
579 3494 870 3560 talentum,
897 3495 988 3564 qui
1025 3509 1251 3566 erogare
1292 3495 1499 3560 noluit,
1540 3511 1662 3550 cum
1723 3496 1988 3552 sententia

411 3584 772 3640 damnationis
810 3583 1011 3640 amisit.
1047 3585 1283 3639 Audiant
1329 3585 1472 3655 quod
1513 3584 1712 3641 Paulus
1753 3600 1818 3641 eo
1852 3602 1912 3642 se
1959 3602 1990 3640 a

409 3674 779 3744 proximorum
810 3675 1068 3746 sanguine
1093 3677 1350 3730 mundum
1378 3675 1639 3741 credidit,
1663 3690 1770 3746 quo
1797 3676 1992 3732 ferien-

412 3766 496 3820 dis
533 3780 722 3820 eorum
763 3765 1046 3822 desideriis
1093 3767 1238 3822 intus
1287 3783 1394 3821 non
1439 3769 1712 3838 pepercit,
1751 3769 1937 3824 dicens
1975 3787 1988 3822 :

417 3875 436 3908 ι
475 3856 762 3912 Contcstor
795 3872 890 3912 vos
929 3857 1187 3913 hodierna
1230 3858 1347 3921 die,
1380 3859 1503 3929 quia
1547 3860 1776 3914 mundus
1815 3875 1931 3915 sum
1961 3875 1991 3916 a

411 3948 673 4018 sanguine
699 3948 938 4003 omnium
973 3967 987 4003 :
1019 3965 1126 4004 non
1165 3949 1308 4005 enim
1345 3948 1677 4022 subterfugi,
1704 3951 1992 4022 quominus

415 4037 793 4093 annuntiarem
823 4053 983 4094 omne
1011 4038 1296 4095 consilium
1328 4039 1421 4094 Dei
1449 4041 1602 4095 vobis
1641 4040 1779 4113 (Act.
1813 4039 1930 4112 xx).
1966 4061 1986 4093 ›

417 4125 710 4200 ιΜΑιιιιυε.]
743 4127 926 4184 Potest
953 4137 1008 4184 et
1047 4130 1335 4200 unicuique
1369 4131 1485 4185 haec
1521 4132 1789 4188 sententia
1831 4132 1996 4188 male-

416 4217 665 4272 dictionis
693 4218 1018 4288 prophetiae
1040 4219 1351 4286 convenire,
1379 4220 1471 4290 qui
1495 4220 1678 4277 luxum
1705 4222 1886 4277 saeculi
1913 4239 1998 4278 se-

419 4309 634 4378 quitur,
663 4318 718 4363 ct
770 4326 966 4380 corpus
993 4325 1149 4364 suum
1177 4310 1472 4382 castigare,
1504 4320 1559 4367 et
1587 4312 1834 4367 servituti
1865 4311 1994 4368 sub-

408 4399 580 4471 jicere
610 4403 850 4474 negligit,
873 4419 997 4459 cum
1018 4402 1308 4474 Apostolus
1330 4403 1614 4460 manifeste
1635 4404 1779 4460 dicat
1805 4422 1818 4458 :
1847 4423 1866 4456 ί
1895 4403 1996 4471 Qui

2015 3179 2062 3242 C

2084 1944 2202 2001 est,
2229 1936 2464 1992 carnalia
2515 1939 2674 2004 vitia,
2717 1939 2786 1993 ad
2819 1954 2915 2006 ea,
2945 1956 3064 2011 quae
3099 1941 3279 1996 inante
3323 1951 3444 1997 sunt
3474 1951 3684 1998 exten—

2085 2028 2262 2092 detur,
2293 2029 2397 2084 hoc
2420 2039 2524 2095 est,
2551 2031 2813 2100 spiritalia
2836 2032 2976 2087 dona
3009 2042 3170 2103 atque
3198 2033 3442 2090 virtutes.

2161 2141 2179 2172 ι
2216 2120 2431 2176 Fertilis
2467 2121 2566 2176 fuit
2605 2124 2758 2177 Moab
2793 2125 2860 2179 ab
2901 2125 3264 2181 adolescentia
3305 2143 3434 2191 sua,
3469 2137 3530 2182 et
3581 2144 3686 2184 re-

2091 2229 2110 2260 ι
2147 2210 2351 2280 quievit
2379 2212 2430 2265 in
2459 2211 2664 2269 fecihus
2692 2215 2832 2278 suis,
2871 2230 2972 2270 nec
3009 2217 3312 2272 transfusus
3331 2225 3416 2272 est
3439 2219 3510 2274 de
3537 2236 3685 2276 vase

2091 2319 2110 2353 ι
2152 2302 2205 2356 in
2231 2317 2348 2368 vas,
2383 2312 2438 2357 et
2465 2304 2518 2357 in
2548 2306 3071 2376 transmigrationem
3102 2324 3207 2363 non
3250 2310 3383 2364 abiit
3412 2328 3424 2364 :
3458 2311 3684 2366 idcirco

2092 2411 2112 2444 ι
2157 2395 2453 2465 permansit
2481 2405 2668 2465 gustus
2687 2397 2806 2468 ejus
2839 2400 2892 2452 in
2913 2415 2978 2454 eo
3013 2418 3026 2454 :
3055 2409 3110 2456 et
3139 2403 3270 2457 odor
3292 2403 3408 2472 ejus
3446 2419 3558 2458 non
3588 2415 3688 2460 est

2091 2500 2114 2536 ί
2159 2484 2489 2541 immutatus.
2513 2485 2803 2557 Propterea
2845 2505 2972 2546 ecce
3000 2491 3115 2547 dies
3141 2494 3361 2548 veniunt
3402 2494 3540 2549 dicit
3567 2495 3688 2550 Do—

2091 2591 2113 2626 r
2153 2575 2364 2642 minus,
2387 2585 2442 2631 ct
2468 2577 2680 2632 mittam
2708 2579 2758 2633 ei
2783 2581 3153 2648 ordinatores,
3177 2593 3234 2638 et
3277 2593 3542 2640 stratores
3593 2586 3686 2641 la-

2091 2682 2114 2718 c
2155 2665 2524 2738 guncularum,
2551 2677 2606 2724 et
2630 2678 2874 2726 sterncnt
2895 2688 3041 2739 eum,
3067 2683 3122 2730 et
3143 2691 3271 2731 vasa
3312 2675 3428 2746 ejus
3461 2679 3686 2733 exhau-

2092 2773 2114 2807 ι
2158 2756 2322 2822 rient,
2345 2767 2396 2813 et
2421 2759 2638 2830 lagenas
2669 2776 2856 2817 eorum
2905 2765 3176 2832 collident,
3201 2775 3258 2822 et
3306 2769 3684 2826 confundetur

2093 2862 2114 2896 ι
2159 2844 2314 2901 Moab
2345 2863 2375 2902 a
2412 2847 2676 2917 Chamos,
2703 2852 2844 2908 sicut
2867 2853 3089 2910 confusa
3109 2865 3194 2912 est
3219 2857 3410 2913 domus
3448 2857 3614 2914 Israel
3641 2876 3680 2914 δ

2095 2955 2115 2989 ι
2159 2938 2342 3020 Dethel
2377 2963 2390 2994 ;
2421 2940 2475 2995 in
2521 2958 2627 3013 qua
2673 2944 2911 3000 habebat
2954 2946 3227 3002 fiduciam.
3275 2968 3296 3002 ι
3334 2949 3683 3020 Frequenter

2090 3017 2272 3084 rerum
2295 3029 2642 3100 abundantia,
2665 3037 2733 3090 ad
2761 3035 2993 3090 validam
3019 3038 3264 3108 perducit
3285 3017 3638 3111 indigentiam
3657 3058 3677 3096 :

2090 3129 2147 3177 et
2171 3123 2400 3178 inertem
2427 3117 2792 3182 ‘seeuritatem
2828 3128 2991 3183 nimia
3037 3138 3293 3200 sequetur
3334 3139 3632 3202 tempestas
3657 3152 3676 3191 :

2089 3215 2216 3283 quia
2239 3215 2366 3270 dum
2401 3219 2673 3273 concessis
2710 3218 2873 3274 rebus
2915 3219 3269 3278 immoderate
3313 3224 3475 3278 homo
3518 3225 3677 3296 igna-

2088 3319 2189 3360 vus
2209 3305 2400 3372 utitur,
2423 3307 2574 3380 vigor
2599 3309 2767 3364 animi
2793 3310 2847 3364 in
2873 3309 3057 3364 luxum
3089 3311 3394 3379 resolvitur,
3426 3321 3481 3369 et
3499 3314 3677 3384 pnoti-

2088 3411 2191 3450 nus
2213 3396 2264 3450 in
2304 3399 2608 3468 superbiam
2642 3415 2738 3455 cor
2761 3401 3045 3456 elevatur:
3074 3411 3128 3458 et
3173 3404 3342 3460 Deum
3372 3422 3533 3477 quem
3578 3421 3678 3476 per

2089 3484 2443 3542 humilitatem
2483 3489 2684 3545 habere
2709 3491 2882 3560 potuit
2907 3494 3230 3563 propitium,
3262 3495 3391 3551 facit
3435 3496 3539 3552 sibi
3580 3513 3680 3568 per

2090 3577 2393 3645 superbiam
2423 3592 2544 3634 esse
2594 3583 2945 3636 contrarium.
2994 3583 3147 3640 Unde
3193 3584 3475 3656 Scriptura
3501 3588 3674 3644 dicit:

2097 3682 2118 3716 ι
2159 3665 2303 3723 Dens
2333 3670 2582 3740 superbis
2619 3672 2843 3738 resistit,
2872 3673 3163 3730 humilibus
3207 3669 3389 3730 autem
3424 3676 3520 3730 dat
3547 3693 3675 3747 gra-

2092 3755 2220 3810 tiam
2277 3757 2418 3829 (Jac.
2464 3762 2562 3832 tv).
2617 3781 2636 3815 ι
2690 3761 2815 3818 [hec
2859 3772 3042 3818 autem
3100 3781 3260 3820 casus
3317 3765 3676 3822 Moabitarum

2091 3848 2531 3925 manifestissime
2552 3855 2767 3923 prohat,
2792 3855 2882 3924 qui
2926 3863 3148 3926 propter
3174 3855 3510 3912 fertilitatem
3563 3867 3676 3912 ter-

2093 3955 2188 4006 ras,
2224 3949 2280 3996 et
2309 3958 2490 3999 rerum
2514 3945 2722 4016 copiam
2743 3987 2758 4007 ,
2787 3947 3116 4018 nimiumque
3161 3949 3332 4004 otium
3355 3990 3370 4013 ,
3391 3950 3448 4004 in
3491 3949 3678 4006 elatio.

2092 4046 2216 4086 nem
2241 4034 2456 4102 cecidit,
2483 4044 2538 4090 et
2564 4037 2818 4106 populum
2841 4037 2937 4093 Dei
2961 4039 3060 4094 sub
3089 4038 3236 4095 fasce
3264 4040 3674 4097 tribulationum

2093 4121 2410 4189 sudantem,
2441 4124 2686 4194 despexit
2711 4136 2872 4196 atque
2908 4127 3079 4183 irrisit
3107 4146 3119 4182 :
3147 4130 3275 4199 quia
3302 4130 3417 4200 ipse
3459 4131 3677 4187 calami-

2097 4213 2222 4268 tatis
2249 4229 2462 4286 expers,
2511 4217 2793 4274 incolumis
2820 4220 3035 4276 mansit.
3063 4220 3170 4277 Sed
3190 4223 3448 4292 quoniam
3471 4235 3680 4292 tumore

2095 4307 2293 4362 mentis
2320 4323 2432 4364 sum
2457 4317 2691 4381 aetuque
2730 4327 3010 4381 perverso,
3034 4313 3102 4368 ad
3141 4315 3479 4372 iracundiam
3507 4291 3673 4373 Dedm

2093 4399 2424 4467 provocavit,
2454 4401 2700 4458 hostibus
2751 4404 2819 4458 ad
2873 4405 3234 4474 diripiendum
3279 4408 3511 4464 traditus
3548 4421 3676 4465 est:

417 4500 597 4547 autem
624 4502 749 4547 sum,
771 4492 1008 4559 Christi,
1037 4509 1256 4548 carnem
1285 4510 1436 4549 suam
1464 4495 1847 4550 cruciﬁxemnt
1871 4512 1993 4551 cum
2021 4525 2074 4585 Β
2098 4489 2189 4557 qui
2213 4499 2516 4546 scrutantes
2551 4507 2767 4548 omnem
2807 4495 3193 4564 supellectilem
3239 4496 3354 4566 ejus
3391 4499 3525 4554 nihil
3550 4499 3680 4554 illze-

417 4579 566 4634 vitiis
605 4591 660 4636 et
697 4583 1148 4652 concupiscentiis
1186 4581 1339 4656 (Gal.
1375 4583 1460 4656 v).
1514 4605 1534 4638 ι
1583 4586 1659 4639 De
1705 4586 1996 4656 semetipso

417 4670 494 4726 ait
523 4688 535 4724 :
575 4689 593 4723 ι
627 4671 840 4743 Castigo
865 4688 1064 4744 corpus
1094 4690 1272 4730 meum
1300 4683 1356 4729 ct
1380 4675 1628 4730 servituti
1657 4677 1902 4748 subjicio,
1930 4693 2006 4732 ne

414 4757 556 4820 forte
587 4776 709 4816 cum
737 4762 856 4817 aliis
887 4764 1323 4832 prmdicaverim,
1356 4765 1469 4836 ipse
1506 4769 1766 4835 reprobus
1799 4766 1999 4822 efficiar

414 4849 470 4924 (1
497 4849 617 4906 Cor.
648 4850 745 4924 ιχ).
785 4871 804 4904 ι
837 4852 975 4908 Hinc
1003 4862 1059 4908 et
1089 4854 1284 4924 ipsein
1310 4855 1602 4927 Evangelia
1629 4857 1762 4912 dicit
1793 4873 1808 4906 τ
1841 4875 1860 4907 ‹
1897 4856 1997 4924 Qui

416 4945 535 5001 vult
569 4946 756 5001 venire
792 4955 915 5016 post
948 4960 1069 5011 me,
1092 4946 1320 5015 abneget
1349 4947 1728 5016 semetipsum,
1757 4955 1813 5002 et
1849 4947 2001 5001 tollat

417 5051 639 5094 crucem
664 5055 817 5095 suam
849 5047 904 5094 et
933 5046 1195 5110 sequatur
1215 5054 1302 5094 me
1331 5037 1547 5111 (Matth.
1572 5037 1705 5108 xvr).
1741 5056 1760 5090 ›
1787 5037 1856 5092 Et
1883 5054 2002 5093 rur-

419 5143 538 5183 sum
571 5147 585 5183 :
621 5149 640 5182 ι
675 5131 778 5198 Qui
805 5131 1066 5198 voluerit,
1099 5132 1300 5202 inquit,
1340 5131 1577 5186 animam
1620 5146 1772 5186 suam
1796 5130 2002 5187 salvam

421 5218 625 5289 facere,
655 5223 846 5292 perdet
872 5239 992 5279 eam
1025 5237 1041 5278 :
1073 5232 1129 5279 et
1147 5223 1238 5294 qui
1263 5222 1558 5293 perdiderit
1585 5221 1820 5277 animam
1852 5237 2003 5276 suam

421 5308 478 5363 in
506 5311 608 5366 hoc
633 5313 850 5377 mundo,
879 5314 932 5368 in
961 5315 1128 5370 vitam
1153 5321 1409 5368 aeternam
1435 5313 1834 5372 custoditeam.
1873 5332 1891 5366 ι
1922 5312 2003 5368 Ad

423 5398 568 5456 hunc
595 5418 725 5474 ergo
750 5413 951 5460 statum
977 5405 1222 5476 quisquis
1248 5405 1610 5461 conscendere
1637 5403 1888 5468 voluerit,
1911 5419 2008 5474 per

428 5493 808 5550 abstinentiam
846 5505 902 5552 et
943 5497 1417 5553 mortificationem
1461 5495 1638 5551 cordis
1679 5504 1735 5550 et
1770 5495 2011 5566 corporis

430 5584 775 5654 semetipsum
799 5586 1074 5656 purificet:
1092 5587 1217 5658 quia
1243 5587 1384 5642 sicut
1402 5587 1664 5655 scriptum
1685 5594 1768 5640 est
1792 5602 1806 5640 :
1834 5603 1853 5636 ι
1881 5584 2013 5640 Sine

428 5674 704 5743 sanguinis
727 5674 986 5732 effusione
1015 5693 1120 5732 non
1158 5677 1220 5732 fit
1244 5675 1492 5732 remissio
1523 5673 1682 5745 (fleb.
1712 5675 1813 5745 ix).
1849 5693 1868 5727 ι
1901 5673 2012 5730 Νεε

433 5763 704 5820 immerito
733 5779 749 5822 :.
781 5781 800 5815 ι
833 5763 974 5822 Caro
1003 5767 1148 5822 enim
1175 5775 1230 5823 et
1258 5764 1478 5836 sanguis
1513 5778 1736 5835 regnum
1767 5764 1858 5820 Dei
1889 5779 2013 5834 pos—

2099 4591 2218 4630 sum
2242 4579 2541 4635 omiserunt
2570 4599 2583 4635 :
2620 4597 2722 4637 nec
2752 4583 2944 4640 falsum
2983 4603 3183 4642 numen
3229 4598 3286 4643 et
3317 4584 3522 4644 idolum
3544 4589 3684 4645 Cha-

2100 4681 2218 4722 mos
2241 4666 2336 4722 Dei
2367 4671 2449 4724 sui
2479 4671 2620 4740 quod
2643 4687 2742 4742 pro
2794 4689 2924 4730 vero
2948 4677 3170 4732 numine
3197 4678 3466 4746 colebant,
3505 4679 3681 4750 aliquo

2101 4759 2262 4812 modo
2309 4760 2389 4814 eis
2446 4760 2725 4833 suffragari
2779 4765 2988 4834 potuit,
3019 4775 3081 4821 ut
3106 4783 3212 4823 non
3250 4769 3681 4834 devastarentur,

2103 4863 2278 4919 neque
2329 4850 2656 4908 ducerentur
2703 4853 2758 4908 in
2807 4857 3230 4925 captivitatem:
3275 4860 3414 4914 sicut
3441 4869 3497 4915 et
3520 4858 3678 4914 Israel

2102 4956 2297 5011 passus
2325 4955 2408 4996 est
2433 4953 2652 5014 propter
2680 4946 2878 5002 vitulos
2911 4964 3108 5004 aureos
3137 4965 3272 5020 quos
3312 4951 3482 5006 coluit
3511 4953 3563 5006 in
3589 4951 3680 5005 Be-

2111 5035 2242 5100 thcl,
2271 5036 2324 5090 in
2350 5037 2431 5091 eis
2480 5036 2814 5095 liberationis
2848 5055 2959 5096 suae
2984 5042 3194 5098 habens
3221 5043 3498 5098 fiduciam.
3525 5041 3684 5098 Juxta

2111 5127 2367 5197 mysticos
2411 5143 2541 5183 vero
2569 5145 2758 5185 sensus
2778 5171 2794 5196 ,
2819 5131 3130 5204 quicunque
3157 5132 3211 5188 in
3241 5133 3479 5188 humana
3511 5131 3680 5203 philo-

2111 5219 2300 5289 50phia
2323 5218 2616 5282 confidunt,
2640 5230 2697 5275 et
2724 5223 2776 5277 in
2798 5237 2860 5278 ea
2887 5237 2946 5277 se
2965 5232 3190 5293 sperant
3233 5224 3583 5279 securitatem
3635 5233 3688 5278 et

2109 5309 2274 5363 vitam
2316 5309 2515 5364 habere
2539 5325 2698 5380 posse
2721 5320 3035 5382 perpetuam
3055 5353 3070 5379 ,
3117 5313 3528 5384 despiciuntque
3565 5309 3682 5368 reli—

2110 5397 2315 5467 giosam
2365 5398 2620 5455 Ecclesia:
2663 5399 2823 5456 fidem
2883 5409 2938 5456 et
2997 5402 3296 5472 simplicem
3347 5402 3685 5467 doctrinam,

2110 5487 2328 5542 venient
2356 5487 2462 5543 illis
2489 5489 2830 5546 ordinatores
2858 5499 2914 5545 et
2937 5499 3204 5549 stratores
3228 5491 3540 5564 dogmatum
3565 5507 3684 5546 suo—

2112 5595 2255 5647 rum,
2297 5587 2352 5634 et
2397 5579 2704 5650 direptores
2751 5583 3128 5640 thesaurorum
3179 5598 3315 5654 quos
3362 5583 3602 5640 habuere
3633 5582 3684 5635 in

2112 5670 2257 5725 vasis
2285 5669 2568 5733 librorum,
2622 5670 2844 5742 maligni
2886 5671 3140 5729 videlicet
3180 5673 3447 5742 spiritus:
3479 5680 3535 5728 et
3566 5679 3684 5726 tunc

2113 5759 2530 5827 confundentur,
2569 5760 2786 5832 quando
2819 5762 2876 5818 in
2922 5763 3072 5823 exitu
3107 5763 3232 5821 vita:
3277 5769 3686 5835 prospexerant.
